4000 6300
599 309 705 373 lilii

599 428 655 482 in
693 425 800 481 Vit.
842 421 1079 492 Vcspas.,
1118 429 1236 487 cap.
1275 414 1346 481 9,
1395 427 1515 485 pag.
1560 409 1694 477 759;
1756 408 1932 477 Plin.,
1979 409 2067 463 lib.
2113 421 2188 461 xu
2216 404 2270 466 Α

608 521 746 590 Hist,
769 528 962 586 natur.,
987 531 1102 584 cap.
1140 511 1226 579 19,
1258 528 1376 583 pag.
1407 508 1496 574 56,
1527 519 1575 564 et
1604 507 1691 562 lib.
1717 521 1904 571 xxxvi,
1932 519 2048 573 cap.
2074 499 2142 556 15
2173 541 2186 565 ,

606 631 724 687 pag.
753 611 878 676 309,
911 618 957 664 et
983 607 1135 672 alibi;
1160 603 1389 676 Xiphil.,
1415 603 1592 673 epist.,
1625 617 1742 672 pug.
1767 599 1864 653 22l
1885 614 1904 660 ;
1931 593 2146 665 Ioseph.
2173 633 2188 660 ,

604 706 689 760 lib.
724 719 797 758 vn
836 701 898 756 de
936 699 1082 754 Bello
1099 697 1221 770 jud.
1249 739 1265 765 ,
1297 711 1414 767 cap.
1444 693 1516 750 24
1539 734 1555 762 ,
1589 710 1708 764 pag.
1753 690 1900 756 979;
1932 687 2188 752 Pansam,

601 797 691 851 lib.
722 811 798 862 vr,
820 809 941 867 pag.
971 792 1074 848 179
1101 790 1144 864 ).

676 887 960 960 dignitatis
985 883 1200 942 tandem
1221 884 1440 940 nomine
1463 878 1735 937 Arnobius
1751 877 2016 950 justitiam
2041 870 2190 928 haud

603 987 765 1044 dubie
808 983 1090 1054 intelligit,
1137 980 1206 1038 de
1228 995 1332 1052 qua
1359 977 1580 1034 Ovidius
1617 973 1830 1030 videtur
1860 972 1975 1026 haec
2005 966 2192 1026 condi-

602 1083 748 1139 disse
773 1079 1014 1136 carmina
1046 1096 1060 1131 :

697 1171 926 1233 Principe
951 1182 1043 1220 nec
1065 1176 1231 1218 nostro
1248 1166 1376 1217 deus
1395 1171 1477 1233 est
1495 1161 1791 1213 moderatior
1814 1156 1943 1207 ullus
1967 1169 1979 1205 :

786 1226 984 1284 Jus'titia
1009 1233 1143 1282 vires
1162 1235 1408 1292 temperat
1428 1226 1515 1276 ille
1531 1238 1662 1274 suas.

696 1283 867 1360 Nuper
885 1309 992 1360 eam
1011 1294 1196 1360 Caesar,
1220 1283 1344 1360 facto
1361 1290 1426 1340 de
1453 1301 1696 1360 marmore
1719 1283 1922 1348 templo,

789 1349 898 1410 iam
921 1357 1109 1422 pridem
1132 1349 1295 1420 posuit
1315 1353 1495 1403 mentis
1515 1353 1565 1400 in
1590 1349 1695 1399 aede
1719 1360 1841 1398 suae.

768 1444 956 1507 (Ovid,
975 1441 1057 1493 lib.
1080 1456 1150 1503 ιιι,
1174 1452 1238 1493 ea:
1255 1441 1420 1498 Pont.,
1445 1435 1585 1501 epist.
1611 1435 1660 1495 6,
1686 1445 1812 1483 vers.
1835 1431 1962 1480 εδει
1976 1428 2129 1493 seqq.)

604 1555 831 1626 Quidam
863 1563 1043 1610 tamen
1072 1557 1300 1607 censent
1331 1544 1466 1602 nihil
1495 1543 1565 1600 de
1593 1558 1659 1599 eo
1681 1537 1885 1611 templo
1913 1537 2054 1608 apud
2081 1534 2197 1590 ido-

606 1665 737 1706 neos
767 1657 1017 1704 auctores
1061 1640 1331 1708 inveniri,
1375 1647 1537 1710 atque
1583 1635 1786 1691 idcirco
1819 1640 2031 1703 poetam
2064 1627 2199 1684 alitt-

604 1745 744 1802 sisse
778 1741 846 1798 ad
885 1740 1068 1797 Martis
1114 1735 1304 1793 ultoris
1345 1732 1516 1788 eadem
1543 1772 1560 1799 ,
1606 1725 2039 1801 quandoquidem
2077 1723 2198 1777 vin-

605 1837 769 1904 dicta,
813 1835 882 1892 de
923 1849 1027 1906 qua
1056 1833 1289 1904 loquitur
1335 1825 1592 1892 Ovidius,
1650 1838 1773 1894 pars
1819 1820 2066 1893 quaedam
2113 1827 2197 1874 est
2225 1801 2273 1861 Β

602 1929 846 2002 iustitiae.
897 1927 1097 1983 Verum
1143 1919 1398 1993 numquid
1442 1917 1712 1974 Arnobius
1757 1929 1864 1970 non
1904 1914 2036 1968 satis
2077 1910 2195 1965 ido-

609 2039 744 2080 neus
770 2021 922 2079 testis
949 2017 1246 2085 habendus,
1281 2014 1370 2087 qui
1398 2029 1497 2070 suo
1525 2013 1703 2067 adhuc
1731 2021 1974 2080 tempore
1999 2005 2195 2078 Equi-

611 2128 762 2173 tatem
785 2159 802 2186 ,
853 2116 990 2171 sicut
1031 2111 1298 2167 Victoriam
1339 2121 1384 2165 et
1428 2106 1616 2161 Pacem
1655 2105 1856 2176 templo
1880 2117 1912 2157 a
1941 2100 2199 2158 Romanis

610 2212 925 2266 honoratam
959 2206 1234 2261 afﬁrmat?
1260 2203 1428 2258 Porro
1453 2209 1630 2256 autem
1654 2197 1931 2254 iuvenalis
1961 2195 2192 2266 plurium

609 2303 832 2358 deorum
860 2341 875 2368 ,
920 2299 988 2354 ab
1032 2299 1267 2353 Auctore
1306 2303 1492 2350 nostro
1531 2292 1846 2348 nominatim
1888 2287 2190 2358 appellato-

608 2413 751 2464 rum,
782 2393 974 2465 templa
1001 2393 1085 2448 his
1115 2391 1326 2448 duobus
1353 2389 1598 2445 versibus
1625 2383 2034 2456 comprehendit
2068 2400 2082 2440 :

703 2508 770 2560 Ut
787 2508 960 2558 colitur
981 2506 1082 2556 Pax
1107 2512 1255 2568 atque
1278 2501 1446 2568 Fides,
1479 2500 1710 2568 Victoria,
1727 2499 1918 2568 _V:irtus,

703 2572 924 2635 Quaeque
945 2568 1156 2620 salutato
1176 2562 1386 2628 crepitat
1403 2563 1670 2616 Concordia
1693 2562 1822 2613 nido.

984 2650 1260 2719 (JuvenaL,
1285 2647 1421 2702 satir.
1449 2650 1496 2710 1,
1521 2660 1648 2700 vers.
1675 2647 1764 2698 ill
1788 2654 1834 2698 et
1855 2645 2013 2711 seqq.)

610 2765 720 2823 Nos
747 2777 875 2820 vero
903 2761 970 2818 de
999 2760 1067 2815 iis
1092 2757 1291 2829 aliquid
1317 2755 1444 2813 alibi
1488 2755 1762 2826 attigimus
1806 2755 1825 2824 (
1850 2762 1974 2807 tam.
2027 2766 2046 2806 ι
2094 2749 2200 2820 Ap-

611 2865 807 2930 parat.,
837 2871 957 2927 pag.
987 2851 1092 2908 766
1121 2851 1163 2923 ).

683 2951 812 3007 lure
850 2947 1012 3019 igitur
1040 2944 1234 3000 merito
1262 2939 1534 3006 Arnobius
1570 2937 1937 3010 stupiditatem
1966 2937 2203 3006 exagitat

610 3043 885 3114 gentilium
916 3082 931 3108 ,
985 3039 1076 3111 qui
1127 3033 1512 3093 commentitiis
1569 3031 1836 3102 ejusmodi
1892 3028 2203 3085 numinibus

613 3135 811 3207 templa
855 3133 1272 3189 aadiﬁcaverant.
1301 3127 1409 3185 Sed
1450 3125 1703 3198 praevium
1745 3123 1886 3178 haud
1914 3122 2078 3178 dubie
2107 3137 2228 3177 se-.

610 3189 766 3286 cultis
811 3236 894 3283 est
933 3224 1278 3288 Ciceronem,
1312 3222 1401 3293 qui
1451 3189 1575 3274 haec
1621 3217 1990 3273 confutatione
2053 3215 2199 3270 nulla
2227 3189 2274 3254 (ἶ

611 3322 851 3393 indigere
891 3319 974 3373 his
1021 3316 1262 3373 declarat
1297 3313 1479 3370 verbis
1511 3329 1526 3366 :
1575 3329 1594 3364 ι
1626 3309 1764 3365 Num
1805 3309 1969 3380 igitur
2007 3321 2200 3363 censes

611 3413 877 3474 subtiliori
907 3412 1115 3468 ratione
1139 3424 1274 3480 opus
1303 3422 1425 3464 esse
1453 3404 1519 3460 ad
1547 3404 1663 3460 haec
1691 3401 2029 3459 refellenda?
2067 3400 2201 3455 Nam

612 3518 849 3566 mentem
876 3547 891 3573 ,
926 3503 1084 3560 fidem
1109 3545 1126 3568 ,
1153 3516 1304 3573 spem
1323 3542 1338 3568 ,
1377 3501 1624 3556 virtutem
1647 3539 1664 3565 ,
1692 3495 1956 3553 honorem
1983 3536 1997 3559 ,
2027 3496 2201 3551 victo-

612 3605 772 3668 riam,
802 3599 1054 3661 salutem,
1081 3594 1448 3662 concordiam,
1467 3601 1773 3662 caeteraque
1798 3588 2086 3661 ejusmodi,
2117 3603 2203 3645 re-

612 3710 731 3751 rum
761 3693 866 3748 vim
896 3691 1098 3746 habere
1126 3688 1367 3746 videmus
1389 3729 1404 3754 ,
1428 3702 1537 3741 non
1565 3685 1814 3742 deorum.
1841 3683 1948 3739 Aut
1973 3686 2116 3739 enim
2147 3685 2202 3740 in

614 3787 883 3842 nobismet
909 3784 1090 3840 insunt
1116 3783 1266 3854 ipsis.
1295 3790 1355 3836 ut
1379 3793 1554 3845 mens,
1588 3788 1647 3833 ut
1675 3777 1828 3844 fides,
1856 3787 1913 3832 ut
1944 3791 2067 3849 spes
2093 3819 2108 3844 ,
2146 3787 2205 3833 ut

612 3878 784 3933 virtus
807 3917 824 3943 ,
864 3886 925 3932 ut
961 3875 1256 3932 concordia
1287 3891 1300 3927 :
1333 3881 1426 3929 aut
1451 3870 1703 3944 optanda:
1743 3871 1899 3926 nobis
1937 3881 2101 3937 sunt,
2147 3879 2205 3926 ut

614 3971 807 4040 honos,
835 3980 896 4027 ut
919 3970 1064 4026 salus
1087 4010 1104 4038 ,
1131 3979 1191 4024 ut
1219 3968 1463 4024 victoria.
1493 3967 1728 4036 Quarum
1757 3981 1939 4021 rerum
1973 3965 2205 4020 utilitate

614 4063 778 4120 video
806 4063 966 4119 etiam
1005 4069 1318 4120 consecrata
1356 4059 1665 4114 simulacra.
1713 4057 1892 4125 Quare
1928 4067 2106 4112 autem
2148 4055 2204 4111 in

614 4157 700 4214 his
720 4158 799 4213 vis
836 4157 1060 4214 deorum
1093 4153 1256 4222 insit,
1300 4165 1426 4208 tunc
1465 4152 1761 4223 intelligam
1790 4195 1806 4220 ,
1838 4168 1963 4208 cum
2005 4167 2206 4224 cogno-

613 4265 764 4308 vero.
802 4266 823 4304 ι
851 4249 872 4323 (
898 4247 1032 4317 Cic.,
1056 4247 1145 4302 lib.
1201 4262 1258 4301 ιιι
1281 4245 1344 4301 de
1372 4245 1500 4300 Nat.
1527 4246 1700 4309 deor”!
1719 4263 1772 4317 p.
1795 4244 1923 4312 248,
1952 4247 2047 4302 lin.
2077 4243 2202 4316 41.)

684 4345 783 4398 Ast
808 4343 853 4397 si
898 4339 1014 4397 haec
1057 4337 1292 4412 gentium
1334 4337 1578 4408 impietas
1621 4337 1837 4394 etlmico
1880 4338 2080 4394 oratori
2123 4338 2207 4393 in-

613 4437 774 4510 digna
801 4435 1034 4498 visa’sit,
1060 4447 1183 4506 quae
1213 4429 1512 4498 refellatur,
1540 4440 1742 4502 quanto
1764 4433 1933 4501 magis
1961 4429 2206 4486 confuta-

613 4531 760 4588 tione
783 4528 888 4586 erit
917 4525 1132 4598 indigna
1158 4525 1316 4596 longe
1340 4521 1513 4596 maior
1541 4523 1774 4579 amentia
1804 4521 2200 4596 Egyptiorum,

611 4583 918 4696 qui—utan
940 4583 1216 4677 Arnobius
1233 4583 1475 4687 ,Ufelibus
1491 4663 1504 4686 ,
1548 4618 1856 4685 scarabaeis,
1876 4583 2201 4685 iit-baculis,
2231 4583 2287 4647 D

613 4717 728 4772 sive
757 4711 986 4769 novellis
1030 4711 1204 4768 bobus
1235 4711 1432 4782 templa
1465 4709 1783 4766 sublimibus
1810 4711 1952 4766 elata
1980 4709 2205 4784 fastigiis

613 4815 994 4867 exstruxerunt
1041 4805 1284 4882 (Arnob.,
1314 4805 1403 4860 lib.
1435 4821 1488 4872 ι,
1535 4821 1657 4877 pag.
1689 4804 1802 4874 15).
1846 4804 2205 4872 Quamobrem

613 4905 873 4976 Origenes
914 4904 1036 4974 jure
1076 4902 1268 4958 merito
1303 4900 1762 4957 dementissimam
1791 4901 2018 4974 castigat
2065 4899 2208 4957 Celsi

614 4997 994 5060 temeritatem,
1015 4994 1103 5065 qui
1130 4994 1236 5050 vult
1252 4993 1424 5060 etiam,
1447 4993 1640 5064 inquit,
1657 4995 1890 5065 conferre
1909 5001 2110 5048 nostras
2127 5008 2209 5048 res

613 5106 728 5146 cum
755 5088 900 5144 rebus
929 5085 1333 5159 Egyptiorum,
1374 5087 1442 5140 ad
1469 5103 1596 5156 quos
1627 5087 1847 5142 venienti
1889 5085 2109 5154 oﬁ'erunt
2153 5103 2209 5142 se

611 5180 885 5254 splendida
914 5184 1039 5253 fana
1062 5196 1179 5234 cum
1201 5179 1359 5246 lucis,
1387 5187 1434 5232 et
1460 5179 1650 5248 templa
1671 5195 1786 5233 cum
1815 5179 2074 5235 vestibulis
2123 5188 2206 5233 at-

615 5291 711 5345 que
751 5271 1058 5344 porticibus,
1107 5271 1294 5327 eximia
1340 5270 1691 5342 magnitudine
1733 5273 2211 5344 pulchritudincquc

616 5367 894 5432 mirandis,
923 5363 1640 5437 cwremoniwque'adn'iodum
1667 5365 1947 5444 religiosas,
1978 5384 2039 5420 ac
2066 5383 2207 5437 mgs-

616 5464 730 5518 lica:
757 5477 777 5518 :
820 5462 1158 5532 introgressus
1200 5468 1374 5513 autem
1414 5456 1599 5513 videbit
1642 5456 1848 5512 adorari
1892 5461 2040 5530 {clem
2065 5501 2081 5528 ,
2121 5468 2211 5514 aut

616 5554 819 5608 simiam
843 5595 858 5620 ,
906 5561 996 5607 aut
1038 5549 1391 5618 crocodilum,
1437 5558 1526 5604 aut
1568 5549 1799 5618 hircum,
1854 5561 1940 5605 aut
1985 5569 2209 5608 canem:

1858 283 2308 352 DISSERTATIO
2345 281 2623 347 PRIEV'IA

3829 279 3917 335 616

2293 406 2378 460 καὶ
2415 409 2511 479 νεῲ
2549 404 2844 478 θαυμάσιοι,
2885 404 2973 460 καὶ
3018 398 3201 464 σκηναέ
3246 402 3394 480 πέριξ
3434 398 3810 478 ὑπερήφανοι,
3847 404 3916 451 ιειὲ

2290 499 2556 573 θρησκεῖαι
2582 495 2950 572 δεισιδαίμονες
2974 537 2991 563 ,
3029 500 3118 552 καὶ
3167 491 3612 573 μυστηριώτιδας.
3677 490 3790 550 ἤδη
3844 497 3915 544 ni

2292 593 2514 654 εἰσίοντι,
2561 594 2648 647 καὶ
2675 589 2920 666 ἑνδοτὲρῳ
2942 592 3192 666 γενομένῳ
3213 591 3478 664 θεωρεῖται
3504 583 3912 663 προσκυνούμε-

2290 705 2374 744 νος
2402 683 2658 747 αἶλουρος.
2685 682 2716 743 ἧ
2741 687 2967 751 πίθηκος,
2997 679 3373 759 ἧπροκόδειλος.
3398 679 3429 740 ἦ
3455 679 3692 752 τράγος,
3721 675 3758 734 ’ὃ
3797 677 3911 727 κύω

2291 773 2553 848 (Origen.,
2583 777 2672 834 lib.
2705 793 2788 844 ιιι,
2821 787 2986 832 contr.
3017 773 3181 841 Cels.,
3205 791 3324 847 pag.
3355 771 3462 827 l20
3494 782 3546 826 et
3575 767 3792 840 καφ).
3823 766 3910 822 Sed

2292 867 2361 924 de
2409 869 2491 924 bis
2520 884 2618 924 nos
2656 869 2710 924 in
2757 869 3024 942 superiori
3065 871 3372 940 Apparatus
3414 864 3598 921 nostri
3632 872 3831 927 torno,
3873 871 3910 915 et

2294 961 2417 1016 alibi
2447 961 2838 1033 disputavimus
2867 960 3020 1034 (tam.
3070 976 3088 1015 ι
3146 959 3440 1032 Apparat.,
3476 974 3612 1029 pag.
3643 953 3909 1017 496—767.

2294 1066 2340 1109 ct
2369 1053 2588 1110 Dissert.
2618 1071 2791 1127 super.
2822 1055 2874 1109 in
2905 1053 3131 1119 Minuc.,
3158 1069 3274 1125 cap.
3305 1051 3396 1118 12,
3428 1059 3537 1104 art.
3568 1048 3662 1119 2).

2367 1147 2805 1204 Examinavimus
2831 1147 2992 1203 etiam
3019 1145 3164 1202 aliud
3196 1143 3420 1202 Arnobii
3460 1153 3670 1199 contra
3701 1139 3910 1196 deor

2295 1241 2492 1310 templa
2531 1250 2905 1313 argumentum
2934 1281 2949 1306 ,
2999 1238 3140 1311 quod
3179 1253 3246 1295 ex
3282 1236 3500 1294 illorum
3535 1234 3913 1292 eversioneet

2295 1333 2449 1390 ruina
2479 1333 2813 1405 deprompsit
2840 1332 3058 1407 (lbid.).
3108 1333 3167 1389 Si
3208 1330 3337 1404 quid
3385 1341 3576 1386 tamen
3608 1329 3672 1384 in
3702 1343 3778 1384 eo
3809 1324 3911 1382 non

2300 1440 2570 1498 occurrat,
2599 1428 2654 1484 in
2681 1431 2924 1501 sequenti
2954 1427 3129 1499 capite
3147 1469 3164 1496 ,
3202 1426 3292 1483 ubi
3322 1425 3390 1483 de
3418 1425 3664 1482 deorum
3699 1421 3911 1479 simula-

2299 1522 2426 1589 cris,
2457 1521 2650 1593 quibus
2679 1520 2810 1576 illud
2837 1519 3140 1592 conjunxit,
3168 1534 3323 1576 more
3350 1527 3545 1576 nostro
3577 1514 3911 1590 expendetur

2297 1622 2352 1671 et
2376 1613 2750 1671 illustrabitur.

2881 1681 3114 1787 CAPlJT
3152 1728 3314 1786 XXII.

2566 1846 2645 1902 De
2673 1844 2900 1903 Deorum
2925 1845 3216 1902 simulacris
3243 1855 3290 1901 et
3317 1845 3668 1917 imaginibus.

2829 1976 3130 2019 ARTICULUS
3169 1975 3380 2017 Ριιιιωε.

2299 2070 2484 2134 Quibus
2507 2072 2749 2124 rationum
2782 2075 3040 2126 momentis
3062 2074 3306 2124 Arnobius
3339 2072 3673 2124 demonstret
3711 2073 3904 2125 deum

2361 2137 2619 2198 imagines,
2642 2140 2798 2199 signa,
2829 2145 2880 2188 et
2903 2138 3158 2189 simulacra
3192 2136 3342 2199 impie
3378 2137 3444 2186 ab
3475 2137 3713 2188 ethnicis
3737 2135 3835 2187 coli
3871 2147 3908 2187 et

2360 2199 2552 2248 adorari
2577 2215 2588 2246 :
2607 2201 2728 2263 quid
2753 2199 2914 2250 leonis
2935 2202 3084 2250 facies
3101 2213 3240 2263 mero
3257 2199 3410 2249 oblita
3435 2200 3620 2260 minio,
3652 2213 3716 2249 ac
3733 2201 3805 2250 de
3828 2203 3907 2263 pn-

2367 2263 2459 2310 mis
2478 2261 2754 2312 simulacris
2777 2271 2829 2313 et
2848 2263 2959 2314 aliis
2977 2263 3186 2312 humana
3209 2261 3363 2326 ﬁgura
3395 2263 3816 2326 repraesentatis.

2375 2392 2457 2448 Ad
2487 2392 2713 2449 deorum
2747 2393 3007 2465 imagines
3031 2393 3180 2465 signa
3206 2435 3221 2458 ,
3271 2400 3481 2448 statuas
3510 2401 3571 2448 et
3600 2395 3902 2454 simulacra.

2304 2499 2445 2555 quae,
2462 2485 2539 2539 uti
2563 2485 2722 2555 paulo
2739 2495 2862 2556 post
2882 2484 3248 2541 ostendemus
3265 2483 3508 2555 (Arnob.,
3526 2484 3570 2540 ι.
3589 2500 3674 2550 vr,
3697 2485 3905 2557 ρ.191ιι

2303 2575 2491 2650 δαίτῃ,
2524 2577 2608 2634 vel
2637 2577 2897 2648 ipsosmet
2920 2577 3054 2633 deos
3075 2593 3206 2633 suos
3233 2592 3374 2647 esse,
3403 2577 3489 2633 vel
3519 2577 3582 2632 in
3608 2578 3710 2634 eis
3741 2578 3906 2634 saltem

2303 2669 2590 2739 habitare,
2653 2670 2852 2726 ethnici
2917 2670 3315 2726 arbitrabantur
3347 2711 3363 2738 ,
3425 2669 3584 2726 venit
3646 2670 3909 2726 Arnobius

2302 2763 2476 2838 (infr.,
2509 2773 2611 2819 art.
2642 2762 2700 2836 4)
2729 2807 2744 2832 ,
2777 2780 2841 2821 ac
2875 2765 3027 2821 vario
3056 2773 3500 2835 argumentorum
3545 2780 3772 2836 genere
3805 2779 3910 2820 conv

2303 2857 2470 2913 vincit
2490 2857 2600 2921 illa,
2623 2873 2744 2928 quae
2770 2857 2935 2912 multa
2957 2866 3074 2913 arte
3095 2856 3272 2914 eflicta
3299 2866 3476 2919 erant.
3496 2857 3679 2928 impia
3708 2874 3910 2931 prorsus

2307 2958 2363 3005 et
2388 2949 2619 3006 absurda
2666 2951 2926 3022 religione
2963 2951 3067 3007 coli
3109 2959 3164 3006 et
3200 2949 3434 3007 adorari.
3485 2950 3750 3008 Primum
3789 2954 3911 3010 eui

2305 3045 2350 3100 si
2373 3059 2688 3116 persuasum
2723 3044 2935 3100 Ethnici
2970 3045 3286 3100 habuissent
3320 3044 3452 3101 deos
3481 3061 3622 3102 suos
3664 3049 3913 3114 existere,

2305 3147 2360 3193 et
2386 3138 2438 3192 in
2459 3137 2611 3194 etelis
2633 3137 2909 3203 habitare,
2939 3137 3255 3194 debuissent
3278 3138 3464 3210 utique
3489 3137 3559 3194 iis
3589 3140 3737 3212 ipsis
3768 3183 3787 3208 ,
3827 3157 3911 3196 non

2303 3244 2492 3285 eorum
2523 3231 2829 3288 simulacris
2869 3232 3012 3286 ferre
3041 3246 3231 3302 preces
3257 3247 3404 3289 suas.
3431 3232 3490 3286 Si
3525 3232 3662 3289 illos
3689 3236 3912 3291 existere

2305 3321 2656 3393 dubitabant,
2707 3323 2993 3381 ridiculum
3022 3334 3140 3381 erat
3160 3324 3238 3381 rei
3281 3323 3459 3381 dubiae
3502 3325 3724 3398 ﬁngere
3764 3329 3912 3384 simu.

2305 3414 2533 3471 lacrum.

2375 3507 2559 3578 Neque
2598 3507 2782 3564 dicere
2797 3517 3060 3594 .poterant
3087 3523 3309 3577 eorum,
3358 3523 3497 3580 quos
3547 3510 3712 3567 nullo
3767 3521 3908 3584 pacto

2304 3601 2489 3658 videre
2534 3603 2673 3673 potis
2713 3611 2832 3670 est,
2875 3604 3219 3675 praesentiam
3273 3604 3582 3662 simulacris
3629 3608 3906 3676 exhiberi,

2308 3703 2542 3766 tuncque
2571 3693 2763 3766 majori
2783 3697 2984 3768 pietate
3009 3695 3136 3763 coli,
3168 3697 3357 3768 eisque
3387 3695 3639 3754 ofﬁciosa
3673 3702 3906 3770 praestari

2307 3789 2511 3844 munia.
2539 3787 2673 3844 Nam
2701 3789 2792 3860 qui
2825 3789 2942 3845 haec
2986 3789 3142 3858 dicit,
3174 3789 3448 3862 quomodo
3473 3806 3804 3850 asseverare
3829 3810 3907 3865 po-

2307 3892 2411 3939 test
2434 3881 2565 3938 deos
2612 3896 2800 3938 revera
2839 3883 3099 3950 existere,
3137 3901 3157 3936 ι
3188 3883 3297 3950 cui,
3335 3902 3354 3935 ι
3401 3883 3477 3938 uti
3507 3884 3588 3938 ait
3613 3883 3902 3951 Arnobius.

2314 3995 2333 4030 ι
2353 3991 2489 4047 opus
2513 3983 2598 4033 est
2637 3975 2826 4035 videre
2848 4017 2866 4044 ,
2897 3975 3039 4047 quod
3086 3984 3300 4042 teneat,
3329 3989 3399 4032 ne
3445 3976 3608 4034 inane
3658 3977 3807 4037 forte
3831 3981 3907 4044 sit,

2305 4069 2448 4143 quod
2487 4069 2780 4126 obscurum
2827 4067 3043 4124 videtur
3093 4087 3113 4120 ι
3162 4067 3327 4139 (Ibid.
3349 4111 3366 4136 ,
3396 4085 3519 4142 pag.
3550 4069 3712 4143 195),
3736 4071 3793 4128 id
3820 4081 3906 4135 est.

2307 4164 2577 4236 signiﬁcat
2622 4163 2679 4220 in
2722 4163 2946 4220 dubium
2977 4178 3036 4219 se
3057 4177 3255 4219 vocare
3279 4179 3350 4220 an
3379 4163 3454 4220 dii
3481 4164 3636 4235 sint,
3694 4182 3909 4239 quorum

2314 4259 2419 4314 nisi
2449 4259 2632 4315 videat
2656 4257 2964 4321 simulacra,
2993 4257 3230 4314 existere
3259 4274 3366 4314 non
3399 4258 3611 4316 credet.

2377 4352 2450 4409 At
2478 4355 2610 4409 deos
2637 4362 2876 4422 nostros,
2913 4351 3226 4424 inquiebant
3250 4352 3474 4419 ethnici,
3507 4369 3609 4423 per
3631 4355 3906 4412 simulacra

2309 4442 2658 4502 honoramus.
2705 4445 2812 4502 Sed
2844 4459 3126 4516 perperam
3150 4485 3167 4512 ,
3212 4445 3372 4501 sicuti
3414 4447 3722 4516 respondet
3749 4450 3908 4505 Arno-

2312 4541 2453 4598 bius.
2495 4540 2648 4596 Nulla
2697 4540 2976 4597 enimvero
3016 4541 3062 4596 si
3093 4549 3276 4597 essent
3317 4539 3542 4596 deorum
3573 4543 3902 4608 simulacra.

2312 4650 2584 4706 nunquam
2629 4649 2724 4691 eos
2753 4635 3067 4690 coluissent.
3124 4633 3326 4691 Deinde
3366 4651 3497 4692 vero
3523 4677 3541 4699 ,
3587 4637 3723 4707 quid
3755 4639 3906 4710 magis
3962 4633 3963 4676 ι

2311 4727 2396 4783 his
2419 4727 2524 4784 diis
2553 4727 2873 4798 iniuriosum
2911 4743 3071 4800 quam
3094 4728 3471 4800 eosmetipsos,
3515 4745 3657 4799 quos
3686 4732 3906 4788 existere

2312 4821 2518 4884 credis.
2553 4836 2657 4876 non
2687 4820 2986 4889 honorare,
3024 4821 3120 4878 sed
3158 4820 3337 4877 colere
3368 4829 3573 4876 tantum
3605 4837 3708 4892 per
3735 4825 3902 4880 omnis

2315 4931 2504 4972 sensus
2531 4923 2830 4985 expertem,
2857 4913 3089 4985 aliquam
3116 4913 3370 4985 efﬁgiem,
3401 4923 3660 4985 tanquam
3693 4931 3794 4985 per
3821 4915 3907 4971 alio

2312 5008 2453 5081 quod
2501 5007 3018 5064 ﬁdeicommissum?
3075 5006 3316 5078 Denique
3363 5007 3586 5062 omnino
3643 5005 3816 5064 futilis
3858 5017 3902 5064 et

2315 5101 2590 5172 nugatoria
2622 5111 2740 5156 erat
2767 5100 2883 5155 haec
2909 5098 3192 5170 responsio
3217 5098 3515 5171 gentilium,
3547 5099 3644 5170 qui
3667 5099 3770 5158 has
3797 5101 3905 5158 efﬁ-

2313 5193 2431 5265 gies
2459 5203 2513 5250 et
2542 5192 2802 5264 imagines
2831 5193 2965 5251 deos
2989 5207 3112 5249 esse
3140 5191 3452 5248 credebant.

2385 5285 2490 5341 Sed
2517 5285 2614 5340 hos
2640 5285 2951 5341 idololatras
2978 5284 3353 5342 vehementius
3383 5287 3581 5356 premit
3615 5288 3899 5354 Arnobius,

2318 5377 2598 5448 palamque
2647 5375 2774 5432 facit
2811 5377 2880 5432 ab
2926 5377 2990 5432 iis
3019 5377 3144 5433 sciri
3193 5393 3297 5434 non
3348 5378 3591 5448 potuisse
3647 5390 3827 5437 utrum
3858 5381 3902 5436 bi

2317 5469 2526 5525 illorum
2570 5469 2682 5535 dii,
2729 5483 2862 5540 quos
2912 5485 3186 5542 nunquam
3219 5468 3512 5534 viderant,
3557 5471 3696 5527 tales
3723 5486 3900 5529 revera

2314 5563 2533 5629 fuerint,
2566 5563 2754 5634 quales
2777 5564 2846 5619 ab
2870 5565 2949 5620 eis
2971 5566 3520 5636 reprzesentabantnr.
3552 5567 3705 5633 Quod
3730 5581 3897 5625 autem

618 5649 959 5728 Ιιαραϐἁλλιιν
1001 5647 1056 5703 δέ
1094 5649 1162 5703 τὰ
1212 5654 1303 5708 τῆς
1337 5648 1562 5707 πίστεως
1601 5647 1741 5719 ἡμῶν
1792 5654 1899 5707 τοῖς
1925 5649 2201 5721 Αἰγυπτίωι

2314 5655 2469 5712 alicui
2498 5655 2676 5712 simile
2705 5670 2814 5712 non
2839 5665 2924 5712 est
2943 5698 2956 5722 ,
3005 5657 3151 5714 illius
3199 5658 3383 5730 nequit
3419 5673 3543 5715 esse
3573 5659 3784 5731 effigies
3811 5704 3825 5730 ,
3855 5668 3902 5716 et

615 5743 740 5797 θέλει
776 5743 1071 5815 πράγμασι.
1103 5741 1227 5817 παρ’
1266 5735 1339 5801 οἷς
1381 5739 1646 5818 προσιόντι
1697 5741 1786 5812 μέν
1835 5742 1950 5797 ἐστι
1997 5741 2201 5819 λαμπρό

2314 5746 2506 5820 imago.
2539 5749 2697 5819 Atqui
2739 5749 2937 5805 ethnici
2984 5751 3176 5820 solem,
3206 5761 3264 5806 ut
3290 5750 3598 5818 hominem;
3625 5755 3824 5822 lunam,
3853 5763 3902 5810 nt

616 5835 819 5908 τεμένη,
849 5836 934 5890 καὶ
959 5830 1110 5900 ἄλση,
1149 5836 1237 5889 καὶ
1264 5833 1592 5908 προπυλαίων
1617 5835 1793 5905 μεγέθη
1818 5854 1872 5891 τε
1891 5875 1904 5902 ,
1934 5838 2020 5892 καὶ
2037 5837 2201 5908 κάλλη,

2314 5840 2593 5909 feminam;
2627 5853 2848 5913 ventos,
2881 5852 2940 5902 ut
2967 5842 3213 5902 homines
3240 5843 3499 5916 quosdam
3528 5886 3542 5908 .
3576 5845 3762 5906 inﬂato
3815 5862 3901 5906 ore
