3978 6284
205 354 304 411 617

1464 357 1531 414 IN
1572 355 1945 430 ARNOBIUM,
1982 359 2136 416 CAP.
2168 359 2329 416 xxu.

3393 357 3497 420 018

197 470 482 526 buccinam
504 469 807 526 animantes
826 468 1173 528 exhibebant.
1198 468 1328 539 Quis
1354 479 1533 529 autem
1563 477 1659 531 has
1687 475 1805 531 illo-
1832 481 1885 542 Α
1910 476 2115 539 erectis,
2164 491 2226 529 ne
2255 473 2397 529 tectis
2422 471 2649 528 videlicet
2690 480 2779 528 aut
2815 472 3077 544 penatibus
3110 473 3231 549 (dii)
3258 486 3495 544 careant,

198 578 320 617 rum
342 577 500 619 veras
539 578 662 619 esse
688 563 948 635 imagines
964 563 1146 621 dicere
1168 581 1418 637 umquam
1438 570 1724 625 ansusest?

268 655 409 713 Tum
426 657 624 713 deinde
652 656 769 712 haec
782 657 1055 714 Arnobius
1083 660 1341 715 continuo
1366 660 1595 731 adjecit:
1625 682 1644 714 ι
1670 662 1813 718 Inter

196 746 334 805 deos
382 748 632 805 videmus
669 758 881 804 vestros
936 749 1110 805 leonis
1154 750 1274 824 (me.
1304 753 1422 807 cod.
1461 770 1568 826 reg.
1599 754 1807 826 leones)

198 844 541 900 toroissimam
584 845 787 915 faciem,
834 861 972 900 mero
1004 844 1218 900 oblitam
1269 847 1424 902 minio
1450 889 1465 913 ,
1506 859 1551 902 et
1607 849 1813 903 nomine

197 938 440 1010 frugiferi
503 939 646 1010 (ms.
710 939 828 994 cod.
883 956 992 1011 reg.
1052 939 1370 1013 frugiferio)
1439 944 1731 1014 nuncupari
1783 958 1803 991 ι

195 1027 218 1099 (
272 1028 413 1083 Ibid.
461 1070 477 1095 ,
546 1047 687 1103 pag.,
752 1029 858 1087 196
902 1030 943 1103 ).
1029 1031 1221 1089 Mirum
1302 1043 1481 1089 autem
1552 1042 1809 1105 quantum

195 1122 463 1180 obscurus
512 1123 601 1179 hic
650 1125 799 1181 locus
839 1126 1173 1182 eruditorum
1223 1128 1434 1199 ingenia
1480 1130 1803 1192 exercuerit,

196 1217 423 1274 Latinus
491 1226 668 1275 autem
721 1218 961 1275 Latinius
1031 1221 1228 1277 nodum
1288 1222 1509 1293 hujusce
1566 1222 1802 1279 dil‘licul-

196 1312 327 1368 tatis
392 1327 579 1369 secare
620 1313 841 1383 potius,
901 1330 1061 1386 quam
1108 1316 1321 1372 solvere
1386 1315 1627 1379 videtur,
1681 1332 1803 1372 cmn

194 1405 315 1463 hinc
345 1407 509 1463 verba
538 1406 617 1463 sic
642 1408 839 1479 corrigi
870 1410 1039 1465 voluit
1083 1427 1097 1465 :
1153 1430 1172 1461 ι
1202 1408 1347 1466 Inter
1386 1409 1520 1466 deos
1552 1410 1803 1466 videmus

195 1500 390 1556 leones
420 1500 722 1557 torvissima
767 1499 938 1568 facie,
972 1517 1123 1558 mero
1147 1502 1311 1558 oblita
1342 1502 1539 1558 minim
1572 1501 1799 1577 (Latin.,

194 1595 449 1651 Biblioth.
480 1612 616 1651 sacr.
646 1606 695 1650 et
714 1596 928 1669 proph.,
956 1614 1079 1669 pag.
1107 1596 1221 1669 98).
1252 1597 1358 1655 Sed
1388 1614 1535 1653 mera
1560 1607 1644 1653 est
1664 1613 1802 1654 con-

189 1687 400 1761 jectura
427 1730 443 1753 ,
491 1704 611 1760 qua:
655 1688 855 1744 nullius
907 1690 1111 1745 codicis
1153 1691 1473 1747 auctoritate
1518 1689 1796 1745 fundatur.

193 1785 536 1854 Quapropter
561 1783 648 1854 qui
680 1782 733 1837 in
766 1790 1008 1838 veterum
1031 1784 1267 1854 scriptis,
1305 1783 1437 1838 nihil
1466 1783 1566 1838 nisi
1597 1785 1794 1839 certis-

1913 572 2107 638 forntas
2128 569 2333 623 illorum
2359 564 2647 639 exprtinunt
2662 610 2676 633 ,
2700 568 2927 623 adhibito
2947 569 3016 622 ad
3036 569 3091 622 id
3110 571 3185 624 vel
3211 569 3499 637 Praxitele,

1912 660 1989 714 vel
2012 658 2318 732 Polycleto,
2363 659 2440 714 uel
2478 658 2691 714 Pltidia.
2741 658 2806 713 At
2847 659 2901 713 Ιιί
2942 660 3163 730 artiﬁces
3214 660 3354 715 haud
3396 662 3501 716 scio

1911 754 2119 808 ubinam
2144 756 2304 810 uisant
2332 771 2505 810 eorum
2530 754 2752 826 effigiem
2780 763 3163 823 reprwsentant.

1982 848 2207 902 Tantam
2238 863 2399 917 porro
2438 846 2717 903 audaciam
2739 887 2754 912 ,
2799 854 2985 901 auctor
3014 855 3196 900 noster
3217 889 3232 907 .
3287 857 3344 902 ut
3390 864 3501 902 ma-

1910 943 1992 1014 gis
2034 943 2393 1013 comprimat,
2442 958 2554 998 rem
2605 942 2773 1013 ipsam
2830 956 2860 992 a
2922 940 3090 1009 prima
3148 955 3243 994 sua
3299 940 3504 1011 origine

1911 1035 1991 1091 sic
2017 1035 2218 1105 repetit
2252 1054 2265 1089 :
2316 1054 2336 1087 ι
2364 1034 2574 1091 Ridetis
2612 1033 2939 1104 temporibus
2966 1032 3157 1103 priscis
3184 1034 3377 1088 Persas
3405 1033 3505 1088 llu-

1911 1129 2056 1183 vium
2086 1129 2340 1197 coluisse,
2371 1127 2678 1185 memoralia
2713 1138 2771 1182 ut
2803 1126 3036 1182 indicant
3064 1128 3260 1198 scripta
3290 1146 3304 1181 :
3334 1127 3501 1183 infor-

1913 1238 2055 1278 mem
2089 1224 2298 1280 Arabas
2326 1224 2590 1293 lapidem;
2633 1223 2905 1278 acinacem
2951 1222 3184 1294 Scythia:
3230 1222 3503 1290 nationes;

1910 1334 2120 1374 ramum
2177 1335 2274 1389 pro
2320 1318 2507 1375 Cinxia
2557 1318 2859 1389 Thespias;
2914 1317 3366 1389 Lignnmlcarios
3408 1334 3505 1389 pro

1908 1410 2075 1466 Diana
2109 1411 2442 1477 indolatum;
2496 1411 2865 1467 Pessinuntios
2908 1406 3150 1477 silicem,
3212 1429 3308 1480 pro
3342 1411 3505 1467 deum

1906 1501 2113 1568 Matre;
2161 1520 2259 1574 pro
2286 1504 2455 1559 Marte
2482 1504 2757 1560 Romanos
2786 1506 3017 1569 hastam,
3052 1505 3305 1561 Varronis
3337 1517 3393 1561 ut
3423 1507 3505 1561 in-

1906 1599 2088 1655 dicant
2115 1598 2309 1661 Musae;
2334 1610 2493 1670 atque
2521 1609 2579 1654 ut
2600 1600 2852 1655 Acthlius
2880 1612 3173 1663 memorat;
3198 1610 3323 1657 ante
3349 1616 3504 1655 usum

1905 1692 2351 1764 disciplinamque
2369 1694 2638 1758 lictorum,
2661 1693 2895 1761 pluteum
2914 1693 3123 1748 Samios
3142 1708 3240 1764 pro
3255 1693 3496 1749 lunone»

1908 1783 2151 1857 (Arnob.,
2176 1784 2264 1839 lib.
2294 1801 2344 1840 vt
2370 1826 2384 1850 ,
2425 1802 2543 1857 pag.
2578 1785 2678 1841 196
2712 1797 2756 1840 ει
2787 1782 2971 1857 seqq.).
3004 1784 3257 1856 Sequitur
3288 1787 3358 1842 ibi
3384 1787 3505 1844 Cle-

193 1881 329 1934 sima
362 1877 571 1932 ratione
595 1885 853 1931 mutatum
884 1877 1113 1944 volunt,
1151 1892 1217 1932 ex
1242 1875 1310 1932 iis
1341 1876 1580 1932 nonnulli
1614 1875 1794 1945 suspi-
1828 1877 1876 1938 B
1905 1890 2140 1934 mentem
2174 1878 2621 1947 Alexandrinum,
2650 1880 2803 1949 cujus
2834 1880 2975 1934 haud
3002 1880 3163 1935 dnhie
3193 1882 3307 1934 haec
3329 1897 3504 1950 graeca

192 1979 388 2025 cantur
418 1968 487 2024 de
511 1967 641 2024 Sole
666 1968 1011 2041 intelligenda
1047 1983 1169 2026 esse
1200 1970 1317 2025 haec
1354 1970 1589 2025 auctoris
1620 1971 1788 2025 nostri

193 2064 381 2119 verba.
429 2060 536 2119 Sed
575 2061 643 2119 ab
669 2063 790 2119 aliis
819 2062 1248 2133 redarguuntur,
1277 2066 1401 2135 quia
1423 2064 1490 2120 de
1511 2063 1638 2120 Sole
1682 2064 1789 2134 pri-

193 2157 359 2212 vatim
420 2156 631 2237 locutus
697 2166 798 2212 est.
851 2157 1192 2213 Probabilius
1232 2159 1411 2230 itaque
1469 2158 1786 2230 quibusdam

193 2248 410 2307 videtur
448 2249 516 2305 ab
555 2249 646 2303 illo
685 2249 912 2333 indicari
954 2251 1141 2307 leones
1165 2292 1182 2319 ,
1234 2249 1327 2321 qui
1372 2251 1425 2304 in
1468 2251 1786 2322 templorum

190 2348 422 2424 fastigiis
469 2350 791 2423 quandoque
840 2353 1247 2423 sculpebantnr.
1304 2352 1502 2406 Verum
1560 2354 1673 2409 haec
1719 2354 1785 2408 ad

190 2448 406 2504 ardiﬁcii
435 2454 813 2504 ornamentum
844 2453 1013 2519 posita
1046 2451 1224 2519 potius
1252 2447 1597 2516 videbantur,
1627 2466 1784 2518 quam

190 2543 261 2598 ad
296 2542 521 2599 deorum
554 2543 744 2597 l’aeiem
775 2543 1205 2614 exprimendam.
1241 2541 1403 2598 Nobis
1432 2543 1608 2613 itaque
1659 2542 1786 2597 faci-

191 2638 296 2693 lius
325 2637 737 2709 persuadebitnr
765 2646 1039 2693 auctorem
1072 2646 1312 2692 nostrum
1359 2637 1442 2693 his
1484 2638 1661 2694 verbis
1690 2654 1783 2693 ea-

188 2730 318 2786 dem
365 2730 709 2803 signilicare,
757 2746 877 2803 quae
928 2741 1047 2801 post
1095 2729 1483 2787 Tertullianum
1526 2730 1786 2786 Minucius

191 2824 346 2880 Felix
384 2823 521 2880 dixit
553 2841 569 2880 :
621 2844 639 2876 ι
671 2824 750 2881 De
775 2839 941 2896 capro
968 2835 1023 2880 et
1049 2824 1266 2880 homine
1294 2826 1492 2882 mixtos
1521 2825 1650 2881 deos
1672 2867 1685 2890 ,
1729 2833 1788 2880 et

188 2917 444 2981 leonum,
476 2926 530 2974 et
554 2933 749 2974 canum
779 2922 959 2975 vultus
986 2918 1118 2975 deos
1149 2918 1431 2974 dedicatis.
1462 2938 1482 2969 ι
1517 2918 1787 2974 Arnobius

189 3011 235 3067 si
269 3012 492 3083 quidem
521 3022 642 3081 post
665 3013 825 3067 citata
857 3027 889 3067 a
927 3014 1084 3068 nobis
1111 3012 1275 3069 verba
1303 3013 1503 3082 adjecit
1540 3029 1555 3067 :
1605 3032 1623 3064 ι
1657 3012 1788 3070 Siue

188 3106 401 3177 reliquo
427 3121 657 3176 corpore
688 3121 919 3177 persona
951 3118 1032 3163 est
1059 3149 1074 3174 ,
1119 3115 1176 3163 et
1204 3107 1368 3163 facies
1392 3107 1506 3163 sola
1528 3150 1544 3175 ,
1588 3105 1787 3163 l‘renie—

186 3198 389 3255 bundis
430 3198 661 3255 hiatibus
686 3242 701 3265 ,
750 3201 916 3255 torvis
942 3200 1165 3256 rictibus
1188 3241 1205 3267 ,
1251 3201 1545 3272 sanguineo
1581 3200 1648 3256 de
1692 3217 1784 3258 ce-

1892 1972 2053 2027 verba
2087 1973 2286 2043 legerat
2338 1992 2351 2027 :

1888 2063 2113 2137 Ἀραϐες
2154 2069 2241 2121 τὸν
2275 2067 2423 2121 λίθον·
2456 2069 2501 2121 οἱ
2527 2071 2718 2143 Πέρσαι
2741 2070 2828 2124 τὸν
2864 2069 3095 2140 ποταμὸν
3129 2069 3499 2144 προσεκύνουν,

2406 1974 2559 2029 Πάλαι
2588 1977 2678 2045 μὲν
2722 1974 2768 2027 οἱ
2809 1973 3012 2038 Σκύθαι,
3043 1975 3126 2029 τὸν
3162 1974 3505 2043 ἀκινάκην.ῖοὶ

1892 2164 1978 2214 καὶ
2003 2167 2100 2215 τῶν
2130 2157 2288 2215 ἄλλων
2319 2162 2593 2237 ἀνθρώπων
2615 2161 2661 2217 οἳ
2690 2161 2765 2218 ἔτι
2791 2163 3094 2242 παλαίτεροι
3119 2165 3247 2229 ξύλα
3269 2164 3502 2241 ἱδρύοντο

1890 2264 2138 2331 περιφανῆ
2163 2299 2177 2319 ,
2224 2260 2310 2310 καὶ
2356 2257 2524 2317 κιόνας
2567 2256 2727 2312 ’ἔστων
2768 2264 2819 2312 εκ
2862 2258 3003 2311 λίθων
3055 2255 3088 2311 ἃ
3123 2255 3177 2312 δέ
3221 2262 3307 2312 καὶ
3347 2260 3503 2323 ξόανα

1890 2350 2320 2423 προσηγορεύετο.
2342 2346 2427 2403 διὰ
2442 2352 2501 2404 τὸ
2515 2350 2810 2414 ἀποξεῖσθαι
2822 2359 2912 2410 τῆς
2935 2348 3313 2419 ὕλης’ἀμέλειέν
3324 2351 3501 2427 Ἰκάρῳ

1888 2448 1980 2502 τῆς
2002 2439 2290 2514 Ἀρτέμιδος
2330 2444 2387 2496 τὸ
2408 2439 2615 2516 ἄγαλμα
2640 2443 2783 2507 ξύλον
2814 2440 2871 2502 ἧν
2911 2446 2997 2497 οὐκ
3036 2446 3383 2519 εἰργασμένον.
3415 2449 3502 2500 καὶ

1889 2540 1983 2593 τῆς
2014 2535 2343 2609 Κιθαιρωνίας
2362 2532 2520 2611 Ἥρας
2549 2541 2595 2589 ἕν
2621 2537 2823 2611 ese-aria;
2848 2538 3068 2613 πρέμνον
3116 2534 3499 2611 ἐκκεκομμένον.

1889 2630 1976 2682 καὶ
2000 2629 2059 2682 τὸ
2088 2636 2180 2688 τῆς
2206 2630 2395 2701 Σαμίας
2422 2625 2601 2704 Ἥρας,
2636 2631 2705 2690 ὥς
2732 2652 2879 2701 φησιν
2900 2631 3108 2691 Αεθλιοςο
3138 2633 3383 2709 πρότερον
3408 2638 3499 2711 μέν

1888 2718 1947 2779 ἧν
1966 2724 2134 2785 σανίς,
2154 2721 2372 2798 ὕστερον
2389 2721 2442 2778 δέ
2462 2725 2548 2778 ἐπὶ
2574 2722 2849 2802 Προκλέους
2863 2726 3154 2802 Λέρχοντος
3166 2724 3500 2802 ἀνδριαντοει·

1888 2811 1971 2875 δές
2023 2816 2335 2889 ἐγένετοκη.
2366 2819 2417 2871 ἐν
2442 2820 2590 2893 Ρὼμῃ
2620 2816 2674 2872 δέ
2713 2819 2770 2874 τὸ
2810 2818 3022 2874 παλαιὸν
3057 2818 3177 2897 δόρυ
3205 2827 3328 2892 φησὶ
3351 2845 3497 2896 γεγο-

1888 2908 2026 2961 νέναι
2065 2915 2155 2962 τοῦ
2207 2906 2400 2986 Ἀρεως
2464 2912 2522 2965 τὸ
2566 2910 2738 2976 ξόανον
2782 2914 3020 2987 Οὐάρρων
3068 2915 3094 2968 ὁ
3141 2920 3494 2991 συγγραφεύς.

1892 2999 2086 3056 οὐδέπω
2112 3010 2219 3072 τῶν⁸
2238 3012 2487 3076 τεχνιτῶν
2517 3007 2602 3060 ἐπὶ
2644 3010 2732 3064 τήν
2770 3008 3103 3082 εὐπρόσωπον
3129 3013 3319 3069 ταύτην
3350 3032 3498 3067 κακου

1891 3097 2105 3167 τεχνίαν
2150 3096 2457 3173 ὡρμηκότων
2501 3096 2757 3166 (Clemens
2794 3099 3047 3156 Alexand.
3075 3143 3091 3168 ,
3133 3103 3381 3158 admonit.
3426 3105 3495 3159 ad

1890 3200 2052 3259 gent.,
2090 3208 2211 3262 pug.
2236 3191 2306 3245 29
2328 3204 2375 3247 et
2396 3192 2579 3263 seqq.).
2605 3192 2814 3265 Scytha:
2838 3194 3041 3265 quidem
3061 3197 3342 3265 antiquitus
3367 3198 3495 3251 ado-

190 3301 384 3350 roto...
417 3301 581 3364 atque
610 3291 735 3347 fessi
764 3308 928 3348 canes
950 3312 969 3345 ι
999 3292 1266 3365 ('l'ertull.,
1300 3293 1519 3366 Apolog.
1552 3310 1668 3365 cap.
1694 3295 1781 3360 16,
1816 3275 1862 3339 C
1892 3286 2075 3339 rabant
2104 3287 2394 3356 acinacem;
2427 3288 2619 3343 Arabes
2666 3299 2832 3343 autem
2863 3288 3120 3359 lapidem;
3171 3289 3346 3347 Persw
3375 3308 3491 3347 vero

191 3398 242 3444 et
269 3388 359 3442 lib.
390 3404 407 3444 ι
446 3388 515 3442 ad
545 3385 787 3452 Ναιὶοη..
817 3405 932 3456 cap.
964 3387 1073 3456 ἃς
1113 3387 1246 3443 Min.
1281 3386 1451 3457 Felix,
1488 3406 1609 3461 pag.
1641 3387 1740 3444 ΞϐΙ
1767 3407 1782 3456 ;

190 3480 415 3549 Arnob.,
445 3480 542 3536 loc.
574 3482 688 3549 cit.,
716 3498 837 3552 pag.
869 3480 1021 3551 l96).

264 3576 399 3645 Quis
420 3584 600 3632 autem
631 3573 784 3630 facile
815 3590 919 3630 non
945 3575 1210 3631 concedet
1233 3584 1517 3646 utrumque
1542 3574 1686 3645 loqui
1714 3572 1784 3630 de

189 3668 519 3730 simulacris.
548 3667 1004 3741 quemadmodum
1035 3668 1196 3724 Panis
1214 3711 1229 3735 ,
1258 3669 1608 3740 Satyrorum,
1656 3669 1789 3722 alio-

187 3777 421 3832 rumque
448 3760 754 3831 hujnsmodi
782 3803 800 3826 ,
840 3760 981 3816 sicut
1011 3761 1063 3815 in
1103 3771 1285 3816 nostra
1316 3761 1385 3816 de
1410 3760 1654 3831 ejusdem
1686 3760 1783 3815 Μὶ-

190 3854 329 3911 nutii
361 3854 501 3911 libro
526 3854 909 3910 dissertatione
938 3853 1274 3910 ostendimus
1315 3852 1558 3925 (Dissert.
1598 3856 1653 3908 in
1680 3853 1788 3908 Mi-

190 3968 340 4020 nuc.,
369 3967 487 4022 cap.
517 3950 579 4005 il
608 3991 624 4015 ,
655 3958 755 4004 art.
783 3947 866 4021 '5).
914 3947 1067 4017 Quod
1110 3964 1238 4004 vero
1279 3949 1548 4004 Arnobius
1588 3949 1787 4005 ibidem

189 4043 435 4110 addidit,
479 4044 664 4113 faciem
699 4044 909 4098 oblitam
952 4044 1142 4110 minio,
1190 4042 1256 4098 ad
1295 4060 1417 4099 eum
1448 4043 1786 4100 ethnicorum

190 4152 404 4193 morem
447 4136 603 4209 plane
642 4135 927 4193 ridiculum
964 4146 1190 4208 spectat,
1221 4153 1328 4208 quo
1372 4138 1786 4195 simulacrorum

188 4229 362 4288 iacies
393 4229 562 4287 minio
588 4229 836 4287 oblinere
867 4230 1131 4286 solebant.
1181 4230 1450 4301 Scriptum
1493 4233 1691 4302 quippe
1719 4231 1789 4287 ab

189 4321 372 4380 Plinio
401 4324 630 4396 legimus
662 4342 677 4379 :
730 4343 748 4376 ι
775 4323 925 4381 Jovis
947 4323 1118 4394 ipsius
1143 4324 1418 4380 simulacri
1450 4324 1637 4380 faciem
1669 4326 1787 4381 die-

188 4420 295 4477 bus
321 4419 474 4495 testis
487 4419 654 4475 minio
678 4417 816 4473 illini
845 4418 1089 4474 solitam»
1117 4416 1312 4491 (Plin.,
1334 4418 1425 4474 lib.
1454 4434 1599 4474 xxxv
1649 4417 1785 4473 Hist.

191 4526 398 4581 natur.,
430 4531 547 4585 cap.
586 4514 643 4582 7,
683 4529 804 4585 pag.
832 4509 949 4584 56).
993 4512 1069 4568 De
1096 4513 1257 4568 Panis
1286 4528 1414 4569 vero
1442 4511 1619 4585 el‘ligie
1647 4514 1789 4567 canit

189 4610 453 4682 Virgilius
474 4627 489 4663 :

286 4702 394 4752 Pan
416 4700 556 4765 Deus
577 4700 802 4765 Arcadia:
821 4702 973 4765 venit,
1000 4713 1149 4765 quem
1172 4700 1380 4751 vidimus
1401 4701 1493 4765 ipsi

287 4764 590 4829 Sanguiueis
614 4762 746 4814 ebuli
770 4764 937 4813 buccis
952 4762 1202 4826 minioque
1224 4762 1508 4813 rubentem.

756 4843 984 4912 (νέφει,
1008 4842 1162 4911 eclog.
1191 4846 1265 4905 10,
1290 4859 1415 4897 vers.
1439 4848 1503 4897 26
1522 4852 1569 4898 et
1590 4846 1695 4911 27.)

189 4955 342 5028 Quos
369 4958 422 5011 in
454 4970 643 5012 versus
671 4952 785 5010 hate
809 4952 1026 5011 Servius
1054 4954 1307 5009 observat
1330 4972 1345 5009 ι
1380 4951 1598 5009 Ebulum
1627 4971 1787 5027 genus

187 5064 264 5109 est
297 5051 468 5107 herba:
485 5052 722 5105 sambuco
748 5049 935 5103 simile.
967 5047 1132 5104 Minio
1159 5060 1330 5104 autem
1355 5049 1490 5115 ideo,
1512 5052 1631 5121 quia
1653 5053 1787 5123 facie

187 5145 350 5202 rubra
380 5143 607 5217 pingitur
639 5142 773 5208 Pan,
806 5152 1013 5213 propter
1032 5143 1235 5197 tet/teris
1264 5143 1673 5199 similitudinem.

265 5238 537 5297 Arnobius
559 5240 739 5310 itaque
771 5236 895 5292 hinc
917 5238 1187 5293 concludit
1214 5253 1439 5294 summae
1469 5239 1788 5296 temeritatis

190 5353 317 5396 esse
355 5352 479 5393 eam
499 5333 722 5391 deorum
754 5316 981 5403 ﬁgurare
1009 5333 1241 5402 speciem
1268 5341 1322 5389 et
1350 5332 1598 5401 formam,
1628 5349 1785 5397 quam

190 5430 357 5487 talem
380 5443 504 5484 esse
526 5442 684 5483 nemo
701 5442 949 5497 umquam
969 5428 1197 5498 probare
1216 5426 1404 5495 potuit.
1428 5426 1784 5492 Quamobrem

191 5523 468 5581 anianus
506 5520 699 5576 alicubi
739 5519 1093 5576 disertissime
1128 5520 1345 5591 scripsit
1391 5539 1403 5575 :

190 5639 400 5694 ραντες,
427 5616 492 5671 ἶν’
528 5617 676 5670 αὐτοὶ
712 5619 781 5687 μή
827 5610 1036 5677 ἄνοικοι.
1071 5612 1197 5688 μηδὲ
1231 5616 1452 5672 ἀνέστιοι
1477 5613 1618 5674 δῆθεν
1640 5611 1786 5677 ὦσιν,

190 5713 390 5774 εἰκόνας
420 5712 589 5766 αὐτῶν
607 5710 942 5773 ἀπεικάζουσι
961 5707 1456 5785 παρακαλέσαντεςῆ
1470 5709 1787 5785 Πραξιτέλην,

1447 5524 1611 5582 Noton;
1660 5523 1788 5595 ἐγεί·

191 5807 226 5867 ᾖ
258 5806 577 5862 Πολύκλειτον
594 5845 610 5871 ,
648 5802 679 5863 ἣ
708 5800 922 5858 Φειδίαν.
953 5802 998 5855 οἱ
1022 5801 1076 5858 δέ
1103 5804 1190 5857 οὐκ
1215 5797 1307 5857 οἷδ’
1332 5799 1411 5858 ὅτι
1436 5801 1624 5865 ἰδόντες
1664 5805 1790 5859 ἀνα-

201 5899 486 5961 πλάττουσι
520 5895 796 5967 (Lucium,
848 5904 913 5957 de
952 5896 1209 5963 sacriﬁc.,
1256 5912 1376 5967 pag.
1435 5896 1578 5965 185).
1628 5896 1792 5953 Fanis

722 6004 992 6066 ΡΑτιιοι..
1031 6000 1083 6062 ν

1891 3381 2104 3450 fluuium
2135 3397 2154 3435 :
2180 3392 2228 3437 et
2251 3400 2315 3437 ea:
2330 3383 2448 3438 aliis
2475 3384 2766 3438 hominibus
2793 3385 2862 3447 ii,
2904 3386 2991 3455 qui
3022 3386 3189 3439 adhuc
3218 3397 3362 3441 erant
3394 3405 3492 3443 an-

1893 3474 2133 3545 tiquiores
2152 3517 2168 3542 ,
2198 3475 2339 3547 ligna
2368 3476 2627 3548 erigebant
2654 3476 2876 3547 insignia
2895 3518 2911 3541 ,
2955 3488 3001 3531 et
3031 3478 3294 3533 columnas
3325 3496 3488 3548 pone-

1891 3565 2013 3620 bant
2039 3583 2104 3622 επ
2130 3568 2389 3640 lapidibus
2410 3609 2426 3635 ,
2459 3585 2572 3641 qua:
2595 3570 2750 3622 etiam
2777 3569 3171 3640 appellabantur
3195 3572 3346 3636 ξόανα
3365 3612 3381 3638 ,
3428 3589 3489 3627 eo

1892 3662 2030 3733 quod
2064 3663 2396 3717 eraderenlur
2416 3674 2466 3717 et
2491 3664 2841 3730 expolirentur
2866 3680 2931 3718 ea;
2960 3666 3194 3719 materia.
3239 3664 3304 3720 In
3338 3665 3488 3722 Icaro

1892 3764 2027 3809 certe
2055 3756 2225 3827 imago
2274 3754 2460 3811 Diana:
2499 3758 2696 3830 lignum
2736 3769 2844 3812 erat
2890 3776 2992 3812 non
3044 3758 3394 3823 elaboratum,
3441 3769 3490 3814 et

1894 3845 2203 3902 Citlteronia:
2226 3847 2452 3903 lunonis
2482 3848 2716 3921 Thespia:
2744 3860 2971 3906 trunctus
2999 3853 3197 3907 excisus
3236 3871 3254 3907 :
3294 3864 3341 3907 et
3379 3854 3487 3910 Sn-

1893 3942 2010 3996 miw
2034 3940 2278 4009 lunonis,
2307 3952 2362 3995 ut
2389 3944 2460 3996 ait
2489 3942 2741 4005 Ait/ilius.
2768 3946 2911 4014 prius
2933 3946 3134 4017 quidem
3163 3958 3268 4001 erat
3290 3947 3484 4014 tabula,

1894 4048 2071 4108 postea
2105 4047 2275 4091 autent
2300 4079 2315 4102 ,
2346 4036 2607 4093 Are/tante
2641 4039 2858 4095 Procleo
2884 4084 2899 4106 ,
2948 4043 3000 4096 in
3040 4043 3259 4112 formant
3303 4053 3487 4098 statua:

1892 4129 2054 4200 e/Iicla
2080 4140 2319 4185 est.......
2349 4130 2530 4185 Roma:
2554 4143 2720 4187 autem
2749 4134 3029 4205 antiquitus
3050 4146 3272 4189 statuant
3299 4135 3485 4190 Martis

1892 4224 2051 4295 fuisse
2074 4225 2274 4280 hastam
2302 4226 2373 4280 ait
2411 4226 2573 4282 Varro
2592 4270 2606 4294 ,
2646 4245 2760 4283 cum
2788 4230 3015 4284 nondum
3034 4232 3374 4301 pervenissent
3400 4249 3484 4284 ar-

1892 4317 2051 4387 tifices
2075 4318 2145 4371 ad
2170 4318 2264 4371 hoc
2290 4320 2573 4389 speciosum
2599 4322 2800 4390 quidem
2823 4363 2837 4387 ,
2878 4324 2969 4376 sed
3005 4322 3289 4393 improbum
3318 4324 3485 4394 artifi—

1892 4412 2049 4466 cium.
2082 4411 2245 4468 V'ides
2294 4428 2426 4469 sane
2464 4413 2737 4484 quomodo
2766 4415 3071 4481 Arnobius,
3119 4430 3239 4471 cum
3272 4415 3388 4471 haze
3417 4431 3482 4471 ex

1892 4503 2173 4561 Clemente
2201 4504 2564 4561 Alexandrino
2588 4504 2874 4571 delibavit,
2902 4505 3083 4561 verbis
3112 4507 3290 4561 latinis
3318 4506 3483 4562 fuerit

1894 4597 2301 4670 interpretatus.
2333 4599 2578 4671 quadam
2615 4598 2881 4655 demendo
2910 4600 3181 4669 etaliquid
3210 4600 3478 4667 addendo,

1816 4669 1871 4731 D
1896 4689 2027 4745 illud
2043 4669 2310 4746 nimirum
2354 4669 2497 4762 quod
2548 4690 2682 4745 dixit
2721 4690 2789 4746 de
2825 4689 2975 4746 silice
3017 4690 3249 4762 efﬁgiem
3294 4693 3482 4749 matris

1894 4784 2115 4840 deorum
2143 4795 2590 4856 repraesentante,
2632 4786 2698 4841 de
2740 4800 2847 4857 quo
2881 4785 3039 4857 paulo
3067 4796 3190 4842 ante
3220 4786 3483 4842 disserui-

1892 4892 2011 4932 mus
2052 4876 2204 4950 (Cap.
2234 4895 2408 4946 super.
2430 4921 2446 4945 ,
2483 4889 2585 4933 art.
2612 4878 2672 4947 2)
2698 4920 2710 4942 ,
2749 4878 2887 4934 sicut
2913 4878 2981 4935 de
3006 4878 3125 4934 aliis
3153 4879 3399 4934 omnibus
3427 4881 3479 4935 in

1886 4972 2149 5040 superiori
2189 4979 2475 5040 apparatus
2519 4972 2689 5026 nostri
2738 4960 2883 5029 inmo
2923 4973 3067 5046 (tam.
3116 4988 3133 5026 ι
3197 4973 3477 5045 Apparat.,

1891 5062 1979 5118 lib.
2012 5078 2090 5123 Ill.
2116 5063 2314 5117 dissert.
2350 5064 2400 5128 l,
2440 5081 2556 5134 cap.
2594 5066 2689 5132 l8,
2733 5076 2830 5119 art.
2862 5068 2912 5130 l,
2948 5083 3066 5139 pag.
3097 5067 3200 5122 754
3226 5076 3272 5121 et
3296 5068 3479 5139 seqq).

1892 5154 2059 5211 Nobis
2090 5170 2251 5225 porro
2279 5155 2435 5211 liceat
2460 5156 2590 5213 illud
2634 5157 2718 5214 his
2746 5160 2995 5215 omnibus
3022 5159 3257 5230 adjicere
3279 5200 3296 5226 ,
3337 5160 3478 5229 quod

1893 5250 2145 5307 Lucanus
2184 5249 2254 5307 de
2294 5250 2437 5318 luco,
2467 5269 2627 5319 quem
2654 5253 2836 5309 Cmsar
2878 5254 2931 5309 in
2977 5255 3290 5319 Massiliensi
3335 5256 3480 5310 obsi-

1894 5344 2055 5401 dione
2080 5344 2253 5401 excidi
2272 5345 2455 5416 jussit,
2485 5345 2631 5403 hisce
2655 5348 2849 5402 cecinit
2878 5348 3118 5403 versibus
3143 5366 3156 5401 :

1987 5483 2263 5550 Arboribus
2284 5498 2402 5537 suus
2423 5485 2594 5550 horror
2616 5488 2764 5550 inest,
2791 5493 2892 5535 tum
2915 5487 3118 5549 plurima
3144 5491 3296 5550 nigris

1990 5545 2227 5596 Fontibus
2249 5550 2373 5597 unda
2397 5548 2539 5607 cadit,
2568 5545 2926 5599 siniulacrauue'
2941 5558 3109 5598 maesta
3131 5545 3334 5602 deorum

1990 5611 2110 5659 Arte
2132 5620 2319 5674 carent,
2340 5612 2579 5672 caesisque
2604 5617 2797 5659 exstant
2821 5610 3037 5661 informia
3062 5615 3261 5664 truncis.

2640 5692 2865 5756 (Lucan.,
2890 5691 2976 5745 lib.
3001 5708 3074 5755 ιιι,
3100 5708 3225 5749 vers.
3249 5699 3388 5764 394.)

1971 5802 2078 5862 At,
2130 5801 2300 5873 inquit
2341 5798 2610 5856 Arnobius
2642 5840 2656 5863 ,
2717 5798 2763 5855 si
2822 5798 2937 5857 ha‘c
2983 5803 3175 5860 merito
3242 5807 3485 5867 ridebant

1901 5893 2098 5954 ethnici
2120 5936 2133 5963 ,
2175 5912 2281 5953 non
2312 5895 2505 5952 minori
2536 5893 2777 5966 profecto
2807 5900 2989 5955 caeteri
3018 5916 3206 5960 omnes
3238 5904 3483 5965 irrisione

2970 5997 3050 6063 20
