4000 6296
550 362 653 421 619

1782 364 2236 431 DISSERTATIO
2272 368 2550 431 PBEVIA

3751 382 3876 440 630

550 475 699 546 digni
726 484 920 543 erant,
968 476 1058 547 qui
1105 476 1211 534 diis
1254 479 1646 557 immortalibus
1687 480 1917 539 humana
1961 484 2132 542 forma

2244 489 2498 564 κηρύκειον
2524 485 2576 544 ἐν
2595 496 2657 561 τῇ
2684 493 2846 567 χειρί.
2878 486 3123 547 Petasum
3150 488 3205 548 in
3229 493 3396 565 capite
3414 537 3431 564 ,
3454 502 3503 552 el
3527 496 3587 553 in
3610 500 3875 555 manibus

551 567 744 624 ciliciis
767 569 1130 639 supplicabant
1155 566 1365 640 (Arnob.
1385 613 1400 637 ,
1433 572 1519 627 lib.
1550 588 1625 639 vi,
1654 590 1773 646 pag.
1807 576 1955 650 197).
2004 577 2134 646 Quis

551 664 693 716 enim
729 661 952 718 credere
979 678 1211 735 unquam
1248 665 1424 735 potuit
1448 665 1579 724 deos
1606 664 1853 726 humanis
1878 672 2136 729 membris

549 756 833 826 componi?
879 755 1219 833 Quapropter
1260 761 1306 815 si
1356 760 1579 831 datum,
1617 763 1764 819 addit
1808 764 1933 833 ille,
1982 768 2136 825 nobis

549 859 725 915 esset,
765 850 819 904 in
863 850 1080 907 intimas
1114 852 1454 909 ethnicorum
1489 857 1844 926 cogitationes
1878 859 2136 931 intrOSpi—

547 954 690 1007 cere,
720 954 815 996 eos
836 942 1018 1014 utique
1041 943 1353 1001 videremus
1381 947 1569 1002 eadem
1596 949 1877 1005 nobiscum
1906 953 2135 1019 sentire;

546 1030 642 1087 sed
661 1032 715 1088 id
733 1033 916 1101 malle,
936 1035 1080 1106 quod
1094 1035 1381 1107 aliquando
1399 1038 1604 1110 absque
1628 1041 1838 1098 ratione
1866 1040 2134 1113 fecerunt,

548 1124 895 1195 pertinaciter
923 1124 1237 1193 defendere,
1267 1144 1428 1199 quam
1448 1132 1645 1202 agnita:
1659 1132 1859 1189 cedere
1886 1135 2126 1191 veritati.

1146 1262 1444 1311 ABTICULUS
1482 1267 1539 1307 ll.

543 1356 702 1423 Quam_
720 1363 862 1408 recte
881 1358 1125 1412 Arnobius
1144 1370 1309 1413 contra
1350 1365 1521 1416 eadem
1558 1365 1788 1419 falsorum
1825 1370 2031 1423 deorum
2074 1375 2139 1423 si-

606 1419 818 1499 mulacra
851 1432 1230 1499 argumentatur
1255 1439 1319 1499 ex
1344 1427 1560 1499 ridiculis
1582 1431 1787 1499 deorum
1816 1419 2137 1499 imagini—(bats,

607 1481 890 1550 Hammonis
912 1481 1043 1550 'cutn
1075 1490 1301 1539 arietinis
1336 1493 1584 1550 cornibus,
1629 1492 1829 1543 Saturni
1862 1481 2141 1548 cuiiiﬁi‘aiee

609 1544 812 1618 adunca,
840 1546 1073 1618 Mercurii
1104 1552 1284 1618 pinnati
1303 1590 1316 1609 ,
1344 1544 1662 1618 Argiphoutis
1697 1570 1808 1607 cum
1834 1544 2138 1618 ministerii:

600 1607 709 1677 beri
734 1619 844 1658 cum
868 1607 1365 1677 membrismollibus,
1390 1607 1601 1666 Veneris
1625 1607 1784 1677 nuda},
1804 1607 2141 1672 Vulcani'cut—u

602 1670 735 1732 pileo
759 1678 820 1741 et
830 1672 1031 1741 malleo,
1056 1675 1185 1741 Delii
1226 1689 1336 1741 cum
1354 1670 1561 1740 'plectro
1584 1688 1636 1731 et
1658 1670 1835 1730 ﬁdibus
1853 1718 1867 1741 ,
1894 1670 2142 1735 notasti

600 1746 709 1802 cum
736 1734 873 1802 tibiis
896 1742 945 1785 et
971 1736 1247 1802 psalteriis,
1272 1734 1490 1802 Neptuni
1527 1756 1635 1793 cum
1659 1734 1873 1802 fuscina,
1899 1734 2007 1797 Iani
2029 1761 2141 1798 cum

597 1795 795 1867 dentata
832 1795 1163 1867 ci.:_:ve,_.lovi_s
1184 1795 1399 1867 ricinia'ti
1437 1816 1548 1853 cum
1571 1803 1758 1867 fomite,
1798 1795 2010 1859 Palladis
2031 1795 2142 1859 cum

599 1856 795 1930 militari
816 1856 981 1930 galea,
1004 1861 1172 1930 liatris
1194 1863 1340 1930 deum
1364 1879 1475 1930 cuin
1499 1856 1878 1930 tympanoﬂani
1912 1856 2079 1922 cumd

2235 583 2529 637 caduceum.
2574 580 2791 639 Plautus
2839 594 2968 641 vero
3012 580 3334 645 Mercurium
3378 588 3462 649 sic
3515 590 3862 665 loquentem

2237 672 2439 733 inducit
2468 695 2482 731 :
3180 688 3183 692 ⁴

2330 790 2435 855 Ego
2456 792 2543 843 has
2564 792 2756 845 habebo
2779 794 2859 847 hic
2876 798 3574 913 ιιείιιιθῶιρῗᾶιὲιὲῗὲ

3030 854 3239 926 (Pldut.,
3259 854 3466 931 Prolog.
3488 861 3770 933 Arnphir.)

2238 959 2409 1028 Quem
2437 963 2489 1016 in
2521 976 2737 1019 versum
2758 1006 2775 1033 ,
2807 958 3087 1035 Lambini,
3131 967 3177 1023 si
3206 966 3389 1037 lubet,
3419 966 3871 1030 observationes

2238 1055 2480 1111 consule.

2312 1147 2440 1203 Eam
2467 1160 2597 1205 sane
2640 1146 2711 1206 ob
2752 1164 2968 1207 causam
2994 1160 3180 1224 postea
3213 1153 3350 1212 dixit
3378 1164 3575 1213 auctor
3609 1167 3820 1215 noster
3852 1177 3871 1215 :

2243 1239 2532 1297 Mercurius
2563 1242 2805 1313 pinnatus
2833 1244 3175 1321 Argiphonles
3205 1242 3418 1320 (Arnob.
3441 1293 3458 1317 ,
3494 1248 3592 1306 lib.
3625 1267 3707 1319 vn,
3741 1269 3869 1325 pag.

2239 1333 2393 1407 209),
2426 1337 2479 1391 in
2534 1338 2903 1411 manuscripto
2953 1338 3141 1396 codice
3192 1342 3377 1417 regio,
3430 1344 3873 1417 Argiforonites,

2242 1427 2502 1484 mendose
2548 1447 2562 1482 ε
2609 1430 2806 1486 etenim
2841 1430 3210 1505 Argipliontes,
3260 1451 3436 1508 graece
3487 1441 3873 1517 Αργειφὸντης.

2244 1518 2492 1575 Mercurii
2519 1529 2603 1576 est
2628 1524 2974 1593 epithetum,
3025 1541 3135 1596 quo
3183 1524 3403 1599 quidem
3447 1543 3663 1605 praeter
3687 1533 3873 1600 alios,

2246 1610 2389 1667 haud
2422 1614 2595 1669 semel
2622 1628 2755 1671 usus
2780 1626 2863 1671 eSt
2891 1617 3191 1687 Homerus,
3235 1632 3397 1690 atQue
3431 1622 3501 1677 ab
3529 1622 3659 1695 ejus
3692 1627 3875 1682 inter-

2243 1712 2393 1772 prete
2441 1705 2604 1761 latine
2648 1706 2911 1776 redditur,
2945 1709 3189 1781 Argicida
3217 1716 3265 1765 et
3309 1713 3730 1787 ἔπιεν-παιδεῖαι(
3757 1717 3877 1773 Ho-

2245 1812 2396 1865 mer.,
2426 1796 2591 1853 Iliad.
2620 1812 2732 1866 XVI,
2759 1817 2882 1873 pag.
2909 1802 3038 1870 296,
3074 1812 3121 1857 et
3150 1802 3310 1859 lliad.
3340 1823 3488 1876 xxw,
3518 1827 3653 1881 pag.
3690 1809 3875 1883 418).

603 1887 795 1931 ωτυξεη·
816 1887 979 1921 δαισιν
1004 1887 1172 1932 ’ξαιηδ
1194 1887 1340 1913 υυυ¹¹¹
1364 1887 1475 1914 υυ¹¹³
1499 1887 1744 1953 ι1¹ἓ¹Ρ¹¹¹⁰ν
1767 1887 1878 1919 ⁴³¹¹¹
1912 1887 2027 1957 (Ξιξω
2047 1887 2141 1923 σθ’
2173 1894 2220 1958 Β
2248 1888 2572 1948 Mercurium
2602 1903 2780 1950 autem
2809 1888 2885 1951 sic
2913 1899 3350 1968 cognominatum
3376 1901 3607 1973 quidam
3639 1906 3872 1969 volunt,

603 1917 1075 1999 pilci‘fronteulows
1093 1938 1201 1972 cum
1215 1926 1382 1999 barba,
1406 1926 1602 1999 (gerens
1621 1944 1729 1999 cum
1749 1945 1970 1984 mammis
1991 1948 2141 1999 gran-
2262 1998 2265 1999 ν
2288 1997 2295 1999 Α
2324 1984 2335 1995 ,
2415 1983 2431 1999 .
2458 1998 2461 1999 ν
2636 1986 2650 1999 .
2700 1998 2705 1999 ,
2783 1986 2805 1999 .
2868 1989 2899 1999 .,
3026 1991 3041 1999 .
3108 1998 3111 1999 ,
3317 1993 3332 1999 -

599 1982 763 2043 dibus,
793 1990 844 2033 et
866 1983 1038 2034 Dianae
1059 2000 1171 2036 cum
1194 1982 1468 2039 setnitectis
1490 1989 1779 2043 femoribus.

616 2086 1006 2159 Deplorandam
1050 2093 1331 2163 gentilium
1381 2100 1676 2157 caecitatem
1722 2105 1903 2160 acrius
1953 2116 2144 2163 auctor

542 2191 729 2236 noster
768 2181 1059 2240 insectatur
1104 2186 1344 2258 (Arnob.,
1378 2190 1463 2244 lib.
1495 2208 1568 2260 vi,
1598 2211 1718 2268 pag.
1746 2196 1848 2252 197
1879 2208 1925 2255 et
1950 2202 2140 2274 seqq.),

541 2272 810 2345 planeque
834 2279 1072 2334 ostendit
1100 2281 1169 2335 ab
1199 2280 1278 2337 eis
1307 2284 1593 2342 simulacra
1627 2290 1991 2364 imaginesque
2009 2272 2142 2350 deo-

540 2384 661 2423 rum
691 2382 753 2424 ea
781 2367 950 2425 forma
982 2371 1258 2440 exhiberi,
1291 2392 1411 2447 quae
1436 2379 1657 2437 cuilibet
1680 2384 1904 2439 cordato
1934 2389 2140 2445 homini

542 2466 696 2514 tanto
724 2460 982 2533 majorem
1009 2506 1025 2531 ,
1073 2476 1272 2536 quanto
1316 2471 1607 2527 tristiorem
1638 2475 1804 2532 risum
1831 2480 2139 2539 movebant.

538 2552 739 2612 Nonne
764 2558 907 2613 enim
939 2572 1147 2617 summa
1179 2572 1298 2619 erat
1319 2565 1529 2623 illorum
1552 2568 1853 2639 dementia,
1886 2595 1914 2631 a
1945 2580 2141 2647 quibus

542 2649 817 2717 Ammon,
865 2664 959 2706 seu
998 2650 1204 2723 Jupiter
1230 2656 1467 2727 deorum
1523 2664 1793 2723 maximus
1843 2669 2142 2741 ﬁngebatur

535 2752 657 2794 cum
699 2741 959 2806 arietinis.
988 2752 1047 2800 ut
1073 2746 1197 2804 alibi
1229 2753 1529 2809 notavimus
1557 2757 1799 2828 (Dissert.
1830 2762 1882 2816 in
1910 2763 2139 2834 Mn:qu

535 2844 652 2901 cap.
674 2832 761 2899 15,
788 2844 887 2889 art.
911 2832 991 2907 '2),
1016 2840 1303 2895 cornibus?
1347 2841 1458 2900 Nec
1484 2845 1657 2919 impar
1686 2866 1835 2917 sane,
1869 2867 1961 2910 aut
1990 2832 2139 2914 certe

537 2922 710 2992 major
736 2926 946 2981 insania
972 2928 1260 2986 Alexandri
1294 2932 1488 3005 Magni,
1517 2938 1606 3008 qui
1636 2941 1849 3011 quidem
1873 2947 2135 3017 quemad-

534 3016 753 3072 modum
785 3020 1073 3077 Atbenaeus
1098 3066 1114 3091 ,
1164 3025 1413 3084 Clemens
1456 3029 1855 3092 Alexandrinus
1894 3016 2135 3109 (Atium,

534 3107 621 3162 lib.
667 3124 741 3165 xu
785 3109 1137 3187 DeipnosOph.
1165 3159 1180 3182 ,
1227 3134 1349 3192 pag.
1382 3121 1521 3190 557;
1553 3122 1781 3182 Clemens
1828 3107 2137 3201 Alexandra,

535 3200 793 3258 Admonit.
825 3207 895 3259 ad
934 3217 1095 3279 gent.,
1126 3226 1249 3281 pag.
1278 3211 1391 3284 36),
1422 3223 1478 3269 et
1518 3215 1609 3270 alii
1642 3218 2012 3291 testiﬁcantur,
2041 3200 2137 3279 vo?

2246 1984 2372 2053 quia
2401 1983 2603 2056 Argum
2634 1986 2935 2054 interfecit,
2959 1991 3042 2044 vel
3067 1998 3123 2045 ut
3141 1993 3259 2046 aliis
3283 1993 3475 2063 placet,
3500 2012 3533 2053 a
3555 1999 3874 2067 sermonis,

2245 2075 2329 2131 cui
2373 2092 2607 2147 praeesse
2631 2076 2929 2147 ferebatur,
2962 2085 3278 2154 pernicitate
3305 2094 3356 2142 et
3386 2087 3711 2147 velocitate.
3747 2091 3873 2162 Qua

2246 2166 2313 2222 de
2344 2184 2404 2223 re
2428 2167 2628 2226 videsis
2656 2170 2988 2229 Macrobium
3039 2184 3092 2231 et
3141 2177 3336 2239 Lilium
3364 2179 3656 2238 Giraldum
3686 2184 3711 2261 (
3740 2184 3872 2242 lla-

2244 2261 2382 2314 crob.
2402 2304 2418 2327 ,
2452 2261 2541 2317 lib.
2571 2278 2588 2318 t
2636 2264 2902 2322 Saturnal.
2928 2310 2943 2336 ,
2996 2285 3114 2339 cap.
3146 2271 3200 2337 9,
3227 2291 3347 2346 pag.
3396 2274 3537 2353 298;
3603 2276 3832 2335 Girald.
3855 2326 3873 2351 ,

2246 2349 2519 2423 Syntagnt.
2555 2355 2695 2409 deor.
2725 2355 2779 2423 9,
2815 2374 2936 2429 pag.
2970 2361 3072 2416 291
3107 2371 3155 2415 et
3184 2365 3370 2435 seqq)

2316 2445 2668 2518 Prosequitur
2696 2451 2967 2506 Arnobius
2998 2470 3012 2506 :
3049 2472 3070 2505 ‹
3104 2453 3266 2512 Liber
3281 2457 3539 2516 membris
3559 2476 3696 2519 cum
3723 2465 3873 2521 mol-

2245 2538 2425 2609 libus,
2468 2550 2520 2597 et
2553 2542 2778 2612 liquoris
2828 2547 3044 2602 feminei
3094 2548 3552 2610 dissolutissimus
3606 2554 3872 2616 laxitate.

2245 2633 2428 2689 Venus
2459 2636 2597 2691 nuda
2645 2647 2700 2693 et
2727 2649 2911 2709 aperta
2932 2682 2947 2707 ,
3000 2649 3269 2714 tamquam
3298 2646 3344 2700 si
3376 2645 3525 2702 illam
3561 2648 3732 2708 dicas
3765 2670 3866 2725 pn-

2241 2726 2479 2793 blieare,
2525 2730 2814 2788 divendere
2874 2734 3134 2790 meritorii
3206 2740 3449 2812 corporis
3499 2739 3778 2800 formam.
3836 2766 3858 2799 ι

2247 2821 2498 2890 (Arnob..
2531 2824 2622 2879 lib.
2650 2836 2719 2885 νι,
2752 2842 2872 2899 pag.
2910 2828 3059 2900 197).
3089 2831 3164 2886 De
3198 2830 3398 2888 Libero
3424 2850 3519 2890 seu
3552 2835 3789 2895 Baccho
3817 2848 3875 2897 et

2247 2914 2480 2987 Dionyse
2510 2917 2775 2974 anianus
2803 2936 2822 2975 :
2850 2924 3036 2984 Πάντες
3055 2919 3198 2999 οἶμαι
3217 2968 3230 2991 ,
3259 2926 3413 3003 ὁρᾶτε
3460 2931 3531 2991 ὡς
3585 2932 3756 2995 θῆλυς·
3785 2938 3875 2991 καὶ

2245 3018 2529 3080 γυναικεῖος
2550 3016 2643 3070 τὴν
2662 3015 2832 3087 φύσιν,
2852 3016 3125 3086 ἡμιμανὴς,
3145 3018 3367 3095 ἀκράτου
3388 3018 3536 3076 ἕωθεν
3552 3024 3868 3083 ἀποπνέων.

2243 3098 2514 3171 (Lucium,
2544 3103 2690 3157 deor.
2716 3121 2834 3158 con.
2857 3146 2872 3171 ,
2909 3123 3027 3178 pag.
3064 3108 3254 3181 i096.)
3303 3111 3527 3180 Uinnes,
3562 3124 3624 3169 ut
3645 3120 3871 3188 Opinor,

2242 3193 2425 3248 uidetis
2461 3210 2613 3266 quam
2646 3199 2818 3253 mollis
2846 3209 2912 3254 sit
2949 3209 2996 3254 et
3042 3200 3364 3270 eﬂ'eminalus
3402 3207 3609 3264 deliciis
3640 3212 3874 3269 dimidia

538 3294 636 3349 luit
677 3307 927 3369 tanquam
956 3302 1198 3371 ejusdem
1228 3307 1509 3363 Ammonis
1550 3309 1723 3379 lilius,
1767 3314 1929 3369 simili
1973 3285 2136 3375 modo
2163 3285 2210 3347 C
2240 3286 2536 3379 imm"
2578 3292 2752 3344 “alim
2793 3308 2826 3346 ⁸
2855 3308 3056 3348 “mmo
3095 3310 3249 3352 mane
3284 3312 3481 3355 merum
3510 3303 3757 3374 aﬂmm'
3792 3307 3872 3364 De

537 3392 936 3456 repraesentari.

609 3482 873 3540 Saturnus
900 3500 1028 3542 vero
1055 3529 1069 3552 ,
1123 3507 1143 3539 ι
1172 3504 1293 3545 cum
1342 3492 1550 3550 obunca
1578 3537 1594 3563 ,
1635 3516 1655 3549 ι
1710 3498 1785 3554 ait
1830 3501 2100 3560 Arnobius
2118 3546 2137 3571 ,Α

544 3588 565 3623 ‹
589 3572 756 3641 falce,
806 3587 986 3632 custos
1013 3583 1190 3647 ruris,
1238 3594 1293 3637 ut
1328 3584 1522 3656 aliquis
1556 3602 1827 3646 ramorum
1858 3593 2135 3653 luxurian—

538 3666 668 3719 tium
721 3678 906 3725 tonsor
951 3671 1198 3745 (Arnob.,
1243 3677 1331 3732 lib.
1361 3695 1435 3748 vr,
1476 3696 1594 3753 pag.
1627 3683 1771 3757 197).
1801 3705 1820 3738 ι
1872 3686 1940 3743 Et
1969 3690 2135 3747 alibi:

546 3777 566 3811 ι
595 3759 827 3817 Falcifer
852 3771 909 3819 et
936 3767 1210 3824 vitisator)
1244 3769 1357 3842 (Id.
1381 3816 1396 3841 ,
1450 3774 1538 3830 lib.
1565 3792 1619 3831 tn
1644 3820 1659 3844 ,
1688 3796 1811 3852 pag.
1846 3780 1967 3854 117)
1981 3776 2005 3849 ;’
2051 3795 2134 3839 at-

539 3868 645 3925 que
684 3857 858 3913 adhuc
883 3860 1009 3917 alibi
1044 3880 1058 3916 :
1109 3886 1127 3916 ι
1162 3862 1288 3919 Falx
1314 3866 1584 3925 'messoria
1633 3884 1712 3927 est
1740 3875 1993 3933 attributa
2036 3876 2136 3933 Sa-

540 3957 703 4006 turno
730 3969 750 4003 »
782 3951 931 4023 (ld.,
974 3956 1062 4012 lib.
1098 3971 1187 4023 vi,
1234 3977 1348 4029 pag.
1393 3961 1543 4033 209).
1591 3964 1793 4021 Eximia
1833 3978 2011 4024 autem
2043 3970 2137 4025 illa

539 4046 840 4113 rusticani,
892 4048 977 4104 vel
1026 4051 1348 4106 rusticorum
1398 4054 1486 4108 dei
1540 4055 1705 4126 figura
1755 4075 1876 4114 cum
1933 4064 2134 4119 nemini

538 4138 718 4208 ignota
768 4139 878 4205 sit,
931 4140 1162 4197 sufﬁciet
1206 4144 1258 4198 in
1307 4144 1449 4200 illius
1500 4148 1962 4208 conﬁrmationem
2018 4155 2136 4212 haec

537 4234 905 4289 transcribere
928 4233 1179 4289 Macr-obii
1209 4236 1373 4292 verba
1413 4256 1426 4290 :
1465 4258 1484 4290 ‹
1518 4240 1802 4298 Observari
1832 4262 1952 4301 eum
1991 4248 2134 4322 (Sa-

535 4329 807 4391 turnum),
849 4326 1011 4398 jussit
1040 4324 1288 4404 (Janus),
1344 4334 1621 4402 majestate
1662 4337 1935 4409 religionis
1980 4347 2136 4414 quasi

537 4421 661 4476 vita:
688 4421 927 4477 melioris
942 4431 1239 4479 auctorem.
1281 4426 1635 4483 Simulacrum
1660 4430 1776 4498 ejus
1804 4432 2001 4490 indicio
2026 4449 2136 4505 est,

537 4515 622 4569 cui
651 4513 839 4570 falcem
866 4556 883 4581 ,
912 4516 1121 4587 insigne
1162 4518 1372 4582 messis,
1403 4520 1619 4591 adjecit.
1661 4523 1796 4578 lluic
1825 4525 1928 4581 deo
1958 4528 2135 4585 inser-

536 4608 710 4663 tiones
759 4601 1135 4675 surculorum,
1193 4626 1584 4685 pomorumque
1639 4614 2027 4688 educationes,
2078 4632 2135 4680 et

2240 3376 2455 3434 Venere
2484 3395 2618 3435 vero
2654 3379 2906 3439 Clemens
2935 3386 3335 3447 Alexandrinus
3366 3409 3383 3447 :
3413 3384 3515 3467 ιιᾷν
3543 3405 3758 3472 γυμνήν
3784 3399 3870 3479 ἶόῃ

2237 3491 2317 3530 τις
2342 3473 2663 3548 ἀνάγραπτον
2688 3484 2924 3547 γυναῖκα,
2958 3484 3049 3539 τήν
3077 3488 3290 3558 χρυσῆν
3314 3482 3607 3565 ’Δφροδὶτην
3629 3473 3868 3552 κεῖαν.

2237 3566 2298 3617 τὸ
2352 3560 2559 3637 ἄγαλμα
2604 3566 2896 3643 Ἀφροδίτης
2945 3568 3004 3630 ἦν
3029 3613 3044 3639 ,
3098 3579 3183 3629 καὶ
3232 3560 3408 3651 γυμνή⁷
3458 3576 3519 3640 ἦν
3573 3580 3873 3655 (Clemens

2238 3654 2560 3724 Alexandr.,
2594 3660 2858 3715 Admonit.
2908 3664 2977 3717 αιι
3006 3676 3181 3735 gena,
3228 3686 3350 3742 pag.
3380 3672 3494 3743 se).
3527 3654 3597 3729 ei
3647 3676 3700 3731 si
3748 3681 3870 3750 quis

2240 3748 2433 3803 nudant
2476 3752 2659 3807 viderit
2703 3755 2957 3826 depictam
3005 3764 3267 3818 mulierem
3289 3808 3305 3831 ,
3348 3782 3561 3823 auream
3600 3748 3869 3832 Venerem

2238 3845 2594 3916 intelligit”...
2623 3860 2735 3903 erat
2761 3853 3180 3911 casimulacrum
3218 3856 3454 3931 Veneris,
3504 3872 3555 3920 et
3597 3878 3719 3923 erat
3766 3888 3868 3927 mt-

2240 3935 2385 3991 dum.
2421 3938 2496 3996 De
2526 3941 2614 3997 illa
2661 3953 2843 4000 autem
2888 3956 2944 4003 et
2975 3946 3191 4008 Baccho
3215 3953 3593 4015 Tlieodoretus
3622 3976 3640 4015 :
3674 3963 3866 4046 ’Δφρο-

2230 4028 2403 4099 dit-nr,
2434 4041 2525 4095 τὴν
2553 4042 2747 4094 τούτων
2774 4040 3098 4114 διδάσκαλον,
3121 4054 3314 4121 γυμνήν
3331 4091 3346 4117 ,
3375 4055 3461 4107 καὶ
3476 4050 3524 4108 οἳ
3550 4028 3866 4133 ἀνδριὼοο

2242 4132 2379 4193 ποθὶ,
2404 4135 2491 4185 καὶ
2516 4133 2561 4186 oe'
2584 4134 3024 4213 ὰγαλματογλύφοι
3071 4147 3518 4212 κατασκευάζουσι
3540 4191 3557 4214 ,
3591 4132 3688 4207 καὶ
3745 4154 3865 4212 οὐδὲ

2242 4224 2543 4295 χιτωνίσκῳ
2582 4226 3020 4285 καλύπτουσι.....
3067 4237 3152 4288 καὶ
3188 4236 3359 4306 μέντοι
3383 4279 3398 4304 ,
3430 4241 3519 4294 καὶ
3556 4239 3585 4296 ὃ
3610 4244 3865 4310 Διόνυσος

2239 4314 2512 4386 λυσιμελής
2536 4340 2592 4373 τε
2611 4361 2627 4385 ,
2673 4325 2759 4376 καὶ
2799 4327 2988 4396 γυμνὸς
3028 4327 3131 4381 ὑπὸ
3159 4332 3353 4385 τούτων
3377 4340 3862 4405 κατασκευάζεται.

2242 4405 2524 4467 (Theudor.
2556 4414 2781 4479 sernas,
2801 4414 2864 4467 de
2880 4415 3061 4488 Augei.
3092 4427 3142 4473 et
3167 4419 3299 4475 dem.
3349 4429 3472 4477 iam.
3496 4436 3575 4493 iv,
3607 4443 3662 4496 p.
3695 4430 3860 4503 520.)

2250 4497 2498 4556 Venerem
2527 4502 2712 4559 harum
2731 4548 2745 4570 ,
2776 4511 3117 4566 meretricum
3137 4554 3153 4579 ,
3187 4514 3490 4585 magistram
3532 4520 3735 4575 nudam
3766 4497 3860 4594 fa;-

2241 4592 2385 4646 ciunt
2431 4598 2697 4663 statuarii,
2751 4608 2801 4652 et
2848 4601 3171 4671 sculptores,
3225 4623 3388 4677 neque
3436 4610 3615 4663 tunica
3660 4592 3857 4668 saltem

533 4700 773 4754 omnium
806 4670 1456 4770 hujuscemodi'fertilium
1497 4670 2135 4782 nihilum—disciplinas:
2161 4670 2217 4734 D
2239 4684 2406 4782 mai?
2435 4685 2808 4746 Obducum'"”
2857 4690 3121 4749 Bacchum
3173 4711 3368 4769 quoque
3414 4700 3569 4755 ﬁdem
3618 4704 3855 4776 “mlta”

535 4789 792 4863 (Macrob.
821 4835 837 4856 ,
891 4794 981 4848 lib.
1023 4808 1040 4850 ι
1081 4795 1321 4864 Saturn.,
1354 4815 1474 4870 pag.
1522 4801 1671 4871 205).
1716 4802 1834 4860 Huc
1871 4807 1917 4862 si
1963 4808 2131 4879 velis,

533 4883 755 4938 accedet
784 4882 1028 4948 Ovidius,
1061 4888 1149 4956 qui
1178 4889 1372 4956 cecinit
1399 4907 1414 4947 :

624 4973 1219 5051 Ιῖτεῐπειεξ,νἰτεειξθκμιξῐῐῃξιιηι⁸
1238 4979 1463 5051 Saturnia
1489 4988 1627 5035 terra
1652 4996 1819 5040 vocata
1842 4998 1936 5051 est,

685 5035 823 5087 Talia
847 5037 1024 5089 fatidici
1047 5040 1176 5090 dicta
1198 5040 1338 5094 fuere
1359 5048 1459 5095 dei.

622 5098 865 5173 Falciiero
886 5099 1036 5152 libate
1055 5104 1193 5166 seni,
1219 5104 1316 5155 duo
1342 5120 1544 5170 corpora
1564 5116 1750 5173 gentes

715 5161 914 5212 Mittite.
1180 5161 1188 5166 ’
1427 5161 1441 5170 ’
1564 5161 1595 5173 ν

1260 5228 1445 5295 (Ovid.,
1469 5228 1554 5285 lib.
1581 5250 1611 5285 v
1632 5238 1849 5301 Paton,
1874 5243 1898 5305 §
1922 5244 2031 5309 15.)

528 5304 662 5361 Tum
706 5308 902 5365 deinde
930 5311 1202 5368 Arnobius
1227 5332 1242 5368 :
1270 5312 1396 5370 Cum
1422 5328 1597 5387 petaso
1626 5334 1811 5391 gnatus
1839 5304 2035 5393 licita,
2065 5330 2121 5386 id

527 5411 637 5467 est,
667 5403 960 5460 Mercurius
989 5406 1228 5480 (Arnob.,
1260 5409 1349 5466 lib.
1384 5427 1457 5477 vi,
1492 5429 1610 5486 pag.
1639 5416 1787 5490 197).
1813 5419 1883 5474 At
1906 5433 2121 5490 petasus

527 5511 699 5563 graece
729 5498 977 5563 πέτασος,
1007 5502 1221 5570 galerus
1251 5512 1399 5571 erat,
1422 5520 1517 5561 seu
1569 5507 1770 5577 pilcus,
1821 5515 1900 5569 sic
1942 5516 2120 5575 dictus

526 5587 667 5657 quod
712 5589 849 5646 latos
894 5591 1116 5647 haberet
1165 5598 1451 5666 margines.
1506 5598 1703 5655 Scribit
1742 5615 1920 5660 autem
1948 5608 2117 5665 Athe-

529 5697 676 5737 naeus
706 5683 958 5755 (Atticm,
989 5687 1075 5740 lib.
1110 5703 1193 5742 ιιι
1220 5689 1488 5759 Deipnos.,
1519 5711 1640 5765 pag.
1677 5695 1779 5751 557
1806 5695 1849 5769 ),
1881 5699 2114 5755 Alexan—

528 5772 683 5829 drum
726 5792 976 5849 magnum
1018 5780 1308 5850 aliquando
1330 5784 1381 5836 in
1400 5786 1664 5842 conviviis
1689 5800 1928 5860 gestasse
1959 5792 2112 5849 indu-

528 5876 765 5926 mentum
794 5870 1068 5937 Mercurii,
1103 5883 1159 5931 et
1182 5877 1267 5930 τὸν
1311 5879 1533 5937 πέτασον
1562 5883 1643 5937 ἐπὶ
1672 5884 1858 5961 κεφαλῇ
1879 5927 1895 5955 ,
1925 5892 2009 5945 καὶ
2053 5891 2112 5946 τὸ

2239 4779 2479 4837 mollibus
2509 4799 2568 4837 ac
2596 4782 2779 4840 solutis
2820 4786 3058 4843 membris
3088 4787 3485 4861 cﬂ'cminatoque
3511 4812 3737 4869 corpore
3766 4803 3852 4874 fa-

2239 4871 2400 4925 ciunt.
2446 4870 2812 4934 Tertullianus
2862 4878 3095 4950 denique
3162 4884 3292 4939 vitio
3351 4886 3585 4944 ethnicis
3641 4870 3851 4961 vertit,

2240 4963 2383 5033 quod
2404 4964 2667 5023 Bacchum
2690 4968 3011 5027 etVenerem
3038 4980 3142 5029 tam
3172 4977 3310 5047 turpi
3339 4976 3637 5054 infamique
3658 4987 3850 5057 specie

2236 5058 2291 5112 in
2310 5055 2533 5117 theatris
2546 5062 2862 5120 exhiberem
2879 5062 3119 5139 (Tertull.
3131 5111 3144 5136 ,
3163 5068 3200 5125 ι.
3220 5070 3283 5126 de
3298 5074 3538 5142 Spectac.
3550 5119 3565 5144 ,
3587 5055 3707 5150 cap:
3734 5080 3845 5153 10).

2307 5152 2443 5218 Quid
2466 5155 2663 5225 plura?
2691 5174 2709 5208 ι
2741 5156 2869 5214 Cum
2897 5163 3051 5231 pileo,
3087 5182 3105 5214 ι
3131 5165 3306 5237 inquit
3327 5167 3632 5237 Arnobius,
3667 5192 3687 5224 ι
3712 5171 3845 5230 Vul-

2230 5260 2426 5313 canus,
2462 5258 2508 5302 et
2546 5250 2762 5318 malleo,
2801 5272 2819 5305 ι
2859 5255 2973 5323 vel,
3024 5265 3079 5312 ut
3112 5272 3295 5328 postea
3324 5261 3494 5317 dixit:
3529 5283 3547 5317 ‹
3584 5262 3846 5326 Mulciber

2231 5338 2407 5409 fabrili
2430 5358 2545 5396 cum
2572 5344 2747 5399 habitu
2775 5366 2793 5399 ι
2840 5348 3056 5417 (Arnob.
3080 5395 3095 5419 ,
3120 5352 3208 5408 lib.
3236 5372 3309 5423 v1,
3331 5374 3454 5430 pag.
3476 5358 3581 5415 197
3600 5372 3659 5417 et
3682 5361 3839 5436 9.09).

2228 5432 2690 5500 Quemadmodum
2710 5436 2856 5496 enim
2878 5458 2907 5498 a
2928 5443 3200 5503 Macrobio
3225 5460 3541 5508 annotatum
3571 5432 3843 5529 legimus:

2236 5544 2257 5577 ι
2292 5520 2551 5585 Mulciber
2590 5541 2673 5587 est
2698 5531 3006 5604 Vulcanus,
3056 5542 3198 5609 quod
3242 5542 3381 5614 ignis
3428 5546 3500 5600 sit
3544 5557 3600 5604 et
3625 5520 3841 5611 vomuia

2231 5619 2466 5675 mulceat
2516 5636 2579 5677 ac
2634 5625 2819 5683 domet
2850 5644 2868 5680 θ
2928 5630 3221 5700 (Macrob.,
3269 5634 3359 5690 lib.
3407 5652 3460 5692 v1
3513 5638 3838 5712 Saturnal.,

2230 5724 2347 5782 cap.
2378 5711 2453 5783 7).
2485 5712 2690 5771 Fabriii
2713 5727 2892 5776 autem
2922 5721 3105 5781 habitu
3150 5728 3664 5801 reprmsentabat‘ur,
3710 5738 3839 5808 quia

2227 5804 2378 5859 illum
2397 5804 2670 5865 labrorum
2692 5813 2970 5884 operibus,
2992 5819 3064 5873 uti
3087 5818 3214 5876 alibi
3234 5820 3466 5880 diximus
3478 5804 3833 5905 (Dissertat),

2225 5896 2539 5965 prmiuctum
2565 5902 2971 5966 existimabant.
