4000 6350
192 5732 204 5751 Ι

192 5759 207 5775 ι

190 5780 205 5817 ι

186 5846 193 5867 t

190 5978 227 6044 L

216 421 312 480 62l

1418 408 1484 469 IN
1524 406 1899 480 ARNOBIUM,
1937 407 2090 469 CAP.
2121 404 2284 468 XXII.

3392 406 3501 470 622

285 535 526 597 Similem
548 535 618 592 ob
637 532 1030 606 praefecturam,
1054 547 1074 583 ι
1102 543 1223 586 cum
1243 528 1450 600 plectro
1469 537 1524 585 et
1545 526 1792 593 tldibus,i
1825 530 1877 587 Α
1900 522 1997 582 Cui
2027 535 2205 581 autem
2234 520 2504 594 incognita
2530 529 2643 587 est,
2678 518 2892 575 militari
2936 520 3027 575 sub
3072 518 3220 591 galea
3238 559 3252 584 ,
3306 527 3367 575 ut
3418 520 3500 577 lo-

220 630 441 688 Arnobii
470 629 644 685 adhuc
669 626 834 682 verba
855 630 1001 692 sunt,
1031 642 1049 675 ι
1083 622 1288 692 Delius,
1319 639 1338 675 ι
1366 621 1572 678 scilicet
1593 619 1804 691 Apollo,

1910 621 2094 687 qnitur
2125 624 2315 673 auctor
2363 624 2566 679 noster,
2614 610 2843 684 puellula
2894 611 3189 667 delitescens
3219 615 3235 672 l
3262 611 3454 668 Arnob.
3483 652 3502 679 ,

220 742 284 783 ac
311 740 433 781 cum
465 723 613 779 tibiis
638 726 693 778 et
723 735 844 776 cum
874 718 1144 791 psalteriis
1176 715 1368 782 Muszc,
1406 736 1425 771 ι
1450 715 1811 774 cernebantur
1911 710 1999 765 lib.
2033 725 2107 774 vi,
2133 726 2254 781 pag.
2278 705 2430 782 209).
2456 705 2624 763 Nemo
2648 706 2792 761 enim
2819 713 2930 771 est,
2960 704 3049 776 qui
3074 704 3210 760 hanc
3233 700 3508 761 Palladem

221 820 460 894 (Arnob.,
492 817 579 873 lib.
613 831 684 884 vi,
714 832 836 888 pag.
872 812 975 870 I97
1002 824 1048 869 et
1072 810 1242 881 209).
1274 810 1427 882 Quod
1456 811 1587 867 satis
1615 826 1645 865 a
1672 806 1811 866 Pau-

221 917 369 971 sania
419 913 646 984 aliisque
692 908 974 983 probatum
1020 917 1104 964 est
1149 904 1437 980 (Pansam,
1464 904 1553 962 lib.
1585 919 1808 976 ltl,pag.

224 1007 327 1064 107
356 1015 402 1061 et
429 1006 515 1060 lib.
548 1018 665 1071 vni,
696 1019 817 1078 pag.
844 999 1000 1075 265).
1035 1000 1209 1071 Atque
1238 999 1400 1056 etiam
1430 1014 1547 1053 cum
1576 997 1813 1071 fuscina,

223 1102 360 1157 sicut
408 1108 596 1153 auctor
641 1105 825 1152 noster
875 1095 1130 1166 loquitur,
1178 1091 1235 1149 id
1279 1099 1396 1157 est,
1432 1091 1697 1156 tridente,
1725 1106 1817 1145 rea:

224 1194 416 1258 maris,
448 1191 699 1246 nimirum
726 1189 1004 1260 Neptunus
1035 1184 1268 1259 (Arnob.
1290 1230 1305 1253 ,
1336 1182 1424 1241 lib.
1456 1199 1531 1249 vi,
1566 1201 1688 1255 pag.
1714 1182 1816 1238 197

224 1295 273 1339 et
297 1284 404 1339 209
425 1286 463 1353 ).
493 1282 727 1338 Fusciua
770 1289 951 1338 autem
978 1323 993 1347 ,
1046 1294 1155 1350 quo
1202 1279 1364 1334 etiam
1412 1276 1576 1334 verbo
1630 1275 1819 1331 Cicero

226 1391 357 1434 usus
404 1387 518 1445 est,
572 1376 687 1432 sive
747 1374 991 1440 tridens,
1042 1367 1277 1442 Neptuni
1325 1378 1595 1440 sceptrum
1624 1367 1820 1423 dicitur

228 1469 442 1543 (Cicer.,
485 1468 573 1524 lib.
606 1483 625 1523 ι
674 1467 738 1523 de
781 1465 977 1522 Natur.
1004 1464 1150 1520 deor.
1178 1506 1194 1531 ,
1248 1476 1368 1534 pag.
1402 1462 1530 1526 210,
1563 1460 1657 1516 lin.
1686 1456 1755 1515 I6
1776 1455 1818 1534 ).

226 1563 437 1632 Quibus
480 1562 763 1618 enimvero
805 1561 966 1616 etiam
1015 1557 1196 1630 pueris
1245 1552 1409 1628 lgnuti
1450 1558 1576 1611 sunt
1619 1552 1672 1609 lii
1697 1551 1824 1609 Vir-

226 1656 342 1726 gilii
372 1655 441 1710 de
467 1654 715 1725 Neptuno
740 1650 961 1708 ﬁliolum
982 1649 1288 1722 alloquetite
1311 1660 1501 1704 versus
1529 1664 1544 1703 :

323 1767 432 1833 Non
452 1768 529 1833 illi
550 1768 807 1833 imperium
833 1762 1031 1831 pelagi,
1055 1774 1339 1827 saevumque
1363 1761 1647 1820 tridentem,

323 1831 428 1884 Sed
449 1831 568 1881 mihi
591 1831 726 1880 sorte
748 1831 930 1881 datum.

606 1891 836 1958 (Virgil.,
862 1889 947 1944 lib.
973 1906 989 1943 ι
1013 1888 1376 1950 Λῑηείάηυεη.
1404 1885 1496 1939 143
1512 1890 1558 1937 α
1577 1883 1735 1949 mn.)

232 1998 458 2057 Addidit
484 1998 759 2056 Arnobius
789 2017 802 2052 :
839 2017 858 2051 ι
897 1997 1176 2067 Tanquam
1207 1994 1286 2049 illi
1313 2006 1485 2065 pugna
1516 1992 1587 2046 sit
1614 1987 1825 2062 gladia-

234 2093 361 2149 torii
409 2090 659 2148 obeunda
704 2089 1052 2155 certaminis;
1090 2105 1110 2139 ι
1159 2086 1283 2155 quia
1328 2084 1584 2139 nimirum
1629 2078 1833 2153 gladia-

233 2194 422 2252 tores,
477 2193 638 2254 atqne
688 2183 743 2238 in
791 2180 980 2252 primis
1020 2178 1265 2244 retiarii,
1326 2175 1561 2230 tridente
1609 2171 1832 2239 armati,

235 2290 428 2336 contra
458 2276 830 2349 niyrmiliones
863 2274 1200 2346 pugnabant,
1246 2269 1387 2326 unde
1417 2267 1692 2325 iuvenalis
1711 2304 1726 2332 ,

337 2390 472 2441 Vicit
492 2395 546 2439 et
568 2389 661 2439 hoc
683 2372 956 2439 monstrum
982 2387 1185 2438 tunicati
1207 2385 1395 2435 fuscina
1419 2382 1623 2434 Graechl
1642 2420 1657 2443 ,

335 2455 678 2515 Lustravitque
699 2451 815 2516 fuga
838 2452 1047 2503 mediam
1078 2450 1316 2514 gladiator
1339 2459 1557 2509 arenam,
1585 2452 1682 2495 etc.

947 2530 1199 2600 (Juvenal.
1224 2531 1364 2585 satir.
1385 2534 1436 2594 2,
1460 2545 1585 2583 vers.
1612 2528 1745 2591 145.)

251 2644 470 2702 Videsis
515 2645 568 2700 in
619 2643 721 2700 bos
762 2657 955 2700 versus
1004 2641 1278 2698 variorum
1326 2638 1737 2696 observationes
1787 2642 1843 2691 et

239 2743 512 2815 Lipsium,
547 2739 644 2796 lib.
675 2756 738 2796 ιι.
769 2736 1047 2796 Saturnal.
1072 2751 1189 2806 cap.
1219 2736 1275 2806 8,
1313 2743 1445 2791 tom.
1475 2735 1527 2803 5,
1564 2746 1688 2804 pag.
1715 2728 1839 2795 518,

240 2844 299 2893 et
326 2848 478 2905 seqq.

316 2928 573 2987 Omnium
597 2936 858 2999 praeterea
878 2926 949 2982 ob
969 2924 1154 2982 oculos
1174 2924 1389 2996 positus
1431 2928 1548 2976 erat
1586 2918 1806 2992 (Arnob.
1826 2957 1844 2984 ,

242 3024 334 3079 lib.
367 3038 444 3087 vi,
476 3039 594 3095 pag.
622 3020 750 3094 209)
785 3037 800 3075 :
831 3017 1001 3074 Janus
1025 3034 1141 3073 cum
1164 3016 1372 3072 dentata
1394 3011 1559 3079 clavi,
1589 3008 1658 3066 ad
1704 3008 1849 3065 iores

239 3115 501 3172 videlicet
535 3112 888 3185 aperiendas,
915 3110 1110 3183 quibus
1148 3106 1471 3180 praepositus
1506 3102 1845 3159 credebatur.

242 3211 616 3283 Quamobrem
659 3209 856 3266 cecinit
884 3206 1174 3279 Virgilius:

813 3300 921 3351 Nec
942 3307 1111 3351 custos
1129 3298 1322 3348 absistit
1342 3295 1515 3347 limine
1536 3294 1705 3345 Janus.

780 3380 1012 3452 (νίψει,
1141 3398 1204 3435 vn
1227 3379 1443 3443 λΕηείάη
1468 3392 1593 3431 vers.
1618 3374 1757 3440 610.)

245 3476 318 3533 Ει
345 3473 569 3531 Ovidius
601 3492 615 3528 :
1380 3542 1386 3548 ς

346 3566 444 3618 Ille
468 3574 648 3618 tenens
663 3564 841 3616 dextra
862 3564 1109 3629 baculum,
1134 3560 1420 3624 clavemque
1454 3557 1663 3608 sinistra.

1176 3642 1366 3710 (Obiit,
1391 3640 1476 3695 lib.
1502 3660 1521 3693 I
1543 3639 1761 3705 Fauor.)

246 3758 471 3831 Jupiter
490 3771 639 3821 vero,
672 3756 846 3828 pergit
871 3754 1140 3810 Arnobius
1161 3796 1175 3821 ,
1214 3766 1234 3806 ι
1268 3752 1582 3817 riciniatns,
1629 3744 1852 3803 dextera

249 3853 504 3912 fomitem
536 3850 813 3908 sustinens
836 3848 1171 3921 perdolatnm
1205 3847 1260 3901 in
1302 3846 1536 3901 fulminis
1567 3854 1772 3897 morem
1826 3857 1847 3891 ι

248 3944 502 4019 (Arnob.,
534 3944 624 4000 lib.
666 3960 739 4010 vi,
773 3960 894 4015 pag.
919 3940 1067 4013 209).
1094 3938 1390 3997 Iliciniatus
1419 3948 1549 3992 vero
1577 3934 1855 3990 dicebatur

250 4055 281 4094 a
310 4036 533 4102 ricinio,
582 4036 728 4106 quod
758 4034 929 4089 Varro
982 4034 1064 4089 sic
1110 4031 1390 4102 explicat:
1422 4048 1443 4082 ι
1480 4022 1856 4104 Antiquissimi

249 4130 485 4191 amictui
530 4130 780 4186 ricinium
812 4129 865 4184 id
885 4166 902 4195 ,
932 4125 1076 4199 quod
1099 4140 1165 4182 eo
1196 4123 1483 4180 utebantur
1526 4117 1757 4189 duplici,
1787 4114 1857 4170 ab

250 4244 324 4285 eo
356 4223 508 4297 quod
537 4221 814 4279 dimidiam
842 4230 1048 4292 partem
1094 4228 1392 4275 retrorsum
1432 4212 1742 4285 iaciebant,
1788 4207 1856 4263 ab

249 4308 565 4392 rejiciendo
602 4316 854 4371 ricinium
902 4313 1106 4368 dictum
1142 4330 1163 4364 ›
1195 4307 1383 4382 (ναν-η
1410 4307 1499 4362 lib.
1532 4320 1584 4360 tv
1608 4302 1672 4357 de
1700 4299 1852 4372 Ling.

251 4414 387 4479 lat.,
418 4426 540 4482 pag.
576 4407 692 4480 52).
725 4406 951 4465 Servius
979 4420 1108 4460 vero
1132 4422 1145 4458 :
1175 4422 1196 4456 ι
1224 4400 1467 4457 Ricinius
1486 4398 1684 4454 dicitur
1713 4393 1856 4465 quod

254 4516 389 4581 post
417 4516 627 4575 tergum
665 4500 937 4571 rejicitur',
978 4496 1121 4570 quod
1148 4497 1306 4567 vulgo
1332 4502 1574 4548 mavorte
1599 4488 1786 4545 dicunt
1831 4503 1851 4539 ι

253 4598 443 4676 (Serv.
476 4601 530 4652 in
552 4596 643 4653 lib.
674 4612 692 4651 ι
722 4595 964 4662 ιΕηινὶάη
992 4610 1122 4648 vers.
1148 4588 1300 4660 286).
1356 4587 1496 4644 Huic
1540 4581 1859 4652 subscripsit

1912 815 2034 859 esse
2085 817 2191 858 non
2242 800 2493 869 fateatur,
2549 813 2710 871 quam
2741 793 2964 853 Ovidius
3010 792 3090 852 sic
3137 810 3167 850 a
3214 796 3509 867 semetipsa

1914 897 2108 969 pictam
2140 904 2324 952 narrat
2354 913 2367 949 :

2008 1009 2071 1070 At
2093 1008 2189 1060 sibi
2212 1008 2296 1058 dat
2318 1005 2667 1070 clypeum,_dat
2688 1009 2843 1070 acutae
2865 1003 3079 1070 cuspidis
3101 1003 3308 1065 hastam,
3414 1040 3417 1047 .

2009 1069 2105 1121 Dat
2126 1070 2321 1135 galeam
2343 1066 2510 1134 capiti,
2551 1066 2834 1117 defenditur
2857 1066 3015 1130 aegide
3041 1075 3231 1130 pectus.

2522 1148 2710 1215 (Obiit,
2733 1144 2817 1202 lib.
2841 1164 2890 1202 γι
2910 1150 3127 1211 Metam,
3152 1162 3263 1215 pag.
3284 1148 3421 1212 201.)

1922 1257 2088 1313 Mater
2117 1273 2247 1313 vero
2275 1257 2427 1312 deum
2462 1271 2576 1310 cum
2602 1265 2869 1327 tympano,
2900 1252 3049 1309 addit
3073 1253 3363 1309 Arnobius.
3399 1248 3519 1308 Ex-

1921 1364 2104 1422 pressa
2135 1349 2401 1434 siquidem
2431 1358 2547 1404 erat
2576 1347 2721 1403 illius
2752 1346 2957 1418 imago,
3013 1345 3156 1401 circa
3210 1361 3269 1403 se
3306 1343 3521 1402 habens

1922 1450 2199 1516 tympana,
2228 1440 2295 1499 ad
2326 1451 2483 1499 terra:
2501 1438 2910 1507 rotunditatem,
2937 1440 2991 1496 et
3012 1440 3117 1496 duo
3139 1436 3523 1511 hemispliairia

1922 1532 2291 1606 signiﬁcanda.
2346 1534 2419 1589 De
2455 1546 2520 1587 ea
2563 1541 2742 1588 autem
2791 1541 2847 1587 et
2900 1530 3022 1587 aliis
3090 1529 3343 1603 superius
3410 1545 3527 1586 me-

1925 1627 2147 1681 moratis
2176 1624 2376 1682 videsis
2421 1623 2692 1680 Chartarii
2716 1621 2787 1681 de
2814 1618 3038 1681 deorum
3086 1623 3409 1696 imaginibus
3455 1621 3529 1680 li-

1927 1717 2110 1773 brum.

1998 1812 2129 1878 Qua:
2155 1809 2369 1867 tandem
2410 1808 2607 1883 adjecit
2635 1804 2908 1867 Arnobius
2937 1806 3157 1885 (lbid.),
3188 1802 3256 1866 de
3284 1808 3421 1866 Jano
3449 1807 3532 1866 bi-

1857 1930 1905 1990 B
1932 1905 2128 1972 fronte,
2161 1905 2459 1962 Hammone
2506 1905 2733 1961 barbato
2780 1903 2949 1972 Jove,
2998 1900 3288 1977 grandibus
3314 1902 3536 1960 Cereris

1934 1997 2216 2066 mammis,
2266 1996 2563 2054 femoribus
2590 1999 2775 2054 Diana:
2802 1998 3103 2055 semitectis
3123 2040 3138 2065 ,
3171 1997 3287 2054 hinc
3315 2014 3344 2053 a
3378 1996 3538 2055 nobis

1933 2090 2058 2147 alibi
2104 2089 2377 2161 explicata
2423 2098 2550 2148 sunt
2596 2089 2856 2165 (Dissert.
2911 2090 2963 2145 in
2990 2089 3190 2145 Minue.
3219 2132 3235 2159 ,
3289 2106 3406 2161 cap.
3441 2089 3537 2158 l5,

1934 2193 2034 2239 art.
2060 2182 2153 2257 2).

2007 2276 2122 2345 Qua
2152 2290 2281 2348 ergo
2310 2276 2614 2334 insnlsitate
2643 2287 2698 2334 et
2746 2276 3016 2334 dementia
3067 2274 3269 2334 ethnici
3315 2276 3543 2336 credere

1940 2376 2191 2440 poterant
2222 2369 2357 2426 tales
2393 2378 2515 2427 esse
2542 2369 2675 2427 deos
2704 2384 2834 2427 suos
2858 2413 2874 2437 ,
2925 2372 3111 2443 quales
3143 2371 3196 2425 in
3229 2368 3546 2442 bnjusmodi

1940 2463 2264 2536 imaginibus
2312 2475 2369 2521 et
2429 2464 2735 2522 simulacris
2788 2463 3169 2537 ﬁngebantur?
3217 2464 3350 2535 Quis
3396 2466 3547 2522 enim

1940 2555 2084 2613 scire
2127 2571 2378 2629 umquam
2426 2558 2621 2628 potuit,
2656 2557 2829 2629 qualis
2856 2573 3045 2614 revera
3076 2568 3223 2614 esset
3260 2557 3550 2630 cujuslibet

1943 2648 2029 2704 dei
2060 2648 2231 2704 forma
2279 2658 2331 2704 et
2362 2644 2570 2721 ﬁgura?
2601 2646 2803 2707 Deinde
2832 2665 2962 2706 vero
2991 2651 3036 2705 si
3066 2650 3223 2707 unius
3249 2652 3337 2705 dei
3368 2651 3547 2706 linea-

1944 2753 2158 2812 menta,
2221 2743 2422 2811 vestis,
2472 2741 2725 2809 habitns,
2773 2755 3092 2801 ornamenta
3144 2743 3302 2801 alteri
3358 2742 3552 2801 fraude

1947 2834 2123 2907 aliqua
2174 2844 2229 2892 et
2267 2834 2395 2892 dolo
2440 2836 2784 2903 tribuantur,
2834 2854 3017 2894 nonne
3059 2835 3291 2910 gentiles
3342 2832 3551 2894 fraudis

1948 2927 2116 2984 nescii
2149 2940 2314 2983 unum
2342 2942 2440 2998 pro
2460 2928 2632 2984 altero
2651 2924 2811 2985 deum
2833 2928 3104 3002 accipient
3130 2937 3185 2985 et
3210 2928 3553 2985 adorabunt?

1949 3018 2088 3089 Quid
2140 3034 2273 3092 ergo
2327 3018 2412 3075 his
2469 3019 2694 3075 deorum
2748 3018 3077 3090 imaginibus
3125 3030 3181 3077 et
3244 3019 3555 3079 simulacris

1952 3114 2243 3171 absurdius
2266 3123 2323 3169 et
2351 3112 2646 3169 insulsius?
2672 3113 2744 3169 At
2772 3108 2905 3170 illud
2933 3124 3081 3171 certe
3108 3130 3174 3170 eo
3197 3115 3368 3187 magis
3394 3115 3554 3171 dam-

1955 3206 2223 3276 nandum,
2274 3208 2420 3280 quod
2469 3206 2673 3264 ethnici
2725 3207 2842 3263 haec
2893 3221 3086 3263 revera
3117 3201 3381 3280 ipsosmet
3418 3207 3558 3266 deos

1879 3316 1926 3379 α
1955 3316 2084 3359 suos
2105 3314 2258 3370 esse,
2288 3299 2374 3357 vel
2400 3301 2456 3357 in
2486 3300 2566 3357 eis
2591 3297 2839 3357 habitare
2876 3297 3299 3357 arbitrabantur.

2546 3429 2840 3471 AR'ﬂCULUS
2878 3430 2956 3469 Ill.

1954 3529 2272 3580 Examinatur
2295 3526 2426 3579 aliud
2460 3526 2666 3577 Arnobii
2685 3532 3027 3589 argumentum
3050 3531 3218 3576 contra
3242 3526 3448 3576 deortnn
3489 3529 3557 3578 si-

2014 3592 2245 3656 mulacra,
2273 3591 2481 3656 petitum
2524 3602 2588 3656 ei:
2624 3584 2923 3656 imaginibus
2960 3584 3315 3656 biercuriorurn
3339 3589 3396 3656 ad
3422 3588 3561 3641 Alci-

2014 3655 2173 3704 biadis
2193 3649 2361 3711 irisiar,
2385 3652 2600 3701 Veneris
2618 3651 2817 3712 Gnidiae,
2846 3657 2899 3700 et
2930 3650 3133 3699 aliarum
3155 3651 3215 3700 ad
3253 3649 3464 3701 Cratinze
3502 3662 3563 3702 ac

2016 3716 2239 3780 Phrynes
2258 3715 2624 3780 similitudinem
2642 3715 3038 3780 repraesentatis,
3046 3723 3216 3780 3tque
3241 3714 3390 3762 etiam
3406 3713 3560 3780 ‘Jovis

2016 3774 2165 3843 super
2189 3778 2510 3843 cujusdigito
2521 3775 2729 3843 Phidias
2750 3775 3013 3839 inscripsit,
3038 3774 3309 3828 Paritarces
3328 3774 3558 3840 pulcher,

2018 3839 2206 3904 ac'quae
2228 3839 2460 3903 sigilliola
2482 3839 2729 3888 dicantur.

2006 3946 2123 4012 Quo
2139 3947 2307 4017 magis
2323 3943 2658 4000 ethnicorum
2678 3941 2819 3998 idola
2838 3940 3128 3999 colentium
3150 3943 3568 4014 superstitiones

1956 4037 2353 4111 investigamus,
2370 4048 2435 4093 eo
2445 4046 2591 4094 certe
2603 4036 2861 4107 majorem
2881 4033 3091 4092 illorum
3106 4034 3567 4108 deprehendimus

1957 4128 2550 4204 impietatemJ'Joenim
2568 4143 2737 4201 usque
2752 4128 2838 4184 illa
2851 4128 3139 4200 processit,
3155 4136 3214 4185 ut
3230 4145 3325 4200 pro
3338 4128 3569 4186 deorum

1956 4238 2181 4284 suorum
2195 4225 2341 4281 vultu
2358 4233 2414 4281 et
2428 4224 2607 4295 efﬁgie
2622 4226 2901 4295 posuerint
2916 4232 3191 4279 eertorum
3209 4225 3568 4292 quorumdam

1959 4320 2233 4376 hominum
2256 4323 2423 4373 immo
2437 4329 2568 4374 vero
2582 4314 2909 4372 famosarnm
2933 4314 3276 4372 meretricum
3303 4316 3569 4388 imagines

1959 4424 2014 4471 et
2040 4413 2346 4469 simulacra.
2376 4411 2510 4467 Nam
2548 4429 2568 4462 ‹
2604 4410 2725 4480 quis
2764 4416 2878 4477 est,
2920 4424 2941 4461 ι
2975 4409 3051 4463 ait
3083 4406 3356 4463 Arnobius
3377 4450 3392 4472 ,
3429 4429 3447 4461 ι
3475 4423 3571 4482 qui

1958 4507 2177 4579 ignoret
2201 4504 2566 4562 Athenienses
2596 4501 2716 4556 illos
2749 4499 2976 4555 Hermas
3006 4498 3303 4555 Alcibiadei
3330 4497 3399 4553 ad
3438 4513 3568 4555 cor-

1960 4600 2115 4672 poris
2167 4596 2578 4656 similitudinem
2633 4592 2947 4649 fabricatos.
2989 4610 3009 4645 r
3044 4588 3291 4663 (Arnob.,
3346 4590 3437 4648 lib.
3485 4602 3566 4663 vt,

251 4695 508 4751 Isidorus
535 4686 781 4761 (Isidem,
812 4688 901 4743 lib.
925 4702 1016 4743 xix
1043 4684 1271 4756 0rigin.,
1294 4698 1412 4752 cap.
1435 4678 1555 4751 25.)
1599 4680 1641 4733 Α
1668 4676 1862 4770 Nonne
1891 4700 1946 4770 Β
1970 4712 2093 4768 μσς,
2118 4694 2271 4765 ωδ)
2302 4688 2373 4747 At
2416 4692 2530 4746 hac
2548 4730 2565 4757 ,
2588 4696 2646 4744 et
2690 4700 2812 4759 qua:
2857 4695 3181 4770 sequuntur,
3226 4685 3318 4741 ille
3345 4700 3411 4742 ex
3438 4685 3569 4744 Cle-

255 4792 449 4843 autem
481 4782 739 4838 Marcello
787 4780 928 4837 idem
972 4777 1170 4834 dicitur
1207 4791 1270 4831 ac
1319 4772 1635 4828 nasturtium
1665 4778 1722 4824 et
1747 4767 1864 4840 pal-

257 4883 459 4938 liolum
494 4876 660 4932 breve
690 4876 1005 4931 femineum.
1036 4870 1142 4927 Sed
1173 4868 1368 4924 Festus
1391 4865 1582 4922 scribit
1618 4861 1866 4917 ricinium

260 4991 396 5033 esse
424 4987 589 5028 omne
614 4972 999 5028 vestimentum
1021 4964 1339 5039 quadratum
1359 4960 1568 5033 (Festus
1585 4999 1602 5026 ,
1633 4958 1696 5013 de
1715 4956 1864 5011 Verb.

261 5069 406 5140 sign.
439 5062 487 5134 ).
524 5062 824 5135 Aliquando
858 5072 1037 5117 tamen
1066 5074 1095 5111 a
1126 5056 1465 5129 quibusdam,
1490 5052 1563 5107 uti
1588 5049 1869 5140 Cicerone,

264 5139 370 5233 pro
404 5164 559 5213 veste
598 5155 810 5226 lugubri
853 5154 1083 5210 sumitur
1124 5147 1317 5223 (Cic.,
1357 5146 1447 5201 lib.
1478 5160 1515 5199 ιι
1546 5143 1609 5197 de
1658 5139 1870 5233 Legib.,

268 5231 402 5329 pag.
429 5249 582 5321 3M).
610 5249 717 5305 Sed
741 5248 1011 5305 Arnobius
1030 5246 1134 5301 ltoc
1154 5257 1349 5299 nomen
1372 5239 1539 5312 priori
1557 5235 1699 5292 haud
1719 5231 1881 5290 dubie

270 5344 594 5419 signiﬁcatu
622 5342 884 5399 adhibuit.

352 5432 554 5493 Fames
581 5447 759 5490 autem
790 5443 873 5489 est
902 5431 1125 5489 materia
1157 5429 1301 5486 sicca
1327 5433 1383 5482 et
1407 5422 1586 5485 arida,
1630 5435 1751 5491 qua:
1796 5417 1876 5475 la-

272 5528 385 5590 cile
418 5528 686 5600 ignescit,
712 5528 795 5583 vel
825 5528 987 5582 etiam
1030 5524 1281 5582 scintilla:
1319 5529 1474 5582 sunt,
1504 5531 1627 5589 qua:
1648 5530 1716 5571 ex
1744 5526 1875 5568 can-

275 5624 437 5687 denti
477 5620 620 5677 l'erro
647 5621 1009 5677 excutiuntur.
1047 5617 1199 5674 Unde
1226 5613 1481 5685 Virgilius
1509 5629 1522 5665 :

380 5741 459 5793 Ac
484 5739 669 5799 primus
692 5736 845 5788 silicis
863 5736 1119 5799 mutillum
1140 5733 1342 5799 exctidit
1357 5730 1589 5799 Achates,

381 5791 724 5865 Suscepitque
740 5802 913 5865 (ignem
936 5798 1079 5865 foliis,
1104 5794 1409 5865 atq‘ue‘arida
1432 5791 1617 5865 circum
1630 5858 1653 5865 ᾳ

380 5855 698 5919 Nutrin'ieu'ta
721 5855 875 5921 dédit,
899 5855 1159 5923 rapuitque
1170 5855 1233 5909 ἰιι
1250 5855 1417 5907 {eunte
1440 5855 1696 5905 ﬂammam.

672 5940 901 6015 (γίγνει,
918 5943 1004 5999 tib.
1027 5956 1049 5996 r
1066 5941 1282 6009 Aucta,
1308 5948 1432 5996 vers.
1459 5938 1552 5993 t78
1568 5942 1615 5991 et
1634 5931 1794 6002 seqq.)

1975 4798 2154 4845 tuente
2166 4783 2531 4842 Alexandrino
2543 4790 2761 4850 accepta
2771 4822 2786 4847 ,
2800 4768 2993 4836 ordine
3006 4779 3243 4847 iriVerso,
3261 4779 3569 4852 descripsit.

1973 4882 2033 4938 In
2091 4894 2187 4936 sua
2242 4880 2443 4949 quippe
2496 4874 2749 4931 Clemens
2802 4872 2869 4927 ad
2925 4871 3133 4929 Gentes
3188 4872 3573 4930 Admonitione

1976 4976 2191 5046 scripsit
2223 4993 2237 5030 :
2271 4973 2333 5030 Oi
2374 4972 2583 5037 λιθοξόοι
2623 4970 2746 5031 τοὺς
2768 4965 3234 5048 Ἓρμᾶςᾏθηνῄσιν
3262 4972 3393 5043 πρὸς
3416 4970 3573 5027 Ἀλκι-

1980 5070 2159 5130 ϐιάδην
2188 5071 2485 5132 ἀπείκαζον.
2538 5063 2794 5136 (Clemens
2851 5062 3136 5117 Alexandr.
3192 5062 3455 5116 Admonit.
3504 5062 3574 5117 ad

1978 5172 2138 5233 gena,
2170 5176 2289 5231 pag.
2321 5157 2441 5228 35.)
2494 5151 2812 5225 Lapidicidte
2862 5152 3005 5223 apud
3061 5153 3384 5210 Athenienses
3429 5152 3573 5210 Mer-

1979 5256 2148 5311 curios
2171 5254 2239 5308 ad
2270 5248 2552 5306 Alcibiadis
2580 5249 2747 5302 instar
2761 5246 3217 5312 reprasentabant.

2049 5348 2156 5406 Sed
2182 5348 2331 5419 prius
2370 5345 2582 5400 dixerat
2613 5359 2626 5395 :
2658 5340 2962 5416 Πραξιτέλης
3009 5337 3086 5404 8i,
3141 5340 3211 5401 ὡς
3261 5338 3578 5405 Ποσίδιππος

1980 5446 2033 5502 ἐν
2056 5452 2130 5517 τῷ
2154 5444 2274 5515 περὶ
2298 5436 2472 5494 Κνιδαῦ
2514 5434 2767 5507 διασαφεῖ,
2797 5435 2857 5489 τὸ
2899 5440 2991 5493 τῆς
3033 5430 3324 5508 ’Λφρσδὶτης
3369 5431 3578 5509 ἄγαλμα

1982 5550 2077 5604 τῆς
2096 5536 2291 5597 Κνιδίας
2322 5531 2753 5594 κατασκευάζων,
2796 5534 2873 5601 τῷ
2896 5528 3140 5603 Κρατὶνης
3188 5536 3279 5589 τῆς
3322 5528 3580 5604 ἐρωμένης·

1985 5633 2106 5692 εἶΈει
2139 5630 2499 5707 παραπλήσιον
2523 5626 2796 5681 πεποὶηκεν
2838 5623 2993 5680 αὐτήν
3019 5618 3193 5690 (Ibid.
3292 5617 3581 5679 Praxiteles

1988 5738 2155 5785 autem
2180 5770 2194 5793 ,
2252 5734 2307 5781 ut
2356 5722 2581 5777 declarat
2612 5714 2930 5787 Posidippo:
2986 5715 3043 5769 in
3091 5713 3225 5771 libra
3264 5717 3330 5771 de
3373 5715 3537 5774 Cnido
3559 5761 3583 5789 ,

1991 5823 2191 5880 Cnidia
2226 5817 2441 5876 Veneris
2462 5813 2713 5887 efﬁngens
2745 5808 3107 5877 simulacrum,
3133 5806 3391 5878 Cratine,
3426 5829 3584 5885 quam

1994 5916 2216 5983 amabat,
2238 5916 2457 5984 formam
2481 5906 2537 5963 in
2556 5918 2617 5963 ea
2636 5905 2902 5976 expressit.
2929 5905 3062 5975 Quae
3083 5902 3355 5965 Arnobius
3375 5916 3582 5981 noster,
