4000 6282
490 335 596 394 625

1734 332 2222 394 DISSSERTATIO
2248 330 2527 392 I’RrEVIA

3665 336 3774 394 σξι

487 461 613 524 post
637 449 748 521 jam
785 450 943 508 citata
975 462 1004 503 a
1034 448 1190 506 nobis
1219 450 1336 521 ejus
1360 450 1525 507 verba
1547 491 1562 519 ,
1596 451 1675 507 sic
1701 450 1868 508 latine
1910 452 2075 508 inter—
2103 469 2157 530 Α
2183 451 2510 506 horrendum
2532 490 2548 516 ,
2598 461 2758 520 quam
2798 461 2828 503 a
2879 447 3285 506 lascivientihus
3313 461 3377 506 ac
3404 449 3774 521 petulantibus

490 552 737 615 pretatus
767 553 848 598 cst
880 561 894 597 :
928 560 948 594 ι
1000 542 1131 611 Quis
1178 542 1503 598 Praxitelem
1554 544 1760 609 nescit,
1803 543 2080 615 POsidippi

490 637 539 693 si
572 636 809 706 relegat,
858 634 925 690 ad
976 633 1202 690 formam
1255 633 1489 691 Cratinus
1537 636 1865 705 meretricis,
1918 652 2076 708 quam

490 727 679 784 infelix
710 726 923 798 perdite
968 726 1263 797 diligebat.
1312 742 1375 783 os
1424 726 1650 784 Veneris
1702 728 1928 794 Cniditc,
1983 743 2076 783 so-

488 819 765 876 lertiarum
811 818 1057 890 coegisse
1106 820 1406 875 certamine
1465 838 1485 871 ι
1544 818 1824 889 (Arnob.,
1870 819 1960 874 lib.
2002 835 2076 882 v1.

489 929 610 983 pag.
632 908 953 982 198).Vides
981 924 1112 965 sane
1140 920 1263 980 post
1292 910 1407 967 ba:c
1434 912 1618 975 verba,
1644 912 1687 966 si
1712 911 1927 983 relegat,
1958 927 2080 968 esse

486 1004 716 1070 hiatum,
735 1013 793 1059 et
818 1002 1007 1059 isthzcc
1035 1004 1089 1058 in
1118 1004 1247 1059 libro
1266 1004 1330 1059 de
1346 1004 1543 1070 Cnido,
1578 1005 1782 1060 librarii
1811 1005 2077 1077 imperitia

485 1107 582 1155 aut
628 1099 837 1155 incuria
884 1098 1110 1168 deesse,
1157 1116 1278 1172 quae
1321 1116 1387 1158 ex
1420 1101 1713 1159 Clementis
1759 1109 1904 1157 textu
1953 1117 2077 1172 sup-

484 1192 683 1263 plenda
708 1201 853 1249 sunt.

548 1287 749 1343 Verum
801 1285 1042 1359 posthaec
1072 1287 1346 1344 Arnobius
1373 1288 1392 1361 (
1411 1286 1578 1360 Ibid.)
1611 1289 1840 1343 multum
1872 1302 1935 1344 ea
1965 1301 2081 1342 am-

483 1380 743 1452 plificavit
766 1426 780 1450 ,
814 1400 934 1455 quae
966 1382 1289 1439 brevissime
1317 1382 1453 1439 dixit
1486 1383 1740 1439 Clemens
1772 1401 1786 1438 :
1816 1381 1943 1438 Cum
1984 1384 2078 1453 ﬂo-

482 1486 617 1530 reret
643 1473 859 1547 Phryne
888 1477 1133 1531 meretrix
1160 1474 1449 1546 Thespiaca
1468 1517 1483 1542 ,
1515 1476 1735 1547 pictores
1763 1492 1937 1531 omnes
1988 1474 2083 1531 Ve-

483 1572 622 1624 neris
670 1570 918 1640 imagines
965 1568 1035 1623 ad
1075 1567 1314 1640 Phrynes
1363 1569 1525 1624 instar
1567 1567 1850 1640 referebant
1881 1570 2079 1643 :opiivn

482 1663 538 1720 δὲ
591 1664 810 1725 ὁπηνίκα
855 1665 988 1724 ἤνθει
1033 1667 1064 1723 ἡ
1113 1665 1292 1741 ἑταίρα
1342 1666 1373 1723 ἦ
1425 1668 1723 1726 Θεσπιακή,
1753 1664 1799 1717 οἱ
1830 1665 2081 1739 ζωγράφοι

481 1759 786 1831 πάντεςίτῆς
812 1757 1101 1838 Ἀφροδίτης
1145 1757 1340 1819 εἰκόνας
1369 1759 1498 1833 πρὸς
1545 1759 1603 1813 τὸ
1664 1757 1842 1816 κάλλος
1890 1758 2079 1826 ἀπεμι-

2181 543 2454 599 statuariis
2497 551 2549 597 et
2596 540 2891 612 pictoribus
2921 542 3140 614 impune
3176 542 3491 614 consignata
3522 541 3689 599 fuisse
3716 544 3771 601 in

2181 636 2406 692 deorum
2452 633 2774 704 imaginibus
2799 642 2854 688 et
2881 633 3186 689 simulacris
3229 633 3684 690 exsecrandarum
3711 635 3775 691 li-

2180 730 2424 785 bidinum
2481 743 2700 782 suarum
2758 726 3155 782 monumenta?
3206 726 3539 798 Scmetipsos
3610 726 3775 798 igitur

2181 822 2483 878 voluntaria
2534 820 2781 877 cacitate
2824 819 3082 877 fallebant
3125 818 3370 887 ethnici,
3420 821 3511 892 qui
3554 820 3670 877 haec
3693 822 3773 876 si-

2181 914 2419 970 mulacra
2446 913 2865 980 venerabantur,
2899 912 3261 984 nolebantque
3300 912 3426 985 quid
3455 929 3516 969 ea
3550 922 3733 970 essent
3753 957 3768 981 ,

2182 1005 2521 1069 examinare;
2548 1021 2616 1061 ne
2634 1004 2877 1061 discussa
2900 1020 3149 1062 errorum
3169 1007 3395 1077 caligine
3414 1006 3483 1063 ad
3503 1009 3772 1066 saniorem

2181 1108 2416 1153 mentem
2448 1098 2628 1154 redire
2656 1109 3001 1170 cogerentur.

2252 1189 2361 1246 Sed
2402 1189 2526 1245 illos
2570 1190 2751 1246 adhuc
2797 1201 2951 1262 urget
2997 1191 3302 1258 Arnobius,
3353 1192 3547 1265 hisque
3592 1195 3775 1251 verbis

2180 1283 2470 1353 compellat
2496 1302 2511 1339 :
2540 1303 2561 1336 ι
2589 1284 2883 1340 Abstinetis
2907 1301 2938 1341 a
2962 1285 3228 1355 risu,cum
3251 1303 3346 1359 pro
3372 1287 3476 1344 diis
3500 1290 3779 1347 immorta-

2181 1378 2345 1439 libus.
2373 1377 2638 1449 sigilliolis
2669 1378 2947 1434 hominum
2974 1422 2990 1447 ,
3034 1391 3090 1436 et
3119 1381 3309 1437 formis
3329 1383 3648 1452 supplicatis
3677 1386 3776 1441 hu-

2182 1471 2389 1526 manis?
2406 1469 2544 1539 Quin
2569 1472 2733 1527 immo
2744 1472 2876 1529 deos
2886 1487 3007 1529 esse
3026 1474 3282 1545 sigillaria
3299 1477 3414 1545 ipsa
3427 1478 3663 1534 censetis
3677 1494 3776 1536 nec

2182 1572 2379 1632 praeter
2405 1563 2519 1618 haec
2544 1562 2835 1634 quidquam
2862 1564 2966 1618 vim
3000 1564 3223 1621 creditis
3247 1565 3450 1624 habere
3484 1568 3721 1625 divinam
3749 1590 3768 1624 ι

2192 1658 2371 1731 (Am,
2406 1658 2494 1712 lib.
2518 1674 2589 1725 vt,
2620 1676 2674 1729 p.
2703 1657 2850 1732 197).
2884 1658 3181 1731 Paulnpost
3204 1676 3333 1716 vero
3352 1661 3477 1719 illos
3497 1662 3674 1721 adhuc
3694 1665 3776 1721 his

2182 1751 2723 1820 castigatacrioribus
2743 1751 2919 1807 verbis
2951 1771 2965 1807 :
2996 1771 3013 1803 ι
3041 1750 3222 1824 U~que
3247 1753 3385 1810 adeo
3412 1754 3570 1811 ludus
3596 1765 3700 1823 est,
3723 1768 3779 1814 et

483 1858 672 1922 μοῦντο
725 1854 938 1929 Φρύνης.
994 1850 1120 1905 Haec
1168 1850 1346 1914 enim,
1380 1852 1459 1903 sic
1505 1858 1689 1904 narrat
1746 1848 2019 1904 Arnobius
2062 1865 2075 1903 :
2111 1858 2159 1918 Β
2187 1843 2406 1913 puerilis
2434 1842 2683 1908 alfectio,
2713 1845 2972 1916 sigillaria
2999 1847 3098 1901 ista
3127 1846 3384 1913 formare,
3417 1851 3647 1908 adorare
3679 1868 3775 1922 pro

480 1941 699 2013 Phryne
743 1942 838 1995 illa
866 1940 1197 2012 Thespiaca,
1242 1942 1371 1994 sicut
1407 1939 1486 1994 illi
1538 1944 1802 2012 referunt,
1860 1941 1948 2011 qui
1995 1957 2083 1994 ne-

482 2034 624 2105 gotia
655 2032 938 2103 Thespiaca
979 2032 1366 2099 scriptitarunt,
1420 2047 1536 2085 cum
1588 2032 1642 2085 in
1692 2032 1927 2085 acumine
1970 2033 2084 2101 ipso

482 2136 610 2182 esset
638 2124 1065 2197 pulchritudinis,
1095 2125 1404 2189 venustatis,
1441 2132 1488 2177 et
1515 2124 1660 2194 [loris
1678 2165 1692 2189 ,
1716 2123 2085 2194 exemplarium

485 2222 644 2293 fuisse
672 2220 966 2290 perhibetur
989 2229 1310 2287 cunctarum,
1342 2235 1458 2292 quce
1488 2221 1541 2273 in
1572 2220 1812 2289 Opinione
1836 2228 1953 2273 sunt
1990 2216 2085 2272 Ve-

484 2332 665 2371 nerunt
685 2357 700 2382 ,
729 2315 833 2370 sive
854 2331 946 2385 per
970 2314 1117 2369 urbes
1140 2311 1327 2368 Graias
1344 2353 1361 2381 ,
1393 2314 1497 2367 sive
1524 2313 1617 2366 iste
1642 2328 1743 2383 quo
1763 2312 1915 2382 ﬂuxit
1940 2328 2087 2365 amor

485 2408 665 2463 talium
689 2407 1040 2478 cupiditasque
1065 2407 1329 2477 signorum
1365 2424 1384 2459 ι
1418 2404 1624 2478 (ibid.).
1651 2405 1725 2459 De
1747 2413 1934 2459 aurata
1957 2418 2085 2459 vero

484 2499 734 2573 Phryncs
775 2498 985 2571 efﬁgie,
1034 2516 1064 2554 a
1087 2500 1361 2556 Praxitele
1384 2498 1562 2554 efficta
1584 2539 1599 2562 ,
1642 2498 1760 2553 haec
1795 2498 2086 2553 Pausanias

487 2593 704 2662 scriptis
733 2591 955 2646 tradidit
980 2609 994 2647 :
1010 2594 1203 2665 Φρύνης
1220 2589 1274 2647 δὲ
1296 2591 1464 2646 εἰκόνα
1480 2591 1767 2670 ἐπίχρυσον
1783 2590 2086 2667 Πραξιτέλης

487 2684 580 2755 μέν
620 2684 922 2759 εἰργάσατο,
964 2685 1188 2759 ἐράστης·
1224 2686 1312 2737 καὶ
1349 2679 1499 2743 οὗτος
1521 2722 1537 2745 ,
1587 2684 1816 2755 ἀνάθημα
1843 2680 1897 2736 δὲ
1929 2684 2085 2743 αὐτῆς

486 2777 684 2851 Φρύνης
730 2776 868 2832 ἐστὶν
908 2778 939 2834 ἡ
982 2777 1147 2831 εἰκὼν.
1192 2773 1497 2847 (Pansam,
1548 2774 1634 2828 lib.
1686 2792 1751 2842 χ,
1784 2791 1901 2846 pag.
1931 2772 2083 2845 550.)

487 2868 726 2942 Phrgncs
782 2870 1072 2924 inauratam
1129 2871 1354 2943 efﬁgiem
1425 2870 1703 2924 elaboravit
1757 2868 2081 2936 Praxiteles,

486 2977 620 3017 unus
656 2972 703 3016 et
754 2963 864 3030 ipse
916 2963 979 3016 de
1031 2964 1257 3018 mulieris
1309 2964 1622 3018 amatoribus
1669 2983 1683 3018 :
1731 2964 1948 3034 ipsumet
1999 2964 2088 3017 de-

485 3054 695 3110 dicavit.
755 3053 918 3111 Plura
983 3055 1030 3111 si
1092 3056 1259 3123 velis,
1325 3058 1392 3113 ab
1442 3059 1706 3114 Athenaeo
1755 3074 1863 3113 non
1909 3059 2084 3114 solum

487 3147 557 3204 de
611 3150 711 3206 hac
761 3149 988 3207 Veneris
1049 3151 1267 3224 effigie,
1321 3153 1417 3208 sed
1470 3154 1576 3208 alia
1628 3154 1696 3208 ab
1749 3154 1939 3225 Apelle
1990 3153 2084 3211 de-

2186 1936 2288 1990 diis
2301 1952 2386 2004 ea,
2407 1938 2777 1995 sanctitatihus
2791 1941 3131 1997 accumulare
3151 1941 3347 1997 divinis
3367 1944 3542 2015 i(ibid.
3564 1946 3772 2020 p.199).

2184 2027 2454 2101 Sigillaria
2483 2039 2663 2085 autem
2711 2039 2767 2086 et
2794 2031 3041 2103 sigillida
3070 2045 3227 2089 vocat
3258 2050 3448 2105 parvas
3476 2036 3738 2110 imagines
3757 2082 3772 2105 ,

2187 2136 2307 2193 quae
2332 2133 2449 2178 arte
2463 2121 2638 2177 fabrili
2654 2124 2806 2180 facta:
2824 2127 3286 2196 repraesentabant
3309 2129 3521 2185 illorum
3540 2131 3694 2200 deos,
3715 2149 3778 2190 ac

2188 2214 2400 2287 publice
2432 2216 2590 2271 vendi
2610 2258 2626 2283 ,
2673 2228 2767 2272 aut
2812 2218 2934 2274 aliis
2965 2220 3103 2275 mitti
3132 2221 3398 2279 solebant.
3426 2222 3679 2282 Testatur
3701 2226 3779 2284 si-

2186 2308 2404 2379 quidem
2431 2309 2747 2380 Spartianus
2790 2311 2908 2369 hch
2953 2312 3210 2384 sigillaria
3246 2316 3315 2373 ab
3339 2316 3581 2374 Adriano
3605 2319 3777 2390 Impe-

2187 2412 2368 2458 ratore
2420 2404 2707 2460 clientibus
2753 2420 2818 2461 ac
2860 2409 3132 2478 magiStris
3180 2421 3375 2480 sponte
3399 2412 3520 2468 data
3551 2430 3582 2469 a
3609 2414 3776 2471 Cara-

2186 2495 2323 2550 calla
2354 2494 2584 2552 libenter
2612 2498 2680 2554 ab
2707 2498 2896 2555 amicis
2931 2512 3149 2571 accepta
3172 2544 3188 2568 ,
3222 2503 3393 2575 iisque
3422 2507 3584 2564 missa
3616 2508 3777 2565 etiam

2187 2592 2637 2667 in0pinantibus(
2664 2595 2846 2667 Spart.
2871 2636 2888 2663 ,
2931 2596 2985 2652 in
3040 2596 3144 2653 Vit.
3175 2597 3421 2666 Adrian.,
3449 2603 3571 2658 circ.
3605 2606 3738 2660 med.
3760 2647 3774 2671 ,

2186 2681 2257 2737 Et
2301 2686 2354 2740 in
2390 2684 2508 2741 Vita
2533 2684 2790 2744 Caracall.
2813 2730 2828 2754 ,
2881 2689 2995 2744 init.
3019 2688 3062 2763 ).
3095 2690 3397 2749 Macrobius
3423 2706 3601 2751 autem
3632 2707 3781 2768 putat

2189 2776 2350 2849 hujus
2394 2781 2561 2836 moris
2606 2782 2867 2853 originem
2896 2799 2925 2837 a
2955 2784 3333 2843 Saturnalibus
3363 2788 3517 2844 festis
3540 2805 3664 2847 esse
3689 2793 3780 2851 de-

2186 2872 2440 2929 rivatum.
2466 2874 2521 2930 Si
2551 2890 2637 2931 res
2666 2876 2736 2931 ita
2767 2892 2826 2934 se
2849 2879 3061 2947 habeat,
3097 2881 3328 2950 pessima
3356 2892 3441 2938 est
3464 2885 3582 2943 haec
3604 2889 3778 2960 origo,

2187 2979 2288 3021 nec
2314 2968 2550 3022 maximo
2573 2969 2694 3026 sine
2722 2971 2940 3041 piaculo
2965 2971 3167 3030 ethnici
3194 2992 3258 3032 ea
3284 2978 3579 3048 sigillaria,
3611 2993 3669 3038 ut
3707 2985 3781 3039 ait

2187 3059 2589 3130 Tertullianus,
2637 3064 2692 3119 in
2731 3064 3024 3134 cathedra,
3072 3078 3165 3123 aut
3208 3070 3486 3129 subselliis
3533 3075 3783 3133 sedentes

2186 3154 2484 3212 adorabunt
2512 3157 2805 3230 (Macrob.,
2846 3161 2935 3216 lib.
2967 3178 2985 3217 ι
3035 3163 3278 3234 Saturn.,
3314 3167 3369 3222 in
3395 3169 3491 3237 lin.
3543 3187 3662 3243 cap.
3692 3175 3779 3241 11;

488 3241 666 3313 picta,
722 3243 941 3315 scriptis
1001 3246 1195 3298 tradita
1245 3245 1510 3300 invenies.
1558 3245 1722 3301 Adire
1769 3245 1948 3302 adhuc
1994 3261 2089 3317 po-
2116 3253 2163 3317 ρ
2196 3246 2527 3319 Tertullian.,
2557 3252 2621 3307 de
2647 3251 2820 3322 0rat.,
2858 3272 2978 3327 cap.
3006 3256 3097 3324 12,
3142 3273 3267 3332 pag.
3318 3260 3419 3318 154
3440 3260 3482 3334 ).

485 3337 618 3392 teris
647 3336 1030 3404 Plutarchum,
1056 3346 1110 3392 et
1137 3336 1433 3404 jEIianum,
1467 3353 1531 3394 ac
1575 3339 1621 3394 si
1672 3339 1822 3394 lubet
1848 3381 1863 3406 ,
1907 3355 2031 3411 qua:
2062 3356 2094 3396 a

487 3430 649 3487 nobis
704 3432 758 3486 in
812 3431 1079 3502 superiori
1114 3432 1422 3501 Apparatus
1473 3440 1624 3486 tomo
1674 3440 1929 3488 annotata
1975 3443 2105 3490 sunt

491 3525 746 3595 (At/tem,
777 3526 864 3581 lib.
900 3542 994 3582 χιιι
1021 3525 1295 3595 Deipnos.,
1349 3544 1466 3605 cap.
1500 3527 1552 3591 6,
1585 3544 1704 3599 pag.
1755 3528 1861 3585 590
1890 3537 1936 3583 et
1965 3544 2094 3599 seg.;

489 3615 769 3673 Plutarch.
793 3660 809 3683 ,
841 3618 907 3673 de
944 3617 1136 3672 Virtut.
1170 3617 1456 3673 Alexandr.
1484 3661 1500 3683 ,
1553 3628 1675 3673 tom.
1713 3635 1769 3684 ιι,
1806 3636 1926 3692 pag.
1957 3619 2093 3685 556;

488 3710 724 3776 Αῐιὶαη..
780 3711 869 3766 lib.
915 3727 968 3766 Ix
1018 3709 1250 3779 Variar.,
1279 3729 1397 3783 cap.
1443 3711 1546 3780 ὗες
1579 3722 1704 3767 tom.
1751 3713 2050 3784 tApparat.
2077 3755 2093 3781 ,

493 3820 616 3877 pag.
653 3804 756 3861 150
779 3813 825 3859 et
855 3803 1009 3869 744).
1798 3866 1803 3869 ,

563 3898 704 3966 Quin
727 3896 891 3954 etiam
926 3917 945 3950 ι
983 3898 1242 3965 Phidias,
1282 3918 1301 3951 ι
1330 3899 1409 3954 ait
1449 3908 1639 3956 auctor
1665 3908 1873 3966 noster,
1915 3919 1934 3952 ι
1971 3914 2094 3955 cum

490 3994 731 4067 Olympii
781 3994 1010 4049 formam
1041 3993 1194 4050 Jovis
1240 3994 1523 4051 molimine
1571 3995 1760 4067 operis
1806 3995 2097 4051 extulisset

492 4092 784 4159 immensi,
817 4106 981 4164 super
1009 4091 1096 4147 dei
1127 4091 1316 4163 digito,
1350 4090 1644 4147 Pantarces
1672 4091 1950 4162 inscripsit
1978 4090 2095 4162 pul-

492 4189 649 4244 cher.
679 4185 889 4242 Nomen
924 4195 1106 4242 autem
1139 4185 1314 4241 fuerat
1357 4186 1520 4241 amati
1552 4201 1583 4241 a
1623 4201 1683 4243 se
1710 4185 1898 4257 pueri,
1932 4196 2093 4255 atque

494 4282 733 4337 obscena
755 4279 1006 4349 cupidate
1024 4279 1229 4335 dilecti.
1261 4297 1282 4331 ι
1309 4278 1555 4348 (Δγ-κού..
1580 4279 1671 4334 lib.
1695 4293 1773 4345 vt,
1799 4296 1920 4350 pag.
1940 4275 2091 4350 199.)

493 4371 577 4430 Ex
623 4372 907 4429 Clemente
947 4381 1125 4428 autem
1171 4373 1544 4429 Alexandrino
1577 4371 1695 4428 hmc
1739 4374 1826 4429 ille
1876 4388 2091 4429 rursum

492 4475 774 4524 mutuatus
821 4477 924 4523 est.
986 4466 1232 4523 Ethnicis
1287 4468 1486 4539 quippe
1554 4467 1951 4523 eruditissimus
2003 4467 2092 4524 hic

495 4561 718 4619 Grmcus
750 4561 983 4629 scriptor
1009 4560 1259 4615 similiter
1289 4559 1565 4631 obiecerat
1598 4578 1612 4615 :
1645 4559 1701 4616 ὀ
1722 4563 1814 4634 μὲν
1839 4560 2092 4623 Ἀθηναῖος

2786 3386 3083 3428 Διιτιουιυε
3121 3389 3193 3430 ιν.

2198 3480 2774 3559 Quairationehrnobius
2797 3501 2863 3539 ex
2886 3493 3089 3559 materia
3115 3500 3168 3544 et
3185 3503 3310 3559 arte,
3328 3511 3423 3559 qua
3443 3499 3571 3552 facta
3591 3500 3786 3557 fuerant

2257 3545 2462 3627 deprimi
2489 3547 2761 3627 simulacra,
2784 3553 3030 3627 ostendat.
3049 3568 3108 3605 ea
3130 3545 3427 3627 a_l_t_eth'nicis
3445 3545 3784 3627 'iiitﬁé'Eiiii'd

2256 3609 2768 3688 :d‘ofzariz‘eorumqpe
2786 3613 3033 3688 implorari
3057 3621 3313 3677 auxilium.
3331 3609 3397 3688 ac
3409 3609 3784 3688 'qniiii'iaﬁi'é‘t

2255 3669 2411 3749 futilis
2428 3669 3083 3749 sitAeorumdem-g'entilium
3118 3669 3393 3746 responsio,
3419 3669 3785 3749 6333:5335;

2258 3740 2369 3813 post
2388 3746 2565 3813 egrum
2580 3743 2766 3813 tantum
2782 3740 3142 3813 dedicationem
3160 3740 3216 3813 se
3237 3740 3469 3813 venerari
3491 3740 3785 3813 ιοιεοῐίιιιὶιίιιΣ

2260 3796 2471 3881 ἓξὶἓέἐὲῗ
2488 3798 3097 3881 Αἶ.ἑ³ἓὲἓίὲθ,1εὲἓηηοδίε
3134 3796 3421 3873 δεδοκίδὺὲῖ
3430 3796 3435 3797 ί
3451 3796 3508 3865 ἓξὶ
3522 3796 3534 3801 ’
3550 3796 3656 3867 iiii-5
3665 3796 3784 3881 ἲῑιῖο

2260 3856 2444 3908 ethnici
2461 3859 2718 3911 simulacra
2742 3856 3024 3917 adorabaut.

2268 3981 2489 4041 Nescire
2505 3985 2702 4043 ethnici
2722 4005 2830 4045 non
2849 4000 3097 4062 poterant
3115 3995 3339 4055 deorum
3370 4015 3590 4062 suorum
3616 4007 3785 4066 simu-

2196 4075 2382 4143 lacra,
2416 4094 2536 4150 quae
2590 4079 2856 4149 humiles,
2908 4090 3199 4157 prostrati,
3248 4100 3413 4165 atque
3458 4096 3510 4152 in
3551 4097 3780 4171 faciem,

2197 4178 2257 4265 ut
2302 4171 2378 4226 ait
2419 4172 2690 4231 Arnobius
2737 4176 2999 4250 (Arnob.,
3051 4182 3137 4237 lib.
3171 4200 3244 4254 vr,
3284 4188 3536 4261 pag.200
3560 4189 3604 4265 ),
3634 4196 3786 4265 proni

2192 4262 2508 4332 adorabant,
2536 4267 2730 4337 quibus
2757 4272 3094 4329 tremebundi
3121 4278 3491 4348 supplicabant
3509 4325 3525 4349 ,
3556 4262 3786 4357 quorum

2193 4357 2250 4413 in
2276 4358 2518 4416 adversis
2545 4362 2709 4418 rebus
2729 4380 2888 4436 opem
2910 4410 2926 4436 ,
2956 4377 3011 4424 et
3053 4370 3109 4426 in
3155 4379 3457 4447 prosperis,
3504 4384 3787 4442 continua-

2195 4452 2395 4508 tionem
2417 4455 2618 4545 amoris
2642 4457 2947 4531 favorisque
2973 4462 3109 4519 adeo
3134 4469 3402 4527 submisse
3420 4476 3784 4545 postulabant,

2193 4545 2263 4601 ab
2302 4544 2599 4603 artificibus
2645 4549 2779 4606 facta
2825 4568 2945 4609 esse
2974 4572 3039 4611 ex
3085 4573 3237 4628 auro,
3280 4574 3526 4636 argento,
3582 4570 3782 4640 ebore,

495 4656 692 4721 Φειδίας
730 4658 814 4713 ἐπὶ
837 4665 911 4732 τῷ
976 4654 1210 4730 δακτύλῳ
1250 4662 1340 4713 τοῦ
1381 4659 1488 4718 Διὸς
1516 4663 1606 4713 τοῦ
1654 4656 1933 4729 Ὀλυμπίου
1977 4658 2084 4712 ἐπι·

2200 4639 2405 4711 aliaque
2468 4651 2680 4699 terrena
2755 4649 3009 4725 materia,
3065 4662 3226 4725 atque
3288 4658 3448 4714 etiam
3503 4664 3783 4735 muliebri,

495 4750 722 4827 γράψας,
753 4751 1049 4826 Παντάρκης
1074 4750 1244 4811 καλός.
1293 4752 1351 4804 οὐ
1392 4752 1492 4826 γὰρ
1541 4750 1690 4810 καλὸς
1714 4748 1902 4824 αὐτῷὸ
1947 4750 2089 4811 Ζεὺς,

494 4842 649 4900 ἀλλ’ὁ
676 4843 926 4920 ἐρώμενος
952 4841 1026 4903 ἦν.
1058 4842 1078 4914 (
1100 4841 1331 4898 Clemens
1359 4841 1643 4897 Alexandr.
1664 4884 1678 4907 ,
1711 4842 1975 4897 Admonit.
2025 4839 2094 4893 ad

497 4945 672 5008 gent.,
723 4952 842 5005 pag.
872 4932 988 5005 '55.)
1022 4932 1345 4989 Atheniensis
1386 4935 1593 5004 quidem
1619 4933 1871 5001 Phidias,
1900 4934 1988 5003 qui
2038 4932 2091 4986 in

496 5024 644 5084 lovis
672 5028 901 5100 Olympii
932 5027 1093 5099 digito
1120 5028 1323 5099 scripsit
1354 5025 1678 5082 :Pantarces
1707 5028 1936 5096 pulcher.
1971 5024 2092 5081 Non

499 5132 609 5178 erat
658 5122 790 5177 enim
831 5122 878 5177 ei
918 5121 1129 5192 pulcher
1163 5120 1392 5191 Jupiter,
1442 5122 1530 5175 sed
1580 5121 1624 5174 is
1649 5121 1734 5191 qui
1765 5120 1829 5174 ab
1857 5136 1916 5174 eo
1948 5136 2092 5175 ama-

500 5222 671 5272 batnr.
701 5213 807 5271 Sed
852 5214 918 5269 de
957 5213 1042 5268 his
1071 5212 1324 5267 omnibus
1364 5213 1473 5281 jam
1523 5212 1575 5266 in
1624 5210 1893 5281 superiori
1922 5227 2091 5280 appa-

501 5316 653 5364 ratus
680 5307 851 5363 nostri
884 5315 1030 5362 tomo
1051 5305 1258 5376 egimus
1280 5304 1427 5378 (tant.
1457 5319 1475 5358 ι
1503 5302 1779 5374 Apparat.,
1811 5321 1932 5375 pag.
1964 5304 2089 5372 550,

501 5401 631 5466 757,
669 5400 770 5455 744
792 5397 837 5471 ).
866 5399 942 5454 Ea
968 5411 1149 5454 autem
1175 5396 1353 5452 omnia
1386 5395 1669 5451 retulimus
1690 5437 1705 5463 ,
1737 5406 1793 5450 ut
1819 5412 1927 5452 uno
1949 5397 2090 5453 oculi

504 5496 668 5552 ductu
717 5510 909 5549 omnes
938 5493 1193 5555 videant,
1237 5488 1510 5562 quomodo
1554 5504 1618 5544 ac
1656 5505 1778 5560 qua:
1819 5491 2093 5548 Arnobius

505 5604 574 5646 ex
604 5586 884 5644 Clemente
912 5583 1284 5643 Alexandrino
1310 5581 1663 5653 decerpserit.

580 5683 651 5736 At
704 5679 1096 5735 validissimum
1152 5685 1304 5734 certe
1331 5685 1521 5733 contra
1568 5675 1905 5734 ethnicorum
1962 5678 2096 5734 ima-

507 5775 662 5845 gines
685 5784 742 5830 et
775 5772 1062 5829 simulacra
1091 5781 1466 5843 argumentum
1512 5770 1639 5827 inde
1665 5786 1787 5827 cum
1815 5772 1906 5828 illo
1932 5773 2091 5829 eruit.

511 5863 649 5940 Quid
674 5879 907 5937 namque
937 5863 1106 5937 magis
1137 5863 1385 5936 impium,
1409 5864 1617 5937 inquit,
1645 5862 1905 5939 dictuque
1925 5866 2095 5940 magis

2195 4735 2359 4790 immo
2408 4752 2537 4793 vero
2611 4754 3016 4814 nonnumquam
3062 4751 3372 4809 meretricio
3433 4769 3665 4827 ornatu,
3717 4778 3785 4819 ex

2195 4831 2496 4899 cacabulis,
2551 4833 2604 4890 id
2653 4845 2777 4904 est,
2830 4840 3090 4909 vasculis,
3147 4843 3198 4898 in
3245 4847 3442 4917 quibus
3511 4853 3784 4922 pulmenta

2200 4924 2604 4994 coquebantnr,
2653 4932 2882 5003 aliisque
2923 4934 3163 5004 ejusdem
3216 4942 3473 5010 generis,
3515 4953 3570 5000 et
3598 4949 3789 5006 obsce-

2203 5018 2444 5077 nioribus
2493 5024 2747 5081 vasculis.
2805 5025 2975 5094 Quam
3007 5038 3187 5084 autem
3231 5033 3347 5089 luec
3395 5051 3520 5091 vera
3551 5039 3657 5095 sint
3684 5087 3701 5112 ,
3734 5041 3787 5098 in

2198 5117 2459 5186 superiori
2475 5116 2853 5177 dissertatione
2869 5122 3203 5179 ostendimus
3216 5124 3235 5196 (
3246 5124 3461 5186 Dissert.
3485 5131 3539 5185 in
3561 5130 3785 5203 Μίνωα,

2199 5223 2319 5279 cap.
2348 5209 2440 5276 21,
2467 5220 2569 5265 art.
2603 5213 2626 5266 1
2653 5213 2695 5284 ).
2721 5214 2855 5279 Quis
2880 5224 3060 5270 autem
3084 5216 3292 5273 inficias
3338 5221 3417 5277 ire
3450 5231 3625 5291 potest
3646 5225 3787 5284 hanc

2202 5302 2521 5374 imaginum,
2572 5306 3014 5375 simulacrorum,
3065 5317 3225 5381 atque
3271 5323 3570 5371 Statnarum
3623 5334 3788 5375 vene-

2199 5397 2498 5464 rationem,
2554 5399 2623 5455 de
2672 5416 2773 5470 qua
2828 5418 2935 5457 non
2990 5404 3157 5459 semel
3207 5405 3330 5462 alibi
3369 5408 3578 5465 anobis
3607 5422 3786 5469 actum

2202 5500 2317 5555 est,
2372 5492 2439 5546 ab
2486 5492 2726 5549 Arnobio
2775 5494 2900 5565 juro
2947 5497 3293 5555 meritissimo
3319 5501 3579 5570 proscribi
3605 5518 3672 5562 ac
3702 5522 3788 5563 re-

2202 5585 2435 5656 pudiari.

2272 5684 2341 5734 At
2377 5688 2524 5736 certe
2565 5694 2632 5736 eo
2675 5682 2845 5754 magis
2886 5682 3187 5741 damnanda
3216 5696 3367 5753 erat,
3396 5688 3539 5759 quod
3584 5689 3789 5747 ethnici

2199 5772 2278 5828 sic
2308 5772 2377 5828 ab
2404 5773 2509 5829 illis
2537 5790 2725 5845 opem,
2773 5775 3016 5835 favorem
3065 5789 3122 5835 et
3158 5779 3417 5837 beneficia
3447 5784 3785 5852 poscebant,

2200 5874 2361 5942 atque
2388 5869 2811 5943 exspectabant,
2846 5878 3119 5946 tamquam
3146 5886 3180 5933 ι
3199 5872 3304 5930 diis
3334 5876 3713 5947 praesentibus,
3741 5883 3795 5935 et
