4000 6272
243 358 347 417 625

1439 371 1506 427 ΙΝ
1543 371 1917 443 ARNOBIUM,
1956 377 2111 435 CAP.
2155 377 2317 436 XXII.

3412 388 3516 444 626

241 474 436 547 quibus
461 476 638 533 divina
664 479 838 536 inerat
860 482 940 538 vis
955 492 1009 539 et
1032 484 1288 556 potentia.
1310 483 1600 542 Gentilium
1630 489 1825 560 quippe
1852 500 1904 560 Α
1928 510 2071 551 nunc
2099 496 2204 553 deo
2234 500 2634 569 praecellentem
2663 502 2917 557 arborem
2962 501 3165 559 dicant.
3194 503 3304 561 Nee
3346 507 3518 577 magis

240 569 434 625 animis
483 570 683 628 insulsa
728 572 843 631 haec
883 577 1064 647 opinio
1119 579 1255 634 adeo
1308 579 1467 635 inﬁxa
1541 580 1813 649 haerebat;

241 674 299 720 ut
325 662 491 721 Siculi
523 669 662 738 apud
694 666 1009 727 Ciceronem
1053 675 1330 743 conquesti
1373 675 1570 731 fuerint
1597 694 1612 732 :
1646 695 1665 730 t
1696 675 1829 733 Sese

231 758 344 831 jam
377 776 445 816 ne
473 760 603 818 deos
629 765 845 832 quidem
878 767 930 821 in
955 767 1067 821 suis
1095 766 1348 831 urbibus,
1397 768 1463 822 ad
1513 784 1650 839 quos
1699 785 1828 825 con-

236 849 517 922 fugerent,
548 853 765 919 habere.
796 858 936 928 quod
964 858 1147 915 eorum
1176 860 1459 917 simulacra
1488 862 1826 919 sanctissima

234 942 297 999 C.
334 943 529 1001 Verres
573 961 639 1003 ex
673 947 911 1006 delubris
964 952 1383 1023 religiosissimis
1422 956 1771 1012 sustulisset?
1799 974 1819 1009 ι

238 1038 483 1110 (Cicer.,
534 1054 665 1098 orat.
722 1045 778 1111 4,
826 1047 879 1099 in
933 1045 1102 1112 Verr.,
1152 1049 1290 1116 init.,
1330 1065 1446 1120 pag.
1478 1046 1591 1121 46.)
1623 1049 1825 1105 Eadem

231 1148 448 1204 quoque
481 1134 612 1203 fuit,
645 1147 783 1194 teste
814 1139 1000 1204 Livio,
1048 1143 1492 1198 Ambraeensium
1525 1144 1825 1216 legatorum

232 1225 288 1280 in
319 1235 506 1282 senatu
535 1228 778 1286 Romano
805 1234 1053 1303 querela:
1078 1253 1097 1285 ι
1136 1233 1279 1289 Bona
1306 1238 1575 1306 adempta,
1607 1247 1661 1292 et
1682 1239 1824 1308 quod
1855 1266 1859 1272 -

228 1331 293 1373 se
332 1328 458 1374 ante
484 1323 666 1377 omnia
696 1336 943 1393 moveat,
995 1326 1194 1396 templa
1250 1336 1359 1382 tota
1417 1329 1549 1385 urbe
1596 1334 1823 1403 spoliata

226 1420 596 1485 ornamentis,
654 1422 944 1479 simulacra
995 1425 1192 1494 deum,
1245 1429 1376 1483 deos
1428 1430 1593 1487 immo
1642 1433 1821 1503 ipsos,

227 1511 516 1567 convulsos
545 1528 610 1569 ex
640 1514 861 1573 sedibus
910 1520 1053 1587 suis,
1106 1521 1318 1578 ablatos
1364 1539 1486 1580 esse
1517 1528 1820 1597 parientes,

225 1613 520 1673 postesque
544 1607 793 1663 nudatos.
824 1610 973 1677 Quos
1021 1612 1348 1683 adorarent,
1404 1616 1472 1672 ad
1527 1634 1662 1686 quos
1695 1635 1820 1691 pre-

223 1706 423 1750 centur
438 1706 493 1751 et
512 1702 833 1769 supplicent,
854 1701 1327 1761 Ambraciensibus
1349 1723 1454 1764 nou
1474 1726 1777 1780 superesse.
1799 1734 1816 1765 ι

223 1785 365 1859 (Liv.
390 1788 477 1843 lib.
515 1806 744 1858 xxxvut,
774 1811 890 1864 cap.
919 1795 1038 1870 43.)
1064 1797 1197 1866 Quis
1222 1811 1399 1857 autem
1424 1818 1491 1858 ex
1539 1803 1623 1859 bis
1645 1807 1821 1863 verbis

1930 603 2063 644 auro
2094 589 2348 664 fulgentia
2380 604 2541 665 atque
2582 596 2747 652 ebore
2777 596 3065 653 simulacra
3088 640 3105 664 ,
3155 614 3315 668 quam
3365 600 3520 657 lucos

1927 689 1981 737 et
2011 682 2064 737 in
2097 684 2161 738 iis
2202 685 2413 743 silentia
2462 688 2575 758 ipsa
2605 687 2915 744 adoramus.
2963 708 2981 741 ι
3022 687 3202 762 (Plin.
3227 735 3242 759 ,
3292 691 3381 746 lib.
3442 708 3521 747 xtt

1933 772 2067 829 Hist.
2112 785 2309 842 natur.,
2362 793 2477 849 cap.
2528 780 2582 846 1,
2627 797 2749 849 pag.
2781 780 2863 850 4.)
2897 780 2973 836 De
3001 781 3341 837 Pltatnicibus
3388 798 3519 839 vero

1928 867 2042 923 Ita'c
2094 868 2249 925 Philo
2290 886 2354 926 ex
2405 870 2873 940 Sanchoniatouc,
2921 883 2975 928 et
3000 872 3087 929 hic
3111 891 3177 930 ex
3203 874 3441 940 Taauto,
3472 877 3521 931 si

1928 960 2162 1018 Eusebio
2190 961 2353 1029 ﬁdes,
2389 965 2573 1020 retulit
2604 983 2617 1019 :
2648 963 2801 1022 Οὖτοί
2829 988 2884 1042 γε
2914 975 3105 1043 πρῶτοι
3134 971 3422 1047 ἁφιέρωσαν
3451 973 3519 1027 τὰ

1926 1063 2018 1115 τῆς
2043 1064 2136 1127 γῆς
2165 1056 2530 1130 βλᾳστήματα,
2563 1062 2650 1113 καὶ
2672 1061 2816 1120 θεοὺς
2859 1060 3082 1132 ἐνόμιζον
3102 1101 3117 1127 ,
3169 1064 3518 1137 προσεκύνουν

1926 1153 2116 1203 ταῦτα.
2169 1166 2187 1199 t
2232 1148 2327 1203 Illi
2380 1151 2607 1204 outnium
2656 1152 2813 1222 primi
2862 1154 3089 1225 germina
3144 1163 3323 1219 terrw,
3380 1173 3398 1205 ι
3454 1170 3522 1210 ac

1927 1240 2157 1309 proinde
2187 1241 2409 1297 arbores
2430 1284 2445 1309 ,
2481 1262 2500 1295 t
2533 1254 2957 1313 consecrarunt,
2990 1246 3162 1317 iisque
3189 1248 3410 1302 deorum
3463 1248 3521 1304 in

1930 1332 2049 1388 loco
2075 1335 2269 1390 habitis
2296 1338 2625 1393 adorationis
2648 1338 2849 1393 cultum
2877 1340 3198 1396 tribuerunt.
3228 1362 3247 1395 ι
3275 1340 3515 1416 (Euseb,

1926 1426 2017 1482 lib.
2050 1443 2107 1483 ιιι
2160 1427 2400 1501 Prtepor.
2430 1429 2681 1503 Evangel.
2705 1472 2720 1497 ,
2767 1450 2882 1504 cap.
2932 1435 3018 1497 ll),
3048 1452 3169 1507 pag.
3201 1437 3290 1492 54.
3319 1435 3339 1507 )
3365 1436 3518 1491 Men-

1926 1519 2126 1578 tionem
2151 1538 2368 1593 quoque
2412 1526 2680 1581 Arnobius
2709 1525 2835 1582 facit
2859 1568 2874 1592 ,
2919 1528 3153 1583 lubricati
3198 1531 3386 1602 lapidis
3405 1574 3421 1598 ,
3450 1530 3521 1587 de

1925 1631 2031 1686 quo
2079 1617 2131 1671 in
2173 1618 2458 1688 superiore
2488 1631 2672 1673 nOSIra
2703 1619 3110 1689 dissertatione,
3145 1622 3232 1679 ubi
3259 1625 3420 1679 etiam
3450 1624 3522 1681 de

1925 1710 2209 1766 arboribus
2263 1711 2465 1778 aliquid
2532 1714 2809 1785 attigimus
2855 1714 3115 1787 (Dissert.
3175 1717 3228 1772 in
3279 1717 3516 1783 Minoa,

1924 1818 2041 1873 cap.
2071 1804 2161 1870 l9,
2202 1814 2302 1856 art.
2328 1804 2363 1857 2
2381 1812 2425 1876 ).
2461 1805 2709 1860 Declarat
2780 1808 2958 1879 itaque
2988 1808 3259 1865 Arnobius
3289 1825 3347 1866 se
3388 1812 3520 1867 olim

225 1895 335 1935 non
367 1881 788 1953 animadvertat,
822 1904 981 1957 quam
1017 1891 1297 1948 evidenter
1323 1908 1385 1949 ac
1411 1899 1554 1951 serio
1579 1897 1825 1956 homines
1855 1908 1902 1967 Β
1929 1910 2048 1949 cum
2108 1897 2341 1953 insulsas
2385 1898 2667 1969 gentilium
2717 1901 3131 1971 superstitiones
3197 1914 3517 1972 sectaretur,

223 1974 369 2031 inter
423 1977 670 2034 ethnicus
720 1982 1008 2039 clarissimi
1078 2001 1260 2043 coram
1315 1989 1563 2047 Romano
1610 2004 1823 2064 senatu,

222 2079 385 2139 atque
408 2071 618 2143 ipsintet
635 2074 862 2132 Romani
884 2078 1224 2138 adseruerint
1239 2083 1356 2139 htec
1382 2086 1669 2143 simulacra
1698 2105 1826 2147 suos

226 2178 419 2220 revera
446 2180 568 2221 esse
593 2167 758 2236 deos,
794 2170 878 2225 vel
909 2170 1006 2227 hos
1033 2173 1087 2228 in
1120 2174 1257 2237 illis,
1293 2185 1563 2248 tamquam
1589 2178 1822 2236 domici-

223 2254 315 2310 liis
363 2254 478 2312 suis
524 2256 770 2315 habitare
793 2301 809 2327 ,
844 2261 916 2316 ita
948 2271 1005 2318 ut
1028 2264 1256 2321 sublatis
1302 2267 1452 2324 hisce
1485 2269 1821 2340 simulacris,

218 2349 402 2404 nullos
430 2351 661 2421 amplius
685 2355 816 2410 deos
844 2371 903 2412 se
932 2356 1132 2414 habere
1159 2360 1465 2420 crederent.

292 2442 350 2497 Si
379 2443 498 2513 quis
528 2454 703 2500 tamen
736 2449 956 2505 nimium
982 2453 1236 2520 pervicax
1293 2455 1423 2511 illud
1478 2457 1656 2514 adhuc
1697 2459 1820 2515 inli—

213 2536 380 2601 ciari,
413 2546 507 2593 aut
536 2538 587 2593 in
611 2538 833 2595 dubium
865 2558 1057 2598 vocare
1085 2546 1312 2618 audeat,
1344 2550 1389 2604 is
1410 2561 1557 2607 certe
1586 2553 1816 2609 Arnobii

213 2630 393 2686 nostri
434 2632 794 2701 auctoritate,
824 2635 909 2690 cui
960 2651 1153 2702 nemo,
1202 2640 1246 2694 si
1275 2656 1423 2696 same
1463 2645 1661 2700 mentis
1708 2646 1813 2713 sit,

214 2722 476 2794 refragari
523 2734 728 2795 potest,
779 2716 939 2797 plan‘e
986 2731 1370 2789 confutabitur.
1405 2734 1587 2791 Palam
1635 2742 1811 2807 enim,

214 2834 321 2875 nec
349 2820 468 2875 sine
510 2836 723 2877 smnmo
765 2824 982 2880 contriti
1027 2825 1207 2881 cordis
1259 2827 1482 2898 dolore,
1539 2842 1815 2889 asseverat

215 2912 238 2985 (
263 2911 484 2980 Arnob.,
514 2912 603 2967 lib.
630 2929 667 2983 ι,
694 2931 814 2986 pag.
844 2915 963 2989 22),
990 2931 1048 2972 se
1066 2932 1186 2973 cum
1208 2921 1485 2991 gentilium
1508 2923 1807 2991 erroribus,

214 3004 320 3060 sibi
368 3004 528 3075 plane
588 3009 849 3077 cognitis,
904 3009 1211 3078 implicatus
1257 3023 1437 3081 esset,
1493 3032 1808 3083 persuasum

215 3100 439 3155 omnino
466 3100 722 3158 habuisse
749 3103 976 3159 deorum
1008 3106 1294 3163 simulacra
1318 3151 1334 3174 ,
1368 3122 1422 3165 et
1450 3112 1734 3181 picturatas
1753 3115 1808 3169 in

213 3194 491 3248 veternosis
531 3193 797 3251 arboribus
848 3200 1057 3266 mitias,
1115 3216 1210 3256 eos
1268 3201 1414 3272 ipsos
1462 3220 1586 3261 esse
1636 3205 1803 3272 deos,

1931 1987 2167 2043 coluisse
2196 1996 2249 2043 et
2278 1988 2533 2044 adorasse
2567 1991 2850 2047 simulacra
2878 2035 2894 2059 ,
2919 1993 3142 2048 arbores
3164 2037 3180 2062 ,
3212 2004 3268 2050 et
3297 1997 3506 2066 lapides

1925 2080 1994 2136 ab
2025 2082 2238 2153 illisque
2261 2082 2527 2138 beneficia
2552 2087 2899 2156 poposcisse,
2931 2102 3356 2161 persuasumque
3385 2088 3520 2145 falso

1926 2173 2181 2230 habuisse
2212 2174 2330 2231 hare
2362 2176 2624 2247 ipsosmet
2648 2193 2768 2234 esse
2796 2178 2960 2247 deos,
2991 2192 3046 2236 et
3072 2181 3125 2237 in
3158 2181 3263 2238 illis
3290 2182 3394 2238 vim
3425 2200 3519 2255 po-

1927 2276 2285 2341 testatemque
2313 2270 2492 2326 inesse
2518 2271 2775 2327 divinam.

1992 2360 2254 2430 Quamvis
2279 2373 2460 2418 autem
2491 2362 2582 2419 ille
2631 2365 2960 2421 christianus
3001 2365 3204 2437 factus,
3246 2383 3352 2424 non
3400 2370 3521 2426 sine

1920 2453 2121 2508 acerbo
2147 2454 2312 2509 animi
2337 2470 2517 2518 sensu,
2540 2457 2859 2529 sinceraque
2880 2460 3190 2530 poenitentia
3213 2478 3272 2518 se
3294 2462 3521 2519 deorum

1918 2548 2203 2603 simulacra
2243 2549 2475 2604 coluisse
2521 2550 2842 2606 conﬁteatur
2885 2552 3134 2626 (Arnob.,
3165 2554 3255 2610 lib.
3285 2571 3365 2621 Ill,
3394 2572 3516 2627 pag.

1919 2642 2077 2712 101);
2113 2652 2258 2697 tanta
2292 2653 2474 2698 tamen
2500 2653 2615 2699 erat
2659 2646 2943 2716 gentiliutn
2976 2647 3289 2716 obstinatio,
3348 2658 3408 2704 ut
3457 2665 3524 2706 ea

1917 2736 2029 2806 ipsa
2058 2751 2177 2806 qua:
2205 2750 2270 2790 ex
2297 2737 2563 2792 vilissimo
2590 2738 2702 2792 luto
2728 2739 2860 2794 facta
2890 2755 3011 2796 esse
3043 2743 3252 2798 nescire
3292 2758 3399 2798 non
3426 2758 3524 2814 po-

1915 2837 2088 2883 terant
2107 2872 2122 2896 ,
2177 2830 2228 2884 in
2261 2830 2474 2900 templis
2505 2841 2683 2886 tamen
2712 2832 2824 2886 suis
2853 2835 3021 2903 posita
3043 2875 3061 2903 ,
3090 2850 3187 2906 pro
3211 2833 3315 2890 diis
3356 2834 3523 2892 habe-

1914 2932 2072 2987 rent,
2108 2937 2171 2977 ac
2208 2935 2624 2979 venerarcntur.
2658 2924 2800 2980 Circi
2824 2927 3104 2982 enimvero
3137 2928 3418 2998 homines,
3464 2943 3524 2987 ttt

1906 3048 1935 3070 α
1968 3015 2114 3070 it-nid
2155 3016 2222 3072 ab
2257 3018 2354 3081 iis,
2389 3018 2842 3088 quemadmodum
2895 3022 2969 3075 ait
2997 3022 3268 3079 Arnobius
3291 3066 3308 3091 ,
3342 3025 3454 3096 imp
3481 3041 3516 3081 e

1913 3117 2156 3176 trarent,
2190 3129 2210 3162 ι
2240 3110 2507 3180 Deorum,
2546 3132 2565 3164 ι
2600 3113 2712 3167 sive
2734 3112 3183 3184 simulacrorum,
3218 3135 3239 3169 ι
3274 3128 3403 3174 ante
3423 3132 3521 3175 ora

1913 3203 2188 3271 prostrati,
2214 3203 2404 3291 limina
2430 3204 2540 3275 ipsa
2566 3207 2962 3262 converrebant
2982 3208 3186 3287 osculis
3207 3210 3333 3281 t(id.
3359 3211 3450 3266 lib.
3476 3228 3518 3277 ι,

214 3286 412 3357 quibus
462 3286 782 3343 adulabatur
805 3330 822 3357 ,
883 3306 1021 3362 quos
1083 3291 1345 3349 at'fabatur
1367 3335 1383 3359 ,
1435 3305 1491 3353 et
1546 3312 1576 3353 a
1633 3299 1828 3368 quibus
1856 3291 1901 3354 C
1933 3314 1985 3367 p.
2012 3295 2128 3369 29).
2160 3298 2259 3367 Qui
2288 3286 2503 3369 quidem
2532 3304 2870 3358 adorantium
2899 3305 3032 3359 ritus
3057 3286 3195 3373 erat,
3218 3307 3424 3361 utsatis
3451 3323 3522 3363 ex

212 3378 478 3434 henelicia
547 3381 889 3451 postulabat,
965 3394 1209 3456 tanquam
1293 3388 1531 3457 inesset,
1609 3391 1817 3463 inquit,

213 3468 442 3525 deorum
464 3472 546 3527 vis
575 3488 834 3544 praesens,
858 3476 945 3531 vel
972 3477 1024 3531 in
1051 3478 1131 3534 eis
1146 3494 1333 3536 revera
1362 3482 1742 3542 inhabitarent.

288 3560 426 3630 Quid
458 3561 560 3617 hoe
612 3566 920 3621 testimonio
960 3568 1191 3636 clarius,
1222 3583 1276 3626 et
1307 3575 1657 3644 expressius?
1684 3579 1817 3645 Quis

210 3667 396 3711 autem
429 3655 628 3712 abnuet
666 3658 802 3713 hanc
833 3661 1056 3715 Arnobii
1083 3664 1397 3734 opinionem
1423 3710 1437 3733 ,
1471 3684 1568 3724 seu
1599 3670 1812 3739 potius,

212 3760 274 3806 ut
304 3751 420 3821 ipse
448 3751 667 3819 fatetur,
696 3755 1073 3821 gravissimum
1105 3773 1345 3813 errorem
1370 3802 1386 3827 ,
1419 3763 1518 3830 ipsi
1545 3777 1666 3817 cum
1694 3763 1815 3820 aliis

209 3859 558 3901 communem
606 3843 773 3900 fuisse
816 3847 1141 3917 gentilibus?
1189 3851 1553 3917 Quamobrem
1596 3856 1811 3911 Tertul-

212 3940 393 3995 lianus
431 3947 556 3993 ante
599 3937 859 3994 fabricata
890 3940 1115 3996 deorum
1147 3944 1437 4000 simulacra
1472 3965 1485 3999 :
1521 3967 1538 3998 t
1574 3949 1749 4015 Deus,
1787 3971 1806 4002 ι

209 4034 420 4103 inquit,
456 4052 475 4085 ι
514 4031 629 4101 ipse
656 4047 937 4103 nusquam.
971 4033 1215 4089 Nondum
1244 4036 1388 4091 enim
1425 4048 1552 4093 tunc
1598 4040 1809 4111 ingenia

209 4130 561 4193 Graecorum,
627 4138 787 4198 atque
845 4128 1139 4184 Tuscorum
1191 4131 1455 4200 ﬁngendis
1508 4134 1811 4191 simulacris

214 4220 416 4276 Urhctn
441 4218 858 4275 inundaverant:
883 4220 1504 4296 (Tertullian.,Apolog.,
1556 4243 1673 4298 cap.
1712 4228 1805 4294 25,

210 4330 267 4383 p.
295 4310 408 4380 28).
430 4312 534 4368 Sed
558 4313 627 4369 de
651 4313 737 4368 illa
766 4314 996 4370 absurda
1027 4316 1308 4386 gentilium
1338 4317 1615 4388 opinione,
1647 4331 1809 4392 atque

214 4400 493 4476 impietate
549 4407 748 4477 aliquid
799 4407 851 4462 in
915 4408 1091 4478 primo
1143 4411 1449 4482 Apparatus
1515 4413 1683 4468 nostri
1753 4426 1808 4470 et

214 4509 364 4555 tomo
419 4500 834 4568 perstrinximus
898 4497 1228 4573 (Apparat.,
1272 4520 1394 4574 pag.
1429 4503 1537 4560 496
1585 4514 1633 4558 et
1660 4521 1801 4577 seq.,

212 4610 336 4663 pag.
379 4592 484 4647 750
518 4603 564 4646 et
594 4609 730 4664 seqq.
754 4592 798 4664 ).
830 4592 906 4649 De
937 4593 1272 4650 Tertulliano
1310 4605 1489 4652 autem
1540 4612 1640 4653 suo
1685 4598 1804 4656 loco

213 4686 501 4756 agendum.

284 4776 551 4833 Cancrum
590 4777 861 4834 Arnobius
909 4778 1048 4834 dixit
1099 4782 1312 4847 uenias,
1359 4798 1537 4854 graece
1565 4790 1803 4855 ταινίας,

214 4870 268 4926 id
299 4879 414 4936 est,
440 4867 667 4937 fascias,
700 4872 833 4935 sive,
869 4881 922 4925 ut
947 4870 1170 4927 Servius
1198 4874 1576 4930 animadvertit
1602 4876 1801 4950 (Serm,

213 4966 267 5019 in
291 4966 382 5020 lib.
428 4980 459 5017 ν
492 4963 710 5020 Αῐηεὶά.
752 4964 960 5037 Virgil.,
992 4984 1113 5036 pag.
1138 4967 1245 5022 574
1269 4966 1307 5039 ),
1346 4970 1539 5037 vittas,
1588 4980 1681 5025 aut
1706 4970 1810 5026 vit-

215 5067 388 5113 tarum
419 5058 786 5113 extremitates
804 5102 819 5125 ,
855 5059 907 5113 in
940 5060 1220 5116 arboribus
1247 5064 1546 5124 veternosis.
1575 5062 1677 5118 hoc
1697 5075 1800 5132 est,

215 5153 369 5207 senio
388 5194 405 5218 ,
453 5167 549 5207 seu
579 5152 769 5208 morbo
798 5163 979 5208 vetere
1008 5155 1301 5221 confectis,
1337 5166 1393 5211 ut
1422 5158 1653 5229 explicat
1695 5159 1802 5216 Do-

215 5255 372 5299 natus
397 5244 627 5318 (Donat.
648 5286 664 5312 ,
704 5246 758 5300 in
788 5245 1013 5312 ﬂerent”
1045 5246 1310 5318 Eunuclt.,
1338 5259 1438 5304 act.
1469 5252 1523 5317 6,
1550 5268 1688 5307 scen.
1717 5253 1795 5323 4).

216 5335 499 5408 Signiﬁcat
565 5338 746 5409 itaque
792 5338 997 5396 Auctor
1064 5351 1274 5406 nuster,
1325 5357 1508 5398 secum
1553 5343 1801 5402 ethnicus

216 5431 391 5489 adhuc
412 5443 558 5489 esset
577 5475 591 5495 .
620 5434 856 5491 coluisse
886 5436 937 5489 in
968 5434 1288 5515 arboribus,
1320 5435 1474 5508 longa
1502 5448 1802 5497 tetatecon-

217 5527 483 5597 sumptis,
512 5527 673 5582 vittas
704 5536 759 5582 et
784 5541 1016 5583 coronas
1035 5570 1049 5593 ,
1099 5542 1193 5583 seu
1245 5529 1425 5599 potius
1445 5531 1690 5601 antiquas
1714 5547 1801 5586 ar-

216 5620 375 5677 bores
404 5622 554 5675 vittis
582 5633 636 5676 et
665 5622 881 5676 coronis
925 5622 1225 5678 redimitus.
1272 5624 1508 5679 Arbores
1535 5625 1798 5694 siquidem

214 5711 319 5767 deo
338 5713 499 5769 alicui
523 5712 753 5775 dicatas.
787 5713 929 5768 sicut
952 5714 1103 5782 deos,
1139 5723 1233 5769 aut
1257 5730 1445 5770 eorum
1486 5715 1642 5772 sedes
1668 5716 1799 5772 olim

216 5806 417 5863 ethnici
464 5805 784 5863 adorabant.
818 5825 838 5859 t
869 5805 990 5862 Hinc
1012 5849 1026 5873 ,
1064 5827 1084 5860 ι
1120 5808 1292 5877 inquit
1322 5809 1528 5865 Plinius
1550 5851 1564 5877 ,
1598 5829 1616 5861 t
1654 5810 1802 5867 fuere

216 5900 493 5955 numinum
527 5900 722 5970 templa
742 5940 753 5963 τ
781 5900 1064 5970 priseoque
1083 5901 1189 5956 ritu
1210 5901 1471 5974 simplicia
1494 5916 1618 5959 rura
1640 5903 1803 5961 etiam

1835 4686 1888 4747 D

1924 3389 2203 3455 Suetonio,
2229 3391 2403 3456 Livio.
2436 3394 2682 3467 Polybio,
2716 3407 2770 3452 et
2791 3398 2913 3453 aliis
2939 3400 3209 3471 colligitur
3235 3400 3477 3472 (Sueten.
3498 3447 3515 3470 ,

1923 3485 2013 3540 lib.
2043 3501 2139 3548 vn,
2168 3488 2221 3541 in
2251 3488 2353 3542 vita
2384 3488 2577 3555 Yitell.,
2606 3492 2760 3560 paulo
2782 3501 2895 3562 post
2919 3493 3032 3548 init.
3056 3510 3072 3560 ;
3092 3492 3233 3561 Liv.,
3263 3496 3351 3549 lib.
3380 3511 3517 3564 xxx,

1921 3594 2035 3647 cap.
2064 3579 2135 3645 8;
2172 3577 2356 3651 Polgb.
2383 3623 2398 3648 ,
2428 3580 2515 3636 lib.
2547 3598 2636 3651 xv,
2665 3585 2781 3638 init.
2804 3582 2848 3657 ).
2879 3584 3243 3654 Quamobrem
3273 3587 3520 3645 Tibullus

1919 3676 2192 3731 canebat:

2013 3789 2485 3864 Nqugqtellurem
2505 3796 2718 3856 genibus
2740 3809 3020 3864 prorepere
3046 3799 3277 3864 supplex,

2103 3852 2165 3902 Et
2187 3856 2420 3926 miserum
2446 3852 2846 3926 salicto-tundere
2874 3852 3015 3923 posse
3042 3852 3204 3926 caput.

2011 3915 2237 3991 Necnego
2258 3918 2301 3966 si
2324 3919 2504 3991 merui,
2524 3919 2749 3991 dubitem
2761 3915 3113 3991 procumbere
3123 3925 3341 3991 templis,

2103 3977 2166 4029 Et
2181 3977 2302 4029 dare
2326 3982 2529 4031 sacratis
2549 3983 2717 4032 oscula
2737 3977 3001 4036 liiuinibus.

2616 4064 2845 4131 (Tibull.,
2871 4068 2954 4121 lib.
2982 4086 3016 4135 ι,
3045 4072 3168 4137 eleg.
3196 4076 3272 4141 5.)

1916 4166 2110 4222 Verum
2136 4167 2436 4238 Lucretius,
2459 4186 2490 4226 a
2507 4171 2788 4231 Lactantio
2811 4178 3008 4235 citatus
3035 4178 3335 4249 (Lactant.,
3358 4182 3449 4238 lib.
3478 4199 3519 4243 tt

1911 4259 2121 4327 lnstit.,
2152 4278 2270 4329 cap.
2293 4264 2348 4329 5,
2381 4281 2501 4335 pag.
2556 4266 2709 4338 150),
2762 4269 2980 4340 impium
3033 4272 3186 4329 illum
3234 4274 3520 4345 gentilium

1910 4370 2129 4411 suorum
2160 4357 2364 4414 cultum
2392 4358 2477 4419 his
2501 4362 2746 4418 versibus
2771 4366 3045 4435 explodit:

1999 4498 2115 4573 Pico
2127 4503 2288 4573 pietas
2307 4500 2407 4573 ulla
2422 4510 2505 4573 est
2526 4502 2741 4553 velatum
2765 4517 2900 4568 saepe
2923 4507 3085 4573 videri

1998 4560 2201 4634 εει·ιὶω
2223 4564 2281 4612 ad
2307 4563 2541 4634 lapidem,
2564 4573 2715 4634 atque
2738 4560 2913 4616 omnes
2935 4570 3179 4634 accedere
3203 4572 3262 4621 ad
3283 4584 3413 4634 aras,

2004 4623 2109 4704 ltice
2134 4623 2460 4704 ligocumbelt'e
2475 4626 2609 4675 humi
2630 4623 2941 4691 prostratum,
2968 4637 3021 4682 et
3038 4632 3259 4695 pandere
3276 4623 3479 4699 palmas,
3510 4670 3519 4704 ε

2005 4686 2137 4736 Ante
2159 4686 2309 4736 deum
2329 4687 2556 4738 delubra.

2339 4769 2573 4831 (Lucret,
2598 4768 2682 4822 lib.
2708 4788 2757 4832 v,
2777 4785 2901 4823 vers.
2926 4774 3049 4825 1198
3068 4783 3115 4827 et
3133 4780 3306 4844 seqq.)-

1911 4874 2054 4944 Lege
2100 4872 2308 4939 adlmc,
2361 4876 2405 4930 si
2462 4877 2628 4945 velis,
2678 4878 3064 4950 Plutarchum,
3113 4884 3424 4962 Lucanum,
3456 4902 3513 4950 et

1913 4967 2274 5033 Brissoniutn,
2324 4969 2412 5038 qui
2463 4970 2612 5040 plura
2662 4971 2729 5027 de
2768 4974 2852 5029 bis
2879 4977 3158 5046 gentilium
3186 4982 3379 5040 ritibus
3407 4985 3509 5041 ob-

1911 5068 2195 5114 servarunt
2220 5059 2543 5130 (Plutarch.,
2578 5060 2773 5129 Qua'st.
2806 5082 3032 5136 romam,
3066 5088 3189 5143 pag.
3229 5071 3365 5137 266;
3409 5073 3512 5131 Lu-

1907 5167 2049 5220 can.,
2099 5153 2188 5208 tib.
2242 5169 2302 5221 tt,
2347 5171 2476 5210 vers.
2512 5155 2617 5213 128
2656 5168 2705 5213 et
2748 5175 2885 5232 seqq.
2906 5180 2928 5229 ,-
2965 5160 3221 5232 Brisson.,
3252 5166 3342 5221 lib.
3371 5184 3411 5238 ι,
3444 5171 3511 5227 de

1910 5244 2116 5314 Form.,
2138 5265 2262 5320 pag.
2288 5249 2401 5322 46).

1983 5342 2252 5397 Arnobius
2280 5358 2442 5413 porro
2470 5343 2608 5401 hanc
2654 5347 2985 5418 impietatem
3033 5351 3297 5409 acerrime
3322 5369 3389 5409 eo
3420 5355 3506 5410 in-

1909 5446 2166 5504 sectatur,
2204 5456 2223 5488 t
2253 5437 2416 5508 quod,
2449 5437 2495 5493 si
2527 5438 2748 5504 liceret,
2790 5460 2809 5493 ι
2843 5441 3043 5510 inquit,
3092 5462 3110 5496 ι
3146 5446 3197 5498 in
3228 5444 3506 5504 simulacri

1910 5529 2138 5600 alicujus
2183 5531 2407 5587 introire
2437 5531 2782 5603 pendigines,
2823 5552 2842 5585 ι
2873 5548 2988 5601 seu,
3020 5546 3076 5589 ut
3115 5536 3315 5592 clarius
3347 5538 3505 5608 paulo

1910 5636 2032 5693 post
2078 5622 2334 5693 loquitur,
2388 5643 2407 5675 ς
2447 5625 2500 5678 in
2543 5639 2732 5679 onmes
2784 5624 2935 5682 sinus
2961 5636 3016 5681 et
3045 5630 3423 5687 commissuras
3472 5652 3497 5685 ι

1908 5712 2153 5788 (Arnob.,
2186 5714 2276 5768 lib.
2308 5730 2383 5781 vn,
2412 5730 2535 5785 pag.
2564 5714 2663 5771 201
2696 5725 2743 5769 et
2762 5715 2947 5791 seqq.),
2980 5719 3109 5773 nihil
3140 5719 3284 5776 aliud
3307 5737 3500 5780 cerne-

1906 5817 2075 5876 retur,
2104 5821 2262 5879 qnam
2287 5807 2447 5862 varia:
2475 5806 2620 5861 illius
2646 5819 2857 5878 partes,
2888 5826 3021 5881 quas
3047 5821 3252 5868 catenae
3284 5814 3497 5883 ferreae,

1910 5901 2029 5958 ttnci
2051 5943 2066 5970 ,
2099 5903 2333 5968 ansulae,
2363 5910 2419 5959 et
2453 5900 2713 5961 suffusum
2740 5904 3019 5976 plumbum
3046 5910 3374 5971 retinebant.
3416 5910 3502 5969 Ad
