3978 6286
499 322 606 383 627

1753 323 2204 385 DISSERTATIO
2239 323 2516 387 PRJEVIA

3678 330 3774 393 6.28

493 448 619 505 haec
643 462 776 505 vero
807 448 897 503 illa
926 447 1210 508 simulacra
1233 487 1249 517 ,
1285 464 1303 497 ‹
1339 459 1569 516 quorum
1597 444 1811 517 plantas
1836 453 1889 499 et
1916 459 2087 519 genua
2120 455 2175 521 Α
2199 446 2327 505 deos
2350 454 2558 503 vestros
2586 441 2810 506 illuditis
2831 485 2847 511 ,
2877 443 3004 505 dum
3034 444 3279 519 lapideos
3312 443 3559 523 quidem,
3613 455 3665 513 et
3704 457 3775 505 te-

496 540 703 595 ethnici
720 548 938 595 orantes
959 537 1364 594 contrectabant
1383 535 1645 611 i(Veget.,
1660 537 1818 606 ιὶΙΜι,
1834 554 1951 610 cap.
1974 536 2091 611 44).

496 633 795 703 semiplena
824 640 878 687 et
902 646 1090 699 vacua,
1121 645 1184 686 ac
1211 630 1432 689 minime
1462 629 1694 685 animata
1723 640 1775 685 et
1804 631 2091 705 spirantia,

497 735 802 797 temporum
824 723 1035 795 injuriis
1058 734 1400 794 putrescunt,
1430 737 1493 775 ac
1527 720 1913 776 dissolvuntur.
1952 719 2008 775 In
2032 720 2097 777 iis

499 816 661 873 etiam
675 817 898 885 sorices,
918 815 1214 882 stelliones,
1235 812 1720 881 blatttenidiﬁcant,
1742 813 1953 871 araneis
1968 827 2098 866 vero

500 908 918 985 coinquinantur
939 915 994 962 et
1008 905 1406 967 hirundinibus.
1429 906 1697 960 Arnobius
1727 904 1909 976 itaque
1937 902 2097 959 sicuti

500 1003 765 1060 Minucius
787 1000 961 1065 Felix,
977 1000 1196 1073 aliique,
1214 1011 1272 1055 ut
1289 999 1519 1057 vidimus
1537 997 1774 1073 (Dissert.
1798 998 1853 1053 in
1872 996 2094 1064 Minuc.,

502 1114 620 1167 cap.
652 1096 719 1151 19
749 1104 853 1149 art.
885 1094 970 1164 2),
1017 1093 1274 1149 Ecclesiae
1304 1091 1491 1148 Patres
1522 1091 1649 1146 hinc
1696 1100 1844 1147 recte
1873 1090 2096 1147 conclu-

501 1189 656 1257 dunt,
688 1188 819 1243 nihil
841 1187 1061 1243 omnino
1084 1187 1136 1241 in
1158 1186 1305 1242 hisce
1331 1184 1636 1241 simulacris
1657 1193 1712 1239 et
1732 1184 1899 1257 signis
1922 1183 2099 1238 inesse

499 1298 663 1356 posse
688 1281 1006 1339 divinitatis.

574 1380 787 1437 Ethnici
821 1396 974 1449 vero,
1006 1388 1063 1435 ut
1094 1379 1198 1435 hoc
1227 1387 1606 1450 argumentum
1628 1418 1643 1444 ,
1671 1375 1825 1449 cujus
1853 1374 2099 1449 pondere

501 1491 565 1533 se
586 1475 818 1547 opprimi
847 1474 1184 1538 sentiebant,
1215 1487 1433 1544 quoquo
1461 1471 1623 1531 modo
1655 1469 1926 1525 inﬁrmare
1972 1485 2097 1545 pos-

500 1576 657 1635 sent,
707 1565 1108 1636 respondebant
1155 1580 1216 1621 se
1261 1580 1552 1636 numquam
1601 1563 1897 1619 credidisse
1933 1578 1994 1619 ea
2027 1563 2100 1619 si-

501 1662 742 1717 mulacra
787 1674 910 1715 esse
951 1674 1045 1731 per
1092 1673 1155 1721 se
1202 1658 1335 1714 deos
1366 1676 1380 1713 :
1411 1657 1504 1713 sed
1532 1657 1585 1712 in
1618 1656 1727 1712 illis
1759 1656 1859 1712 hos
1887 1666 2097 1713 tantum

503 1751 687 1808 colere
715 1766 778 1806 ac
806 1752 1097 1817 venerari,
1150 1768 1169 1802 ι
1204 1766 1342 1823 quos
1370 1750 1636 1805 dedicatio
1691 1749 1856 1809 infert
1906 1764 2091 1817 sacra,

2199 546 2411 597 staceos
2438 536 2768 597 veneramini
2792 578 2807 603 ,
2841 534 3155 601 custodibus
3192 546 3443 597 carentes
3490 556 3505 593 :
3550 540 3674 601 Τοὺς
3727 539 3776 595 δὲ

2198 633 2484 708 ἀργυρέους
2513 633 2601 689 καὶ
2622 636 2866 708 χρυσοῦς
2896 632 3203 707 ἐγκλείοντες
3227 639 3344 695 ταῖς
3383 632 3523 707 νυξὶ,
3548 635 3631 694 καὶ
3673 642 3777 696 ταῖς

2198 725 2412 802 ἡμέραις
2461 725 2683 796 φύλακας
2751 726 3198 800 παρακαθίσαντες
3223 766 3239 791 ,
3292 727 3376 787 ἵνα
3422 730 3490 799 μή
3560 725 3778 789 κλαπῶσι

2200 814 2219 888 (
2247 817 2436 889 Epist,
2465 817 2532 873 ad
2561 816 2825 888 Diognet.,
2852 827 2987 890 post.
3022 815 3173 887 init.)
3210 834 3223 875 :
3255 815 3530 891 Argettleat
3558 826 3715 881 autem
3736 828 3781 879 et

2199 926 2379 967 aureos
2424 911 2684 973 includitis
2731 920 2923 976 noctu,
2980 921 3068 971 aut
3100 911 3328 969 interdiu
3372 910 3602 971 custodes
3630 927 3782 982 appoo

2200 1005 2320 1060 niti;
2362 1022 2425 1068 ne
2468 1009 2607 1079 furto
2647 1009 2969 1080 auferantur.
3017 1005 3280 1066 Similiter
3324 1004 3642 1077 Cyprianus,
3690 1019 3780 1063 nec

2200 1097 2514 1152 minusacri
2550 1097 2672 1169 styli
2711 1099 2792 1153 sui
2833 1098 3022 1157 aculeo
3059 1113 3153 1155 eos
3176 1098 3361 1167 pungit
3386 1115 3430 1149 τι
3469 1097 3555 1153 Sic
3578 1096 3723 1162 illos,
3760 1117 3775 1149 t

2200 1187 2412 1259 inquit,
2470 1209 2488 1241 ι
2540 1188 2699 1249 ιωςοε
2740 1190 2872 1249 ultio
2904 1200 3081 1249 vestra
3113 1189 3353 1255 defendit
3379 1231 3394 1251 .
3445 1188 3706 1264 quomodo
3734 1199 3780 1247 ct

2200 1280 2412 1339 clausos
2463 1298 2531 1338 ne
2580 1291 2838 1352 pereant.
2902 1282 3065 1341 tutela
3098 1291 3278 1343 vestra
3307 1281 3570 1339 custodit.
3595 1281 3782 1343 Pudeat

2200 1373 2422 1428 tutelam
2442 1372 2511 1428 de
2541 1374 2605 1427 iis
2623 1388 2864 1443 sperare,
2888 1389 3024 1446 quos
3049 1386 3103 1429 tu
3121 1374 3234 1445 ipse
3253 1374 3439 1429 tueris.
3468 1372 3741 1449 (Cgprian.
3767 1415 3779 1443 ,

2199 1474 2349 1521 tract.
2378 1466 2447 1520 ad
2474 1466 2728 1534 Demetn,
2759 1485 2881 1543 pag.
2917 1467 3068 1542 191.)
3142 1480 3143 1483 ‘

2271 1555 2413 1612 Satis
2458 1573 2621 1635 porro
2662 1559 2956 1629 gentilibus
3006 1575 3113 1613 non
3169 1570 3285 1615 erat
3339 1558 3653 1624 simulacra,
3682 1558 3785 1612 sive

2200 1648 2332 1706 deos
2379 1665 2506 1705 suos
2558 1651 2833 1705 hominum
2861 1652 3155 1719 custodiis,
3207 1666 3269 1709 ac
3319 1649 3527 1707 diurnis
3577 1661 3783 1705 noctur-

2200 1745 2392 1818 nisque
2419 1747 2616 1817 vigiliis
2647 1748 2818 1815 tueri,
2847 1747 2942 1803 sed
2966 1746 3210 1805 eamdem
3236 1788 3251 1821 ,
3294 1746 3471 1821 pergit
3499 1745 3780 1809 Arnobius,

504 1856 562 1903 et
587 1846 869 1902 fabrilibus
893 1846 1061 1901 el'iicit
1093 1845 1393 1900 inhabitare
1432 1842 1736 1900 simulacris
1795 1863 1814 1896 ι
1848 1842 2091 1915 (Arnob.,
2128 1840 2271 1911 Bob
2317 1857 2576 1907 causam,
2626 1857 2789 1897 canes
2842 1851 2898 1897 et
2954 1856 3179 1897 anceres
3242 1841 3482 1903 alebant.
3540 1840 3601 1895 Et
3649 1847 3786 1897 certe

505 1939 596 1994 lib.
630 1954 702 2006 Vl,
733 1955 857 2013 pag.
890 1937 996 1993 205
1024 1946 1069 1993 et
1090 1935 1277 2010 seqq.).
1312 1937 1509 1993 Verum
1534 1945 1722 1991 auctor
1752 1946 1937 1996 noster
1966 1935 2097 1991 illud

503 2032 749 2091 ridicula:
792 2031 1064 2105 Opinionis
1090 2041 1459 2086 commentum
1491 2030 1655 2087 variis
1683 2031 1955 2085 rationum
1984 2045 2100 2084 mo.

502 2124 706 2181 mentis
735 2123 896 2196 plane
925 2123 1245 2187 comminuit
1266 2165 1281 2190 ,
1314 2122 1634 2194 penitusque
1656 2123 1898 2193 dissipat.
1936 2120 2100 2176 Eccni

506 2217 652 2273 enim
673 2258 688 2284 ,
719 2217 764 2271 si
793 2230 956 2271 sanus
976 2214 1080 2281 sit,
1114 2230 1386 2287 unquam,
1416 2215 1492 2271 ait
1535 2198 1661 2285 ille,
1696 2213 2103 2287 persuadebitur

506 2313 640 2370 deos
664 2312 894 2368 ridiculo
922 2311 1158 2383 quodam
1204 2309 1563 2369 dedicationis
1602 2309 1745 2381 jure,
1774 2316 1870 2363 aut
1895 2307 1961 2363 ad
1989 2316 2101 2369 ter-

505 2422 639 2464 rena
670 2406 960 2461 simulacra
1005 2403 1352 2465 inhabitanda
1381 2404 1540 2475 cogi,
1598 2412 1691 2458 aut
1735 2402 1961 2458 sidereis
2012 2414 2101 2456 se-

508 2498 667 2555 dibus
696 2499 832 2571 suis,
861 2506 1056 2567 sponte
1085 2512 1182 2555 sua
1213 2496 1436 2561 relictis,
1466 2494 1533 2549 ad
1562 2510 1626 2550 ea
1676 2497 1832 2550 toties
1878 2494 2105 2549 commi-

508 2605 707 2662 grare,
735 2590 945 2660 quoties
973 2588 1176 2647 homini
1221 2597 1454 2651 statuam
1506 2588 1756 2643 dedicare
1800 2587 2106 2665 placuerit?

508 2682 651 2751 Quid
678 2698 828 2751 vero,
861 2682 1003 2757 quod
1035 2682 1109 2738 dii
1141 2682 1290 2738 nulla
1318 2684 1365 2737 vi
1411 2682 1647 2737 humana
1685 2683 1937 2755 cuntpelli
1982 2698 2105 2755 pos-

508 2786 670 2842 sunt,
700 2785 759 2831 ut
804 2777 857 2835 in
893 2775 1194 2831 simulacris
1240 2777 1344 2831 illis
1370 2790 1586 2847 semper
1629 2775 1929 2835 maneant?
1958 2773 2104 2829 Nihil

510 2870 656 2925 enim
686 2885 749 2923 ea
783 2869 1103 2929 necessitate
1135 2869 1405 2936 miserius,
1432 2868 1675 2940 nihilque
1692 2868 1803 2924 Deo
1821 2870 1990 2940 magis
2012 2869 2095 2921 in-

511 2962 757 3033 dignum.
794 2962 996 3021 Deinde
1028 2977 1175 3030 vero,
1207 2964 1255 3018 si
1296 2964 1350 3021 in
1389 2965 1468 3019 eis
1499 2962 1703 3018 tamdiu
1729 2971 1931 3025 tantum
1960 2978 2107 3019 com-

509 3065 810 3121 morentur,
864 3056 1118 3126 quamdiu
1166 3057 1294 3126 ipsis
1324 3056 1575 3123 libuerit,
1622 3067 1770 3112 certe
1814 3058 2106 3112 simulacra

511 3148 822 3219 aliquando,
844 3150 950 3202 illis
976 3148 1375 3230 recedentibus,
1397 3151 1468 3203 dii
1491 3165 1613 3205 esse
1635 3150 1902 3211 desinent.
1925 3150 1981 3205 In
2004 3151 2102 3205 du-

2203 1936 2461 2007 scriptum
2501 1951 2530 1989 a
2561 1934 2823 1995 Cicerone
2868 1936 3096 2007 legimus
3136 1954 3148 1990 :
3200 1953 3220 1988 ί
3275 1934 3574 1993 Anseribus
3601 1931 3785 1989 cibaria

2203 2028 2419 2099 publica
2469 2029 2733 2095 locantur,
2771 2040 2825 2083 et
2872 2044 3036 2084 canes
3063 2028 3280 2084 aluntur
3312 2029 3365 2082 in
3398 2026 3689 2101 Capitolio;
3735 2031 3788 2079 ut

2203 2122 2540 2192 signiﬁcent,
2583 2124 2628 2177 si
2672 2123 2815 2179 iures
2868 2124 3135 2179 venerint.
3188 2122 3422 2195 ((Iicer.,
3463 2131 3588 2175 orat.
3618 2119 3672 2184 2,
3701 2134 3788 2187 pro

2205 2216 2363 2272 Rosc.
2394 2215 2564 2271 Anter.
2597 2218 2649 2287 l,
2680 2234 2802 2291 pag.
2831 2215 2951 2290 ΞΗ.)
2996 2215 3153 2286 Quod
3203 2217 3363 2279 etiam
3399 2214 3530 2277 Livii
3558 2255 3572 2279 ,
3605 2212 3786 2281 Plinii,

2205 2309 2514 2375 Plutarchi,
2573 2311 2814 2385 JEliani,
2862 2324 2916 2367 et
2964 2312 3194 2371 aliorum
3246 2310 3558 2373 testimonio
3609 2305 3788 2365 conﬁr-

2207 2414 2382 2461 matur
2411 2404 2588 2480 (Liv.,
2621 2406 2709 2461 lib.
2755 2423 2808 2475 v,
2860 2416 2978 2469 ante
3023 2407 3142 2481 fin.,
3195 2404 3340 2469 Plin.
3372 2447 3389 2473 ,
3437 2406 3525 2461 lib.
3581 2419 3613 2459 ι
3658 2400 3784 2463 Hist.

2206 2506 2340 2569 nat.,
2374 2514 2489 2567 cap.
2519 2496 2610 2565 22,
2644 2515 2764 2569 pag.
2791 2498 2926 2565 408;
2980 2497 3248 2553 Plutarch.
3270 2540 3285 2563 ,
3336 2499 3392 2551 in
3414 2497 3503 2555 vit.
3554 2491 3746 2557 Camill.
3775 2530 3789 2553 ,

2207 2606 2330 2663 pag.
2363 2590 2485 2657 M2,
2520 2602 2565 2646 et
2600 2591 2797 2656 Quaest.
2844 2609 3047 2646 roman.
3074 2634 3088 2659 ,
3122 2609 3243 2664 pag.
3267 2591 3408 2658 28.4;
3436 2587 3660 2653 Elian“
3709 2583 3788 2641 lib.

2209 2700 2287 2739 xu
2339 2684 2401 2739 de
2432 2684 2686 2752 Animal.,
2718 2702 2835 2756 cap.
2864 2687 2933 2743 55
2955 2683 2995 2757 ).
3035 2686 3195 2757 Atqui
3221 2683 3304 2747 hil}
3326 2681 3606 2749 custodiae,
3629 2677 3792 2755 arguit

2201 2777 2498 2855 'Arnobius,
2532 2790 2637 2832 tam
2670 2779 2907 2843 inutiles,
2940 2792 3101 2847 quam
3159 2775 3263 2830 diis
3308 2774 3585 2853 injuriosa:
3632 2778 3788 2825 erant.

2211 2869 2275 2929 In
2303 2873 2602 2935 simulacris
2636 2869 2901 2942 siquidem
2947 2870 2990 2922 si
3037 2870 3137 2941 ipsi
3165 2869 3355 2931 saltem
3391 2865 3788 2925 inhabitassent,

2211 2970 2318 3026 illis
2350 2967 2589 3047 profecto
2619 2966 2718 3021 nec
2746 2965 2898 3030 aliis,
2928 2980 2990 3019 ea
3021 2980 3048 3023 a
3081 2963 3322 3037 quolibet
3345 2976 3508 3025 casu,
3535 2966 3587 3013 et
3616 2950 3790 3027 injuria

2212 3060 2527 3135 protegendi
2566 3075 2693 3114 cura
2740 3056 3092 3129 relinquenda
3147 3065 3284 3115 erat,
3318 3053 3510 3109 Nullus
3539 3050 3792 3107 enimvero

2209 3154 2426 3227 gentilis
2474 3152 2654 3206 dicere
2703 3164 2938 3219 unquam
2998 3148 3166 3219 potuit
3211 3148 3332 3201 illos
3377 3155 3471 3219 aut
3529 3142 3786 3202 dormire,

511 3238 604 3293 bio
643 3241 803 3317 igitur
824 3241 985 3295 stabit
1005 3240 1219 3319 quando
1241 3244 1318 3296 eis
1340 3256 1490 3296 sacra
1516 3244 1655 3311 ﬁeri,
1679 3253 1734 3298 et
1780 3259 1841 3299 ea
1889 3244 2102 3301 adorari
2134 3232 2180 3297 C
2212 3259 2301 3303 aut
2328 3266 2434 3305 non
2466 3262 2623 3319 posse
2668 3260 2726 3299 se
2758 3247 2917 3305 tueri.
2952 3242 3104 3299 Unde
3139 3242 3299 3298 etiam
3350 3239 3674 3313 Augustinus
3712 3247 3789 3299 ex,

511 3316 761 3388 debeant.
794 3332 1062 3387 Praeterea
1095 3316 1250 3399 vero,
1284 3350 1408 3388 cum
1443 3334 1611 3404 plura,
1635 3334 1805 3405 inquit
1837 3334 2111 3395 Arnobius

510 3424 673 3479 unius
700 3424 1050 3497 ejusdemque
1074 3425 1161 3480 dei
1191 3427 1497 3491 simulacra,
1529 3408 1693 3481 modo
1726 3443 1919 3499 parva,
1950 3432 2110 3488 modo

508 3516 745 3572 maxima
771 3516 1122 3581 fabricantur,
1157 3518 1415 3589 numquid
1446 3519 1520 3573 dii
1549 3522 1601 3581 in
1635 3519 1742 3574 illis
1770 3531 1862 3581 aut
1889 3536 1949 3576 se
1976 3538 2110 3577 con-

510 3611 771 3678 trahunt,
820 3620 913 3665 aut
955 3627 1015 3666 se
1046 3612 1327 3682 porrigunt
1347 3654 1362 3680 ,
1391 3628 1655 3682 suumque
1680 3629 1877 3683 corpus
1908 3632 2004 3689 pro
2035 3619 2109 3672 si-

512 3705 744 3761 mulacri
774 3717 1103 3776 componunt
1125 3706 1294 3763 forma
1319 3723 1382 3763 ac
1410 3708 1576 3779 ﬁgura
1595 3709 1619 3762 ?
1638 3709 1777 3777 Quid
1804 3721 1983 3767 autem
2011 3713 2109 3767 ab-

513 3800 735 3855 surdius
763 3800 833 3855 de
867 3801 979 3855 Deo
1006 3801 1112 3855 dici
1142 3813 1233 3856 aut
1260 3804 1483 3874 cogitari
1513 3804 1728 3893 potest?
1924 3858 1931 3866 ,

589 3894 695 3950 Sed
724 3896 993 3966 agedum;
1042 3906 1253 3957 constat
1298 3913 1428 3959 salte
1477 3897 1704 3968 plurima
1752 3899 1910 3959 unius
1963 3899 2109 3969 ejus-

516 3986 750 4058 demque
780 3987 868 4043 dei
902 3988 1186 4043 simulacra
1232 3989 1286 4043 in
1326 3989 1554 4045 diversis
1581 4034 1594 4057 ,
1627 4000 1681 4047 et
1708 4006 1740 4046 a
1780 4006 1839 4047 se
1885 3992 2115 4048 invicem

515 4083 835 4154 longissimo
861 4092 1123 4139 terrarum
1154 4083 1440 4140 intervallo
1485 4085 1765 4156 disjunctis
1806 4087 2115 4157 regionibus

517 4177 693 4248 posita
713 4176 987 4233 fuisse.An
1004 4178 1058 4231 in
1081 4177 1145 4231 iis
1157 4177 1409 4231 omnibus
1425 4177 1558 4232 deus
1572 4179 1659 4232 ille
1674 4178 1865 4233 adesse
1879 4178 2120 4249 poterat?

520 4270 642 4327 Non
659 4273 866 4328 divisus
892 4270 1131 4343 quidem,
1171 4272 1297 4341 quia
1321 4285 1483 4325 verus
1512 4271 1653 4326 Dens
1693 4272 1860 4326 dividi
1909 4275 2112 4342 nequit.

519 4364 638 4420 Non
676 4366 917 4436 integer;
953 4379 1074 4418 nam
1104 4364 1238 4419 deus
1263 4362 1358 4418 ille
1379 4404 1394 4429 ,
1420 4363 1496 4417 uti
1524 4362 1784 4433 putabant
1826 4379 2119 4434 corporeus

518 4467 669 4523 erat,
701 4472 801 4513 nec
821 4456 1050 4528 proinde
1074 4463 1252 4533 potest
1273 4456 1324 4509 in
1352 4455 1591 4527 pluribus
1615 4456 1773 4515 simul
1795 4470 1917 4517 esse
1937 4458 2089 4517 locis.

595 4552 838 4622 Denique
885 4550 934 4607 si
983 4549 1101 4607 hate
1152 4548 1438 4605 simulacra
1485 4559 1579 4607 aut
1628 4546 1706 4605 dii
1758 4556 1978 4611 essent,
2027 4557 2122 4602 aut

2213 3343 2454 3414 proxime
2509 3350 2803 3395 memorata
2851 3353 3102 3393 anserum
3152 3335 3430 3396 custodia,
3474 3335 3550 3388 sic
3583 3327 3782 3386 eosdem

2211 3435 2489 3507 gentilium
2530 3434 2660 3491 deos
2701 3432 2890 3486 irridet
2917 3440 2971 3486 et
3000 3430 3261 3502 explodit.
3299 3448 3317 3481 ι
3362 3428 3519 3483 Tunc
3568 3432 3670 3478 tota
3720 3435 3793 3472 ro-

2212 3545 2365 3591 mana
2418 3527 2547 3580 urbe
2602 3527 2654 3580 in
2712 3523 2947 3578 hostium
2998 3531 3316 3592 potestatem
3377 3520 3625 3580 redacta,
3664 3513 3793 3567 solus

2214 3619 2368 3675 collis
2398 3618 2732 3693 Capitolinus
2756 3625 3125 3680 remanserat,
3178 3613 3265 3683 qui
3294 3612 3456 3667 etiam
3506 3610 3616 3677 ipse
3649 3617 3795 3675 cape-

2213 3725 2382 3777 retur,
2416 3712 2517 3765 nisi
2560 3712 2750 3765 saltem
2799 3723 3049 3771 anseres,
3086 3706 3188 3760 diis
3218 3702 3649 3762 dormientibus,
3678 3693 3795 3767 vigi—

2216 3807 2412 3865 larent.
2471 3804 2620 3860 Unde
2672 3819 2811 3874 pene
2862 3803 2915 3859 in
2966 3800 3431 3872 superstitionem,
3464 3795 3793 3871 :egvpliorum

2217 3900 2416 3954 bestias
2468 3912 2701 3973 avesque
2749 3895 3070 3956 colentium.
3121 3894 3293 3948 Roma
3335 3893 3641 3954 deciderat,
3687 3896 3793 3940 cum

2220 3987 2398 4041 anscri
2443 3987 2703 4040 solemnia
2760 3984 3124 4043 celebrabant.
3187 4002 3205 4035 ι
3262 3980 3569 4054 (August,
3628 3975 3709 4030 lib.
3764 3986 3794 4025 tt

2221 4080 2284 4134 de
2308 4078 2479 4144 Civit.,
2513 4098 2629 4150 cap.
2660 4079 2749 4146 22,
2804 4096 2922 4151 pag.
2956 4078 3072 4147 5L)

2292 4172 2422 4239 Quis
2452 4180 2629 4226 autem
2669 4171 2887 4226 difﬁteri
2918 4181 3099 4241 potest
3145 4185 3212 4226 ex
3267 4168 3351 4225 his
3377 4167 3628 4224 omnibus
3653 4160 3795 4216 ratio-

2223 4265 2380 4319 nibus
2412 4276 2557 4321 recte
2579 4265 2645 4320 ab
2671 4263 2911 4321 Arnobio
2937 4263 3128 4318 conlici
3159 4263 3441 4337 gentilium
3495 4258 3792 4316 simulacra.

2221 4356 2309 4415 vel
2355 4369 2513 4425 ante,
2547 4356 2629 4413 vel
2679 4366 2798 4429 post
2847 4373 2997 4411 suam
3027 4358 3525 4420 consecrationem,
3561 4368 3655 4407 ncc
3681 4349 3796 4402 deos

2225 4466 2378 4519 esse,
2412 4465 2510 4506 nec
2540 4451 2636 4509 hos
2660 4449 2711 4503 in
2741 4450 2848 4503 illis
2875 4448 3200 4515 inhabitare,
3235 4450 3403 4503 multo
3427 4449 3599 4502 minus
3621 4442 3680 4497 ad
3710 4454 3761 4493 cn
3781 4476 3794 4500 ο

2224 4544 2364 4601 coelo
2410 4543 2629 4606 relicto,
2684 4541 3029 4603 inhabitanda
3080 4558 3239 4615 posse
3292 4540 3588 4612 compelli?
3618 4539 3684 4591 De
3719 4533 3796 4585 illa

520 4662 709 4705 eorum
774 4646 1032 4702 habitatio
1056 4687 1071 4712 ,
1130 4661 1312 4701 nonne
1358 4644 1540 4700 divina
1593 4654 1860 4717 potestate
1910 4660 2006 4707 sua
2061 4662 2120 4701 se
2147 4623 2202 4684 D
2228 4652 2387 4709 porro
2417 4635 2824 4691 simulacrorum
2856 4634 3196 4690 dedicatione
3217 4678 3233 4703 ,
3265 4635 3393 4690 alibi
3421 4634 3650 4689 diximus
3677 4624 3797 4700 (Dis-

519 4741 669 4811 ipsos
695 4738 956 4800 adversus
984 4740 1254 4813 quoslibet
1281 4753 1439 4801 casus
1462 4742 1623 4813 tutari
1650 4739 1962 4795 debebant?
2011 4741 2119 4796 Cur

522 4845 653 4900 ergo
679 4829 916 4896 ethnici,
947 4831 1123 4907 arguit
1147 4839 1337 4886 auctor
1360 4839 1545 4887 noster
1574 4828 1763 4903 (Ibid.,
1787 4848 1908 4909 pag.
1934 4831 2115 4904 205.),

521 4920 618 4976 illa
645 4937 712 4975 ne
736 4936 839 4997 qua
867 4921 1060 4991 injuria
1082 4922 1447 4993 afﬁcerentur,
1465 4922 1810 4977 validissimis
1843 4925 2117 4992 claustris,

521 5012 797 5086 repagulis
819 5055 833 5079 ,
864 5013 1093 5083 pessulis
1121 5014 1478 5081 claudebant,
1511 5030 1573 5070 ac
1602 5015 1958 5079 muniebant?
1988 5015 2117 5083 Cur,

524 5124 594 5162 ne
615 5122 645 5161 a
679 5107 886 5169 furibus
910 5105 1052 5162 clam
1073 5118 1300 5161 noctuve
1324 5116 1661 5177 raperentur,
1692 5107 1917 5165 tedituis
1939 5109 2116 5163 millet

524 5199 601 5258 ita
620 5201 713 5256 ille
733 5200 991 5270 loquitur,
1013 5197 1200 5273 (lbid.)
1228 5218 1245 5251 ι
1260 5200 1643 5271 protegebant;
1668 5210 1829 5272 atque
1842 5201 2123 5258 excubito-

524 5295 677 5349 ribus
698 5293 861 5348 mille.
877 5312 895 5345 t
917 5292 1121 5347 Eodem
1144 5294 1305 5347 modo
1320 5300 1721 5363 argumentatur
1737 5292 2125 5359 Tertulliattus,

525 5404 591 5443 ac
630 5389 723 5467 qui
755 5390 865 5450 sint
905 5388 984 5443 illi
1027 5388 1369 5446 excubitores
1409 5388 1609 5449 clarius
1635 5390 1871 5465 explicat
1905 5407 1917 5441 2
1955 5409 1975 5441 ι
2009 5388 2127 5445 Jam

527 5483 711 5553 utique
737 5499 896 5552 suas,
937 5502 956 5535 ι
992 5484 1206 5559 inquit,
1242 5500 1262 5534 ι
1301 5485 1475 5565 primo
1502 5494 1728 5551 Statuas,
1755 5493 1810 5538 et
1836 5484 2126 5557 imagines,

529 5585 586 5629 et
611 5575 756 5630 aedes
788 5585 1088 5644 tuerentur,
1127 5591 1279 5646 quae,
1305 5583 1363 5630 ut
1405 5576 1619 5647 opinor,
1662 5574 1890 5633 Caesaris
1930 5576 2128 5631 milites

530 5668 772 5724 excubiis
797 5670 909 5724 suis
938 5670 1085 5724 salva
1138 5679 1396 5739 praestant
1422 5688 1440 5721 ι
1469 5667 1490 5741 (
1517 5667 1846 5735 Tertullian.,
1879 5667 2125 5741 Apolog.,

533 5752 657 5829 cap.
682 5760 783 5826 29,
826 5779 948 5833 pag.
975 5759 1092 5835 29).
1139 5760 1312 5817 Antea
1357 5776 1485 5817 vero
1531 5769 1724 5816 auctor
1774 5760 2015 5831 epistola:
2060 5761 2128 5816 ad

539 5847 859 5918 Diognetum
903 5853 983 5907 sic
1027 5853 1272 5909 ethnicos
1295 5852 1504 5922 ail‘atur,
1539 5862 1596 5909 et
1633 5848 1856 5923 corripit
1896 5870 1909 5907 :
1942 5852 2130 5911 Nonne

2229 4738 2348 4785 sert.
2378 4730 2430 4783 in
2463 4728 2684 4805 Minuc.,
2714 4745 2829 4800 cap.
2860 4729 2946 4793 19,
2976 4738 3076 4783 art.
3109 4730 3134 4784 1
3162 4727 3201 4800 ).

2768 4840 2771 4845 λ
2836 4857 3131 4907 Αιιτιαυιυδ
3158 4858 3216 4899 v.

2226 4935 2545 4987 Examinatur
2568 4932 2699 4983 aliud
2736 4931 2934 4989 Arnobii
2961 4935 3195 4982 adversus
3229 4931 3436 4989 deorum
3461 4930 3710 4985 simulacra
3729 4936 3798 4975 ar-

2291 5006 2599 5059 gumentum,
2641 4996 2754 5059 inde
2785 5000 3006 5059 petitum,
3026 4996 3157 5059 quod
3178 4996 3285 5059 Ailla
3326 4991 3387 5044 ab
3412 4996 3619 5045 ethnicis
3644 4991 3799 5059 probro

2293 5050 2347 5112 Et
2366 5050 2601 5115 dedecori
2643 5050 2825 5120 habita,
2854 5072 2909 5110 ac
2933 5050 3137 5120 spoliata
3170 5055 3353 5120 fuerint
3381 5073 3392 5106 :
3420 5071 3597 5118 nempe
3619 5050 3799 5103 simula-

2292 5122 2587 5185 crumAJovis
2611 5122 2670 5170 ab
2695 5119 2932 5185 Antiocth
2965 5119 3204 5185 Cyziceno
3239 5130 3307 5185 et,
3332 5119 3564 5182 Dionysio
3596 5126 3794 5185 tyranno,

2292 5183 2517 5245 IEsculap
2538 5186 2551 5233 i
2579 5186 2638 5231 ah
2660 5184 2835 5231 eodem
2862 5178 3106 5245 Dionysio,
3129 5182 3339 5232 Veneris
3360 5196 3387 5230 a
3414 5178 3730 5245 l'j'gmalionc,
3755 5178 3799 5245 et

2292 5249 2389 5307 alio
2409 5237 2752 5306 adolescente;
2780 5245 2873 5301 alia
2914 5237 3031 5299 vero
3053 5237 3136 5299 aut
3163 5245 3341 5306 diruta,
3370 5237 3703 5305 aut'tiretnata,
3725 5237 3798 5289 ubi

2293 5309 2357 5359 de
2381 5311 2515 5363 vario
2539 5307 2761 5372 Capitolii
2782 5307 3027 5357 incendio.

2306 5416 2561 5481 Ultimum
2594 5416 2814 5487 Arnohii
2842 5414 3101 5473 adversus
3136 5415 3359 5481 dearum
3407 5414 3688 5481 simulacra
3719 5422 3798 5465 ar-

2232 5518 2543 5580 gumentum
2575 5524 2639 5571 ex
2670 5509 2734 5567 iis
2786 5507 3017 5570 ducitur,
3048 5523 3169 5579 qua:
3198 5510 3429 5575 maximo
3471 5504 3709 5569 dedecori
3753 5507 3799 5555 ei

2236 5601 2433 5673 probro
2469 5600 2670 5664 habita,
2720 5614 2839 5655 cum
2886 5601 3178 5671 opprobrio
3221 5601 3464 5671 spoliata,
3497 5614 3558 5661 ac
3607 5592 3797 5651 tandem

2235 5707 2346 5749 non
2390 5706 2543 5749 secus
2586 5705 2649 5753 ac
2688 5689 2885 5760 templa
2928 5690 3248 5760 deturbate,
3290 5702 3343 5755 ct
3393 5690 3601 5761 penitus
3641 5687 3797 5743 diruta

2236 5795 2381 5845 sunt.
2413 5785 2543 5852 Quis
2567 5785 2709 5841 enim
2738 5784 2954 5857 negabit
2980 5781 3129 5839 lovis
3159 5793 3389 5843 statuam
3420 5799 3541 5838 cum
3572 5778 3797 5839 irrisione

2235 5890 2292 5937 et
2315 5878 2545 5943 ludibrio
2569 5879 2637 5937 ab
2666 5877 2933 5935 Antiocho
2957 5876 3224 5949 Cyziceno
3262 5874 3581 5949 spoliatam!
3610 5891 3629 5926 t
3662 5870 3796 5927 Hunc
