3978 6282
206 288 298 348 θῑε)

1367 289 1435 346 1N
1462 289 1858 365 ARNQBIUM,
1896 292 2054 351 esp.
2097 292 2267 353 χχιι.

3385 302 3489 361 030
3518 338 3519 341 η

201 407 384 478 quippe
403 404 730 461 Antiochum
749 404 1073 477 Cyzicenum
1101 406 1312 473 ferunt,
1354 426 1373 460 ι
1406 408 1629 464 Arnobii
1657 424 1776 464 ver-
1809 417 1862 491 Α
1885 408 1973 463 tib.
2010 425 2027 464 ι
2080 410 2204 469 Var.
2239 411 2360 489 hist.
2391 454 2405 478 ,
2443 413 2470 486 ς
2499 413 2577 483 8).
2609 413 2717 477 Cur
2761 431 2890 493 ergo
2910 459 2926 485 ,
2980 418 3146 485 instat
3174 418 3446 477 Arnobius
3470 462 3486 489 ,

199 503 277 565 his
303 502 519 568 utimur,
561 521 579 552 ‹
609 500 913 571 quindecim
936 501 1234 557 cubitorum
1262 501 1449 558 Jovem
1474 519 1537 557 ex
1563 503 1788 567 delubro

199 611 405 660 aureum
434 594 754 663 suauilisse,
782 605 840 657 et
882 611 948 661 ex
975 611 1083 667 aere
1107 596 1395 655 bracteolis
1446 595 1787 661 substituisse

197 689 420 746 facetum
454 707 475 740 ι
509 689 762 760 (Amob.,
786 689 877 744 lib.
902 706 953 745 γι
976 733 989 757 ,
1017 706 1133 761 pag.
1177 689 1330 765 205).
1383 691 1463 745 Ex
1508 690 1786 755 Clemente

197 794 365 838 autem
412 782 780 838 Alexandrino
811 783 941 838 illud
977 783 1329 857 proculdubio
1358 781 1648 838 delibatum
1681 796 1783 839 est.

196 872 359 941 Addi,
395 889 602 945 quaeso,
645 888 819 955 graeca
852 875 969 946 ejus
1011 875 1174 931 verba
1203 917 1216 939 ,
1246 889 1311 929 ac
1337 873 1389 929 id
1437 874 1578 929 haud
1625 875 1787 932 dubie

194 967 436 1025 fateberis
482 987 498 1023 :
538 967 798 1041 Ἀντίοχος
825 969 852 1025 ὁ
891 971 1177 1035 Κυζικηνὸς,
1206 968 1395 1039 inquit,
1438 970 1787 1046 ἀπορούμενος

194 1061 490 1139 χρημάτω,
520 1068 609 1116 τοῦ
651 1062 762 1122 Διὸς
799 1064 856 1117 τὸ
888 1059 1096 1135 ἄγαλμα
1128 1063 1186 1116 τὸ
1228 1067 1494 1135 χρυσοῦν,
1519 1064 1785 1116 πεντεκαί-

192 1152 310 1208 δεκα
325 1155 539 1224 πηχέων
552 1154 611 1208 τὸ
630 1155 835 1228 μέγεθος
863 1149 935 1219 ὃν,
958 1155 1242 1229 προσέταξε
1265 1160 1552 1225 χωνεῦσαι,
1587 1157 1675 1208 καὶ
1694 1162 1787 1214 τῆς

193 1243 336 1306 ἄλλης
367 1254 461 1306 τῆς
501 1247 810 1322 ἀτιμοτέρας
837 1246 958 1307 ὅλης
984 1243 1192 1319 ἄγαλμα
1224 1247 1584 1322 παραπλήσιον
1615 1249 1785 1318 ἐκείνῳ

190 1338 420 1400 πετάλοις
485 1341 889 1415 κεχρυσωμένον
964 1339 1214 1394 ἀναθεῖναι
1286 1340 1451 1395 πάλιν.
1510 1338 1788 1411 (Clemens

188 1431 504 1500 Alexandr.,
548 1435 810 1489 Admonit.
841 1434 909 1487 ad
961 1442 1096 1505 gent.
1149 1450 1270 1505 pag.
1315 1432 1453 1505 54.)
1504 1435 1786 1488 Antiochus

192 1525 482 1596 Cyzicenus,
512 1542 630 1581 cum
655 1536 819 1598 egeret
847 1527 1090 1599 pecuniis,
1119 1527 1150 1580 ,1
1159 1528 1264 1581 ovis
1283 1543 1490 1581 auream
1540 1536 1782 1595 statuant,

188 1632 297 1688 qua:
320 1629 427 1672 erat
448 1619 821 1690 magnitudinis
841 1621 1124 1687 quindecim
1159 1619 1465 1685 cubitorum,
1492 1618 1639 1689 fundi
1661 1619 1787 1699 jus-

187 1711 268 1775 sit,
297 1719 342 1765 et
363 1727 426 1767 ea:
454 1713 562 1766 alia
585 1712 803 1766 materia
822 1723 1044 1768 statuam
1063 1711 1144 1767 illi
1169 1713 1386 1768 similem
1410 1712 1617 1767 laminis
1630 1713 1782 1766 inau-

186 1811 345 1857 ratam
377 1818 589 1858 rursum
617 1806 816 1873 reponi.

253 1895 331 1952 Ex
372 1897 563 1953 eodem
615 1896 891 1970 Scriptore
938 1914 1115 1972 graeco
1161 1898 1432 1955 Arnobius
1472 1898 1528 1953 in
1574 1898 1768 1953 librum

185 2003 330 2044 suum
356 1988 473 2045 hrec
498 1991 675 2046 adhuc
698 1992 1008 2047 transtulit:
1039 2011 1059 2045 ι
1094 1992 1379 2065 DiOnysius
1410 1991 1532 2061 ille,
1563 1990 1659 2049 sed
1684 1993 1770 2062 ju-

186 2080 318 2148 nior,
353 2095 477 2137 cum
506 2084 775 2139 velamine
818 2100 982 2141 aureo
1026 2086 1281 2156 spoliaret
1323 2084 1531 2150 Jovem,
1573 2094 1628 2141 et
1673 2100 1772 2156 pro

193 2172 278 2227 illo
305 2173 519 2231 laneum
556 2177 831 2246 subderet,
857 2178 1184 2248 iocularibus
1230 2180 1390 2234 etiam
1443 2178 1654 2235 facetiis
1692 2180 1773 2233 lu~

186 2261 330 2331 dens,
369 2281 492 2322 cum
519 2280 644 2324 esse
668 2268 800 2325 illud
827 2271 879 2324 in
906 2271 1174 2341 rigoribus
1200 2271 1456 2343 algidum,
1482 2271 1584 2326 hoc
1609 2285 1773 2341 vapo-

185 2372 316 2426 rum,
342 2374 634 2416 onerosum
665 2361 793 2417 illud
830 2364 882 2417 in
909 2364 1183 2420 aestatibus
1205 2364 1427 2429 diceret,
1463 2366 1563 2419 hoc
1584 2378 1773 2421 rursus

185 2451 275 2508 sub
321 2453 609 2510 ardoribus
654 2454 833 2511 ﬂabile
886 2474 905 2509 ι
938 2456 1181 2529 (Arnob.,
1214 2459 1313 2512 loc.
1356 2456 1492 2529 cit.).
1520 2458 1772 2513 Clemens

184 2545 314 2599 enim
346 2547 743 2604 Alexandrinus
779 2549 990 2605 dixerat
1018 2567 1032 2602 :
1063 2554 1323 2612 Διονύσιος
1373 2548 1400 2605 ὁ
1444 2552 1715 2623 τύραννος,
1745 2551 1772 2605 ὁ

182 2643 432 2718 νεώτερος,
454 2645 514 2699 τὸ
538 2644 735 2717 ἱμάτιον
778 2646 835 2700 τὸ
864 2647 1093 2722 χρύσεον
1123 2646 1469 2721 περιελόμενος
1517 2650 1612 2698 τοῦ
1663 2648 1773 2706 Διὸς

181 2733 223 2787 ἐν
263 2737 470 2814 Σικελίᾳ,
498 2740 815 2813 προσέταξεν
845 2742 983 2813 αὐτῷ
1009 2742 1179 2816 ἐρέουν
1204 2743 1529 2816 περιτιθέναι,
1558 2744 1771 2818 χαριέν-

178 2847 269 2887 τως
290 2832 473 2903 φήσας,
510 2836 663 2886 τοῦτο
688 2827 891 2905 ἄμεινον
919 2827 1047 2887 εἶναι
1069 2836 1161 2886 τοῦ
1190 2834 1449 2907 χρυσίου,
1483 2836 1572 2887 καὶ
1594 2832 1773 2911 θέρους

179 2920 462 2998 κουφότερον
491 2963 510 2988 ,
564 2925 654 2977 καὶ
717 2923 909 3000 κρύους
968 2922 1298 2999 ἀλειινότερον
1362 2921 1595 2993 (Clem.,
1666 2924 1767 2978 loc.

180 3010 300 3081 cit.).
351 3015 639 3085 Dionysius
665 3024 915 3086 tyrannus
954 3015 1128 3085 iunior
1172 3030 1287 3068 cum
1327 3028 1537 3068 auream
1583 3024 1772 3069 uestem

180 3099 285 3156 ,ισοξ
300 3104 594 3162 abstulisset
619 3108 674 3161 in
697 3106 881 3163 Sicilia
901 3150 915 3176 ,
933 3110 1090 3178 jussit
1110 3123 1226 3162 eum
1249 3107 1398 3162 indui
1419 3108 1540 3162 lana
1560 3150 1575 3173 ,
1609 3112 1771 3179 facete

1891 511 2175 572 utrumque
2206 503 2448 577 Dionysii
2502 517 2609 562 tam
2639 507 2810 567 audax
2845 508 3071 579 facinus,
3128 511 3344 583 utrique
3385 513 3487 569 deo

1890 605 1995 650 tam
2040 595 2359 664 probrosum
2385 640 2400 664 ,
2435 598 2578 661 illico
2629 611 2819 657 neuter
2856 602 3182 659 vindicavit?
3223 602 3330 659 Cur
3377 613 3486 663 tam

1888 689 2112 759 patienti
2141 692 2324 745 animo
2351 690 2619 758 toleravit,
2660 703 2714 749 et
2750 695 2886 763 alter
2916 678 3145 766 quidem
3193 696 3484 763 deformari

1892 780 2100 839 vultum
2134 800 2309 852 suum,
2344 785 2482 838 alter
2523 795 2703 843 autem
2732 801 2830 843 suo
2859 796 3176 843 ornamento
3200 789 3334 845 adeo
3374 800 3487 847 tur-

1888 876 2029 945 piter
2063 860 2322 945 spoliari?
2352 876 2461 943 Cur
2485 877 2646 942 ambo
2692 878 2767 932 illi
2798 878 2872 947 dii
2912 880 3101 947 merita
3146 881 3353 937 ultione
3380 898 3488 949 non

1889 970 2330 1035 demonstrarunt
2359 988 2417 1027 se
2447 973 2498 1027 in
2533 973 2834 1033 simulacris
2862 975 2993 1039 suis,
3022 975 3095 1029 uti
3124 976 3352 1046 gentiles
3373 976 3488 1051 opi-

1888 1064 2156 1129 nabantur
2180 1106 2195 1132 ,
2230 1076 2527 1135 prmsenles
2564 1081 2707 1133 esse,
2762 1076 2922 1136 ataue
2972 1068 3186 1137 illorum
3227 1070 3481 1129 custodes

1888 1171 1952 1211 ac
1974 1158 2325 1223 defensores?
2349 1158 2542 1222 Verum
2568 1160 2653 1233 hi,
2688 1177 2706 1209 ι
2746 1161 2813 1219 ita
2838 1144 3073 1222 ludibrio
3099 1162 3260 1217 habiti
3285 1171 3429 1231 sunt,
3462 1181 3481 1225 ι

1886 1250 2062 1321 inquit
2091 1253 2447 1318 Ambrosius,
2494 1264 2549 1311 ut
2591 1270 2765 1323 neque
2810 1254 3020 1324 Jupiter
3073 1266 3280 1313 vestem
3331 1272 3485 1325 suam

1887 1341 2182 1399 defendere
2233 1345 2505 1415 potuerit,
2562 1361 2662 1407 nec
2710 1346 2933 1413 barbam
2965 1346 3339 1418 Esculapius,
3387 1365 3487 1407 nec

1887 1434 2085 1513 Apollo
2109 1436 2286 1492 adhuc
2319 1437 2617 1508 pubescere
2644 1439 2905 1508 coeperit,
2937 1455 3111 1509 neque
3142 1455 3331 1496 omnes
3355 1482 3369 1506 ,
3396 1442 3485 1513 qui

1890 1530 2141 1599 dicuntur
2164 1530 2237 1597 dii
2261 1532 2839 1601 retrahere-potuerint
2868 1544 3091 1604 patenas
3113 1575 3127 1598 ,
3160 1549 3293 1605 quas
3340 1544 3487 1591 tene-

1889 1624 2050 1693 bant.
2075 1642 2181 1693 non
2210 1636 2314 1685 tam
2350 1626 2473 1681 furti
2520 1636 2725 1693 reatum
2756 1628 3008 1685 timentes
3029 1670 3044 1694 ,
3078 1644 3235 1701 quam
3267 1644 3485 1687 sensum

1887 1735 1995 1781 non
2048 1720 2329 1789 habentes.
2351 1718 2482 1789 Quis
2511 1722 2669 1791 igitur
2700 1737 2794 1777 eos
2819 1722 2991 1799 colat,
3026 1722 3117 1797 qui
3158 1738 3256 1778 nec
3298 1722 3487 1780 delen-

1808 1810 1857 1881 Β
1883 1812 2015 1873 dere
2042 1828 2131 1881 se,
2165 1815 2316 1886 quasi
2348 1814 2454 1880 dii,
2491 1829 2589 1873 nec
2628 1812 3001 1887 abscondere,
3046 1815 3197 1887 quasi
3232 1813 3483 1873 homines

1874 1907 2141 1976 possunt?
2172 1925 2190 1958 ι
2229 1906 2525 1976 (Ambros.,
2548 1905 2639 1963 lib.
2664 1921 2700 1965 ιι
2725 1906 2786 1973 de
2830 1905 3110 1981 Virginib.,
3142 1923 3257 1981 cap.
3286 1907 3341 1977 5,
3371 1905 3400 1983 ς
3429 1908 3484 1976 7,

1874 2017 1998 2077 pag.
2027 1999 2178 2071 ιη.)

1945 2092 2129 2162 Neque
2158 2100 2241 2157 est
2266 2107 2396 2147 sane
2424 2091 2565 2167 quod
2593 2091 2837 2147 ethnicus
2865 2092 3050 2153 nescio
3076 2092 3195 2165 quis
3223 2107 3346 2148 cum
3373 2092 3487 2148 νο·
3557 2151 3562 2157 ,

1874 2181 2010 2249 lerio
2033 2178 2265 2245 Maximo
2288 2183 2441 2238 nobis
2466 2183 2685 2257 objiciat
2702 2227 2716 2255 ,
2744 2185 2955 2251 tametsi
2980 2183 3268 2257 Dionysius
3299 2182 3479 2245 debita

1875 2276 2137 2355 supplicia
2165 2292 2273 2339 non
2324 2276 2645 2345 exsolverit,
2680 2277 2831 2331 illum
2866 2286 3044 2335 tamen
3076 2272 3343 2333 dedecore
3387 2276 3485 2336 lilii

1875 2383 2063 2440 poenas
2093 2377 2212 2445 post
2238 2379 2465 2423 mortem
2514 2367 2766 2431 dedisse,
2810 2384 2944 2441 quas
2998 2370 3150 2423 vivus
3196 2367 3480 2439 effugerat.

1875 2458 2011 2513 Nam
2043 2456 2134 2513 ille
2160 2458 2372 2513 debitas
2402 2475 2508 2514 non
2543 2469 2781 2528 paterna:
2832 2461 2926 2515 sed
2974 2474 3084 2515 sua:
3114 2459 3478 2529 crudelitaits,

1878 2552 1953 2606 uti
1984 2566 2049 2606 ex
2080 2550 2342 2606 Atlueneo
2364 2592 2378 2614 ,
2408 2561 2463 2606 et
2502 2550 2715 2606 Justino
2744 2551 3161 2619 historico,satis
3187 2554 3476 2623 probatur,

1875 2656 2065 2714 putans
2094 2644 2311 2713 pertulit
2336 2643 2587 2717 (At/item,
2635 2645 2725 2700 lib.
2760 2658 2842 2701 xu
2880 2642 3155 2717 Deipnos.,
3190 2661 3308 2717 pag.
3340 2644 3479 2710 5M;

1873 2734 2069 2790 Justin.
2100 2779 2114 2802 ,
2144 2734 2283 2791 Ilist.
2318 2738 2405 2792 lib.
2432 2752 2542 2803 nt,
2577 2750 2694 2810 cap.
2728 2736 2763 2791 2
2790 2749 2836 2792 et
2859 2737 2952 2811 5);
2995 2739 3136 2795 unde
3156 2738 3379 2795 Ovidius
3412 2737 3480 2793 de

1875 2827 1973 2882 illo
2003 2830 2119 2883 haec
2148 2828 2377 2884 canebat
2410 2847 2424 2882 :

1969 2936 2057 2988 ille
2082 2939 2505 3009 §yracosiaﬂmodo
2527 2941 2812 3009 formidatus
2828 2946 2879 2994 iu
2905 2946 3050 3009 urbe,

2091 2992 2187 3053 Vix
2213 2992 2385 3055 humili
2404 2992 2574 3054 duram
2597 2992 2817 3070 reppulit
2830 2992 3161 3057 artefaiiiem.

2029 3086 2216 3155 (ϐάρι,
2239 3089 2321 3141 lib.
2346 3105 2413 3151 tv,
2429 3089 2568 3155 epist.
2591 3104 2655 3143 ea;
2679 3094 2827 3142 Pent.
2850 3090 3013 3156 Epist.
3031 3094 3080 3155 5,
3104 3104 3219 3160 pag.
3243 3093 3382 3158 328.)

182 3194 338 3253 dicens
357 3241 370 3265 ,
399 3217 518 3255 eam
537 3217 646 3255 esse
672 3217 828 3255 aurea
849 3202 1128 3267 meliorem,
1158 3209 1214 3253 ut
1232 3215 1347 3270 qua
1370 3210 1567 3255 essetet
1590 3209 1768 3257 testate
1795 3198 1840 3275 (ᾗ
1944 3192 2079 3267 Quid
2102 3213 2234 3254 vero
2251 3240 2265 3265 ,
2297 3197 2438 3269 quod
2465 3198 2653 3254 Cicero
2680 3198 2795 3268 ipse
2815 3241 2829 3263 ,
2860 3198 2957 3254 etsi
2989 3198 3207 3273 gentilis
3229 3243 3243 3265 ,
3272 3200 3465 3255 eodem

183 3285 344 3357 levior,
376 3302 423 3346 et
448 3294 632 3364 hyeme
650 3292 887 3346 calidior.
936 3293 1012 3348 De
1041 3302 1267 3363 utraque
1306 3292 1393 3348 illa
1425 3293 1573 3348 Jovis
1595 3302 1769 3349 statua
1874 3292 2031 3364 plane
2062 3291 2221 3348 modo
2283 3308 2388 3366 quo
2432 3301 2619 3348 auctor
2650 3302 2835 3348 noster
2858 3337 2873 3361 ,
2921 3293 3116 3364 aliique
3164 3294 3474 3349 Christianae

181 3380 229 3434 in
246 3386 507 3454 superiori
530 3385 833 3456 Apparatus
853 3387 1021 3441 nostri
1046 3396 1194 3442 torno
1211 3386 1565 3441 disseruimus
1589 3389 1771 3456 (tcum
1874 3385 2152 3456 religionis
2181 3383 2497 3441 defensores
2519 3425 2535 3451 ,
2571 3400 2635 3440 ex
2666 3384 2904 3458 Dionysii
2928 3387 3094 3457 patris
3122 3384 3262 3441 facto
3309 3402 3472 3456 argu-

180 3472 441 3545 Apparat.,
468 3479 562 3534 lib.
586 3495 674 3545 ιιι,
702 3480 903 3533 dissert.
933 3496 985 3543 ι,
1015 3497 1128 3549 cap.
1159 3479 1225 3545 8,
1257 3490 1352 3534 art.
1380 3480 1417 3533 σε
1445 3490 1491 3535 et
1521 3482 1557 3535 5
1594 3524 1608 3537 .
1643 3497 1765 3553 pag.

183 3566 276 3623 757
304 3583 347 3626 et
368 3575 523 3645 745).
549 3574 620 3629 At
647 3575 698 3629 in
726 3574 1030 3630 simulacris
1060 3576 1173 3630 suis
1193 3618 1207 3639 ,
1240 3575 1413 3645 arguit
1463 3577 1731 3631 Arnobius
1751 3619 1766 3640 ,

182 3660 221 3714 si
247 3662 313 3719 dii
360 3666 728 3737 habitassent,
780 3683 953 3740 neque
998 3669 1294 3725 Antiochus
1321 3679 1378 3725 et
1405 3670 1689 3742 Dionysius
1715 3672 1766 3725 id

182 3756 424 3820 fecissent
475 3766 727 3843 impune;
762 3780 939 3836 neque
959 3765 1165 3835 Jupiter
1193 3775 1299 3819 tam
1327 3765 1589 3836 patienter
1628 3764 1769 3821 ferre

182 3859 432 3923 potuisset
452 3861 595 3915 tales
625 3867 906 3930 tantasque
951 3857 1305 3914 contumelias
1331 3900 1344 3921 ,
1388 3859 1489 3913 sibi
1516 3860 1585 3913 ab
1610 3859 1764 3913 inllr.

181 3946 276 4001 mis
300 3949 611 4009 hominibus
641 3968 746 4008 non
774 3953 893 4008 sine
936 3952 1183 4006 irrisione
1231 3951 1427 4005 illatas.
1472 3951 1593 4022 Ipse
1619 3952 1763 4006 enim

184 4035 295 4095 illas
321 4058 426 4100 non
464 4055 810 4117 esspectato,
845 4045 917 4098 uti
947 4045 999 4097 in
1044 4044 1323 4112 superiore
1360 4044 1589 4098 articulo
1621 4043 1762 4101 dixi-

181 4142 309 4200 mus,
340 4137 503 4194 ullius
518 4138 745 4211 alterius
774 4137 993 4202 auxilio,
1025 4136 1205 4192 statim
1238 4133 1383 4190 ultus
1410 4135 1617 4191 fuisset.

243 4222 419 4302 Pergit
442 4241 634 4289 auctor
660 4241 844 4289 noster
867 4240 1029 4304 atque
1066 4231 1312 4289 eumdem
1346 4232 1659 4303 Dionysium
1687 4232 1761 4287 si-

180 4317 369 4377 militer
398 4328 577 4381 adhuc
596 4327 834 4397 jocatum
871 4340 994 4382 esse
1022 4335 1222 4391 narrat,
1245 4340 1365 4380 cum
1394 4324 1760 4395 (Esculapium

181 4411 498 4480 amplissima
524 4419 684 4473 barba
715 4432 875 4473 aurea
901 4420 1160 4489 spoliaret
1186 4437 1199 4473 :
1229 4435 1248 4469 ι
1284 4418 1510 4474 Facinus
1544 4436 1563 4470 ι
1591 4420 1765 4473 enim-

181 4512 302 4558 vero
320 4545 335 4570 ,
374 4526 394 4560 ι
428 4522 552 4565 esse
580 4509 791 4565 dicebat
815 4511 1089 4581 indignum
1108 4553 1122 4575 ,
1153 4525 1221 4565 ex
1248 4510 1493 4581 Apolline
1514 4524 1763 4579 procre-

1872 3487 2145 3533 menlatur
2181 3496 2195 3531 :
2234 3496 2254 3529 ι
2294 3477 2445 3532 Hunc
2486 3476 2676 3548 igitur,
2717 3498 2735 3530 ι
2768 3479 2968 3547 inquit,
3008 3496 3027 3529 ι
3065 3494 3162 3533 nec
3192 3475 3471 3550 Olympius

1871 3572 2080 3645 Jupiter
2120 3572 2345 3629 fulmine
2396 3573 2682 3643 percussit,
2739 3587 2839 3628 nec
2886 3572 3227 3643 Esculaplus
3272 3572 3470 3628 misero

1871 3668 2232 3738 diuturnoque
2273 3666 2465 3722 morbo
2494 3667 2916 3723 intabescentem
2947 3666 3254 3736 interemitl,
3308 3676 3471 3738 atquc

1870 3762 1925 3816 in
1966 3775 2064 3816 suo
2093 3759 2290 3815 lectulo
2322 3768 2563 3815 mortuus
2583 3802 2597 3824 ,
2622 3760 2675 3813 in
2698 3759 3046 3831 Tympanidis
3075 3775 3264 3831 rogum
3288 3758 3469 3815 illatus

1869 3862 1954 3911 est
1970 3897 1985 3919 ,
2008 3868 2303 3923 eorumque
2324 3860 2642 3923 potestatem
2665 3894 2680 3919 ,
2709 3868 2868 3925 quam
2894 3854 3009 3924 ipse
3032 3869 3129 3925 per
3157 3854 3332 3911 scelus
3353 3866 3471 3910 erat

1869 3955 2089 4011 nactus,
2120 3946 2271 4016 quasi
2298 3930 2498 4017 justam
2530 3955 2584 3999 et
2633 3946 2925 4017 legitimam
2972 3945 3303 4003 hcereditatis
3347 3948 3468 4003 loco

1868 4038 1980 4093 lilio
2013 4038 2230 4092 tradidit
2264 4054 2283 4091 ι
2318 4035 2534 4110 (Cicer.,
2564 4037 2663 4092 loc.
2693 4039 2826 4104 cit.).

1936 4127 2047 4185 Nec
2072 4128 2344 4184 ethnicum
2379 4129 2708 4199 respondere
2724 4130 2875 4205 juvat
2900 4128 3049 4197 illas,
3084 4148 3204 4207 qua:
3232 4147 3464 4187 nomint-

1866 4220 1966 4276 bus
1986 4221 2265 4283 videntur.
2294 4220 2653 4277 contumelias
2678 4265 2694 4289 ,
2742 4238 2912 4293 eaque
2942 4224 3229 4295 Opprobria
3248 4266 3263 4291 ,
3292 4239 3321 4277 a
3364 4222 3465 4277 diis

1865 4317 1939 4371 ita
1969 4316 2129 4387 plane
2170 4315 2391 4387 negligi,
2421 4324 2475 4370 et
2497 4315 2681 4372 haberi
2709 4331 2808 4387 pro
2835 4316 3026 4385 nihilo,
3058 4330 3114 4372 ut
3143 4317 3462 4388 supplicium

1865 4408 1934 4465 de
1980 4408 2085 4464 illis
2135 4423 2349 4463 sumere
2393 4420 2500 4463 nan
2555 4410 2884 4464 curaverint.
2915 4406 3030 4476 Qua
3059 4410 3203 4465 enim
3250 4410 3463 4471 fronte,

1866 4511 2018 4571 urget
2047 4500 2355 4577 Arnobius,
2389 4514 2561 4571 quave
2587 4499 2750 4553 animi
2778 4500 3196 4570 tranquillitate,
3240 4515 3338 4557 seu
3370 4518 3464 4572 po-

182 4596 285 4646 tum
311 4595 411 4654 levi
433 4601 639 4671 glabro,
664 4602 1046 4672 simillimoquc
1069 4601 1354 4671 impuberl,
1388 4600 1457 4656 ita
1480 4601 1758 4657 barbatum
1785 4589 1843 4661 D
1870 4595 1975 4650 tius
1995 4594 2306 4666 stupiditate
2336 4593 2408 4648 dii
2439 4593 2670 4648 tolerare
2698 4600 2987 4664 potuerunt
3017 4608 3125 4649 non
3155 4595 3326 4651 solum
3369 4597 3459 4653 illa

184 4679 343 4743 ﬁlium
392 4691 552 4765 fingi;
585 4696 713 4749 utin
740 4696 958 4764 ancipiti
1004 4695 1360 4763 relinquatur,
1409 4704 1532 4749 uter
1575 4710 1761 4751 eorum

183 4785 325 4842 Pater
350 4784 439 4852 sit,
473 4796 593 4840 uter
639 4787 801 4853 illius,
832 4788 996 4840 immo
1021 4802 1087 4840 an
1112 4788 1220 4841 sint
1246 4787 1461 4856 generis
1488 4797 1543 4842 et
1567 4802 1765 4856 cogna-

184 4867 336 4927 tionis
363 4880 522 4935 unius
553 4896 572 4930 ι
610 4878 848 4952 (Ανηοὺη
889 4878 976 4934 lib.
1005 4894 1079 4943 vt,
1132 4896 1251 4951 pag.
1298 4878 1451 4949 206).
1497 4879 1763 4950 Numquid

186 4972 213 5011 a
239 4977 360 5021 vero
397 4971 445 5026 is
473 4974 697 5027 multum
722 4971 1074 5037 aberraverlt,
1105 4973 1198 5042 qui
1224 4972 1365 5027 istud
1388 4986 1455 5028 ex
1485 4974 1568 5027 his
1610 4974 1762 5029 Cice—

185 5056 324 5111 ronis
348 5064 527 5121 verbis
545 5064 858 5135 decerptum
902 5079 1023 5120 esse
1069 5066 1419 5135 opinabitur:
1450 5084 1469 5117 ι
1507 5065 1762 5135 idemque

188 5141 494 5224 Dionysius,
533 5176 552 5213 ι
590 5160 862 5229 inquiebat
902 5158 1126 5213 Latinus
1165 5157 1377 5224 Orator,
1408 5177 1428 5211 ι
1466 5157 1757 5229 [Εςοιιιοιιὶἰ

187 5236 446 5310 EPidaurii
478 5255 695 5310 barbam
741 5268 960 5311 auream
988 5254 1130 5311 demi
1180 5254 1357 5325 jussit.
1385 5254 1568 5325 Neque
1609 5255 1755 5311 enim

189 5347 475 5403 convenire
504 5346 783 5403 barbatum
826 5360 949 5404 esse
998 5348 1198 5415 lilium,
1231 5364 1351 5403 cum
1403 5349 1455 5403 in
1509 5348 1759 5403 omnibus

191 5422 320 5486 fanis
341 5447 494 5505 pater
517 5439 777 5495 imberbis
800 5451 943 5496 esset
981 5458 999 5491 ι
1029 5440 1237 5515 (Cicer.,
1267 5441 1356 5496 lib.
1387 5457 1443 5497 ιιι
1469 5442 1533 5496 de
1563 5440 1754 5495 Natur.

192 5514 348 5590 ἀθοι.
372 5544 487 5602 pag.
515 5528 669 5603 259).
706 5532 903 5588 Eadem
930 5533 998 5587 de
1034 5514 1262 5605 atroque
1313 5532 1550 5606 Dionysii
1594 5534 1759 5602 impio

194 5606 417 5679 facinore
452 5624 702 5682 Valerius
757 5626 1049 5694 Maximus,
1097 5628 1434 5694 Lactantius,
1483 5627 1760 5694 Elianus,

190 5710 339 5773 θυιυθ
357 5715 470 5774 allii
490 5718 788 5774 retulerunt
819 5716 966 5790 (Val.
994 5719 1174 5786 llam,
1206 5720 1294 5775 lib.
1327 5733 1381 5785 ι,
1423 5734 1543 5792 cap.
1567 5719 1670 5793 9,§
1705 5721 1760 5787 5,

183 5807 292 5866 "9-
322 5802 434 5880 θοις
460 5810 718 5879 Laetam,
752 5812 840 5867 lib.
872 5828 941 5880 ιι,
966 5829 1082 5883 cap,
1109 5812 1164 5881 4,
1189 5828 1311 5885 pag.
1344 5812 1481 5882 157;
1531 5812 1763 5882 Ellam,

1872 4687 2034 4756 impia
2062 4687 2460 4757 Dionysiorum,
2492 4685 2824 4741 et‘Autiochi
2852 4685 3024 4753 facta;
3058 4686 3153 4743 sed
3174 4688 3273 4743 alia
3297 4691 3459 4747 etiam

1869 4779 2171 4834 execranda
2193 4821 2207 4845 ,
2243 4792 2342 4834 nec
2364 4780 2483 4834 sine
2497 4776 2723 4834 horrore
2744 4779 3072 4835 nominanda
3097 4781 3317 4854 ﬂagitia,
3341 4800 3460 4854 quae

1871 4872 2382 4943 aPhilostepbano,
2436 4882 2492 4929 et
2544 4875 2833 4946 Posidippo
2885 4879 3161 4934 memorlze
3208 4878 3459 4938 mandata

1869 4969 2031 5023 sunt?
2062 4967 2273 5023 Primus
2294 4968 2435 5022 enim
2455 5010 2469 5035 ,
2505 4986 2524 5020 ι
2556 4969 2607 5023 in
2638 4965 2945 5041 Cypriacis,
2979 4990 2999 5025 ι
3026 4975 3102 5028 ait
3128 4984 3313 5031 auctor
3337 4988 3461 5030 nos-

1868 5071 1951 5117 ter
1968 5103 1983 5128 ,
2019 5079 2038 5112 ‹
2077 5072 2265 5116 auctor
2289 5069 2373 5117 est
2392 5062 2814 5134 Pygmalionem,
2838 5081 3017 5140 regem
3031 5068 3213 5141 Cypri,
3241 5069 3460 5126 simula-

1864 5170 2016 5211 crum
2044 5155 2290 5223 Veneris,
2322 5156 2464 5225 quod
2497 5160 2795 5215 sanctitatis
2826 5162 2967 5232 apud
2998 5163 3245 5235 Cyprios,
3289 5174 3345 5219 et
3367 5179 3455 5222 re-

1863 5248 2074 5319 ligionis
2092 5249 2652 5325 habebaturantiquae,
2671 5254 2950 5310 adamasse
2969 5268 3023 5310 ut
3037 5255 3359 5314 feminam...
3378 5273 3458 5315 so-

1862 5340 2015 5396 litum
2035 5341 2314 5399 sublevato
2337 5344 2388 5398 in
2414 5344 2671 5401 lectulum
2690 5347 2908 5401 numine
2929 5349 3233 5418 copularier
3247 5351 3454 5422 ample-

1866 5432 2133 5492 xibus.....
2166 5436 2442 5493 Consimili
2469 5439 2683 5495 ratione
2714 5438 3039 5512 Posidippus
3085 5441 3139 5496 in
3188 5456 3256 5499 eo
3276 5443 3451 5512 libro,

1862 5544 2021 5603 quem
2054 5532 2308 5604 scriptum
2336 5548 2499 5603 super
2519 5531 2694 5588 ﬂuido
2722 5531 2957 5601 indicat,
2990 5549 3260 5608 superque
3290 5539 3455 5596 rebus

1864 5625 2013 5695 ejus,
2062 5625 2455 5681 adolescentem
2489 5624 2630 5681 haud
2676 5626 2963 5697 ignobilem
3011 5641 3308 5701 memorat;
3359 5636 3455 5692 sed

1865 5718 2181 5775 vocabulum
2203 5718 2319 5788 ejus
2348 5717 2616 5783 obscurat,
2650 5728 2958 5790 correptum
2984 5723 3257 5781 amoribus
3283 5725 3454 5783 Vene-

1868 5812 1944 5867 ris
1965 5853 1982 5879 ,
2024 5819 2243 5884 propter
2270 5825 2427 5881 quam
2467 5806 2665 5867 Cnidus
2689 5810 2744 5867 in
2775 5813 2995 5871 nomine
3025 5824 3110 5872 est
3129 5856 3144 5883 ,
3168 5820 3457 5876 amatorias
