3978 6298
465 333 559 388 63!

464 547 643 617 signo,
687 542 980 615 genialibus
1009 540 1184 597 fusum
1213 541 1362 606 toris,
1395 550 1449 595 et
1488 539 1824 611 voluptatum
1860 554 2056 596 conse-

464 639 739 709 quentium
769 634 994 690 ﬁnibus»
1023 633 1263 707 (Arnob,
1292 633 1381 688 lib.
1404 649 1499 700 vn,
1529 651 1648 705 pag.
1679 632 1781 689 106
1801 634 2051 706 etseqq.).

463 734 532 786 At
561 732 675 786 haec
704 745 916 786 rursum
963 729 1050 784 ille
1075 743 1141 784 ex
1168 728 1442 784 Clemente
1462 727 1828 784 Alexandrino
1851 738 2061 784 mutua-

461 833 547 879 tus
571 835 671 879 est.
718 822 962 877 Totidem
1009 824 1208 892 quippe
1260 821 1375 876 h:cc
1425 820 1566 875 illius
1595 830 1721 876 sunt
1767 821 1925 875 verba
1952 839 1971 876 :
1999 821 2057 877 ‘0

462 922 682 994 Κύπριος·
711 917 737 972 ὁ
764 917 1059 991 Πυγμαλίων
1087 918 1272 977 ἐκεῖνος
1309 915 1619 989 ἐλεφαντίνου
1656 916 1850 991 ἠράσθη
1905 916 2059 989 ὰγὰλο

459 1031 643 1083 ματος.
672 1011 729 1064 τὸ
757 1006 964 1083 ἄγαλμα
988 1004 1279 1083 Ἀφροδίτης
1304 1003 1384 1070 ἧν,
1406 1010 1494 1061 καὶ
1511 1011 1675 1079 γυμνή
1699 1003 1777 1066 ἧν·
1804 1011 2009 1062 νικᾶται
2032 1005 2059 1060 ὁ

460 1106 680 1179 Κύπριος
705 1110 778 1174 τῷ
810 1104 1073 1173 σχήματι,
1111 1103 1197 1153 καὶ
1226 1100 1543 1174 συνέρχεται
1568 1106 1642 1172 τῷ
1670 1099 1941 1173 ἀγάλματι.
1974 1102 2060 1154 καὶ

460 1202 614 1252 τοῦτο
638 1196 998 1268 Φιλοστέφανος
1025 1194 1235 1268 ἱστορεῖ.
1268 1190 1531 1266 ’Λφροδίτη
1560 1190 1615 1247 δὲ
1641 1189 1760 1252 ἄλλη
1782 1195 1832 1247 ἐν
1858 1190 2017 1265 Κνίδῳ
2039 1234 2054 1259 ,

460 1290 591 1350 λίθος
611 1286 689 1354 ἧν,
719 1292 804 1343 καὶ
827 1288 952 1347 καλὴ
974 1285 1254 1363 ἦνπὲτερος
1279 1289 1474 1362 ἠράσθη
1503 1289 1719 1349 ταύτης,
1752 1290 1839 1340 καὶ
1876 1290 2057 1360 pi.va

461 1407 546 1440 ται
570 1392 643 1457 τῷ
665 1384 800 1457 λίθῳ.
833 1381 1144 1443 Ποσίδιππος
1188 1383 1402 1456 ἱστορεῖ·
1436 1382 1463 1436 ὁ
1511 1384 1601 1454 μὲν
1626 1382 1877 1458 «perspe;
1908 1383 1955 1435 ἐν
1984 1389 2058 1456 τῷ

459 1482 582 1555 περὶ
617 1475 896 1554 Κύπρου,ὀ
927 1474 981 1531 δέ
1016 1476 1190 1551 ἔτερος
1215 1476 1263 1528 ἐν
1308 1483 1382 1548 τῷ
1421 1479 1542 1552 περὶ
1581 1473 1757 1530 Κνίδου
1784 1472 2058 1546 (Clemens

459 1571 769 1630 Alexaudr..
796 1569 1034 1623 Admonit
1079 1567 1148 1620 ad
1194 1577 1354 1638 gent.,
1407 1584 1525 1639 pag.
1559 1569 1676 1636 58).
1746 1565 2057 1639 Pygmalion

461 1665 550 1719 ille
573 1662 793 1736 Cyprius
819 1663 1090 1717 eburneam
1115 1661 1304 1714 amavit
1333 1670 1593 1726 statuam;
1615 1668 1722 1713 erat
1752 1675 1813 1712 ea
1841 1659 2055 1713 simula-

461 1775 603 1812 crum
646 1756 869 1821 Veneris,
896 1769 943 1811 et
967 1762 1074 1811 erat
1101 1755 1317 1810 nudum.
1351 1753 1586 1811 uocetur
1616 1755 1782 1825 ﬁgura
1811 1751 2051 1822 Cyprius,

463 1864 509 1909 et
539 1855 639 1908 coit
681 1869 799 1906 cum
844 1852 1085 1923 imagine,
1125 1860 1175 1905 et
1223 1850 1318 1903 hoc
1364 1860 1542 1902 narrat
1589 1846 2048 1916 Philostephanus.
2084 1839 2131 1899 B

470 1945 642 2002 Venus
669 1956 835 2000 autem
857 1945 961 1999 alia
983 1945 1038 1998 in
1068 1942 1230 1999 Cnido
1259 1951 1368 1995 erat
1390 1941 1523 2009 lapis
1541 1982 1554 2005 ,
1594 1950 1641 1994 et
1661 1950 1770 1994 erat
1801 1939 2048 2009 pulchra,

463 2042 599 2095 alius
623 2056 731 2093 eam
758 2038 965 2106 amavit,
999 2047 1045 2092 et
1072 2052 1188 2090 cum
1212 2036 1384 2106 lapide
1421 2033 1629 2088 Veneris
1669 2034 1815 2088 habet
1840 2049 2051 2088 consue-

467 2136 713 2201 tuainem,
742 2144 795 2188 ut
840 2126 996 2205 refert
1029 2131 1385 2201 Posidippus;
1417 2132 1559 2202 prior
1582 2130 1786 2201 quidem
1806 2130 1860 2183 iu
1887 2129 2055 2200 Opere

464 2232 529 2284 de
549 2229 740 2301 Cypro,
762 2228 891 2283 alter
910 2244 1026 2282 vero
1047 2228 1101 2281 in
1130 2225 1294 2296 Opere
1356 2225 1420 2279 de
1458 2223 1643 2279 Cnido.
1678 2223 1888 2280 Videsis
1934 2238 2054 2293 quae

464 2327 533 2383 de
560 2327 625 2382 iis
654 2327 707 2380 in
736 2325 910 2396 primo
937 2324 1238 2394 Apparatus
1265 2320 1434 2375 nostri
1471 2329 1617 2374 tomo
1654 2318 2050 2374 adnotavimus.

465 2424 613 2497 (tom.
643 2424 935 2496 iApparat.
958 2419 1045 2475 lib.
1084 2434 1161 2485 ιιι,
1192 2417 1417 2482 dissert.,
1450 2433 1490 2483 ι,
1513 2431 1628 2487 cap.
1657 2417 1712 2484 8,
1742 2417 1902 2482 στω,
1932 2431 2051 2487 pag.

464 2518 570 2574 745
590 2517 631 2590 ).

536 2612 767 2669 Ubinam
796 2613 956 2684 igitur
980 2611 1242 2681 gentium,
1275 2610 1350 2664 ait
1372 2608 1662 2677 Arnobius,
1693 2618 1812 2664 erat
1830 2618 2056 2679 utraque

464 2707 561 2764 illa
586 2706 788 2775 Venus,
808 2721 929 2777 qua:
956 2705 1214 2763 cﬂ'reuem
1241 2716 1294 2761 et
1321 2704 1634 2760 indomitam
1667 2703 1859 2758 horum
1900 2702 2059 2772 juve-

465 2817 593 2857 num
614 2800 962 2871 petulantiam
983 2800 1300 2868 pr0pulsare
1316 2812 1379 2853 ac
1403 2811 1657 2853 coercere
1679 2811 1786 2850 non
1808 2794 2055 2850 curavit?

465 2893 732 2964 Numquid
765 2890 1383 2963 respondebuntethnici
1412 2889 1536 2945 huic
1554 2888 1673 2945 dea:
1719 2887 2054 2958 voluptatum

465 3000 522 3046 et
565 2987 804 3045 libidinis
858 2986 1159 3057 magistrae,
1188 2984 1526 3057 gratissimas
1574 2981 1746 3038 fuisse
1790 2978 2057 3049 ejusmodi

467 3083 855 3140 contumelias?
882 3080 989 3137 Sed
1034 3082 1148 3137 hac
1187 3079 1327 3145 deae,
1354 3079 1431 3133 uti
1458 3075 1760 3132 fatebantur
1785 3074 2013 3144 gentiles
2038 3114 2054 3137 ,

466 3175 920 3233 libidinosissimae
968 3174 1289 3239 simulacra,
1317 3177 1374 3226 et
1415 3167 1819 3225 sceleratissimi
1864 3180 2054 3222 eorum

466 3279 732 3325 amatores
759 3266 1042 3323 ultricibus
1067 3265 1298 3321 flammis
1320 3262 1456 3318 tradi
1478 3262 1660 3331 utique
1685 3259 1971 3315 debebant.

537 3365 801 3421 Cazterum
841 3361 1053 3417 tametsi
1095 3359 1213 3415 dea:
1255 3357 1446 3412 molles
1483 3365 1539 3411 et
1568 3354 1916 3423 voluptuaria:
1942 3354 2059 3408 htec

465 3459 696 3514 libenter
721 3454 1115 3527 permisissent,
1163 3448 1419 3519 numquid
1441 3446 1630 3502 eadem
1661 3446 1889 3499 aliorum
1927 3444 2058 3499 deo-

467 3570 585 3610 rum
616 3552 712 3607 fuit
742 3549 994 3605 mollities
1035 3554 1093 3602 et
1129 3543 1374 3601 socordia
1393 3544 1418 3596 ?
1445 3542 1500 3597 Si
1529 3555 1657 3610 ergo
1698 3538 1869 3609 major
1894 3537 1949 3593 in
1980 3537 2060 3591 eis

450 3648 569 3705 [fuit
612 3644 778 3700 animi
812 3641 1038 3713 :equitas
1077 3649 1132 3695 et
1160 3636 1449 3700 fortitudo‘,
1494 3634 1841 3697 ubinatn,ait
1888 3634 2061 3686 Arno-

468 3742 590 3797 bius
615 3737 740 3807 (lib.
772 3752 859 3800 v1,
899 3751 1019 3805 pag.
1049 3731 1215 3801 207),
1268 3738 1384 3785 erat
1430 3727 1640 3795 Jupiter
1683 3724 2057 3791 Fulminator,

470 3848 592 3888 cum
622 3827 966 3898 Capitolium,
999 3835 1053 3879 ct
1082 3823 1229 3878 ilium
1260 3823 1548 3892 ipsuntntet
1573 3816 1931 3888 Capitolinum
1969 3814 2061 3871 Jo-

469 3938 590 3979 vem
620 3937 740 3979 cum
762 3934 930 3975 more
954 3927 1011 3974 et
1041 3916 1151 3971 lilia
1177 3913 1314 3993 edax
1343 3913 1481 3985 ignis
1507 3911 1667 3967 tcties
1704 3910 1963 3980 corripuit
2007 3917 2062 3964 et

470 4014 808 4085 absumpsit?
839 4013 936 4069 Ubi
962 4012 1102 4067 Juno
1129 4009 1343 4080 Argiva,
1376 4005 1591 4077 quando
1616 4003 1759 4059 illius
1800 4001 2059 4071 templum

471 4125 592 4165 cum
620 4107 900 4163 sacerdote
924 4103 1218 4177 Chryside;
1262 4102 1350 4157 ubi
1374 4099 1593 4170 Serapis
1620 4097 1903 4169 Egyptius
1936 4111 2060 4151 cum

471 4204 646 4269 Iside;
672 4202 759 4256 tibi
782 4199 942 4255 Liber
961 4196 1302 4254 Eleutherius
1324 4211 1445 4251 cum
1471 4192 1727 4259 Athenis;
1756 4192 1842 4246 ubi
1872 4189 2057 4257 Diana,

473 4312 593 4353 cum
626 4293 857 4363 Ephesi;
888 4291 979 4347 ubi
1010 4291 1314 4346 Dodonaeus
1358 4287 1597 4358 Jupiter,
1624 4300 1746 4339 cum
1788 4282 2054 4351 Dodonae;

473 4390 564 4446 ubi
594 4388 827 4459 denique
874 4385 1066 4457 Apollo
1090 4385 1307 4440 divinus
1339 4397 1461 4437 cum
1502 4395 1689 4436 eorum
1740 4378 1967 4447 templa,
2008 4388 2063 4433 et

471 4481 758 4538 simulacra
786 4488 877 4535 aut
923 4479 1152 4550 spoliata
1191 4492 1222 4532 a
1270 4474 1631 4547 praedonibus,
1677 4481 1771 4527 aut
1812 4471 2062 4528 incendio

1702 315 2152 378 DlSSERTATlO
2191 317 2467 375 PBEVIA

464 466 518 508 et
546 455 720 523 ipsum
765 451 1039 507 miscuisse
1081 449 1325 505 lascivias
1364 462 1484 502 cum
1533 447 1774 517 ejusdem
1814 449 2047 504 numinis
2075 452 2128 511 Α

3646 315 3755 372 (ἶὅὲ

2747 458 3039 501 Αιιτιουιυε
3075 458 3150 498 vt.
3233 434 3239 445 ’

2161 555 2445 620 Ostenditur
2466 568 2613 620 quam
2628 556 2813 606 inﬁrma
2833 559 2908 620 sit
2926 556 3232 606 ethnicorum
3247 554 3531 620 responsio,
3555 551 3755 602 simula-

2221 632 2302 669 cra
2325 615 2529 668 deorum
2552 619 2663 681 ideo
2681 619 2972 678 retinenda;
2992 626 3047 668 ut
3082 618 3365 681 imperitum
3386 615 3566 679 vulgus
3579 628 3755 681 eorum

2223 684 2399 731 timore
2440 683 2491 730 in
2529 679 2685 730 cilicio
2709 689 2763 731 et
2797 681 3041 743 religione
3065 677 3427 741 contineretur;
3450 677 3507 730 ac
3543 677 3664 742 quid
3687 691 3758 729 ex

2222 744 2462 793 hactenus
2482 743 2629 794 dictis
2650 742 3003 807 colligendum.

2230 850 2503 906 Postrema
2536 849 2873 905 ethnicorum
2903 849 2969 905 ad
2999 864 3061 905 ea
3079 890 3095 912 ,
3124 864 3247 920 qua:
3275 848 3536 905 hactenus
3563 856 3756 904 contra

2160 945 2414 1002 simulaca
2453 944 2674 1000 deorum
2703 943 3090 1014 disputavimus
3116 942 3477 1017 (Arnob.,lib.
3503 958 3585 1008 ix,
3630 958 3755 1014 pag.

2162 1036 2284 1109 108)
2306 1082 2320 1105 ,
2352 1039 2633 1107 responsio
2663 1046 2798 1104 erat,
2825 1052 2885 1093 se
2926 1037 3100 1107 palam
3149 1035 3348 1091 docere
3392 1035 3524 1090 deos
3554 1036 3607 1089 in
3648 1033 3761 1089 illis

2160 1130 2429 1193 residere,
2462 1131 2714 1200 ipsosque
2761 1144 2884 1185 esse
2920 1129 3072 1195 deos,
3120 1143 3224 1184 non
3256 1127 3472 1200 quidem
3498 1127 3640 1199 quod
3682 1127 3759 1182 ita

2161 1240 2274 1279 rem
2296 1240 2355 1278 se
2380 1224 2577 1280 habere
2602 1224 2900 1290 crederent,
2921 1222 3014 1279 sed
3042 1230 3099 1278 ut
3123 1221 3253 1278 falsa
3271 1222 3371 1278 hac
3386 1221 3755 1291 persuasione,

2160 1331 2223 1373 ac
2254 1318 2601 1388 przesentium
2631 1317 2854 1372 deorum
2882 1325 3090 1372 terrore
3120 1316 3367 1386 imperita
3397 1313 3541 1384 vulgi
3575 1313 3759 1368 multi-

2160 1409 2309 1477 tudo,
2333 1426 2451 1482 quze
2492 1411 2730 1466 maxima
2760 1410 3000 1464 omnium
3042 1408 3315 1464 civitatum
3348 1423 3472 1479 pars
3498 1416 3654 1473 erat,
3701 1408 3757 1463 in

2158 1502 2337 1559 officio
2363 1513 2417 1558 et
2439 1502 2695 1574 religioite
2717 1501 3108 1587 contineretur.
3132 1501 3198 1557 Et
3221 1508 3372 1556 certe
3398 1497 3590 1555 Cicero
3609 1514 3763 1555 eam-

2158 1595 2280 1651 dem
2305 1596 2376 1651 ob
2406 1597 2669 1651 rationem
2691 1595 2943 1651 censebat
2974 1596 3026 1650 in
3054 1594 3276 1650 urbibus
3305 1593 3500 1663 templa
3521 1634 3537 1656 ,
3578 1603 3635 1649 et
3672 1592 3757 1647 lu-

2156 1706 2253 1747 cos
2274 1690 2327 1746 in
2371 1692 2515 1762 agris
2536 1733 2551 1755 ,
2583 1700 2771 1746 contra
2801 1690 3087 1746 Persarum
3124 1688 3447 1744 sententiam
3467 1728 3482 1752 ,
3511 1701 3635 1743 esse
3661 1684 3759 1744 de-

2159 1784 2286 1839 bere
2307 1782 2523 1858 (Cicer.,
2556 1784 2645 1840 lib.
2688 1800 2727 1839 ιι
2773 1784 2837 1839 de
2864 1782 3067 1854 Legib.,
3100 1799 3221 1854 pag.
3248 1780 3401 1853 555).
3432 1780 3508 1835 Ea
3558 1780 3762 1851 quippe

2156 1877 2370 1947 opinio,
2399 1891 2501 1947 qua
2529 1885 2751 1931 cunctas
2791 1874 2988 1940 urbes,
3040 1884 3095 1929 et
3139 1872 3372 1942 templa,
3401 1880 3564 1941 atque
3614 1871 3755 1926 adeo

2156 1970 2439 2025 simulacra
2466 1970 2538 2025 dii
2572 1969 2810 2024 incolere
2854 1966 3186 2034 creduntur,
3221 1964 3535 2037 religionem
3582 1962 3762 2018 aufert

2155 2061 2462 2118 civitatibus
2488 2062 2739 2117 omnibus
2759 2061 2946 2117 utilem
2972 2102 2987 2127 ,
3017 2075 3079 2115 ac
3101 2057 3347 2115 homines
3364 2056 3606 2128 singulos
3633 2054 3760 2111 red-

2156 2157 2233 2213 dit
2260 2159 2522 2213 castiores
2548 2168 2603 2214 et
2629 2157 3002 2229 religiosiores

2227 2253 2299 2309 At
2319 2270 2476 2324 quem
2498 2296 2513 2321 ,
2556 2252 2850 2323 reSpondet
2881 2251 3152 2308 Arnobius
3193 2250 3450 2323 (Arnob.,
3506 2250 3606 2304 loc.
3639 2247 3757 2319 cit.)

2159 2359 2419 2405 terrorem
2443 2348 2619 2415 malis,
2651 2347 2932 2418 improbis,
2960 2356 3016 2403 et
3052 2345 3352 2412 sceleratis,
3399 2342 3596 2415 quibus
3638 2343 3757 2413 ple-

2158 2460 2260 2498 nus
2282 2458 2499 2510 semper
2526 2441 2625 2496 fuit
2652 2440 2883 2495 mundus
2902 2481 2917 2506 ,
2948 2441 3191 2495 incutere
3222 2445 3449 2508 possunt
3496 2433 3757 2491 falsorum

2158 2535 2383 2591 deorum
2414 2533 2739 2589 simulacra?
2765 2531 2957 2587 Nonne
2983 2530 3067 2597 bi,
3096 2529 3255 2584 sicuti
3288 2527 3471 2584 caeteri
3525 2539 3717 2581 omnes
3741 2566 3757 2593 ,
3848 2578 3855 2589 ,

2157 2628 2400 2700 apprime
2447 2634 2711 2682 noverant
2742 2625 2828 2680 illa
2882 2625 3101 2695 impune
3129 2638 3159 2677 a
3189 2620 3432 2693 tyrannis
3454 2661 3470 2686 ,
3514 2616 3757 2683 furibus,

2158 2719 2524 2794 praedonibus,
2556 2727 2612 2776 et
2645 2719 2787 2787 aliis,
2820 2726 2878 2772 ut
2903 2731 3067 2787 supra
3099 2714 3301 2770 dictum
3331 2723 3443 2778 est,
3477 2709 3719 2781 appetita
3740 2750 3757 2776 ,

2158 2813 2422 2884 spoliata,
2474 2813 2721 2882 direpta,
2777 2818 3176 2882 transportata,
3223 2805 3540 2871 deturbata,
3569 2818 3633 2858 ac
3662 2817 3760 2873 per

2157 2922 2427 2964 summum
2457 2895 2692 2962 dedecus
2714 2946 2729 2969 ,
2756 2915 2811 2959 et
2840 2902 3190 2974 ignominiam
3219 2909 3445 2956 tractata
3465 2940 3482 2964 ,
3513 2895 3759 2953 tandem-

2158 3016 2263 3071 que
2290 3015 2482 3056 eversa
2513 3009 2569 3053 et
2592 2998 2836 3055 funditus
2865 2997 3063 3052 diruta.

2233 3093 2435 3150 Deinde
2476 3108 2607 3148 vero
2641 3091 2768 3164 quid
2824 3106 2893 3147 ex
2932 3088 3236 3146 simulacris
3292 3085 3513 3143 cuilibet
3549 3083 3760 3140 homini

2163 3186 2506 3243 metuendum
2550 3183 2895 3259 erat(lbid.,
2945 3199 3068 3254 pag.
3115 3180 3290 3251 209)?
3331 3177 3599 3249 Numquid
3650 3176 3758 3232 falx

2162 3280 2378 3336 Saturni
2411 3279 2688 3340 messoria,
2718 3277 2794 3332 ait
2819 3279 3021 3332 Auctor
3059 3284 3265 3340 noster,
3318 3269 3578 3342 numquid
3607 3268 3759 3325 Jovis

2163 3371 2391 3428 riciniati
2414 3369 2639 3433 fulmen,
2666 3367 2895 3425 Junonis
2933 3377 3153 3433 caestus,
3186 3380 3282 3422 seu
3313 3363 3613 3435 cingulum,
3644 3360 3757 3417 Ma-

2116 3530 2134 3544 .
2162 3464 2262 3520 tris
2288 3464 2447 3520 deum
2471 3474 2744 3535 tympana,
2774 3460 3008 3517 Palladis
3028 3460 3204 3532 galea,
3236 3456 3485 3513 Mercurii
3515 3465 3756 3527 petasus,

2162 3558 2386 3615 baculus
2430 3555 2757 3625 IEsculapii,
2789 3552 3004 3610 Cereris
3040 3566 3289 3608 mammae
3327 3548 3592 3621 grandes,
3620 3546 3760 3603 For-

2164 3666 2305 3711 tunae
2323 3695 2338 3720 ,
2372 3668 2466 3708 seu
2494 3650 2814 3721 Amaltheae,
2842 3658 2901 3705 ut
2924 3650 3000 3705 ait
3034 3646 3330 3704 Pausanias
3353 3659 3543 3711 cornu,
3572 3642 3679 3709 vel,
3703 3650 3763 3696 ut

2162 3747 2250 3803 alii
2280 3746 2483 3812 dicunt,
2514 3744 2861 3813 cornucopia,
2908 3757 2971 3797 ac
3015 3740 3231 3796 tandem
3261 3736 3473 3793 ridiculi
3517 3735 3753 3791 Anubis.

2162 3839 2612 3914 quemadmodum
2644 3837 2910 3894 Diodorus
2934 3834 3147 3892 Siculus
3165 3876 3178 3898 ,
3203 3831 3503 3888 Macrobius
3521 3872 3537 3895 ,
3566 3828 3754 3883 Lucia—

2163 3952 2265 3993 nus
2284 3946 2339 3993 et
2376 3937 2465 3992 alii
2488 3937 2784 4000 declarant,
2830 3935 3018 3988 canina
3042 3932 3208 3987 facies
3236 3929 3531 4001 (Pansam,
3554 3926 3644 3981 lib.
3667 3941 3718 3980 tv
3739 3966 3755 3989 ,

2162 4047 2283 4103 pag.
2314 4029 2419 4096 M;
2451 4040 2497 4083 et
2517 4028 2606 4084 lib.
2654 4044 2749 4093 vn,
2795 4044 2915 4099 pag.
2963 4026 3110 4088 23$;
3142 4023 3358 4078 Diodor.
3384 4021 3575 4082 Sicul.,
3616 4019 3706 4074 lib.
3741 4035 3755 4073 i

2163 4122 2433 4187 Biblioth.,
2477 4140 2598 4195 pag.
2631 4122 2730 4189 55;
2761 4119 3016 4186 Macrob.,
3045 4120 3134 4174 lib.
3167 4134 3182 4173 ι
3213 4115 3585 4187 Metamorph.,
3632 4131 3753 4185 pag.

2163 4217 2261 4274 20]
2288 4234 2303 4284 ;
2337 4218 2579 4285 Lucium,
2606 4217 2669 4271 de
2697 4215 2959 4284 Sacriﬁc.,
2990 4230 3110 4285 pag.
3145 4210 3325 4281 186),?
3352 4207 3560 4266 Nemini
3611 4217 3756 4263 certe

2165 4311 2404 4380 homini,
2448 4312 2492 4367 si
2540 4324 2670 4365 sane
2721 4308 2919 4363 mentis
2948 4321 3186 4377 unquam
3216 4304 3337 4370 fuit,
3372 4299 3687 4373 pet-suaderi
3729 4316 3759 4353 a

2164 4420 2434 4479 quoquam
2480 4402 2652 4473 potuit
2692 4400 2744 4455 in
2792 4399 2909 4465 his,
2959 4414 3077 4469 quae
3109 4397 3267 4467 paulo
3297 4405 3424 4451 ante
3448 4410 3477 4449 a
3510 4392 3665 4448 nobis
3704 4393 3757 4446 iu

2165 4500 2270 4555 hoc
2296 4497 2495 4567 capite,
2523 4505 2578 4550 et
2602 4492 2985 4549 dissertatione
3012 4489 3281 4561 superiori
3308 4487 3591 4557 explanata
3632 4494 3762 4539 sunt

473 4585 787 4649 consumpta
818 4574 978 4630 sunt?
1005 4583 1061 4627 at
1114 4571 1231 4627 haec
1279 4570 1455 4626 adhuc
1496 4583 1564 4625 ex
1597 4566 1708 4637 jam
1755 4567 1917 4621 citato
1941 4566 2056 4621 Cle-

2170 4592 2421 4665 (Dissert.
2446 4590 2499 4644 in
2540 4587 2759 4655 Minue,
2784 4603 2900 4657 cap.
2934 4585 3021 4653 lz‘i,
3063 4592 3164 4639 art.
3210 4582 3289 4655 2),
3340 4579 3540 4650 aliquid
3589 4575 3759 4632 fuisse

473 4673 671 4727 mentis
696 4669 1043 4726 Alexandrini
1073 4666 1211 4723 libro
1231 4665 1462 4722 delibata
1485 4664 1649 4720 fuisse
1666 4707 1679 4727 ,
1699 4679 1763 4719 ex
1786 4663 1853 4719 iis
1881 4662 2060 4734 colligi

472 4775 672 4836 p0test,
696 4779 814 4834 quae
838 4764 888 4817 in
912 4761 1193 4831 superiore
1211 4758 1386 4815 adhuc
1403 4760 1706 4830 Apparatus
1729 4755 1900 4811 nostri
1918 4769 2064 4810 tonio

474 4858 706 4914 diximus
729 4855 873 4929 (tam.
901 4871 916 4908 ι
946 4856 1220 4924 Apparat.,
1242 4851 1390 4916 ibid.,
1423 4868 1539 4922 pag.
1563 4848 1667 4904 729
1695 4856 1740 4903 et
1759 4855 1943 4919 seqq.).
1969 4846 2062 4902 Ni-

478 4952 552 5005 hil
580 4951 758 5020 itaque
780 4949 863 5002 bis
891 4947 1224 5017 adjiciemus,
1252 4947 1354 5002 nisi
1387 4947 1580 5017 triplex
1625 4945 1809 5010 fuisse,
1830 4942 2063 5013 Capitoli

478 5045 782 5100 incendium
817 5061 830 5097 :
858 5057 1021 5096 unum
1055 5041 1197 5095 bello
1243 5041 1386 5096 civili
1415 5041 1663 5112 Scipione
1709 5050 1765 5095 et
1813 5038 2063 5094 Norbano

475 5138 632 5195 Coss.
654 5137 880 5192 alterum
912 5133 1193 5190 Vitelliano
1217 5133 1378 5197 bello,
1412 5133 1508 5188 sed
1531 5132 1849 5200 Capitolium
1873 5147 1901 5186 a
1931 5130 2064 5186 Ves-

477 5233 701 5303 pasiano
743 5242 927 5300 postea
972 5229 1348 5282 instauratum.
1378 5225 1615 5281 Tertium
1652 5236 1776 5281 ante
1802 5224 1906 5280 Titi
1932 5222 2064 5279 Ves-

478 5326 682 5398 pasiani
714 5324 858 5380 illius
885 5322 978 5377 lilii
1001 5330 1250 5387 mortem,
1287 5336 1350 5375 ac
1373 5335 1557 5375 rursus
1581 5335 1610 5374 a
1642 5319 1944 5375 Domitiano
1972 5333 2061 5374 re-

480 5418 795 5474 aadiftcatum
824 5424 925 5472 est.
966 5415 1184 5483 Leges-is
1221 5414 1553 5479 Marlianum,
1589 5413 1957 5478 Pancirolum,
2010 5420 2066 5468 et

484 5512 743 5565 Donatum
790 5509 857 5565 de
885 5510 1015 5565 urbe
1045 5508 1245 5576 Roma,
1292 5519 1452 5580 atque
1497 5509 1688 5563 citatos
1716 5508 1785 5562 ab
1828 5508 1907 5564 eis
1934 5522 2066 5562 auc-

484 5619 628 5663 tores
676 5605 800 5680 (tom
828 5622 887 5663 ιιι
928 5604 1178 5676 Antiquit.
1200 5621 1427 5674 romam,
1447 5622 1568 5678 pag.
1588 5603 1677 5672 77,
1707 5604 1810 5659 5-H
1841 5613 1888 5658 et
1912 5599 2064 5671 577).

2170 4682 2491 4740 fortnidandi
2510 4697 2573 4735 ac
2594 4679 2880 4747 tremendi,
2908 4687 3001 4733 aut
3028 4691 3134 4749 quo
3156 4673 3353 4746 aliquis
3383 4688 3414 4727 a
3446 4684 3610 4743 pravo
3634 4680 3758 4726 actu

2169 4778 2456 4852 aliquando
2484 4777 2870 4834 deterreretur.

2241 4873 2473 4929 Tantum
2496 4883 2626 4926 vero
2654 4869 2825 4934 abest,
2842 4876 2899 4921 ut
2925 4865 3035 4932 illa,
3054 4864 3264 4933 aliaque
3286 4860 3513 4917 deorum
3535 4857 3757 4914 simula-

2169 4984 2260 5025 cra
2287 4968 2457 5024 malos
2504 4965 2750 5023 homines
2777 4980 2808 5018 a
2834 4964 3042 5019 scelere
3088 4959 3270 5031 aliquo
3318 4956 3646 5023 averterint;
3699 4963 3759 5011 ut

2169 5078 2273 5119 nec
2298 5063 2471 5134 legum
2499 5061 2781 5127 severitas,
2813 5073 2913 5113 nec
2959 5056 3124 5112 ullum
3164 5053 3412 5127 supplicii
3439 5066 3608 5122 genus
3633 5050 3757 5105 illo-

2168 5177 2286 5218 rum
2336 5162 2594 5216 hactenus
2634 5152 3017 5225 compresserit
3064 5148 3362 5205 audaciam.
3405 5146 3543 5215 Quin
3592 5145 3757 5200 immo

2170 5252 2296 5310 inde
2325 5253 2523 5322 saepius
2556 5250 2769 5321 pejores
2794 5246 2918 5301 facti
2947 5252 3075 5301 sunt
3092 5252 3147 5298 et
3175 5242 3494 5297 deteriores.
3535 5237 3754 5294 Falsum

2170 5357 2255 5405 est
2280 5347 2437 5417 igitur
2462 5343 2900 5402 simulacrorum,
2922 5339 3035 5394 sive
3060 5336 3284 5393 deorum
3316 5337 3370 5391 in
3399 5334 3479 5390 eis
3510 5333 3756 5389 habitau-

2170 5440 2301 5495 tium
2334 5444 2480 5491 metu
2507 5436 2770 5491 sinceram
2801 5431 3120 5502 religionem
3148 5428 3372 5484 stabiliri
3418 5435 3511 5481 aut
3528 5440 3755 5482 conser-

2172 5530 2306 5586 vari.
2339 5528 2523 5598 Neque
2549 5526 2600 5581 id
2634 5526 2875 5596 ipsismet
2901 5521 3164 5587 ethnicis,
3189 5531 3281 5575 aut
3310 5519 3377 5575 iis
3404 5518 3598 5574 saltem
3618 5559 3635 5585 ,
3663 5517 3756 5589 qui

2169 5620 2309 5693 apud
2339 5620 2463 5675 illos
2493 5618 2750 5688 sapientia
2776 5626 2833 5673 et
2857 5615 3101 5671 doctrina
3129 5612 3482 5684 perstabant,
3515 5610 3759 5682 incogni-

2170 5725 2283 5771 tum
2309 5726 2431 5768 esse
2461 5712 2653 5782 potuit.
2675 5710 2807 5766 Nam
2831 5708 3023 5765 Cicero
3064 5705 3275 5762 Cottam
3322 5703 3517 5759 alicubi
3555 5703 3636 5758 sic
3677 5703 3757 5757 lo-

2170 5815 2423 5881 quentem
2453 5804 2578 5862 fecit
2601 5824 2616 5861 :
2649 5822 2668 5857 ι
2696 5804 2872 5874 Quid?
2896 5803 2942 5858 si
2966 5803 3055 5873 qui
3086 5800 3340 5857 dixerunt
3365 5807 3529 5854 totam
3549 5795 3619 5853 de
3646 5797 3754 5853 diis

2172 5898 2567 5956 immortalibus
2610 5897 2918 5968 Opinionem
2966 5895 3143 5953 lictam
3175 5907 3297 5949 esse
3329 5890 3397 5947 ab
3445 5890 3754 5948 hominibus
