3978 6284
89 324 212 381 653

1309 323 1373 379 ΙΝ
1404 319 1785 389 ARNOBIUM,
1818 320 1969 377 CAP.
2015 319 2207 379 XXIII.

3285 320 3388 377 654

91 439 429 513 sapientibus
470 440 778 511 reipublicae
807 455 993 508 causa,
1024 449 1084 497 ut
1104 455 1240 512 quos
1266 439 1404 496 ratio
1429 452 1536 494 non
1563 451 1689 510 pos-
1718 441 1771 501 Α
1795 451 1885 493 ces
1911 452 1978 494 ex
2008 436 2297 502 Macrobio,
2330 438 2423 508 qui
2446 448 2566 509 post
2601 438 2797 494 citatos
2824 454 2856 494 a
2882 453 2942 496 se
2980 438 3290 495 Trebatium
3336 446 3393 494 et

93 543 216 600 set,
247 548 342 590 eos
367 532 437 589 ad
481 533 718 591 ofﬁcium
749 535 939 606 religio
981 534 1204 591 duceret
1223 577 1239 601 ,
1271 549 1449 589 nonne
1476 547 1692 587 omnem

94 628 418 699 religionem
447 627 685 683 funditus
714 628 1080 685 sustulerunt?
1115 648 1133 681 ι
1168 625 1394 700 (εἰσιν-η
1439 626 1527 681 lib.
1552 641 1588 681 ιι
1630 626 1694 680 de

97 719 289 776 Natur.
315 721 483 786 deor.,
509 738 628 792 pag.
654 719 818 791 212.)

171 818 242 870 At
289 830 357 869 ex
387 813 473 868 his
498 814 768 878 omnibus,
819 830 938 885 qua:
991 815 1041 869 in
1091 814 1193 870 hoc
1230 823 1285 870 et
1324 812 1696 884 superioribus

96 908 348 964 articulis
391 907 658 977 disputata
686 918 846 972 sunt,
876 906 1032 964 facile
1056 908 1280 980 quilibet
1307 908 1562 978 colligere
1602 921 1697 977 po-

97 1001 230 1056 terit
281 1000 350 1056 ab
400 998 639 1055 Arnobio
693 1000 1034 1055 validissimis
1089 1000 1352 1055 rationum
1409 997 1698 1054 momentis

95 1094 448 1164 comprobari
479 1093 701 1148 deorum
751 1094 1007 1164 imagines
1035 1102 1089 1148 et
1131 1094 1418 1149 simulacra
1476 1107 1697 1163 prorsus

95 1187 411 1243 damnanda
452 1202 574 1244 esse
602 1196 656 1244 et
682 1187 993 1257 rejicieuda.
1039 1186 1280 1243 Gentiles
1330 1186 1595 1258 siquidem
1644 1186 1697 1240 in

95 1283 346 1337 animum
379 1296 533 1338 suum
562 1282 759 1337 frustra
790 1281 1113 1337 induxerant
1139 1296 1200 1337 ea
1224 1322 1239 1347 ,
1272 1282 1385 1336 sive
1405 1289 1528 1335 ante
1547 1322 1563 1345 ,
1588 1279 1702 1335 sive

96 1386 228 1447 post
275 1390 462 1429 eorum
499 1373 891 1430 dedicationem
920 1388 984 1430 ac
1024 1375 1521 1439 consecrationem,
1566 1373 1699 1429 deos

95 1467 252 1532 ﬁeri,
271 1477 431 1538 atque
452 1466 645 1522 abillis
675 1466 908 1524 conferri
938 1468 1037 1523 sibi
1070 1483 1225 1538 posse
1253 1483 1434 1539 opem,
1460 1468 1696 1523 favorem

97 1569 153 1615 et
189 1560 477 1615 beneﬁcia.
530 1559 674 1615 Nihil
714 1561 990 1617 enimvero
1014 1562 1069 1615 in
1098 1563 1177 1616 eis
1200 1569 1346 1626 erat,
1380 1561 1483 1616 nisi
1511 1575 1541 1615 a
1573 1574 1698 1615 vera

98 1652 390 1710 divinitate
417 1670 638 1725 prorsus
664 1654 982 1723 abhorrens,
1012 1670 1074 1711 ac
1095 1670 1244 1710 suam
1273 1656 1588 1726 plerumque
1628 1654 1698 1710 ob

98 1747 494 1817 turpitudinem
534 1763 662 1805 vero
687 1756 741 1806 et
772 1750 975 1819 optimo
1019 1748 1130 1805 Deo
1160 1750 1370 1820 penitus
1400 1749 1695 1821 indignum.

1800 532 2083 603 Virgilium
2110 533 2366 588 observat
2396 532 2499 588 hoc
2537 533 2836 589 hostiarum
2867 549 3058 605 genus,
3086 534 3242 605 cujus
3279 532 3396 589 sola

1794 624 1973 679 anima
2014 638 2280 691 sacratur,
2321 627 2391 683 ab
2435 627 2805 698 haruspicibus
2831 628 3124 684 animalem
3162 627 3395 683 hostiam

1796 720 1972 772 vocari
2006 720 2288 791 (Macrob.,
2323 720 2411 775 lib.
2442 738 2498 777 ιιι
2531 721 2826 790 Saturnal.,
2872 740 2989 793 cap.
3024 723 3078 789 5,
3126 738 3248 793 pag.
3290 720 3399 776 522

1795 821 1841 866 et
1864 811 2055 886 seqq.).
2094 814 2289 872 Strabo
2318 826 2500 871 autem
2520 859 2536 883 ,
2567 816 2656 871 ubi
2704 816 2773 873 de
2805 816 3091 872 Persarum
3120 815 3398 871 sacriﬁciis

1795 906 2051 976 disputat.
2102 908 2220 965 haec
2263 911 2538 966 memoriae
2582 909 2824 981 prodidit
2863 928 2879 963 :
2935 930 2954 963 ι
3005 910 3199 966 Dicunt
3227 909 3398 964 Deum

1798 999 1931 1054 nihil
1960 1000 2097 1056 velle
2124 1011 2320 1071 prmter
2361 1003 2551 1057 hostire
2606 1007 2862 1057 animam.
2901 1021 2920 1056 ι
2956 1001 3183 1072 (Strab.,
3211 1000 3299 1057 lib.
3328 1017 3399 1057 xv

1799 1090 2009 1165 ϐρῖθον..
2071 1111 2189 1166 pag.
2248 1093 2402 1167 752.)
2432 1096 2591 1166 Atqui
2636 1096 2839 1152 etlmici
2891 1094 3086 1151 frustra
3145 1094 3403 1162 putabant

1799 1184 1932 1240 deos
1950 1186 2207 1253 animata,
2234 1187 2347 1241 sive
2379 1186 2687 1256 hujusmodi
2711 1187 2924 1243 victima
2952 1186 3151 1242 nutriri
3178 1205 3191 1241 :
3225 1205 3245 1239 ι
3281 1185 3398 1241 Nisi

1798 1276 1959 1342 forte,
1998 1296 2018 1329 ι
2047 1280 2121 1333 ιιιὶ
2151 1280 2421 1335 Arnobius
2440 1278 2617 1336 facere
2638 1282 2837 1351 arguit,
2870 1299 2889 1332 ι
2930 1281 3226 1335 hostiarum
3254 1278 3389 1335 deus

1801 1371 2013 1426 animas
2039 1372 2283 1439 devorat,
2310 1382 2404 1427 aut
2426 1374 2535 1428 aris
2562 1374 2879 1429 ardentibus
2898 1374 3148 1429 nidorém
3168 1386 3398 1429 consec-

1802 1472 1965 1530 tatur,
1997 1475 2052 1521 et
2096 1464 2274 1521 fumos
2296 1507 2311 1533 ,
2343 1467 2689 1537 pasciturque
2735 1466 2803 1521 de
2837 1466 3064 1531 cnissis,
3095 1479 3230 1537 quas
3272 1480 3402 1520 evo-

1802 1560 2224 1615 muntardentia
2247 1560 2474 1626 viscera,
2512 1561 2692 1617 adhuc
2731 1559 2866 1616 suda
2903 1561 2973 1616 de
3015 1560 3315 1632 sanguine,
3346 1568 3403 1615 et

1803 1656 2075 1726 prioribus
2104 1656 2351 1711 humecta
2380 1655 2449 1711 de
2476 1657 2654 1711 succis
2681 1675 2701 1709 ι
2756 1655 2995 1722 (Arnob,
3026 1655 3121 1711 lib.
3150 1671 3242 1722 vn,
3276 1671 3396 1725 pag.

1802 1748 1951 1816 212).
1988 1747 2178 1804 CniSsa
2209 1758 2411 1815 autem,
2439 1765 2615 1820 grtnce
2637 1753 2845 1815 κνίσσα,
2876 1750 2961 1805 vel
3000 1753 3172 1816 κνίσα,
3214 1760 3296 1804 est
3321 1748 3404 1803 ni-

102 1838 240 1908 Qua:
268 1840 487 1911 quidem
514 1841 691 1897 adhuc
721 1842 915 1897 mirum
943 1843 995 1898 in
1025 1842 1245 1898 modum
1275 1859 1342 1899 ex
1388 1844 1452 1897 iis
1505 1844 1698 1899 eonﬁr-
1732 1830 1778 1889 Β
1805 1839 1924 1905 dor,
1950 1855 2045 1895 seu
2074 1841 2385 1895 animalium
2414 1841 2623 1908 arvina,
2667 1852 2723 1896 et
2748 1842 3041 1913 pinguedo,
3074 1843 3188 1898 sive
3223 1840 3402 1896 fumus

104 1943 349 1999 mantur,
381 1948 503 2003 qua:
525 1933 637 2005 jam
658 1934 786 1991 alibi
816 1936 955 1991 haud
978 1937 1146 1992 semel
1186 1935 1699 2004 animadvertimus,

105 2025 199 2081 ubi
230 2026 396 2082 etiam
426 2026 707 2083 manifeste
728 2071 743 2093 ,
792 2030 864 2084 uti
898 2031 1200 2101 opinamur,
1228 2030 1417 2097 cuivis,
1446 2030 1701 2101 pra-judi-

105 2118 245 2174 catis
289 2120 633 2190 opinionibus
664 2136 769 2177 non
803 2123 1014 2193 penitus
1034 2134 1335 2192 excmcato,
1367 2124 1703 2182 ostendimus

105 2212 242 2266 nihil
292 2212 422 2269 inde
461 2223 646 2270 contra
676 2215 936 2287 imagines
968 2217 1051 2286 pie
1072 2233 1100 2270 a
1122 2218 1428 2273 christianis
1467 2217 1573 2273 coIi
1608 2233 1701 2273 so-

105 2308 230 2361 litas
258 2322 420 2379 posse
435 2307 724 2381 quidquam
746 2312 934 2366 conﬁci
956 2309 1220 2383 (Dissert.,
1250 2312 1302 2365 in
1330 2310 1552 2379 Minuc.,
1583 2327 1702 2383 cap.

106 2398 197 2465 I9,
220 2409 326 2455 art.
346 2398 403 2468 ‘2;
439 2410 558 2455 tom.
586 2400 893 2473 tApparat.,
923 2403 1011 2457 lib.
1032 2420 1084 2467 v,
1105 2404 1308 2459 dissert.
1327 2404 1378 2469 1,
1398 2422 1514 2474 cap.
1530 2404 1702 2470 9,art.

105 2494 159 2559 5,
191 2511 317 2566 pag.
342 2495 449 2552 743
464 2506 510 2551 et
526 2499 713 2568 δείνῳ).
745 2496 853 2553 Sed
883 2498 950 2553 de
981 2496 1065 2552 his
1093 2498 1268 2554 adhuc
1301 2499 1352 2554 in
1367 2500 1701 2571 subsequen-

106 2587 252 2645 tibus
279 2589 750 2647 dissertationibus
778 2592 975 2648 nostris
1006 2591 1293 2662 agendum.

678 2730 907 2789 CAPUT
934 2731 1127 2788 XXIII.

569 2867 645 2923 De
681 2868 946 2942 gentilium
972 2869 1257 2939 sacriﬁciis.

644 3022 938 3064 ARTICULUS
958 3022 1168 3064 PRIMUS.

107 3145 299 3207 Quibus
315 3147 624 3211 argumentis
646 3145 895 3197 Arnobius
911 3146 1038 3196 nulla
1062 3147 1299 3211 sacriﬁcia
1324 3145 1420 3197 diis
1443 3145 1705 3208 gentilium

163 3210 399 3261 facienda
422 3224 537 3260 ese
568 3210 892 3270 demonstret,
940 3217 1091 3272 atque
1129 3210 1375 3272 Oppositas
1415 3211 1703 3260 eorumdem

164 3273 443 3338 gentilium
476 3274 693 3324 rationes
736 3278 948 3334 evertat,
997 3274 1081 3324 ubi
1112 3275 1178 3324 de
1197 3272 1362 3325 hostia
1398 3272 1612 3335 animali,
1637 3273 1704 3324 de

167 3335 337 3387 cnissa
354 3344 407 3386 et
432 3335 602 3386 hostiae
624 3339 800 3387 anima.

180 3444 242 3501 Si
296 3442 411 3499 ﬁcti
452 3442 912 3515 commentitiique
956 3444 1064 3498 sint
1092 3442 1193 3509 dii,
1226 3444 1269 3499 si
1299 3442 1441 3498 nulla
1472 3442 1701 3515 proinde

113 3538 176 3593 iis
206 3535 434 3607 templa,
459 3536 707 3602 delubra,
730 3533 850 3591 fana
877 3535 1260 3599 construenda.
1279 3536 1323 3589 si
1352 3535 1567 3590 illorum
1601 3535 1709 3591 sint

108 3630 263 3687 falsa:
284 3631 568 3701 imagines,
595 3630 779 3686 ﬁctitia
798 3630 948 3700 signa
969 3637 1025 3683 et
1048 3628 1357 3694 simulacra,
1379 3643 1557 3684 nonne
1582 3628 1706 3682 inde

109 3725 361 3797 sequitur
389 3723 529 3778 nulla
559 3737 778 3793 prorsus
802 3720 1065 3777 sacriﬁcia
1096 3720 1295 3777 debere
1326 3735 1575 3790 umquam
1604 3719 1709 3773 illis

111 3819 269 3873 ﬁeri?
305 3818 465 3888 Atqui
498 3817 684 3886 prima:
726 3815 1141 3886 propositiones,
1176 3814 1249 3869 uti
1299 3812 1545 3884 superius
1574 3812 1709 3867 vidi-

109 3930 257 3977 mus,
304 3914 375 3969 ab
427 3912 668 3968 Arnobio
719 3911 1071 3967 invictissime
1124 3911 1439 3981 probantur.
1487 3908 1629 3979 Ergo
1653 3916 1710 3964 et

111 4008 304 4064 ultima
330 4005 492 4063 simul
518 4021 638 4060 cum
672 4005 781 4060 illis
812 4015 918 4058 tam
967 4011 1153 4074 aperte
1195 4002 1561 4057 demonstrata
1590 4010 1705 4066 est,

110 4114 169 4155 ut
218 4115 292 4155 ne
321 4099 539 4153 minima
569 4097 787 4168 quidem
835 4096 1063 4166 amplius
1110 4093 1424 4165 probatione
1469 4092 1709 4162 indigere

112 4196 383 4250 videatur.
411 4191 611 4248 Verum
643 4189 912 4262 prioribus
952 4189 1057 4244 illis
1098 4188 1373 4244 erroribus
1397 4185 1706 4257 singillatim

113 4285 431 4351 confutatis,
482 4294 537 4341 et
585 4284 727 4339 hunc
780 4298 994 4354 quoque
1033 4281 1383 4352 posteriorem
1440 4279 1708 4334 Arnobius

114 4380 418 4454 speciatim,
447 4394 510 4433 ac
538 4376 891 4448 peculiaribus
913 4373 1209 4430 rationibus
1236 4392 1263 4427 a
1294 4389 1352 4428 se
1389 4371 1709 4444 impugnan-

116 4477 241 4533 dum
266 4474 675 4544 essejudicavit.

185 4568 532 4626 Manifestum
570 4567 746 4637 itaque
774 4565 950 4636 primo
994 4562 1121 4619 facit
1158 4563 1355 4618 nullam
1384 4562 1594 4632 penitus
1622 4576 1708 4616 sa-

118 4663 308 4720 criﬁcii
341 4661 502 4718 ullius
531 4660 634 4716 diis
660 4660 938 4732 gentilium
982 4656 1212 4712 faciendi
1248 4671 1463 4712 causam
1492 4670 1651 4727 posse
1678 4671 1708 4710 a

117 4772 391 4830 quoquam
410 4754 679 4825 adsignari
703 4753 941 4823 (Arnob.,
966 4750 1054 4804 lib.
1078 4766 1170 4813 vn,
1188 4766 1306 4820 pag.
1338 4749 1442 4804 212
1458 4760 1503 4803 et
1522 4746 1707 4821 seqq.).

118 4852 263 4910 Nihil
291 4855 436 4909 enim
461 4848 749 4915 commodi,
780 4856 870 4902 attt
896 4846 1047 4913 lucri,
1083 4855 1175 4899 aut
1202 4842 1407 4899 fructus
1426 4858 1491 4900 ex
1524 4846 1588 4899 iis
1613 4843 1708 4908 dii,

120 4949 163 5003 si
209 4948 304 5019 qui
348 4946 494 5013 sint,
539 4943 814 5015 percipere
856 4954 1088 5010 unquam
1132 4945 1442 5009 puluerunt.
1489 4935 1708 4991 Falsum

120 5040 389 5111 siquidem
418 5046 503 5093 est
529 5052 624 5091 eos
648 5034 923 5091 sacriﬁciis
953 5031 1043 5096 ali,
1072 5041 1141 5097 et,
1162 5028 1373 5084 nutriri.
1405 5027 1537 5082 Nam
1565 5028 1711 5097 quis-

121 5135 244 5205 quis
269 5131 376 5188 cibi
417 5142 469 5187 et
498 5127 743 5185 alimenti
782 5126 981 5198 aliquid
1017 5124 1234 5196 accipit,
1281 5122 1327 5176 is
1359 5119 1600 5176 mortalis
1640 5119 1712 5174 sit

121 5238 361 5301 oportet.
398 5226 475 5281 Dii
502 5242 627 5280 vero
652 5222 984 5279 immortales
1006 5236 1127 5276 esse
1155 5216 1371 5276 debent.

199 5320 408 5377 Deinde
439 5318 581 5389 quod
621 5318 842 5373 deorum
876 5316 1138 5371 altaribus
1181 5313 1499 5368 admovetur
1537 5308 1713 5365 inani-

125 5428 329 5472 tnatutn
363 5416 492 5470 illud
516 5421 732 5480 est,aut
766 5412 1057 5466 animatum
1088 5407 1298 5481 (Ibid.),
1325 5408 1395 5461 At
1418 5405 1493 5461 dii
1521 5412 1715 5460 neutro
1760 5468 1763 5475 ι

125 5510 196 5565 ali
225 5518 472 5581 possunt.
513 5506 628 5561 Non
676 5503 971 5559 inanimato
1002 5501 1250 5573 quidem,
1294 5498 1396 5553 nisi
1444 5496 1712 5567 corporei,

126 5604 282 5658 sicuti
312 5601 556 5657 homines
585 5599 853 5657 dicantur.
887 5611 949 5651 ac
989 5594 1216 5665 proinde
1247 5593 1317 5647 dii
1352 5606 1456 5644 non
1481 5590 1607 5646 sint.
1633 5587 1715 5643 Ad

127 5696 247 5752 haec
278 5710 407 5752 vero
438 5693 619 5749 nullus
643 5690 960 5747 difﬁtebitur
990 5688 1053 5743 iis
1074 5687 1364 5742 animatum
1394 5684 1567 5756 potius
1587 5696 1717 5736 con-

128 5795 315 5848 venire
353 5807 512 5862 quam
543 5788 916 5846 inanimatam.
958 5783 1263 5839 Animatum
1312 5778 1486 5844 enim,
1535 5785 1597 5830 ut
1642 5774 1719 5829 ait

130 5884 424 5954 Arnobius,
446 5890 532 5939 est
549 5879 786 5937 animalis
813 5877 999 5934 hostia.
1032 5875 1162 5943 Quae
1185 5882 1367 5931 autem
1393 5886 1459 5929 ea
1484 5870 1574 5938 sit,
1604 5867 1716 5925 dis~

1732 4613 1788 4674 D

1806 1951 1963 2006 quem
1991 1950 2116 1991 cum
2141 1935 2315 1992 hostia
2343 1936 2708 2003 comburitur,
2754 1938 2892 2007 ignis
2918 1937 3152 1993 exhalat.
3201 1935 3405 1992 Ultimo

1806 2040 1989 2084 autem
2019 2030 2123 2085 hoc
2148 2044 2309 2085 sensu
2339 2031 2409 2085 ab
2433 2042 2659 2086 auctore
2682 2040 2871 2087 nostro
2898 2031 3182 2101 accipitur.

1878 2123 1948 2178 At
1974 2124 2204 2194 gentiles
2226 2137 2416 2178 revera
2438 2122 2735 2178 credidisse
2764 2122 2897 2178 deos
2922 2137 3052 2179 suos
3083 2122 3168 2178 his
3209 2120 3406 2179 cnissis

1808 2220 1956 2291 pasci
1985 2231 2043 2274 et
2066 2218 2316 2285 saturari,
2362 2233 2431 2272 ex
2462 2218 2546 2272 his
2584 2217 2811 2289 colliges
2847 2216 3144 2273 Clementis
3170 2217 3407 2272 Alexan-

1806 2311 1946 2368 drini
1973 2310 2151 2367 verbis
2184 2329 2198 2365 :
2233 2314 2357 2371 Ζεὺς
2383 2309 2438 2366 δὲ
2488 2312 2705 2390 ὕστερον
2762 2313 3038 2386 impende,
3085 2311 3129 2364 si
3170 2310 3279 2370 θεὸς
3321 2307 3401 2378 ἦν,

1806 2409 1958 2480 τάχα
1976 2428 2078 2461 που
2110 2415 2201 2467 τῆς
2220 2408 2434 2466 κνίσσης
2455 2414 2555 2462 τῶν
2580 2407 2886 2478 ὀπτωμένων
2901 2412 3058 2481 κρεῶν
3080 2404 3398 2477 μεταλαϐὼν,

1809 2499 1867 2563 ἧς
1895 2499 1950 2556 δὲ
1973 2492 2033 2557 rb
2068 2502 2224 2576 γέρας
2266 2500 2450 2571 λαχεῖν
2497 2499 2827 2573 ὁμολογοῦσιν
2873 2500 3016 2572 ὑμῶν
3054 2499 3099 2553 oi
3137 2499 3238 2552 θεοὶ
3268 2495 3407 2570 (Cle-

1810 2611 1950 2649 mens
1978 2593 2287 2659 Alexandr.,
2321 2593 2584 2647 Admonit.
2610 2594 2678 2646 ad
2703 2601 2865 2663 gent,
2900 2609 3020 2663 pag.
3060 2588 3169 2663 12).
3199 2588 3405 2662 Jupiter

1808 2698 1977 2743 autem
2003 2704 2120 2742 cum
2143 2699 2317 2757 postea
2344 2686 2691 2756 apparuisset,
2721 2685 2767 2740 si
2792 2685 2999 2757 quidem
3026 2683 3153 2739 deus
3179 2691 3310 2747 erat,
3338 2691 3399 2736 ut

1808 2783 1894 2854 qui
1939 2797 2174 2835 assarurn
2208 2781 2442 2834 carnium
2491 2779 2716 2833 cnissam
2766 2782 2898 2849 forte
2949 2778 3209 2844 sensisset,
3254 2777 3405 2845 cujus

1810 2874 2007 2946 prtctnii
2031 2889 2088 2928 se
2126 2888 2234 2927 esse
2260 2871 2537 2944 participes
2565 2872 2717 2926 uestri
2754 2870 2837 2925 dei
2863 2872 3189 2938 confitentur.
3218 2868 3404 2939 Neque

1808 2966 1985 3021 minus
2032 2966 2316 3035 perspicue
2357 2963 2413 3019 id
2469 2963 2682 3033 probari
2726 2972 2903 3033 potest
2930 2962 3252 3018 auctoritate
3293 2960 3403 3017 Lu-

1807 3059 1971 3124 ciani,
2003 3058 2094 3129 qui
2125 3056 2364 3125 quidem,
2390 3056 2641 3126 quamvis
2668 3053 2925 3111 ethnicus
2954 3053 3140 3118 homo,
3168 3067 3296 3109 suos
3325 3063 3405 3106 ta-

1807 3169 1931 3209 men
1956 3153 2088 3209 deos
2120 3152 2223 3207 hoc
2268 3158 2572 3228 σαρκοσμῷ,
2606 3148 2838 3205 irridere
2868 3162 3033 3202 ausus
3064 3156 3148 3203 est
3177 3163 3193 3201 :
3248 3166 3267 3198 ι
3316 3145 3399 3200 Dii

1803 3249 1954 3319 juxta
1980 3248 2167 3303 Jovem
2186 3245 2513 3311 adsidentes,
2539 3245 2594 3302 in
2624 3255 2820 3299 terram
2842 3240 3167 3312 despiciunt,
3191 3246 3246 3296 et
3268 3254 3404 3310 quo-

1807 3356 1914 3413 quo
1941 3355 2155 3397 versum
2183 3340 2392 3396 intento
2417 3339 2594 3409 capite
2622 3379 2639 3405 ,
2671 3336 3149 3407 circumspectant,
3178 3332 3400 3389 sicunde

1809 3434 2190 3492 subvolantem
2221 3435 2399 3505 ignem
2421 3432 2661 3494 videant.
2686 3429 2773 3485 vel
2796 3428 3039 3484 nidorem
3069 3428 3124 3482 in
3145 3441 3271 3482 aere
3290 3439 3406 3481 sur-

1808 3538 2050 3600 gentem,
2080 3527 2110 3587 ἣ
2140 3528 2514 3604 ἀναφερομένην
2538 3528 2776 3590 κνίσσαν,
2805 3524 3057 3591 circaque
3082 3520 3285 3574 fumum
3316 3533 3403 3573 ro—

1811 3630 2012 3675 tantem
2040 3635 2185 3675 esse.
2234 3618 2388 3687 Quod
2422 3618 2468 3673 si
2496 3617 2614 3687 quis
2650 3616 2794 3672 forte
2817 3630 3033 3671 sacrum
3070 3613 3249 3679 faciat,
3275 3627 3407 3683 epu-

1811 3712 1992 3768 lantur
2014 3727 2224 3779 omnes,
2257 3712 2402 3766 l‘unto
2435 3709 2727 3775 inhiantes,
2776 3724 2840 3763 ac
2867 3723 3176 3762 muscarum
3207 3705 3261 3761 in
3288 3719 3411 3760 tuo-

1811 3823 1926 3864 retn
1966 3807 2282 3878 sanguinem
2319 3814 2677 3875 exsugentes,
2723 3803 2925 3859 circum
2963 3817 3084 3857 aras
3121 3800 3349 3857 cﬂ‘usum
3386 3820 3403 3849 ι

1810 3906 2054 3970 Lucian.,
2086 3904 2150 3959 de
2173 3903 2438 3971 Sacriﬁc.,
2461 3918 2583 3972 pag.
2614 3900 2765 3970 185).

1885 4000 1991 4057 Sed
2021 4001 2164 4054 hanc
2184 3996 2630 4054 absurdissimam
2657 3994 2971 4066 opinionem
2995 3991 3270 4047 Arnobius
3291 3990 3413 4046 ideo

1811 4091 2045 4157 refellit;
2071 4089 2194 4162 quia
2222 4088 2355 4143 nihil
2386 4087 2545 4158 plane
2575 4101 2643 4142 ex
2668 4084 2943 4141 immolata
2970 4082 3208 4154 qualibet
3236 4081 3411 4139 hostia

1810 4186 1876 4241 ad
1907 4184 2132 4239 deorum
2175 4180 2531 4237 substantiam
2572 4177 2837 4251 pervenit.
2877 4174 3148 4247 Quidquid
3169 4175 3317 4230 enim
3344 4176 3416 4232 ab

1810 4277 2103 4350 gentilibus
2135 4272 2542 4339 immolabatur,
2570 4271 2888 4328 remanebat
2910 4271 2964 4323 itt
2996 4280 3158 4331 terra,
3186 4275 3279 4323 aut
3302 4282 3417 4322 sur.

1812 4389 1932 4429 sum
1977 4372 2353 4435 sublevatum,
2390 4378 2555 4439 atque
2606 4368 2658 4422 in
2706 4367 2920 4422 cineres
2961 4364 3304 4428 dissolutum,
3357 4364 3410 4419 in

1812 4480 1930 4521 eam
1960 4463 2258 4520 recidebat.
2300 4461 2439 4518 Hinc
2476 4475 2688 4517 rursum
2728 4458 2869 4513 idem
2897 4456 3166 4513 Lucianus
3218 4473 3231 4510 :
3282 4456 3337 4511 Ἠ
3357 4455 3413 4512 δὲ

1812 4562 2001 4615 κνίσσα
2023 4558 2297 4618 θεσπέσιος
2315 4556 2397 4610 καὶ
2420 4553 2727 4631 ἱεροπρεπής
2748 4555 2927 4626 χωρεῖ’
2940 4547 3064 4614 ἄνω,
3091 4553 3173 4604 καὶ
3186 4552 3238 4610 ἐς
3257 4551 3413 4606 αὐτὸν

1815 4654 1900 4709 τὸν
1954 4653 2160 4729 οὐρανὸν
2215 4645 2548 4706 διασκδνᾶται
2593 4644 2772 4719 ,ἠρέμα
2821 4639 2971 4711 (Luc.
2997 4681 3013 4705 ,
3063 4640 3189 4696 ibtd.
3213 4680 3232 4707 ,
3286 4657 3407 4712 pag.

1820 4743 1972 4815 186).
2014 4741 2185 4796 Nidor
2230 4740 2364 4794 enim
2414 4736 2502 4791 ille
2546 4750 2689 4789 sacer
2743 4744 2893 4803 atque
2945 4734 3146 4789 divinus
3205 4750 3412 4789 sursum

1818 4838 2003 4908 fertur,
2050 4844 2197 4904 atque
2226 4833 2279 4886 in
2303 4830 2470 4901 ipsum
2495 4828 2677 4884 calum
2708 4827 2992 4897 subvectus,
3020 4828 3272 4899 paulatim
3302 4828 3410 4900 dif-

1818 4928 2072 5001 funditur.

1888 5018 2247 5089 Quamobrem
2275 5014 2527 5071 Clemens
2549 5014 2945 5071 Alexandrinus
2969 5014 3096 5073 inde
3113 5027 3258 5073 recte
3278 5030 3411 5073 con-

1820 5118 1934 5172 ﬁcit
1958 5117 2074 5171 haec
2094 5130 2120 5166 a
2145 5112 2456 5169 christianis
2471 5111 2821 5167 meritissimo
2835 5111 2958 5181 jure
2981 5114 3193 5183 penitus
3218 5112 3364 5182 rejici
3391 5130 3405 5166 :

1820 5214 2033 5272 Εἰκότως
2080 5208 2185 5289 ἄρα
2248 5218 2322 5283 τῷ
2395 5214 2464 5281 μή
2516 5210 2771 5281 νικωμένῳ
2831 5206 3033 5269 ἡδοναῖς
3104 5209 3284 5262 θυσίαν
3348 5207 3408 5259 οὐ

1818 5306 2146 5382 προσάγομεν
2174 5343 2190 5368 ,
2241 5303 2377 5357 κάτω
2437 5323 2538 5357 που
2597 5304 2683 5356 καὶ
2731 5298 2848 5356 οὐδὲ
2904 5302 3054 5375 μέχρι
3099 5306 3252 5373 νεφῶν
3310 5306 3410 5353 τῶν

1819 5400 2166 5473 παχυτάτων,
2199 5401 2398 5474 μακρὰν
2428 5395 2482 5452 δὲ
2518 5400 2603 5452 καὶ
2623 5398 2839 5457 τούτων,
2868 5402 2959 5455 τῆς
2997 5392 3082 5449 διὰ
3105 5398 3196 5449 τοῦ
3218 5400 3409 5448 καπνοῦ

1820 5490 2208 5562 ἀναθυμιάσεως
2267 5491 2548 5562 φθανούσης
2579 5529 2595 5553 ,
2652 5484 2702 5540 εἴ
2750 5506 2851 5540 που
2902 5485 3072 5557 φθάνει
3130 5480 3413 5553 (Clemens

1820 5583 2125 5647 Alexandr.,
2177 5597 2251 5635 vn
2300 5580 2579 5644 81νοιυαι.,
2624 5596 2746 5648 pag.
2785 5575 2933 5647 707).
2993 5575 3176 5630 Merito
3206 5591 3327 5648 ergo
3365 5577 3413 5632 ei

1818 5694 1921 5733 non
1944 5675 2205 5744 oﬁ'erimus
2223 5672 2552 5741 sacriﬁcium,
2578 5672 2663 5735 qui
2688 5667 3028 5739 uoluptatibus
3055 5683 3156 5722 non
3182 5668 3408 5735 capitur,

1820 5786 1935 5823 cum
1955 5767 2171 5841 inferius
2202 5781 2292 5820 nec
2314 5780 2470 5835 usque
2490 5760 2559 5815 ad
2581 5760 2926 5815 crassissimas
2951 5759 3106 5814 nubes
3128 5761 3406 5831 perveniat,

1819 5866 1909 5922 sed
1941 5866 2088 5935 longe
2137 5862 2289 5918 etiam
2326 5859 2390 5915 ab
2415 5860 2479 5912 iis
2507 5857 2772 5924 consistat,
2812 5872 2928 5929 quin
2981 5856 3037 5927 ﬁt
3086 5872 3177 5927 per
3216 5860 3413 5931 {nutum
