3978 6312
578 318 686 377 655

585 545 701 586 sam
729 530 1061 589 ethnicorum
1091 527 1399 598 opinionem
1430 525 1540 583 alio
1584 535 1903 599 argumento
1924 523 2122 585 refellit
2152 540 2171 577 :

585 628 641 682 Ei
670 624 722 680 δὲ
746 630 819 698 τῷ
847 619 951 683 ὄντι
977 624 1006 682 ἡ
1032 622 1219 683 κνίσση
1247 622 1399 701 γέρας
1424 621 1541 679 ἐστὶ
1568 621 1689 676 θεῶν
1718 625 1816 675 τῶν
1857 616 1979 690 παρ’
1998 613 2171 681 Ἔλλη-

586 742 690 799 aut,
718 720 804 779 οὐκ
834 711 894 777 ἂν
923 718 1144 791 φθάνοιεν
1170 719 1259 773 καὶ
1284 718 1404 778 τοὺς
1432 717 1705 791 μαγείρους
1732 716 2099 774 θεοποιοῦντες.
2128 709 2173 767 oi

586 821 677 873 τῆς
705 810 823 877 ἴσης
847 808 1169 882 εὐδαιμονίας
1194 809 1469 874 ἀξιοῦνται.
1496 810 1580 862 καὶ
1608 808 1691 863 τὸν
1717 807 1856 878 ὶτμὸν
1870 805 2019 861 αὐτὸν
2036 803 2176 874 (lege

587 905 746 969 ἰπνὸν,
780 918 874 961 seti
907 904 1082 973 patius
1124 907 1213 962 τήν
1262 902 1464 973 κάμινον
1510 902 1685 959 αὐτὴν.
1729 893 2175 976 προσκυνοῦντες)

587 998 1020 1081 προσεχεστέραν
1034 996 1293 1069 γινομένην
1378 996 1561 1069 κνίσσῃ
1578 1000 1639 1067 τῇ
1656 991 1982 1066 πολυτιμήτῳ
1993 988 2013 1058 (
2024 987 2044 1039 Ι
2050 986 2135 1045 bid
2141 1025 2154 1038 ο
2160 1030 2175 1055 ,

587 1110 708 1167 pag,
744 1089 895 1163 716).
921 1089 1021 1147 Sin
1052 1104 1218 1144 autem
1243 1105 1417 1145 revera
1447 1087 1613 1149 animi
1642 1096 1716 1140 est
1745 1101 1926 1157 manus
1948 1083 2176 1149 deorum,

588 1189 674 1259 qui
703 1186 843 1267 apud
868 1185 1075 1249 Graeca
1106 1194 1246 1259 sunt,
1277 1200 1369 1236 cur
1395 1200 1498 1241 non
1530 1181 1673 1254 prius
1698 1195 1894 1251 quoque
1917 1193 2101 1248 coquo:
2127 1177 2179 1231 in

590 1281 711 1337 deos
740 1284 990 1359 referunt,
1022 1278 1109 1351 qui
1138 1278 1322 1349 (aquati
1341 1277 1621 1345 dignantur
1644 1273 1974 1337 beatitudine,
2001 1280 2051 1326 et
2079 1287 2180 1329 non

589 1374 757 1444 ipsum
784 1372 1001 1427 adorant
1030 1370 1308 1433 caminum,
1333 1370 1421 1443 qui
1460 1380 1534 1427 est
1557 1367 1675 1425 huic
1706 1363 1975 1423 venerabili
2004 1363 2182 1421 missae

586 1470 920 1545 prapinquiar
935 1469 959 1523 ?

663 1559 910 1625 Secunda
940 1558 1275 1619 ethnicorum
1306 1556 1443 1615 ratio
1486 1571 1583 1612 cur
1621 1554 1881 1616 sacriﬁcia
1923 1552 2027 1609 diis
2068 1551 2181 1617 suis

593 1651 856 1715 facerent.
885 1652 1001 1715 liaic
1026 1661 1161 1721 erat,
1195 1649 1396 1709 hostias
1437 1650 1727 1721 voluptatis
1760 1650 1929 1720 gratia
1966 1648 2032 1709 iis
2062 1661 2181 1707 esse

592 1744 913 1821 caedendas;
947 1754 1004 1798 ut
1030 1753 1157 1815 pote
1188 1744 1276 1817 qui
1300 1742 1499 1821 gaudio
1526 1750 1581 1796 et
1605 1741 1789 1803 laetitia
1816 1740 1938 1805 inde
1962 1738 2182 1811 perfun-

587 1838 782 1903 dantur
806 1834 1052 1912 (:lrnob.,
1076 1837 1166 1892 lib.
1191 1852 1286 1902 vn,
1319 1853 1439 1908 pag.
1463 1834 1612 1904 215).
1630 1833 1787 1897 Nam.
1810 1832 1885 1891 uti
1912 1831 2179 1889 Lucianus

596 1947 628 1987 a
660 1932 816 1987 nobis
842 1930 952 2001 jam
985 1928 1229 1985 laudatus
1260 1928 1393 1988 dixit
1424 1943 1437 1982 :
1466 1930 1552 1993 Τίς
1569 1929 1654 1982 οὐκ
1679 1921 1737 1983 ἂν
1758 1927 2003 1987 εὶκάσιιεν
2032 1922 2181 1985 ἥδεσ-

588 2029 672 2081 θαι
699 2024 837 2081 ταῦθ’
858 2023 1084 2109 ὁρῶντᾳς
1106 2024 1226 2083 τοὺς
1247 2002 1422 2083 Deoia;
1457 2019 1584 2091 Quis
1630 2035 1742 2084 non,
1768 2017 1919 2087 facile
1940 2018 2182 2089 conjectel

590 2120 816 2193 gaudere
845 2120 965 2175 deos
985 2159 999 2183 ,
1046 2133 1162 2175 cum
1196 2117 1293 2171 ista
1319 2114 1587 2185 spectant?
1616 2112 1855 2187 (Lucina.
1881 2152 1897 2183 ,
1932 2111 2026 2183 ib.,
2058 2127 2177 2182 pag.

591 2211 742 2283 186.)

662 2309 732 2360 At
756 2305 959 2365 nemini
986 2319 1220 2375 unquam
1253 2319 1358 2363 non
1401 2301 1576 2363 insani
1618 2301 1810 2379 capitis
1838 2297 2039 2363 homini
2067 2313 2180 2367 perv

592 2397 866 2465 suadebis,
893 2398 1062 2469 inquit
1092 2395 1379 2475 Arnobius,
1406 2394 1560 2461 deos,
1592 2393 1738 2453 velut
1780 2390 2046 2463 quoddam
2071 2387 2178 2449 ani.

592 2491 721 2558 mal,
761 2489 1117 2546 delectatione
1163 2489 1338 2559 aliqua
1377 2497 1432 2544 et
1461 2486 1658 2562 gaudio
1692 2485 1871 2546 adlici.
1913 2482 2176 2559 Voluptas

595 2583 860 2659 siquidem
891 2582 1125 2654 quinque
1170 2581 1413 2653 corporis
1453 2578 1704 2645 sensibus
1749 2575 2058 2647 percipitur.
2102 2572 2181 2635 Dii

594 2686 797 2753 autem,
831 2677 876 2731 si
907 2676 1013 2731 sint
1039 2674 1391 2749 immortales,
1434 2671 1680 2743 sensibus
1722 2670 1826 2735 illis
1868 2683 2053 2725 carere
2082 2666 2169 2727 de-

592 2771 743 2835 bent.

663 2864 934 2921 Prteterea
980 2862 1137 2934 quale
1171 2859 1300 2919 illud
1344 2869 1425 2921 est
1464 2858 1740 2937 gaudium,
1772 2872 1879 2939 quo
1930 2873 2051 2932 quis
2101 2856 2181 2921 in-

590 2959 875 3019 noxiorum
899 2956 1208 3013 animalium
1232 2954 1381 3011 cacde
1404 2953 1654 3015 hetatur?
1685 2952 1871 3013 Nonne
1898 2950 1993 3007 fcri
2024 2951 2185 3021 etiam

592 3054 846 3109 homines
874 3053 1088 3111 illorum
1136 3058 1544 3111 commoventur
1570 3047 1856 3120 aliquando
1895 3044 2184 3109 commise-

590 3146 832 3203 ratiOttc?
871 3144 1080 3216 Qttanto
1109 3144 1264 3214 igitur
1292 3143 1462 3215 magis
1492 3142 1585 3205 dii,
1636 3155 1770 3211 quos
1820 3138 1967 3211 pios,
2001 3137 2183 3209 mites,

590 3255 654 3294 ac
684 3236 1150 3299 mansuetissimos
1171 3249 1292 3290 esse
1314 3232 1620 3293 ﬁnxerunt?
1645 3218 2008 3303 Quamobrem
2035 3238 2187 3291 vetus

591 3334 804 3404 quidam
836 3342 989 3402 poeta
1015 3347 1044 3386 a
1078 3328 1377 3400 Porphyrio
1420 3328 1615 3382 citatus
1643 3325 1757 3381 haec
1787 3323 1984 3399 cecinit
2019 3321 2180 3394 (Por-

592 3430 740 3501 pliy.,
771 3427 858 3487 lib.
888 3442 925 3483 ιι
952 3425 1015 3479 de
1037 3424 1233 3481 Abstin.
1264 3420 1503 3489 aqimgL,
1537 3436 1661 3497 pag.
1691 3417 1844 3489 230).

779 3591 851 3640 Τις
874 3590 946 3633 ὅδε
968 3598 1086 3644 μῶρος
1100 3622 1110 3639 ,
1134 3591 1195 3631 ita).
1214 3592 1298 3629 λῖαν
1322 3590 1507 3640 intuba;
1526 3619 1537 3636 ,

779 3656 961 3703 ιΰιιστος
982 3652 1138 3707 ἀνδρῶν.
1159 3654 1262 3701 ὅστις
1286 3652 1423 3700 nunc“
1441 3653 1543 3699 Ιιοὺς
1556 3681 1568 3699 ,

782 3712 909 3761 ὀστῶν
927 3721 1107 3770 ἀσάρκων,
1130 3722 1194 3758 καὶ
1212 3718 1323 3770 χολῆς
1346 3719 1569 3768 sequutum;
1593 3745 1604 3763 ,

782 3772 813 3822 λ
837 3784 898 3821 καὶ
920 3780 1020 3820 κυσὶν
1043 3786 1208 3819 πεινῶσιν
1231 3780 1311 3832 οὐχὶ
1342 3782 1507 3829 peditatu:
1527 3808 1538 3825 ,

783 3848 931 3897 Χαίρειν
953 3846 1133 3891 ἀκάκας.
1154 3846 1216 3882 ut
1230 3845 1335 3895 τιμς
1357 3843 1480 3892 λαχιῖν
1501 3836 1619 3887 τόδιι

691 3963 812 4022 Quis
835 3964 903 4011 ita
924 3960 1120 4019 stultus,
1147 3965 1195 4010 et
1217 3966 1315 4009 tam
1340 3959 1597 4013 remissus.

690 4018 1030 4087 Credulusque
1054 4018 1323 4087 horninum.
1339 4023 1610 4087 quisperet
1625 4018 1767 4079 deos,

693 4089 890 4147 Ossibus
933 4083 1243 4147 excarnibus,
1269 4091 1322 4135 et
1350 4083 1438 4141 bili
1473 4083 1593 4149 igne
1640 4083 1936 4142 examinata,
1985 4091 2087 4201 εἶξιὲ
2101 4090 2186 4189 et:-

2030 4154 2054 4190 c
2091 4154 2115 4188 c
2140 4154 2185 4199 a,

2030 4154 2185 4199 cocta,

694 4214 817 4272 Quae
840 4211 1045 4265 canibus
1067 4209 1306 4263 famelicis
1329 4220 1427 4258 non
1445 4214 1624 4272 εδερηι
1636 4206 1907 4272 esculenta.

692 4268 878 4327 Otnnes
900 4274 1142 4336 gaudere,
1169 4279 1221 4323 et
1238 4273 1493 4336 praemium
1510 4269 1628 4337 illud
1651 4268 1925 4332 consequi?

600 4408 760 4464 Prius
807 4422 939 4462 vero
976 4406 1068 4461 ille
1113 4406 1342 4475 ipsemet
1392 4401 1723 4474 Porphyrius
1762 4399 1977 4455 dixerat
2019 4398 2191 4454 malos

599 4500 894 4566 daemones,
929 4499 1019 4570 qui
1055 4497 1129 4553 dii
1171 4497 1334 4565 videri
1362 4497 1602 4565 cupiunt,
1630 4497 1803 4568 νίσσῃ,
1828 4501 1883 4547 et
1904 4490 2196 4546 sacriﬁcio—

1853 314 2301 383 DESEBTATIO
2335 312 2617 379 PRIEVIA
3755 307 3846 364 636

581 437 865 513 exhalatio,
892 436 937 499 si
963 437 1113 499 modo
1143 436 1420 503 perveniat.
1460 432 1659 499 Postea
1690 445 1818 493 vero
1846 431 1987 491 hanc
2010 430 2173 487 insul-
2198 434 2251 493 Δ

2871 440 3165 489 Αιτιοηιυσ
3198 442 3259 484 ΙΙ.

2272 542 2520 603 Quomodo
2559 540 2804 591 Arnobius
2841 540 2935 591 alia
2969 545 3166 591 evertat
3204 542 3512 591 ethnicorum
3553 547 3844 602 argumenta,

2335 606 2511 668 quibus
2534 605 2771 655 sacriﬁcia
2792 603 2888 661 diis
2902 607 3006 668 suis
3022 616 3133 668 esse
3155 603 3377 657 iacienda
3402 604 3616 663 probare
3637 603 3847 668 niteban-

2334 663 2439 727 tur;
2466 669 2551 716 ubi
2569 669 2633 716 de
2653 668 2746 716 ritu
2759 680 2866 730 quo
2885 666 3028 715 iidem
3056 665 3236 730 ethnici
3270 674 3534 730 antequam
3561 663 3738 730 templa
3759 665 3848 730 adi-

2337 725 2465 788 rent,
2493 743 2669 791 corpus
2692 725 2973 792 abluebant,
3003 736 3055 778 et
3099 729 3378 792 eXpllcatur
3408 725 3535 789 ’quid
3583 729 3647 776 sit
3671 725 3846 786 'Bulba,

2335 793 2656 855 Immissulus,
2679 792 2856 855 Buteo,
2887 791 3138 855 Solipuga,
3171 791 3362 855 nutrix,
3388 792 3657 851 uitulinum,
3678 799 3842 839 nastur-

2337 858 2484 915 cium,
2502 854 2699 917 bulbus,
2720 854 2901 914 cunila,
2919 861 2972 904 et
2990 854 3253 937 motacilla.

2348 964 2596 1035 Vulgaris
2624 964 2901 1035 gentilium
2946 963 3150 1033 Opinio.
3190 972 3241 1018 et
3278 962 3481 1035 magni,
3528 961 3606 1016 uti
3642 961 3848 1016 arbitra-

2278 1059 2491 1127 bantur,
2521 1059 2776 1128 pondcris
2799 1057 2864 1113 ad
2887 1057 3148 1115 Sacriﬁcia
3177 1056 3280 1113 diis
3304 1054 3549 1112 iacienda
3583 1070 3848 1125 argumen-

2282 1162 2421 1225 tum,
2454 1152 2553 1207 hac
2583 1151 2855 1207 fundatum
2884 1163 3000 1206 erat
3029 1166 3163 1205 vana
3197 1150 3572 1222 persuasione,
3601 1164 3700 1220 qua
3723 1148 3848 1203 exis-

2284 1244 2541 1299 timabant
2566 1260 2660 1301 eos
2691 1261 2717 1298 a
2748 1244 3179 1306 sacriﬁcantibus
3206 1243 3433 1314 placari,
3468 1252 3628 1313 atque
3654 1242 3846 1297 illorum

2280 1338 2457 1394 sedari
2505 1338 2851 1395 iracundiam.
2897 1338 3001 1395 Sed
3038 1338 3176 1397 hanc
3203 1338 3571 1409 opinationem
3602 1335 3849 1393 Arnobius

2282 1430 2531 1487 falsitatis
2568 1432 2970 1489 evidentissima
3008 1433 3183 1509 arguit
3218 1431 3461 1502 (Arnob,
3514 1431 3600 1486 lib.
3624 1446 3714 1493 vn,
3742 1448 3846 1501 pag.

2280 1522 2432 1601 2M).
2460 1523 2651 1580 Nullus
2674 1528 2872 1599 quippe
2906 1526 2955 1587 in
2986 1541 3114 1583 vero
3138 1525 3248 1580 Deo
3275 1539 3397 1580 esse
3428 1534 3603 1593 potest
3631 1524 3722 1581 ira:
3749 1538 3848 1577 mo-

2283 1628 2384 1681 tus,
2416 1619 2612 1697 quippe
2634 1619 2721 1697 qui
2754 1618 2944 1675 belluis
2968 1619 3262 1690 proximus,
3293 1631 3484 1673 eorum
3516 1626 3715 1673 tantum
3744 1630 3848 1671 esse

2282 1720 2479 1781 potest,
2506 1710 2596 1783 qui
2629 1711 2888 1764 mortales
2927 1718 3072 1776 sunt,
3104 1724 3205 1765 nec
3249 1707 3429 1765 adhuc
3474 1708 3635 1764 beati.
3669 1706 3767 1769 Sed
3791 1707 3848 1762 de
3905 1752 3909 1756 .

2211 1820 2258 1891 Β
2284 1805 2361 1858 ira
2392 1803 2483 1859 Dei
2514 1803 2682 1869 fusius
2719 1803 2772 1855 in
2817 1802 3163 1875 subsequenti
3189 1801 3576 1863 dissertatione
3603 1798 3845 1872 agendum

2283 1896 2520 1971 (Dissert.
2548 1896 2600 1950 in
2626 1892 2888 1965 Lactant.,
2919 1912 3037 1965 cap.
3064 1896 3154 1962 15,
3173 1904 3275 1949 art.
3307 1911 3321 1949 ι
3344 1905 3391 1949 el
3420 1892 3590 1965 seqq.)

2355 1992 2461 2045 Fac
2485 1998 2663 2045 tamen
2692 2004 2835 2043 nunc
2856 1990 2899 2044 si
2924 1989 3077 2054 velis,
3113 1989 3186 2042 ait
3212 1986 3507 2055 Arnobius,
3530 1986 3659 2042 deos
3682 1998 3848 2041 revera

2282 2080 2591 2137 hominibus
2621 2081 2801 2151 irasci,
2833 2095 2939 2134 non
2962 2079 3088 2135 inde
3116 2094 3210 2134 cos
3240 2079 3523 2133 sacriﬁciis
3552 2075 3850 2148 mitigandos

2284 2189 2405 2231 esse
2459 2189 2690 2245 unquam
2740 2174 3011 2229 conﬁcies.
3062 2172 3179 2229 Non
3230 2172 3376 2229 enim
3418 2182 3700 2242 antequam
3744 2169 3848 2227 irati

2285 2268 2413 2341 sint,
2438 2267 2760 2325 sacriﬁcium
2782 2268 2861 2321 eis
2892 2266 3005 2323 ﬁeri
3027 2266 3211 2323 debet.
3230 2265 3368 2325 Tum
3387 2264 3554 2333 enim,
3574 2266 3703 2325 sicut
3719 2262 3846 2328 feris,

2286 2377 2355 2429 ne
2383 2362 2645 2430 saeviant,
2693 2377 2814 2417 esca
2860 2362 3131 2432 obiicitur,
3164 2361 3239 2416 ita
3287 2360 3615 2419 sacriﬁcium
3642 2358 3847 2413 futuram

2288 2454 2511 2510 deorum
2561 2456 2697 2511 iram
2743 2454 3043 2517 cohiberet.
3080 2453 3265 2525 Neque
3310 2454 3477 2511 etiam
3519 2452 3621 2509 diis
3643 2452 3745 2521 jam
3782 2450 3846 2503 ira

2287 2548 2637 2605 inﬂammatis
2692 2549 3099 2605 sacriﬁcandum
3165 2560 3267 2604 est.
3327 2547 3466 2603 Nam
3525 2557 3849 2615 praeterquam

2287 2644 2429 2713 quod
2450 2644 2518 2699 ab
2545 2643 2856 2698 hominibus
2878 2643 2950 2698 dii
2977 2642 3100 2697 laedi
3131 2650 3432 2712 nequeunt,
3464 2640 3622 2695 nullis
3640 2652 3760 2692 sane
3785 2636 3848 2689 illi

2286 2736 2498 2807 legibus
2537 2752 2769 2807 unquam
2819 2734 3223 2791 constituerunt-
3239 2732 3514 2805 quodnam
3551 2733 3617 2787 ab
3646 2728 3848 2785 homini—

2286 2829 2389 2884 bus
2416 2829 2935 2899 pricvaricatoribns,
2971 2844 3037 2885 ne
3064 2844 3249 2903 poenas
3271 2828 3387 2883 laesi
3406 2826 3638 2893 numinis
3661 2824 3845 2885 darent,

2289 2937 2499 2977 sacrmn
2530 2922 2795 2993 agendum
2838 2933 2972 2977 erat.
3006 2922 3209 2978 Deinde
3232 2935 3364 2977 vero
3393 2920 3463 2976 ab
3489 2920 3629 2975 omni
3659 2927 3848 2989 prorsus

2289 3014 2759 3071 verisimilitudine
2793 3015 3054 3070 abhorret
3089 3010 3211 3070 illos
3249 3029 3441 3086 porco,
3473 3023 3564 3067 aut
3607 3007 3845 3081 gallinula,

2290 3115 2382 3161 aut
2406 3106 2525 3165 aliis
2556 3106 2854 3178 pecudibus
2886 3106 3199 3181 immolatis,
3232 3107 3369 3169 iram
3399 3119 3621 3178 ponere,
3651 3111 3701 3159 et
3730 3098 3846 3169 initl‘

2213 3209 2258 3272 ρ
2292 3200 2491 3259 riarum
2521 3198 2786 3259 oblivisci.
2833 3197 3130 3254 Criminum
3175 3198 3320 3253 enim
3380 3207 3488 3251 tam
3528 3195 3677 3250 facile
3722 3189 3846 3246 redi-

2289 3292 2606 3347 mendorum
2639 3291 2737 3345 hac
2780 3306 2874 3361 spe
2894 3292 3040 3359 data,
3068 3298 3337 3349 cresceret
3366 3290 3528 3351 dubio
3554 3285 3725 3363 procul
3750 3296 3848 3339 sce-

2288 3384 2578 3439 leratorum
2599 3383 2872 3439 hominum
2894 3385 3197 3439 multitudo.
3222 3384 3377 3452 Quod
3406 3383 3616 3453 quidem
3638 3376 3848 3447 Paruit)“

2286 3477 2398 3531 rius
2426 3474 2593 3531 fusius
2615 3491 2680 3531 eo
2704 3478 2892 3546 probat
2909 3476 3196 3553 (Porphyr.
3221 3476 3309 3532 lib.
3332 3492 3368 3531 Il
3394 3476 3455 3531 de
3476 3474 3615 3533 Abiit.
3637 3469 3844 3531 animata

2288 3585 2408 3641 pag.
2437 3569 2545 3624 252
2566 3579 2613 3623 et
2647 3570 2836 3642 δείνῳ),
2862 3569 3002 3641 quod
3029 3570 3125 3624 hac
3144 3572 3351 3626 ratione
3383 3571 3626 3629 inductus
3654 3562 3849 3637 quilibet

2289 3663 2567 3739 improbus
2582 3664 2762 3729 homo,
2781 3665 2964 3720 credet
2984 3663 3173 3720 iactam
3188 3666 3287 3721 sibi
3305 3666 3507 3735 injuste
3521 3658 3706 3723 etmale
3721 3671 3849 3728 agen-

2289 3756 2340 3811 di
2371 3765 2686 3828 poteSIatem
2719 3775 2732 3810 :
2763 3772 2918 3813 secus
2955 3775 3104 3825 vero,
3158 3759 3203 3814 si
3247 3760 3522 3814 existimet
3559 3772 3650 3812 sua
3672 3759 3845 3813 tattlttm

2289 3857 2509 3920 propter
2539 3850 2676 3904 bona
2714 3866 2876 3921 Opera
2904 3853 3209 3911 mercedem
3241 3868 3272 3907 a
3295 3853 3400 3911 diis
3429 3860 3777 3922 accepturum.

2287 3961 2311 4013 ἐ
2360 3942 2521 3998 Addit
2542 3945 2756 4016 insuper
2783 3946 3046 4000 Arnobius
3075 3947 3311 4018 iniquum
3338 3946 3558 4003 omnino
3584 3939 3756 4005 videri,
3782 3941 3842 3998 υΐν

2288 4050 2389 4108 pro
2417 4052 2511 4092 reo
2541 4046 2596 4094 et
2632 4039 2801 4097 noxio
2823 4039 3041 4095 homine
3066 4040 3326 4095 innocens
3367 4040 3536 4095 bestia
3580 4031 3842 4091 occidatur.

2290 4130 2462 4187 Simili
2495 4140 2811 4202 argumento
2838 4131 3172 4206 Porphyrius
3194 4132 3432 4188 ostendit
3452 4130 3648 4186 nullum
3674 4118 3841 4179 animal

2288 4224 2628 4297 gralitudinis
2644 4238 2825 4291 causa,
2850 4231 2904 4279 et
2926 4223 2993 4280 ad
3016 4227 3216 4295 gratias
3239 4225 3344 4281 diis
3373 4216 3731 4299 rependendas
3746 4226 3844 4270 esse

2289 4319 2695 4377 sacriﬁcandum
2726 4321 2919 4396 (Idem,
2966 4320 3115 4393 ibid.,
3160 4338 3281 4393 pag.
3316 4318 3468 4394 165).
3515 4316 3613 4386 Qlti
3644 4319 3844 4381 namque

2290 4430 2390 4487 pro
2419 4426 2642 4486 accepto
2670 4417 2936 4472 beneﬁcio
2963 4417 3162 4488 gratias
3192 4415 3320 4486 agit,
3345 4414 3390 4470 is
3422 4428 3528 4468 non
3554 4409 3705 4465 debet
3728 4397 3844 4457 male

2292 4523 2618 4579 QUquIlam
2664 4509 2936 4564 immerito
2966 4508 3185 4569 afﬁcere
3234 4523 3335 4562 nec
3366 4522 3463 4578 pro
3488 4504 3643 4560 noxio
3668 4506 3717 4554 et
3743 4491 3834 4551 cri-

600 4609 719 4649 rum
759 4593 951 4647 nidore
1002 4590 1256 4653 recreari.
1298 4587 1656 4656 Quamobrem
1683 4585 1762 4639 vir
1806 4584 1984 4649 bonus,
2023 4583 2183 4653 inquit

2296 4602 2456 4656 minis
2484 4601 2699 4655 conscio
2722 4600 2939 4666 homine
2966 4599 3135 4657 ullum
3162 4599 3424 4655 innocens
3452 4592 3664 4653 animal.

600 4683 714 4747 ille,
740 4693 786 4743 et
803 4684 1007 4755 sapiens
1033 4681 1097 4736 ab
1118 4679 1369 4748 eiusmodi
1393 4678 1660 4744 sacriﬁciis
1679 4673 1907 4739 cavebit;
1940 4688 2008 4729 ne
2035 4674 2101 4729 ad
2132 4688 2192 4728 se

604 4777 824 4831 adliciat
866 4777 1000 4830 tales
1029 4774 1319 4844 impietatis
1355 4771 1661 4843 magistros.
1703 4769 1971 4837 Quantum
2010 4775 2187 4823 autem

604 4867 658 4922 in
681 4866 934 4921 omnibus
956 4881 1020 4925 ac
1044 4866 1292 4935 singulis,
1321 4879 1441 4933 quae
1470 4862 1837 4935 exposuimus,
1859 4860 2194 4930 argumentis

604 4960 678 5015 sit
701 4958 919 5024 virium,
950 4957 1112 5014 facile
1140 4968 1200 5012 ut
1230 4966 1499 5027 putamus,
1540 4956 1767 5025 quisque
1795 4952 2104 5022 perspiciet.
2134 4949 2193 5006 Si

606 5054 729 5125 quis
756 5067 888 5108 vero
912 5051 1065 5121 plura
1094 5051 1442 5108 desiderabit,
1462 5050 1579 5103 huic
1600 5046 1740 5118 apud
1766 5045 2052 5102 Eusebium
2081 5058 2195 5100 ma-

605 5161 715 5219 gno
752 5145 873 5207 sine
909 5144 1093 5200 labore
1132 5143 1370 5199 inveniet
1415 5141 1652 5214 (Euub.,
1699 5138 1787 5194 lib.
1844 5153 1895 5193 iv
1952 5136 2192 5208 Prwpar.

607 5256 815 5310 cuang.,
844 5256 959 5311 cap.
990 5237 1084 5303 28,
1112 5254 1232 5308 pag.
1268 5237 1402 5300 175;
1446 5235 1534 5290 lib.
1569 5251 1621 5302 v,
1653 5251 1766 5303 cap.
1793 5233 1852 5299 2,
1882 5249 2002 5305 pag.
2042 5229 2193 5301 182).

606 5333 886 5397 Neminem
917 5346 1078 5402 porro
1116 5346 1237 5395 esse
1273 5330 1615 5395 arbitramur,
1649 5329 1737 5400 qui
1768 5344 1835 5384 ex
1859 5327 2067 5389 cunctis
2094 5328 2195 5380 Ar-

609 5427 756 5483 nobii
780 5426 1096 5490 rationibus,
1120 5425 1281 5480 simul
1306 5423 1569 5486 collectis,
1595 5437 1701 5477 non
1732 5421 1960 5485 fateatur
1979 5420 2087 5475 illis
2106 5418 2201 5482 ab-

611 5523 830 5578 surdum
857 5521 1137 5593 gentilium
1166 5534 1405 5577 errorem
1446 5519 1658 5591 penitus
1686 5516 1925 5575 subverti
1954 5512 2195 5587 (Arnob.,

614 5616 701 5671 lib.
734 5630 812 5684 Vt,
839 5632 959 5687 pag.
984 5613 1138 5685 204).

2364 4693 2563 4751 Contra
2611 4708 2743 4750 vero
2789 4694 3060 4759 instabant
3106 4692 3279 4751 adhuc
3321 4691 3554 4753 ethnici,
3584 4676 3842 4753 majot'i‘l“e

2276 4775 2429 4844 ‘voce
2454 4787 2755 4843 clamabant
2777 4787 2897 4843 ideo
2919 4787 3137 4843 cuilibet
3156 4785 3259 4842 deo
3282 4785 3484 4841 hostias
3505 4769 3839 4837 immolandas,

2303 4891 2363 4936 ut
2391 4896 2479 4936 res
2511 4879 2666 4945 nobis
2698 4879 2894 4935 tribuat
2940 4894 3243 4951 prOSperas,
3288 4889 3343 4933 et
3372 4877 3621 4933 adversas
3647 4866 3837 4923 avertat.

2303 4975 2409 5032 Sed
2431 4975 2546 5030 haec
2574 4973 2713 5029 ratio
2732 4975 2935 5029 auctori
2966 4982 3151 5028 nostro
3175 4987 3282 5026 non
3311 4971 3521 5026 videtur
3536 4966 3647 5020 aliis
3669 4955 3838 5019 ητιηίοτ

2303 5078 2398 5125 aut
2423 5067 2649 5125 validior
2669 5066 2912 5135 (Arnob,
2936 5066 3025 5120 lib.
3050 5082 3141 5129 vn,
3160 5082 3279 5139 pag.
3311 5065 3437 5130 517,
3467 5069 3511 5117 el
3535 5054 3707 5131 seqq.)
3734 5042 3839 5103 Eth-

2303 5165 2549 5219 nicorum
2594 5161 2859 5232 siquidem
2892 5159 3330 5231 plnlosoiihorum
3360 5148 3689 5212 eruditissimi
3727 5151 3837 5212 ρτω·

2302 5257 2472 5322 fracte
2497 5258 2763 5313 docebant
2785 5255 2963 5310 omnia
2982 5253 3089 5307 lato
3114 5252 3388 5325 fatalique,
3413 5246 3599 5305 utalibi
3622 5236 3836 5328 vidimitf:

2304 5318 2626 5406 necessitate
2663 5347 2796 5404 ﬁeri.
2846 5348 2914 5402 At
2944 5345 3069 5401 inde
3107 5316 3294 5416 aperte
3328 5316 3564 5413 sequitur
3589 5334 3709 5390 deos
3735 5316 3837 5378 nihil

2287 5445 2521 5515 penitus
2564 5442 2873 5498 hominibus
2920 5448 3014 5495 aut
3040 5439 3172 5495 dare
3209 5453 3402 5512 posse,
3448 5441 3537 5488 aut
3575 5420 3835 5516 prohibere.

2305 5546 2465 5608 atque
2496 5536 2698 5591 idcirco
2725 5536 2913 5591 hostiis
2936 5534 3169 5589 victimis
3188 5576 3204 5602 ,
3240 5528 3596 5589 libationibus,
3627 5529 3674 5575 et
3699 5521 3837 5608 Sacfl‘

2308 5594 2443 5687 ﬁciis
2474 5628 2671 5683 frustra
2700 5627 2907 5699 fatigari
2936 5594 3260 5696 (Dissertain
3288 5624 3507 5686 Minue,
3537 5633 3580 5670 c.
3609 5611 3657 5676 6,
3683 5594 3834 5699 φιλλ
3890 5602 3893 5631 ⁵

2382 5724 2647 5780 Prmterea
2694 5723 2740 5776 si
2781 5697 2852 5776 dii
2901 5732 3152 5791 prospera
3196 5716 3517 5787 largiuntur,
3559 5712 3612 5762 et
3651 5697 3833 5800 adierit“
3891 5768 3895 5791 γ

2308 5816 2637 5893 propellunt,
2679 5828 2775 5873 cur
2815 5813 3084 5871 innumeri
3122 5810 3389 5878 homines,
3432 5812 3582 5873 atque
3616 5795 3650 5851 ii
3685 5794 3830 5847 etiam.
3868 5876 3890 5896 Α
