4000 6276
148 331 247 390 657

1380 342 1448 398 ΙΝ
1478 341 1854 416 ΑΒΝΟΒῙΠΜ,
1895 347 2047 412 CAP.
2089 347 2276 410 XXIII.

3327 357 3432 416 638

147 450 230 522 qui
277 452 554 522 perpetuis
595 451 873 514 sacriﬁciis
904 467 1026 510 aras
1069 467 1318 525 onerant,
1365 458 1430 514 ad
1459 467 1728 517 extremas
1754 463 1808 527 Α
1832 463 1904 518 mi
1924 463 2074 524 labes
2097 479 2195 520 nec
2212 463 2560 525 diuturnitate
2576 485 2888 538 vanescere,
2911 486 3014 528 nec
3035 473 3280 529 manibus
3309 475 3434 531 ullis

145 545 414 614 angustias
438 546 690 614 orbitate,
729 547 956 614 morbis,
990 549 1300 621 naufragiis,
1327 551 1553 626 aliisque
1579 553 1734 610 malis
1837 557 1942 610 elui
1990 567 2184 628 potest.
2245 560 2468 630 (Cicer.,
2521 562 2610 618 lib.
2647 580 2722 629 ιι,
2763 566 2826 620 de
2858 564 3032 638 Legib.
3057 608 3074 634 ,
3123 583 3242 636 pag.
3272 547 3432 640 556:)

147 645 197 692 et
225 635 534 692 infortuniis
562 637 762 693 redacti
795 639 956 700 sunt?
987 641 1175 696 Nonne
1214 643 1452 698 ontnium
1487 644 1736 715 ingratis-

145 727 264 785 simi
294 739 479 785 essent
517 729 615 796 dii,
649 732 694 787 si
740 731 857 788 haec
887 749 1006 790 cum
1058 735 1287 811 possint,
1333 737 1540 798 nollent
1570 739 1738 809 impe—

145 823 279 891 dire,
310 825 548 895 nihilque
577 825 776 881 vellent
811 827 1014 896 piorum
1043 844 1281 884 annuere
1309 831 1630 900 postulatis?

211 921 284 974 At
310 919 478 990 prius,
503 919 734 990 inquies,
767 920 1062 976 hostiarum
1093 925 1351 994 sanguine
1381 935 1433 980 et
1461 925 1740 982 sacriﬁciis

145 1012 504 1084 comparanda
531 1022 583 1068 et
608 1013 836 1068 emenda
865 1025 990 1069 sunt
1025 1015 1248 1071 deorum
1287 1017 1570 1074 beneﬁcia.
1601 1017 1738 1090 Quid

144 1104 246 1176 ais,
281 1106 362 1160 vir
385 1105 568 1165 bene?
589 1104 764 1172 Quod,
793 1107 986 1167 amabo
1008 1117 1078 1178 te,
1112 1108 1216 1164 diis
1241 1112 1412 1181 magis
1437 1111 1736 1180 indignum,

143 1215 304 1271 quam
327 1200 536 1255 venalia
559 1198 758 1254 habere
786 1199 1086 1267 benefacta,
1121 1218 1184 1256 ac
1213 1204 1329 1257 sine
1349 1203 1452 1257 illis
1480 1204 1739 1274 prodesse

147 1291 386 1348 nemini?
409 1291 546 1359 Quid
574 1307 724 1356 vero,
764 1292 905 1367 quod
948 1295 991 1348 si
1024 1294 1139 1350 sola
1177 1294 1546 1363 hujuscemodi
1575 1297 1741 1352 sacri-

147 1383 266 1437 ﬁcia
312 1386 550 1454 prosint,
577 1393 722 1438 certe
761 1369 924 1438 homo
967 1385 1140 1454 dives,
1174 1387 1262 1460 qui
1295 1387 1448 1462 plura
1487 1387 1739 1444 animalia

145 1489 347 1546 magno
374 1475 615 1546 quidem,
663 1475 756 1531 sed
809 1474 854 1529 si
886 1491 1016 1546 opes
1046 1477 1165 1546 ejus
1204 1479 1482 1548 reSpicias,
1529 1481 1741 1540 modico

144 1569 324 1639 pretio
371 1579 570 1642 empta,
621 1569 725 1624 diis
769 1570 1044 1638 mactabit,
1091 1569 1160 1628 ab
1205 1571 1270 1634 iis
1321 1581 1468 1630 tanto
1513 1573 1736 1646 majora,

144 1676 350 1738 quanto
381 1666 586 1720 minora
617 1681 842 1740 pauper,
864 1667 953 1738 qui
975 1667 1227 1738 exiguum
1267 1667 1490 1740 aliquid,
1521 1668 1626 1722 sibi
1664 1678 1738 1722 ta-

1843 649 2117 711 Testatum
2179 668 2306 710 vero
2373 655 2668 714 Macrobius
2716 659 2841 712 facit
2891 674 3230 715 communem
3291 660 3431 716 hanc

1845 744 2010 806 tuisse
2039 747 2313 816 gentilium
2341 750 2819 816 consuetudinem,
2853 751 2946 806 sed
2967 753 3336 822 aspersionem
3366 753 3434 810 ab

1845 837 2121 897 ablatione
2166 839 2490 912 distinguit:
2525 861 2545 896 ι
2573 842 2798 897 Constat
2837 844 3016 909 enim,
3065 845 3262 911 inquit,
3316 844 3422 901 dlis

1845 933 2056 1001 superis
2095 947 2246 990 saera
2293 935 2558 992 facturum
2615 938 2859 1007 corporis
2895 938 3168 994 ablutioue
3199 941 3433 1011 purgari.

1849 1024 1982 1078 Cum
2020 1040 2148 1082 vero
2176 1027 2359 1088 inieris
2385 1028 2643 1085 litandum
2672 1041 2786 1092 est.
2819 1033 2950 1086 satis
2980 1040 3156 1086 aetum
3187 1032 3434 1099 videtur,

1845 1116 1892 1170 si
1935 1117 2174 1186 aspersio
2200 1119 2312 1176 Sola
2341 1120 2602 1191 contingit
2637 1141 2657 1176 ι
2718 1120 3012 1193 (Macrob.,
3045 1123 3132 1177 lib.
3165 1139 3223 1178 ιιι
3253 1122 3440 1179 Satur-

1844 1208 1991 1278 nal.,
2035 1226 2152 1280 cap.
2198 1209 2274 1282 1).
2319 1211 2481 1270 Multa
2527 1214 2598 1269 ibi
2625 1213 2715 1270 ille
2755 1231 2822 1270 ex
2865 1215 3128 1286 Virgilio,
3178 1227 3232 1272 et
3281 1218 3440 1290 longe

1847 1301 1996 1371 plura
2018 1301 2322 1366 Brissonius
2351 1321 2417 1362 ex
2446 1307 2636 1364 eodem
2668 1319 2824 1376 poeta
2843 1309 3070 1378 aliisque
3087 1310 3436 1381 scriptoribus

1847 1393 1916 1450 de
1960 1393 2062 1460 hoc
2113 1397 2390 1466 gentilium
2444 1399 2548 1458 ritu
2597 1401 2852 1456 retulere.
2899 1402 3010 1457 Hos
3053 1413 3238 1458 autem
3284 1404 3440 1460 adire

1848 1485 1990 1544 haud
2043 1488 2330 1550 difﬁciliter
2397 1493 2636 1562 poteris,
2688 1494 2826 1564 sicut
2881 1493 3311 1564 Tertullianum,
3379 1512 3443 1554 ac

1847 1575 2120 1637 Justiuum
2152 1581 2316 1642 etiam
2347 1593 2670 1654 martyrem,
2697 1585 2789 1654 qui
2837 1586 2925 1642 ubi
2965 1586 3311 1642 christianum
3357 1603 3444 1644 re-

1850 1667 2101 1740 ligionem
2130 1683 2316 1734 contra
2360 1673 2606 1746 ethnicos
2657 1686 2869 1744 tuetur,
2903 1677 2977 1734 ibi
3024 1679 3212 1734 scribit
3253 1695 3284 1734 a
3332 1679 3446 1736 dm-

146 1773 272 1814 men
304 1773 401 1834 pro
429 1769 669 1828 egestate
707 1760 1020 1824 maximum,
1063 1759 1276 1826 offeret,
1313 1761 1573 1816 beneﬁcia
1605 1764 1746 1818 acci-
1778 1771 1826 1832 Β
1853 1763 2102 1824 monibus
2127 1805 2142 1830 ,
2170 1766 2261 1835 qui
2300 1765 2622 1828 lavationem
2667 1769 2736 1828 ab
2765 1769 2922 1824 Esaia
2971 1771 3227 1840 propheta
3273 1771 3444 1826 indic-

145 1867 278 1923 pere
303 1851 556 1914 debebit?
586 1853 716 1922 Qua:
739 1863 917 1908 autem
950 1855 1124 1926 major
1153 1853 1255 1910 hac
1281 1870 1403 1910 esse
1444 1864 1620 1924 potest
1661 1857 1746 1914 in-

137 1944 286 2016 juria
312 1957 365 2000 et
392 1945 685 2016 iniquitas?
711 1945 912 2012 Eadem
933 1960 1064 2005 vero
1096 1947 1326 2014 ratione,
1359 1947 1403 2002 si
1424 1947 1533 2005 duo
1563 1949 1748 2020 populi

139 2053 330 2094 secum
351 2038 496 2097 bello
523 2039 882 2106 decertantes,
913 2041 1102 2100 eadem
1137 2041 1360 2100 omnino
1382 2043 1642 2106 sacriﬁcia
1673 2043 1750 2101 fa.

142 2133 313 2202 ciant,
345 2142 453 2200 tum
483 2134 556 2188 dii
591 2135 696 2198 illis
723 2150 904 2205 opem,
933 2151 1094 2207 quam
1123 2137 1304 2211 utique
1327 2151 1508 2206 parem
1538 2151 1752 2200 meren-

146 2237 253 2292 tur,
286 2225 431 2282 ferre
457 2243 748 2298 numquam
783 2239 1054 2300 poterunt.

216 2319 424 2376 Verum
481 2337 548 2381 ea
589 2322 886 2390 sacriﬁcia,
929 2325 1145 2388 aiebant
1183 2324 1418 2391 ethnici,
1460 2325 1529 2381 ad
1575 2323 1751 2386 hono-

147 2418 360 2474 randos
387 2417 556 2486 deos,
613 2419 1149 2494 atnplilicandamquc
1193 2437 1379 2478 eorum
1433 2421 1747 2492 dignitatem

141 2521 301 2567 recte
347 2509 590 2574 instituta
639 2521 784 2574 sunt.
817 2513 922 2570 Sed
976 2514 1028 2570 id
1073 2515 1248 2584 palam
1291 2515 1556 2586 planeque
1593 2525 1754 2586 negat

143 2602 424 2668 Arnobius
450 2602 665 2673 (Arnob.
689 2645 704 2668 .
734 2605 821 2664 lib.
857 2622 926 2665 vtt
948 2648 964 2674 ,
1010 2623 1130 2680 pag.
1163 2608 1270 2667 29.0
1305 2620 1351 2666 et
1387 2608 1574 2680 seqq.).
1617 2609 1750 2669 Nam

145 2695 426 2750 honorum
458 2693 882 2772 dignitatumque
924 2697 1200 2772 attributio
1251 2708 1304 2754 et
1352 2699 1749 2756 incrementum

145 2790 203 2844 in
277 2789 408 2844 solis
454 2787 761 2850 hominibus
827 2791 1000 2848 locum
1052 2791 1231 2853 habet.
1275 2793 1414 2854 Dens
1477 2794 1752 2848 enimvero

145 2883 309 2946 nullo
349 2899 569 2956 prorsus
610 2883 769 2939 modo
811 2883 1105 2955 dignitate,
1149 2886 1420 2957 potentia,
1457 2885 1753 2947 honoribus

147 2977 345 3050 augeri
385 2987 581 3048 potest.
629 2977 765 3044 Quin
797 2979 958 3042 etiam
1001 2979 1090 3050 qui
1132 2978 1414 3046 humanis,
1459 2980 1532 3036 ait
1572 2979 1752 3038 Arno-

148 3072 315 3140 bius,
345 3071 640 3140 honoribus
679 3083 952 3139 mactatur,
997 3075 1050 3133 id
1087 3084 1170 3130 est
1208 3074 1433 3142 Servio,
1476 3075 1754 3136 Brissonio

1855 1863 1960 1910 tam
1988 1867 2391 1926 cognoverant,
2426 1859 2676 1919 effectum
2709 1859 2919 1928 fuisse;
2952 1871 3010 1918 ιιι
3046 1862 3274 1932 gentiles
3303 1873 3446 1917 tem-

1851 1951 1939 2018 pla
1981 1965 2075 2017 sua
2103 1951 2372 2027 ingrcsuri
2396 1994 2411 2020 ,
2463 1969 2522 2010 se
2550 1954 2696 2022 ipsos
2725 1965 2780 2016 et
2807 1969 2961 2025 aqua
3003 1957 3319 2026 aspersione
3365 1958 3450 2012 Iu-

1847 2050 2112 2114 sti-arent,
2146 2053 2202 2104 et
2230 2052 2342 2112 toto
2368 2045 2532 2101 etiam
2554 2061 2781 2117 corpore
2813 2048 3122 2105 lavarentur
3143 2047 3432 2121 (Βήειοηη

1850 2132 1940 2190 lib.
1971 2151 1986 2188 ι
2017 2133 2082 2199 de
2133 2133 2351 2206 Farin.,
2399 2154 2520 2208 pag.
2573 2136 2680 2206 ﬁet
2725 2154 2906 2209 segq.;
2943 2138 3205 2210 Tertull.,
3248 2142 3339 2196 lib.
3385 2141 3452 2198 de

1848 2226 2137 2300 Baptism,
2181 2247 2296 2304 cap.
2335 2232 2410 2298 5;
2450 2233 2648 2289 Justiti.
2671 2275 2686 2301 ,
2730 2233 2950 2306 Apolog.
2990 2251 3064 2300 ll,
3090 2252 3178 2292 seu
3203 2251 3255 2302 ι,
3293 2254 3348 2307 p.
3381 2237 3454 2292 θι

1850 2329 1897 2375 et
1922 2329 2105 2393 seqq.).
2145 2322 2485 2393 Quapropter
2511 2325 2853 2394 Lactantius,
2905 2328 2978 2386 uti
3019 2344 3120 2386 suo
3149 2329 3270 2386 loco
3299 2328 3452 2385 vide-

1851 2416 2058 2484 bimus,
2089 2433 2186 2473 eos
2211 2419 2463 2489 corripit,
2510 2429 2791 2490 propterea
2839 2420 2982 2490 quod
3023 2421 3110 2491 pie
3150 2436 3210 2478 se
3245 2420 3452 2478 sacriﬁ-

1852 2523 2007 2574 casse
2070 2511 2480 2576 existimarent,
2539 2511 2585 2566 si
2637 2522 2794 2572 antea
2853 2512 3086 2576 laverint
3139 2511 3446 2584 (Lactant,

1855 2599 1941 2656 lib.
1968 2617 2001 2656 ν
2024 2599 2260 2661 Institut.
2285 2645 2301 2670 ,
2346 2619 2463 2672 cap.
2511 2600 2583 2668 20
2606 2644 2621 2667 ,
2663 2620 2789 2675 pag.
2813 2604 2968 2675 51:2).

1924 2692 2033 2752 Sed
2057 2693 2171 2762 lucc
2199 2694 2472 2766 sacriﬁciis
2501 2697 2785 2768 praemissa
2818 2696 3014 2754 lavatio
3033 2738 3049 2764 ,
3079 2711 3176 2760 seu
3201 2697 3406 2764 ablutio
3431 2739 3449 2766 ,

1853 2796 1948 2844 aut
1972 2787 2216 2857 aspersio
2259 2803 2366 2844 non
2407 2788 2710 2854 efﬁciebat,
2743 2798 2803 2847 ut
2853 2804 3115 2860 caesarum
3141 2789 3442 2852 hostiarum

1855 2881 2115 2957 sanguine
2134 2923 2149 2946 .
2172 2889 2229 2938 et
2258 2883 2541 2956 potoribus
2561 2923 2576 2948 ,
2606 2898 2746 2956 quos
2774 2897 2876 2938 nec
2904 2884 3004 2952 ipsi
3052 2884 3451 2952 sacriﬁcantes,

1857 2975 1994 3040 sicut
2040 2983 2230 3033 auctor
2261 2984 2444 3036 uoster
2488 2983 2634 3030 recte
2681 2974 2858 3044 arguit
2899 2973 3118 3044 (Arnob.
3145 3015 3161 3042 ,
3211 2975 3301 3038 lib.
3333 2991 3404 3036 vn
3429 3014 3448 3038 ,

1858 3085 1978 3140 pag.
2008 3068 2170 3140 222),
2213 3067 2356 3127 ferre
2402 3079 2648 3142 poterant
2676 3069 2748 3126 dii
2802 3069 3212 3132 honorarentur.
3249 3069 3436 3138 Neque

153 3178 209 3220 et
243 3165 368 3222 aliis
395 3165 807 3242 interpretibus,
842 3169 991 3238 quasi
1037 3169 1208 3239 magis
1248 3178 1508 3235 augetur,
1550 3170 1644 3224 illo
1676 3170 1754 3228 iu-
1777 3154 1822 3218 C
1856 3159 2056 3216 dixeris
2079 3176 2109 3217 θ
2136 3158 2397 3224 Cicerone
2422 3160 2600 3216 citatis
2629 3159 2838 3228 legibus
2866 3174 2987 3224 cum
3031 3161 3274 3229 corporis
3306 3161 3453 3222 lava-

154 3258 334 3313 ferior
364 3267 480 3324 est,
523 3258 678 3328 cujus
715 3269 939 3330 augetur
978 3261 1212 3334 potentia
1243 3260 1428 3332 (Serv.
1455 3303 1470 3325 ,
1500 3261 1552 3318 in
1582 3263 1671 3318 lib.
1703 3279 1755 3320 tv

149 3351 500 3419 ίΕηεὶάηηι,
544 3369 663 3424 pag.
707 3353 844 3420 5N5,
893 3364 938 3411 et
975 3351 1242 3418 Brisson.,
1289 3354 1424 3408 lib.t
1468 3355 1530 3408 de
1570 3353 1752 3411 Form.

149 3465 279 3520 pag.
322 3447 438 3520 21).
470 3447 540 3507 At
565 3448 652 3516 id,
697 3460 788 3510 aut
814 3450 939 3520 quid
971 3451 1146 3507 simile
1173 3451 1241 3507 de
1281 3452 1390 3507 Deo
1439 3451 1625 3507 dicere
1669 3453 1754 3509 vel

149 3543 400 3612 cogitare
429 3540 650 3611 impium
681 3551 764 3598 est
803 3541 930 3610 (Cic.
961 3585 974 3610 ,
1007 3547 1192 3618 fragm.
1214 3587 1229 3614 ,
1257 3561 1380 3618 pag.
1411 3545 1526 3618 16).

223 3633 346 3689 Nos
378 3633 557 3704 itaque
582 3633 752 3693 Deum
785 3651 941 3700 vere,
968 3650 1030 3690 ac
1057 3637 1322 3702 maxime,
1363 3647 1418 3692 et
1457 3653 1618 3708 super
1646 3653 1755 3694 ca:-

149 3738 280 3784 tera
335 3727 514 3781 omnia
562 3727 891 3790 honoramus
943 3737 998 3782 et
1051 3730 1307 3798 colimus;
1347 3745 1469 3786 cum
1523 3731 1591 3791 de
1642 3732 1759 3807 ipso

147 3820 326 3890 digne
372 3817 640 3880 sentimus
687 3817 942 3885 (Arnob.,
993 3819 1082 3880 lib.
1118 3835 1225 3884 vtt,
1273 3838 1392 3892 pag.
1422 3822 1572 3891 εει).
1618 3822 1758 3877 Nihil

143 3914 366 3984 quippe
392 3909 662 3966 credimus
707 3912 760 3965 in
792 3911 882 3966 illo
923 3926 1047 3967 esse
1070 3954 1083 3976 ,
1131 3913 1273 3984 quod
1306 3915 1434 3970 solis
1473 3917 1760 3977 conveniat

144 4001 528 4069 mortalibus,
585 4013 676 4060 aut
732 4005 832 4074 ipsi
885 4006 1260 4072 extrinsecus,
1311 4022 1418 4078 quo
1457 4007 1758 4078 perturbari

148 4096 378 4167 possit,
419 4093 683 4150 adveniat.
735 4096 917 4152 Palam
949 4111 1163 4168 quoque
1208 4096 1440 4153 fatemur
1469 4099 1618 4154 illum
1663 4113 1762 4155 sua

150 4189 210 4244 vi
262 4203 330 4243 se
381 4185 771 4256 perfectissime
823 4203 1180 4259 cognoscere,
1216 4189 1478 4260 necg'ullo
1525 4207 1760 4262 unquam

151 4278 466 4338 iracundiae
493 4320 509 4346 ,
540 4280 863 4350 voluptatis,
898 4281 1205 4336 ambitionis
1229 4323 1245 4348 ,
1278 4282 1619 4356 cupiditatis,
1669 4293 1762 4340 aut

153 4373 366 4446 quovis
393 4371 573 4443 eiusce
600 4371 746 4438 modi
782 4373 887 4430 alio
919 4381 1068 4438 motu
1091 4374 1299 4442 agitari.

227 4467 376 4535 Quis
395 4481 527 4535 ergo
553 4482 660 4520 non
689 4466 806 4522 sine
824 4467 982 4521 sibilo
1005 4467 1260 4536 explodat
1279 4468 1524 4524 ethnicos
1548 4467 1759 4542 (Ibid.),

1861 3253 2005 3313 tione
2029 3263 2236 3314 castum
2269 3253 2506 3313 animum
2546 3253 2768 3323 requiri.
2799 3253 2930 3318 Nam
2961 3252 3097 3320 nihil
3126 3254 3193 3316 de
3223 3253 3311 3316 illa
3343 3269 3441 3314 en-

1859 3351 2050 3404 rabant
2077 3351 2324 3421 gentiles.
2356 3349 2473 3418 Quo
2505 3361 2685 3404 autem
2729 3350 2890 3406 modo
2919 3361 3100 3411 aestus
3129 3364 3252 3408 esse
3295 3360 3453 3420 pote-

1859 3454 2148 3500 rateorum
2191 3447 2432 3508 animus,
2460 3444 2550 3512 qui
2579 3443 2682 3496 diis
2725 3443 2905 3507 enini,
2941 3442 3017 3502 uti
3061 3441 3405 3504 Venditubaut
3433 3481 3449 3508 ,

1859 3533 2282 3596 eﬂ‘renatissimac
2311 3533 2551 3600 libidinis
2591 3542 2646 3596 et
2681 3533 3027 3603 impudicitia:
3073 3548 3278 3604 genere
3322 3547 3454 3596 con-

1859 3628 2126 3685 taminatis
2153 3643 2214 3684 ea
2237 3643 2356 3694 quae
2383 3627 2612 3694 diximus
2629 3668 2644 3691 ,
2676 3627 2943 3685 faciebant
2971 3626 3279 3683 sacriﬁcia?

1935 3723 2200 3780 Praeterea
2250 3735 2418 3788 vero,
2462 3721 2507 3774 si
2557 3720 2870 3786 sacriﬁcatis
2910 3720 3239 3786 animalibus
3281 3719 3455 3781 bonos

1861 3814 1964 3877 diis
1995 3815 2264 3880 redditur,
2299 3829 2396 3882 cur
2433 3814 2663 3873 ethnicis
2709 3816 2776 3874 iis
2829 3831 2936 3872 non
2985 3814 3296 3874 mactabam
3337 3814 3452 3876 cleo

1863 3909 2126 3977 pltantos,
2183 3922 2375 3970 ursos,
2425 3923 2624 3971 canes,
2655 3907 2866 3974 belbas,
2915 3907 3082 3962 codex
3129 3923 3232 3970 nis.
3277 3908 3457 3975 regius

1863 4003 2090 4067 belluas,
2123 4001 2296 4061 littera
2323 4018 2378 4059 tt.
2412 4016 2511 4072 pro
2536 4001 2588 4056 b.
2641 4018 2794 4064 more
2840 4002 3001 4064 solito
3027 4003 3197 4071 posita
3241 4001 3408 4074 (Ibid.
3430 4043 3448 4072 ,

1865 4111 1983 4168 pag.
2003 4091 2156 4164 225).
2187 4093 2345 4160 Belba
2375 4103 2553 4152 autem
2581 4093 2722 4160 idem
2747 4093 3012 4164 signiﬁcat
3039 4107 3200 4164 atque
3233 4093 3418 4164 hyaena
3437 4135 3454 4160 ,

1862 4186 2316 4257 quemadmodum
2345 4187 2588 4255 epistola:
2611 4202 2641 4242 a
2672 4187 2916 4247 Barnaba
2945 4186 3158 4256 scripta:
3189 4188 3457 4256 interpres

1863 4262 2381 4350 pseudo-Clemens,
2411 4277 2745 4351 Capitolinus
2774 4291 2826 4334 et
2869 4279 3168 4342 Cotelerius
3197 4280 3422 4336 observa
3441 4309 3455 4320 -

1864 4383 1990 4440 runt
2042 4373 2334 4448 (Bamab.,
2382 4373 2596 4446 Epist,
2631 4391 2774 4439 nunt.
2826 4373 2929 4440 lli;
2979 4373 3174 4440 Clem,
3217 4372 3308 4436 lib.
3358 4388 3456 4442 vui

1865 4468 2130 4540 Recogm't.
2162 4509 2178 4534 ,
2206 4468 2234 4542 §
2265 4469 2336 4525 εδ
2357 4485 2376 4537 ;
2399 4468 2618 4542 Capitol.
2639 4508 2658 4534 ,
2681 4467 2771 4527 sub
2791 4466 2884 4535 ﬁn.
2903 4505 2919 4530 ,
2941 4463 3102 4538 Gardi
3121 4468 3155 4520 5
3172 4483 3190 4529 ;
3209 4463 3424 4523 Coteler.
3439 4507 3454 4534 ,

158 4563 254 4635 qui
306 4561 694 4630 existimabant
719 4577 779 4628 se
807 4578 914 4624 non
945 4563 1226 4624 minimum
1258 4563 1360 4622 diis
1387 4565 1500 4620 suis
1528 4565 1764 4624 tribuere
1789 4550 1921 4616 Din
1965 4563 2106 4620 citat.
2138 4563 2284 4633 epist.
2314 4561 2590 4630 Barnab.).
2639 4559 2747 4625 Cur
2791 4560 2952 4628 etiam
2979 4558 3181 4620 ethnici
3212 4572 3320 4626 non
3352 4558 3456 4623 imu-

163 4657 474 4722 honorem,
529 4654 572 4710 si
601 4669 754 4712 sacra
783 4655 1011 4728 quadam
1041 4657 1286 4733 corporis
1318 4657 1587 4716 lavatioue
1616 4659 1765 4729 prius

160 4747 770 4819 abluerentnr,'quam
822 4754 947 4810 ante
989 4745 1200 4807 illorum
1245 4763 1339 4808 ora
1394 4747 1622 4815 bovem,
1671 4759 1766 4811 aut

157 4839 308 4895 aliud
364 4836 568 4892 animal
608 4837 916 4892 occiderent
959 4837 1208 4909 illiusque
1253 4838 1593 4907 eli‘underen.i
1641 4857 1764 4902 5³η·

156 4929 430 5003 guinem?
479 4927 698 4999 Templa
752 4929 1028 4986 enimvero
1085 4940 1368 5000 antequam
1422 4930 1669 5002 adirent,
1701 4933 1762 4996 ab

157 5022 304 5078 omni
331 5019 453 5076 labe
475 5035 536 5074 se
561 5036 750 5091 puras,
779 5029 835 5076 ut
865 5019 938 5074 ait
984 5021 1249 5078 Arnobius
1295 5019 1485 5096 (Ibid.)
1504 5064 1519 5088 ,
1555 5024 1722 5080 lautos
1743 5066 1760 5100 ,

157 5134 255 5174 seu
309 5117 564 5182 lavatos,
607 5115 1014 5186 castissimosque
1056 5115 1400 5191 prgismbant,
1449 5126 1542 5172 aut
1586 5117 1764 5190 potius

159 5227 220 5267 se
281 5216 552 5280 prmstare
580 5207 997 5262 arbitrabantur.
1047 5207 1120 5262 De
1171 5208 1262 5262 illo
1301 5218 1478 5267 autem
1522 5209 1776 5266 ειιιιιίροτ.

158 5319 281 5361 rum
314 5315 446 5356 sese
465 5297 678 5354 levandi
702 5313 850 5353 more
873 5299 1088 5368 scripsit
1113 5299 1333 5359 Cicero:
1357 5299 1577 5364 «Castus
1603 5299 1763 5370 iubet

159 5399 250 5454 lex
278 5395 441 5454 adire
461 5392 526 5448 ad
545 5391 698 5461 deos,
718 5391 896 5450 animo
917 5397 1184 5466 videlicet,
1208 5399 1258 5459 in
1282 5415 1386 5476 quo
1414 5408 1539 5460 sunt
1559 5400 1758 5468 omnia,

159 5489 273 5549 Nec
306 5486 454 5546 tollit
477 5485 852 5543 castimoniam
881 5491 1122 5559 corp0ris
1145 5508 1160 5546 :
1183 5491 1278 5546 sed
1303 5492 1406 5548 hoc
1431 5501 1649 5564 oportet
1676 5493 1758 5550 in-

159 5581 367 5657 telligi,
402 5595 524 5636 eum
549 5578 772 5636 multum
799 5580 1004 5641 animus
1032 5586 1243 5654 Corpori
1286 5595 1530 5658 prtcstet,
1577 5587 1762 5644 obsera

158 5690 440 5748 vaturque
489 5684 546 5728 ut
600 5682 751 5728 casto
807 5688 1034 5744 corpore
1096 5677 1356 5746 adeatur,
1423 5680 1593 5748 multo
1643 5696 1764 5738 esse

164 5778 221 5833 in
250 5770 457 5831 animis
481 5766 802 5832 servandum
829 5771 1015 5840 magis.
1045 5770 1178 5830 Nam
1215 5773 1347 5832 illud
1387 5777 1472 5833 vel
1518 5775 1648 5832 illud
1676 5791 1762 5832 as-

173 5865 510 5939 aspersione
535 5875 708 5932 aquae,
741 5860 827 5920 vel
861 5860 1070 5924 dierum
1113 5881 1337 5930 numero
1367 5868 1568 5930 tollitur
1599 5886 1614 5925 :
1645 5870 1762 5928 ani.

1868 4657 2142 4719 molabaut
2184 4655 2538 4710 lmmissulum
2584 4663 2632 4708 et
2687 4651 2976 4714 Puteonea,
3024 4651 3114 4722 qui
3157 4658 3292 4718 teste
3346 4649 3458 4709 Pli-

1868 4748 1994 4816 nio,
2048 4747 2396 4812 Aldrovando
2426 4789 2440 4812 ,
2500 4757 2556 4800 et
2599 4745 2720 4800 aliis
2769 4743 3020 4814 quaedam
3073 4751 3232 4809 erant
3276 4742 3456 4808 avium

1865 4857 2062 4912 genera
2086 4856 2101 4906 ;
2129 4857 2226 4907 cur
2251 4855 2353 4896 nec
2377 4840 2630 4911 solifugas
2651 4855 2742 4902 seu
2767 4839 3030 4909 salipugas
3071 4879 3086 4904 ,
3122 4854 3218 4894 seu
3257 4837 3458 4902 bestiop

1866 4934 1945 4988 las
1997 4933 2300 4995 maleﬁcas.
2350 4948 2472 5002 qua:
2515 4947 2636 4987 cum
2683 4932 2768 4986 sol
2833 4930 3106 4995 ardentior
3164 4939 3282 4996 est,
3344 4940 3454 4988 tum

1867 5028 2044 5094 acrius
2095 5036 2375 5103 pungunt;
2428 5041 2527 5082 cur
2553 5041 2652 5083 nec
2699 5025 2955 5092 natrices,
2987 5041 3082 5081 seu
3129 5032 3446 5094 serpentes,

1865 5135 2132 5185 venenum
2164 5121 2214 5180 in
2259 5135 2451 5192 aquam
2482 5120 2766 5188 fundentes
2789 5160 2805 5186 ,
2848 5119 2918 5182 de
2959 5117 3150 5192 quibus
3180 5115 3320 5178 idem
3347 5113 3458 5174 Pli-

1864 5216 2016 5283 nius,
2063 5213 2314 5278 Solinus,
2365 5213 2650 5280 Lucanus,
2699 5211 2972 5279 Isidorus.
3027 5208 3252 5276 Cicero,
3290 5207 3456 5267 Colu-

1865 5306 2059 5374 mella,
2092 5316 2146 5362 et
2173 5321 2271 5362 nos
2301 5306 2428 5364 alibi
2472 5306 2678 5374 (Plin.,
2707 5305 2796 5360 lib.
2846 5320 2974 5366 xvtn
3040 5301 3234 5364 Natnr.
3289 5301 3411 5361 hist.
3437 5341 3455 5366 ,

1865 5418 1982 5477 cap.
2011 5401 2043 5456 7
2071 5411 2118 5465 et
2141 5402 2212 5466 8;
2250 5401 2419 5469 idem,
2461 5402 2550 5459 lib.
2583 5416 2709 5462 vttt.
2742 5416 2860 5470 cap.
2915 5396 3022 5460 50;
3059 5394 3151 5466 lib,
3183 5409 3296 5450 3X“
3335 5410 3454 5464 σαρ-

1864 5496 2126 5562 nlt.;lib.
2158 5512 2325 5566 xm,
2372 5512 2492 5567 cap.
2521 5497 2594 5560 4;
2647 5494 2814 5554 Salia.
2845 5534 2858 5556 ,
2907 5507 3024 5562 cap.
3075 5491 3137 5554 4.
3182 5504 3305 5560 pag.
3351 5487 3453 5558 t8;

1866 5587 2061 5660 Lucan.
2089 5589 2216 5652 ,lib.
2255 5605 2341 5656 ιιι,
2382 5605 2509 5644 vers.
2541 5587 2681 5650 857;
2708 5584 2900 5640 Isidor.
2925 5624 2940 5650 ,
2997 5579 3088 5636 lib.
3134 5595 3207 5636 xu
3257 5577 3445 5650 Θήρ..

1866 5698 1982 5756 cap.
2011 5684 2080 5748 4;
2108 5681 2270 5740 Cicer.
2294 5723 2308 5748 ,
2342 5682 2433 5738 lib.
2465 5696 2514 5738 tv
2566 5675 2714 5740 acad.
2762 5676 2980 5744 Quasi"
3028 5691 3150 5748 pag.
3181 5674 3292 5735 ἥδε
3335 5671 3440 5728 Co-

1866 5774 2040 5833 lumel.
2065 5815 2078 5842 ,
2109 5775 2197 5832 lib.
2229 5789 2276 5840 t,
2311 5790 2425 5844 cap.
2471 5772 2549 5844 5).

1876 5892 1886 5903 -
1943 5863 2365 5940 Respondebant
2389 5863 2654 5938 gentiles,
2681 5870 2741 5922 ut
2759 5859 2972 5923 debitus
3011 5859 3116 5919 diis
3143 5858 3314 5918 honos
3358 5856 3453 5916 tri-
