4000 6318
138 329 228 387 6M
1367 328 1435 392 IN
1474 333 1712 394 ARNOBI

1839 377 1849 404 ,
1889 331 2043 393 CAP.
2084 330 2273 395 XXIII.
3118 339 3129 346 ’
3291 330 3393 396 662

135 452 241 510 tur,
265 447 319 498 et
347 444 594 515 superius
623 442 715 500 ille
739 443 1244 515 demonstraverat,
1270 447 1403 505 deos
1438 466 1558 506 esse
1589 469 1705 508 ma-

2400 464 2692 510 AR’I'ICULUS
2728 466 2800 508 ιν.

140 551 221 644 Υοῗ
257 535 586 644 “laminas.
616 535 929 644 Necﬂinus
951 546 1138 644 ape“?
1155 580 1170 603 ’
1199 540 1272 593 mi
1318 541 1551 644 vieini“
1591 544 1714 612 (Ar.
1814 584 2064 644 Quomodo
2086 586 2330 638 Arnobius
2343 588 2437 638 diis
2458 602 2556 639 non
2580 600 2692 638 esse
2706 585 3070 638 sacriﬁcandum
3091 586 3398 640 demonstret

325 626 335 638 .
831 636 839 652 ,
989 603 1001 607 -
1376 635 1387 645 ,
1598 603 1609 612 “
1814 603 2064 661 quomodo
2086 603 2443 661 Arnoniusans
2458 603 2556 639 non
2580 603 3070 661 essesacrincanuum
3091 603 3398 662 demonstret

134 626 269 692 ποθι,
298 627 387 681 ιώ·
421 643 496 683 νη
519 670 534 692 ς
570 646 689 701 ρας·
735 629 841 683 92-3
876 640 922 684 ει
951 630 1144 703 88W).
1178 634 1414 689 OSIendit
1463 635 1619 715 falso_
1644 638 1711 693 ab
1875 662 1937 715 es
1963 664 2081 711 ipsis
2105 653 2271 707 rebus,
2296 664 2407 715 quae
2432 665 2482 700 in
2514 649 3163 715 sacriﬁcnsgadhtbebantur,
3187 652 3284 715 ubi,
3308 665 3399 701 ex-

134 717 315 774 iisdem
374 719 606 775 ethnicis
668 721 839 775 asseri
901 721 1031 777 deos
1081 724 1337 793 quosdam
1379 735 1569 783 natura
1596 709 1711 783 .sua

1872 709 2081 820 {dicatur
2104 715 2217 776 quid
2240 709 2581 772 sit'farcimen,
2606 713 2847 774 apexabo,
2866 713 3056 768 hirciaz,
3075 712 3394 775 silicernium,

1891 786 2098 824 ongavo.
2128 777 2284 824 taedae.
2314 778 2486 824 taenize.
2515 775 2758 824 nolimina.
2803 775 2986 824 nlasea.
3028 774 3192 824 siliszo.
3240 775 3394 824 ﬁtilla.

1098 777 1112 793 ι
1288 777 1336 779 -π
1381 777 1569 783 --νη--νν
1615 777 1710 783 ”“·”
1873 777 2098 836 longa“),
2128 777 2284 836 taedai,
2314 778 2486 832 lania),
2515 777 2758 837 ιιοΙίῐηίηυ.
2802 777 2986 837 Ριῧδθδς
3028 777 3192 837 Siligor
3240 777 3395 838 mina!

132 810 296 866 malus
324 824 445 867 esse
489 821 544 866 et
570 810 861 879 adversus;
910 815 1337 885 quandoquidem
1371 833 1528 874 verus
1571 819 1714 876 Deus
1875 834 2085 901 numen,
2105 839 2287 899 atricia,
2307 838 2514 901 gratilla,
2540 846 2839 901 catumeum,
2864 838 3181 901 conspolium,
3204 837 3398 894 cubula.

137 902 530 974 benignissima:
575 910 633 957 et
671 903 1057 961 henefacicntis
1081 915 1167 962 est
1194 918 1419 965 natura).
1471 911 1712 982 Denique

1875 897 2045 955 lilium,
2072 913 2184 949 caro
2205 897 2444 961 strebula,
2484 899 2816 962 pulpamenta,
2847 897 3102 949 salsauiina
3137 902 3403 963 quadrimis

1875 959 2096 1009 copulata
2119 962 2359 1009 frugibus.
2384 961 2457 1009 far
2481 965 2630 1009 nium.
2654 959 2877 1009 feudicaJ.
2912 974 3080 1009 ruinae.
3108 975 3197 1009 seu
3221 974 3399 1009 agrum-

258 959 290 974 "
790 959 818 1010 ⁷,
955 959 982 960 ”
1017 959 1051 961 “
1270 959 1419 965 ’”’”’
1471 959 1712 1015 ἶ““”“¹“’
1875 959 2096 1022 copulata
2119 962 2359 1024 frugibus,
2384 959 2457 1011 far
2481 959 2630 1025 pium,
2654 959 2877 1021 feudicm,
2912 974 3081 1021 rumze,
3108 959 3197 1011 seu
3221 974 3399 1011 terum-

136 1003 292 1067 negat
331 995 469 1051 ullos
498 1012 618 1052 esse
643 995 776 1053 deus
806 999 1035 1064 inferos,
1065 1014 1129 1056 ac
1166 1001 1268 1056 sub
1299 1009 1441 1057 terra
1490 1020 1544 1058 in
1576 1004 1711 1060 Plu-
1875 1034 1969 1078 mg,
1990 1025 2567 1087 gurguumrumimwria
2587 1024 3132 1087 mulaﬂugmemum,
3151 1036 3403 1087 magmen-

371 1089 552 1167 regnis
598 1089 855 1161 aeteae.
895 1091 1097 1162 μω..
1325 1094 1474 1168 es).

127 1180 291 1235 cliam
319 1147 630 1249 Ju‘vgnans,
670 1147 934 1238 "ethnicu‘s
963 1147 1265 1255 ipse'pael‘;
1286 1227 1302 1252 ,
1329 1185 1382 1241 id
1413 1147 1579 1241 u’uum
1613 1147 1710 1243 ΕΟ.
1876 1155 2045 1197 noster
2064 1150 2289 1199 ostendat
2312 1149 2417 1199 haec
2441 1163 2490 1198 in
2508 1147 2759 1199 sacriﬁciis
2774 1148 2951 1199 frustra
2966 1148 3168 1199 adoleri.

126 1273 328 1329 minem
355 1273 582 1330 credere
645 1274 749 1330 nisi
775 1274 913 1331 forte
953 1291 1087 1347 puer
1125 1278 1224 1346 sit,
1259 1282 1434 1335 aetatis
1464 1280 1601 1336 adeo
1628 1290 1711 1337 te-

94 1380 304 1433 literas,
346 1376 405 1422 ut
444 1365 679 1422 nondum
713 1368 941 1438 publicis
972 1370 1026 1425 in
1072 1370 1297 1426 thermis
1331 1386 1407 1427 aes
1430 1372 1497 1427 ad
1530 1373 1713 1429 lavan-

126 1458 254 1516 dum
286 1461 356 1517 ab
401 1476 467 1519 eo
505 1461 837 1534 exigeretur.
886 1462 1003 1534 Ipsa
1036 1474 1219 1519 autem
1254 1462 1372 1520 hare
1416 1474 1542 1520 sunt
1570 1464 1714 1523 illius

1886 1297 2089 1356 Prmter
2135 1301 2337 1358 hostias
2386 1312 2442 1359 et
2493 1302 2759 1368 victimas,
2809 1317 2871 1358 ea
2923 1301 3101 1359 adhuc
3147 1303 3405 1375 pleraque

1816 1391 2015 1457 omnia,
2038 1408 2159 1463 qua:
2182 1396 2234 1449 in
2258 1394 2536 1450 sacriliciis
2554 1394 2971 1464 adhibebantur,
2996 1396 3139 1451 aliud
3167 1396 3406 1453 Arnobio

1816 1483 2230 1541 subministrant
2259 1496 2657 1558 argumentum,
2681 1503 2788 1558 quo
2811 1488 2902 1542 illa
2929 1489 3142 1559 penitus
3172 1488 3406 1545 tollenda

122 1556 365 1613 carmina
398 1575 413 1612 ε
1816 1590 1939 1632 esse
1964 1556 2715 1647 apertissimedemonstrat;
2762 1556 2972 1637 Ethnici
3021 1581 3219 1653 quippe
3262 1582 3408 1637 varia

217 1669 342 1746 Esse
365 1672 555 1746 aliquos
577 1672 764 1746 Manes,
787 1681 838 1725 et
858 1673 1184 1746 subterranea
1207 1686 1382 1746 regna,
1818 1669 1922 1722 diis
1943 1671 2055 1723 suis
2084 1669 2386 1726 offerebant
2412 1670 2771 1739 farcimiuum,
2805 1673 3060 1739 liborum,
3088 1675 3331 1743 pultiuin,
3355 1682 3412 1730 et

214 1735 275 1785 Et
292 1735 508 1796 contum,
535 1746 587 1787 et
604 1739 763 1810 stygio
782 1748 924 1785 ranas
946 1737 995 1786 in
1018 1738 1217 1846 gurgite
1240 1735 1423 1798 nigras,

214 1797 381 1862 Atque
397 1811 490 1847 una
516 1807 727 1849 transire
751 1800 918 1849 vadum
944 1806 1015 1862 tot
1036 1798 1118 1847 mil
1142 1811 1186 1846 ia
1200 1800 1389 1862 cymba,

1839 1758 2092 1816 itillarum
2121 1777 2343 1833 genera,
2374 1779 2494 1835 quze
2520 1764 2625 1821 diis
2651 1735 2767 1821 non:
2797 1766 2970 1821 solum
3000 1735 3237 1838 indigna,
3267 1786 3286 1819 ι
3314 1735 3410 1824 sed

214 1851 325 1910 Nec
344 1863 484 1923 pueri
507 1862 735 1919 credunt,
758 1861 847 1910 nisi
870 1861 955 1924 qui
980 1862 1194 1910 nondum
1214 1851 1313 1910 aere
1338 1851 1578 1910 lavantur.
1747 1858 1794 1918 B
1820 1851 2033 1922 quibus,
2064 1871 2084 1905 ι
2115 1855 2352 1911 aucturis
2375 1857 2543 1912 nostri
2592 1871 2689 1912 eos
2713 1857 3039 1928 alloquentis
3073 1858 3231 1915 verba
3262 1871 3405 1927 sunt,

529 1940 795 2008 (Juvenal.,
816 1943 955 1995 satir.
976 1943 1026 2003 2,
1050 1955 1175 1995 vers.
1202 1943 1291 1993 149
1308 1947 1354 1992 et
1371 1942 1528 2008 seqq.)

1839 1962 1842 1994 :
1881 1945 2096 2000 nomina
2125 1947 2397 2003 indidistis
2426 1947 2678 2017 obscura,
2711 1951 2979 2021 vulgoque
3008 1958 3068 2005 ut
3094 1962 3276 2008 essent
3312 1968 3411 2008 au-

194 2047 254 2105 Si
285 2048 399 2105 sola
448 2059 623 2120 poeta:
664 2049 956 2105 auctoritas
1003 2048 1097 2104 tibi
1126 2064 1232 2103 non
1277 2048 1540 2115 sufﬁciat,
1590 2047 1712 2104 audi

1839 2038 2053 2107 iustiora
2089 2039 2313 2108 fecistis,
2352 2060 2372 2093 ι
2407 2050 2463 2097 et
2487 2051 2547 2096 ut
2576 2042 2735 2111 paulo
2754 2054 2881 2098 ante
2906 2044 3140 2110 dixerat,
3176 2063 3198 2096 ε
3227 2060 3414 2117 mago-

120 2151 398 2198 oratorem
425 2142 675 2198 similiter
720 2141 1033 2208 ethnicum,
1077 2142 1164 2198 cui
1191 2143 1378 2213 procul
1403 2143 1565 2197 dubio
1608 2156 1712 2197 non

1839 2146 1935 2185 'um
1962 2132 2284 2188 cohaerentia
2313 2134 2643 2203 disciplinis»
2676 2133 2921 2207 (Arnob.,
2951 2137 2991 2194 ι.
3024 2153 3115 2205 vn,
3146 2153 3201 2208 ρ.
3231 2136 3338 2194 229
3366 2146 3416 2193 et

121 2235 529 2306 refragaberis,
576 2236 832 2291 nimirum
876 2236 1228 2302 Ciceronem,
1280 2237 1370 2306 qui
1417 2234 1547 2291 deos
1579 2235 1712 2291 infe-

1839 2221 2006 2295 :eqq.).
2031 2244 2050 2276 ι
2076 2223 2214 2291 Quid
2236 2235 2412 2282 autem
2438 2226 2553 2283 haec
2577 2227 2764 2283 ultima
2779 2228 2943 2286 verba
2957 2228 3279 2298 signiﬁcent,
3306 2246 3413 2286 non

118 2343 214 2384 ros
246 2328 500 2383 exsibilat
526 2337 581 2383 et
608 2328 885 2399 explodit:
913 2347 932 2379 ε
965 2328 1088 2396 Dic,
1118 2343 1324 2397 quzeso,
1349 2328 1556 2398 inquit,
1591 2344 1716 2383 num
1821 2332 1924 2373 una
1965 2326 2048 2373 est
2083 2319 2411 2377 eruditorum
2443 2321 2644 2390 Opinio.
2689 2322 2914 2391 Quidam
2953 2324 3095 2381 enim
3137 2334 3326 2397 putant
3350 2341 3414 2381 ea

121 2430 177 2476 lc
235 2420 330 2474 illa
374 2428 610 2487 terrent,
657 2420 857 2491 triceps
908 2420 1049 2491 apud
1101 2419 1307 2475 inferos
1355 2420 1717 2476 Cerberus...
1821 2412 2038 2467 numina
2085 2414 2220 2480 dici.
2273 2431 2538 2488 magorum
2582 2416 2889 2472 coherentia
2915 2419 3239 2488 disciplinis;
3289 2418 3414 2490 quia

115 2512 360 2568 Adeone
398 2526 485 2567 me
530 2512 765 2568 delirare
804 2526 996 2568 censes
1015 2552 1032 2579 ,
1053 2522 1130 2571 ,ιιι
1156 2512 1227 2567 ita
1253 2526 1376 2567 esse
1403 2512 1716 2567 credam...
1823 2504 2108 2561 tenebrosa
2130 2517 2183 2561 et
2207 2506 2436 2564 obscura
2462 2517 2637 2573 erant,
2661 2520 2713 2565 et
2741 2508 2806 2565 iis
2826 2510 3044 2576 similia,
3064 2510 3258 2582 quibus
3277 2511 3417 2582 magi

120 2608 180 2663 Si
212 2621 351 2677 ergo
379 2606 517 2677 apud
547 2605 754 2662 inferos
786 2606 969 2661 miseri
1000 2621 1107 2660 non
1132 2614 1291 2671 sunt,
1339 2620 1408 2661 ne
1432 2615 1559 2660 sunt
1596 2606 1719 2676 qui.
1824 2598 2129 2656 utebantur.
2153 2601 2261 2657 Sed
2284 2603 2873 2660 contenditSalmasius
2895 2603 3031 2660 nihil
3050 2619 3172 2662 csse
3191 2606 3418 2662 Arnobii

119 2701 255 2755 dem
285 2700 427 2771 apud
461 2698 660 2754 inferos
684 2698 799 2753 ulli.
841 2698 917 2753 Ita
942 2711 1167 2768 prorsus
1196 2698 1480 2754 exisﬁmor
1507 2696 1719 2768 (Ciam,
1828 2696 1997 2751 menti
2029 2698 2202 2767 magis
2230 2700 2561 2753 contrarium
2595 2698 2876 2771 (Saluum,
2905 2704 3168 2757 exercitat.
3221 2702 3275 2757 in
3317 2702 3420 2757 So-

118 2792 215 2848 lib.
248 2807 267 2846 ι
304 2789 514 2846 Tuscul.
537 2831 554 2859 ,
582 2808 703 2862 pag.
734 2789 839 2846 “6
858 2831 876 2859 ,
917 2791 1011 2844 lin.
1040 2791 1153 2861 55).

1839 2785 1946 2853 lim,
1999 2803 2052 2856 ρ.
2112 2787 2264 2862 128)ζ
2310 2788 2509 2844 Censet
2561 2792 2743 2861 itaque
2793 2792 3089 2850 Arnubium
3138 2794 3208 2851 de
3256 2795 3422 2852 variis

114 2908 131 2948 ι
194 2883 315 2941 Sed
360 2895 513 2951 esto,
540 2850 736 2955 'pervgit
780 2850 1083 2949 Arnobius,
1111 2850 1372 2939 cedamus
1423 2897 1545 2939 esse
1590 2882 1723 2938 deos
1826 2850 2166 2935 farciminum
2217 2850 2586 2954 lihorumque,
2614 2850 3009 2957 generibusque
3053 2889 3241 2959 loqui,
3298 2850 3421 2961 quas

116 2978 375 3045 inferos,
420 2978 581 3034 rebus
629 2978 913 3049 praefectos
960 2975 1205 3031 tristibus
1248 2986 1305 3031 et
1328 2974 1606 3041 infaustis,
1638 2982 1724 3028 at-
1826 2971 1896 3027 ab
1942 2987 2009 3028 eo
2060 2972 2313 3029 dicuntur
2373 2991 2649 3046 magorum
2710 2977 3007 3049 disciplinis
3054 2981 3417 3049 cohaerentia;

116 3090 232 3148 que
291 3071 497 3129 idcirco
528 3071 695 3128 hostia
721 3071 859 3143 nigri
905 3070 1103 3126 coloris
1140 3070 1243 3124 illis
1288 3067 1508 3125 mactari
1534 3067 1730 3124 debeat
1829 3067 2083 3137 quoniam
2113 3069 2251 3139 magi
2275 3083 2381 3124 non
2407 3069 2605 3137 solida,
2624 3080 2680 3126 et
2700 3071 2900 3127 illibata
2920 3083 3194 3130 taurorum
3212 3076 3419 3133 viscera

118 3165 404 3239 (Arnob.,
457 3164 545 3220 lib.
602 3181 709 3231 vn,
753 3181 874 3235 pag.
931 3160 1088 3234 226).
1141 3163 1213 3217 At
1266 3177 1373 3232 quo
1408 3170 1597 3232 pacto,
1644 3160 1726 3213 iu-
1830 3157 1935 3213 diis
1963 3161 2403 3225 concremabant,
2436 3162 2531 3218 sed
2562 3174 2902 3220 omentorum
2947 3166 3207 3224 duntaxat
3239 3179 3421 3240 partes

113 3261 274 3332 quit,
338 3259 442 3315 hoc
490 3258 607 3315 ﬁeri
665 3255 879 3329 potest?
941 3254 1132 3310 Nonne
1173 3253 1367 3309 videtis
1420 3254 1720 3309 hosﬁarum
1748 3243 1794 3305 C
1827 3262 1882 3308 et
1899 3252 2175 3323 prosicias.
2204 3254 2731 3312 Videautemutrum
2761 3258 2879 3315 haec
2904 3261 3090 3331 opinio
3113 3261 3422 3319 conﬁrmari

116 3359 353 3425 dentes,
389 3370 511 3411 ossa
532 3395 548 3420 ,
581 3352 861 3426 pinguitias
881 3393 899 3419 ,
927 3366 1022 3406 seu
1056 3349 1461 3422 pinguedinem,
1488 3356 1723 3414 omenta,
1828 3350 2003 3419 possit
2052 3347 2140 3404 his
2182 3348 2466 3407 Strabonis
2495 3351 2563 3407 de
2607 3352 2891 3408 Persarum
2922 3355 3187 3411 sacriﬁcio
3215 3357 3416 3424 verbis,

110 3468 180 3508 ac
228 3448 513 3507 medullas
537 3446 646 3502 albi
687 3460 810 3502 esse
836 3442 1072 3500 coloris?
1110 3443 1181 3498 At
1227 3442 1462 3509 vellera,
1514 3440 1727 3511 inquie-
1829 3454 1949 3510 qua:
1980 3444 2060 3495 sic
2090 3441 2256 3497 latine
2282 3453 2499 3511 sonant,
2531 3443 2790 3519 Xilandro
2822 3445 3157 3517 interprete:
3187 3467 3209 3502 ι
3238 3448 3420 3507 Sacri-

110 3546 256 3600 bant
320 3540 553 3606 ethnici,
612 3538 754 3593 sicut
802 3547 858 3593 et
908 3534 1221 3590 animalium
1268 3543 1439 3599 setae,
1492 3532 1548 3587 id
1597 3542 1722 3600 est,
1830 3532 1995 3589 ﬁcant
2025 3534 2078 3588 in
2127 3534 2248 3590 loco
2274 3536 2475 3592 mundo
2502 3552 2623 3592 cum
2650 3536 3148 3609 imprecationibus,
3180 3552 3235 3596 et
3259 3557 3421 3598 coro-

109 3639 216 3713 pili
270 3634 579 3693 crassiores
602 3672 619 3699 ,
646 3646 710 3686 ac
738 3629 1024 3700 rigidiores
1047 3667 1063 3695 ,
1097 3639 1152 3683 et
1193 3627 1299 3681 alia
1347 3626 1595 3695 quaedam
1635 3638 1729 3680 eo-
1830 3637 2011 3683 natam
2040 3628 2270 3685 hostiam
2297 3639 2561 3687 statuunt.
2594 3631 2694 3688 Ubi
2737 3648 2945 3705 magus,
2974 3636 3065 3705 qui
3096 3635 3421 3692 sacriﬁcium

104 3748 242 3788 rum
302 3728 550 3785 membra
601 3732 717 3779 atra
764 3731 891 3778 sunt
938 3730 994 3776 et
1035 3721 1204 3791 nigra.
1250 3719 1454 3782 Recte,
1509 3718 1581 3773 ait
1629 3720 1730 3771 Ar-
1832 3730 2069 3790 enarrat,
2102 3737 2296 3777 carnes
2322 3723 2375 3778 in
2406 3725 2685 3795 portiones
2710 3725 3005 3791 distribuit,
3057 3743 3153 3783 sua
3193 3729 3423 3799 quisque

102 3824 350 3883 "abitis.
386 3820 512 3875 Haec
536 3832 665 3887 ergo
692 3814 804 3870 sola
829 3854 846 3882 ,
898 3828 1005 3867 non
1028 3822 1208 3866 autem
1249 3810 1468 3882 integra:
1498 3807 1732 3879 pecudes
1832 3824 2074 3885 accepta,
2105 3814 2325 3882 abeunt,
2374 3817 2520 3871 nulla
2571 3828 2723 3888 parte
2775 3818 2877 3873 diis
2920 3818 3177 3875 relicta...
3227 3820 3424 3881 Dicunt

98 3919 216 3975 diis
268 3911 477 3969 inferis
517 3909 716 3965 debent
744 3904 1035 3962 immolari.
1079 3902 1221 3969 Quid
1263 3918 1393 3959 vero
1422 3901 1490 3956 iis
1530 3901 1731 3957 fucien-
1832 3907 1975 3962 enim
2006 3906 2167 3962 deum
2197 3907 2329 3961 nihil
2355 3908 2516 3975 velle,
2548 3919 2745 3978 praeter
2775 3910 2967 3967 hostia:
2991 3913 3227 3968 animam
3256 3931 3271 3969 :
3298 3916 3421 3986 qui-

93 4012 240 4069 dum
268 4049 288 4074 ,
355 4006 458 4077 qui
512 4005 694 4074 plura,
727 4016 846 4071 qua:
872 3999 1011 4054 sicut
1058 3996 1237 4052 oleum
1267 4004 1322 4048 et
1341 3994 1592 4063 sanguis,
1623 4008 1731 4048 non
1834 4000 1980 4065 dam,
2008 3999 2274 4066 utfertur,
2298 4002 2499 4057 omenti
2516 4011 2723 4073 partem
2756 4003 2866 4075 igni
2896 4007 3206 4075 imponunt»
3226 4005 3421 4078 (Stra.,

93 4113 238 4166 sunt
268 4099 433 4173 nigri
461 4097 662 4155 coloris
685 4136 709 4168 ,ἰ
731 4095 835 4150 diis
862 4091 1048 4148 inieris
1088 4087 1348 4146 litabant?
1376 4086 1569 4142 Nonne
1609 4084 1733 4140 inde
1835 4094 1872 4148 ι,
1927 4109 1999 4148 ιν
2047 4093 2268 4167 ωορκ,
2322 4114 2375 4166 ρ,
2426 4097 2577 4163 55g).
2630 4096 2739 4154 Sed
2790 4099 2835 4153 si
2890 4113 2957 4154 eo
2998 4115 3158 4155 sensu
3203 4101 3424 4171 magicis

102 4200 375 4278 pulchr:-
408 4196 503 4251 iila
530 4191 720 4264 religio
746 4187 1011 4245 solvitur?
1253 4277 1259 4278 γ
1427 4276 1453 4278 η
1582 4274 1600 4278 _
1679 4273 1690 4278 Α
1834 4184 2138 4257 disciplinis
2181 4187 2551 4255 cohaerebant,
2598 4191 2724 4263 quid
2754 4202 2901 4247 vetat
2929 4194 3218 4265 quominus
3247 4196 3425 4250 Arno-

182 4296 513 4355 Ρΐωιεΐθθτ
546 4301 644 4343 θυι·
669 4291 818 4340 cena
844 4280 1093 4353 quaedam
1124 4277 1299 4334 ιιοειίθ
1325 4276 1551 4332 ωύὶιιιν
1574 4273 1694 4331 JOVi
1714 4313 1728 4336 ι
1834 4280 1954 4335 hius
1983 4280 2181 4337 dixerit
2209 4281 2326 4337 haec
2350 4282 2537 4339 eadem
2572 4284 2733 4339 verba
2763 4283 3007 4340 nefandis
3038 4286 3228 4343 iisdem
3257 4286 3423 4344 disci-

114 4402 217 4450 aut
262 4383 529 4452 Baccho,
559 4390 652 4438 aut
695 4376 999 4444 Mercurio,
1028 4385 1083 4433 et
1109 4391 1217 4430 non
1245 4373 1347 4429 alia
1389 4368 1615 4444 (Ibid)?
1643 4370 1734 4425 Di-
1837 4371 1997 4443 plinis
2048 4373 2327 4431 cohaerere
2374 4390 2468 4431 sua
2496 4375 2843 4441 obscuritate,
2896 4393 2999 4448 qua
3026 4378 3166 4435 sicut
3196 4380 3424 4450 magica,

112 4487 336 4544 cebant
407 4476 628 4551 quidem
684 4473 890 4531 ethnici
952 4472 1006 4527 id
1060 4471 1282 4541 antiqua
1348 4466 1736 4524 consuetudine
1835 4467 1923 4522 vel
1955 4468 2177 4539 magicis
2203 4468 2423 4537 similia,
2454 4469 2526 4525 ita
2554 4468 2714 4540 vulgo
2740 4473 3046 4540 augustiora
3075 4469 3190 4526 ﬁeri
3240 4472 3429 4528 crede-

112 4578 520 4639 constitutum.
580 4568 688 4626 Sed
732 4568 851 4624 haec
901 4564 1272 4630 consuetudo,
1319 4563 1496 4634 arguit
1562 4566 1739 4617 Arno-
1836 4559 2050 4617 bantur.

113 4674 282 4737 bius,
345 4664 699 4741 quantumvis
751 4662 1011 4734 antiqua,
1066 4676 1133 4716 ex
1181 4659 1489 4715 hominibus
1528 4649 1814 4713 tantumD
1908 4653 1981 4711 Ut
2010 4664 2067 4710 ut
2111 4655 2203 4721 sit,
2250 4656 2463 4727 longam
2512 4662 2701 4709 auctor
2756 4661 2941 4709 noster
2987 4653 3177 4710 horum
3220 4654 3421 4713 seriem

113 4762 407 4825 manavit.
442 4759 521 4815 Ad
552 4757 814 4815 sacriﬁcia
861 4764 1041 4810 autem
1071 4752 1176 4809 diis
1202 4750 1447 4808 facienda
1491 4750 1738 4807 creticum
1844 4747 2011 4803 texuit
2035 4748 2344 4815 verborum,
2388 4763 2507 4819 qua:
2534 4747 2789 4817 pleraque
2810 4762 2932 4803 cum
2960 4748 3143 4804 multis
3167 4764 3271 4806 non
3296 4752 3429 4809 satis

90 4848 173 4921 .el
201 4859 467 4918 divinum
493 4862 818 4924 praeceptum
851 4847 1161 4918 requiritur.
1840 4841 2064 4899 forsitan
2098 4854 2222 4899 nota
2252 4842 2378 4908 sint,
2420 4857 2450 4896 a
2487 4841 2644 4897 nobis
2672 4856 2781 4898 non
2812 4843 2929 4897 sine
2970 4844 3171 4915 aliqua,
3220 4845 3264 4900 si
3314 4846 3430 4903 ﬁeri

188 4954 317 5024 Qua
340 4947 515 5006 etiam
536 4945 654 5015 lege
677 4941 989 4998 animalium
1008 4938 1111 4993 diis
1130 4934 1578 4991 immolandorum
1602 4933 1738 4989 facta
1839 4944 2020 5006 queat,
2045 4934 2405 5004 esplicatione
2434 4942 2596 5005 atque
2633 4934 2958 4991 enodatiune
2984 4937 3183 4993 debent
3209 4948 3434 5009 praeter-

110 5059 203 5108 est
252 5043 494 5107 divisio,
544 5053 609 5093 ac
634 5053 736 5108 qua
764 5034 974 5091 ratione
1019 5041 1201 5087 taurus
1230 5029 1346 5085 Jovi
1392 5028 1539 5084 verbi
1570 5029 1740 5100 gratia
1844 5028 1980 5083 mitti
2015 5027 2187 5100 (Am,
2215 5028 2252 5082 ι.
2279 5043 2370 5094 vn,
2400 5045 2452 5097 ρ.
2482 5024 2635 5101 229).
2654 5028 2893 5085 Primum
2922 5030 3103 5102 itaque
3130 5031 3201 5088 ab
3223 5049 3290 5089 eo
3317 5049 3435 5090 nie-

110 5142 309 5216 potius
338 5148 514 5209 quam
540 5131 692 5186 alteri
722 5130 824 5186 deo
850 5128 1045 5183 dicitur
1064 5122 1392 5181 convenire?
1420 5118 1736 5188 Resiiondc-
1845 5133 2101 5187 moratur,
2142 5140 2161 5172 ι
2197 5120 2479 5178 Farcimen
2501 5163 2517 5187 ,
2570 5123 2686 5179 sive
2738 5139 2865 5179 caro
2918 5126 3155 5194 concisa,
3194 5145 3214 5178 ι
3263 5127 3437 5199 inquit

109 5213 254 5292 bant
283 5226 537 5304 gentiles
577 5222 801 5290 Telluri,
834 5228 1021 5291 utpote
1048 5216 1228 5283 matri,
1261 5213 1494 5271 scrofam
1538 5213 1741 5268 incien-
1844 5213 2103 5277 Isidorus,
2142 5231 2161 5265 ι
2192 5223 2246 5269 et
2268 5214 2494 5279 minuta,
2522 5223 2578 5271 et
2605 5214 2731 5272 inde
2759 5215 3013 5274 farcimen
3044 5217 3266 5286 dictum,
3291 5217 3435 5290 quod

110 5338 265 5393 tem,
305 5319 488 5396 paulo
517 5325 643 5372 ante
670 5329 701 5370 a
731 5314 889 5371 nobis
925 5318 1301 5371 memoratam;
1334 5307 1583 5363 Minerva!
1610 5320 1739 5362 vero
1845 5324 1908 5366 ea
1957 5308 2267 5364 intestinum
2318 5307 2596 5376 iarciatur,
2646 5310 2749 5366 hoc
2798 5322 2901 5375 est,
2954 5312 3261 5383 impleatur,
3310 5329 3434 5371 cum

108 5420 325 5496 virgini
372 5413 605 5472 vitulam
636 5409 918 5481 virginem,
966 5415 1022 5463 et
1062 5422 1183 5478 qua:
1215 5402 1416 5459 nullum
1457 5415 1611 5471 passa
1656 5410 1742 5455 est
1842 5402 2066 5457 aliarum
2104 5417 2283 5457 rerum
2329 5401 2711 5458 commixtione
2754 5399 3005 5472 (Isidor.,
3053 5403 3093 5459 ι,
3147 5419 3216 5460 χχ
3262 5403 3433 5477 στερη

103 5494 344 5594 jugum,
374 5505 719 5567 cmdendam.
750 5501 855 5559 Sed
885 5501 930 5557 si
960 5514 1049 5594 res
1206 5513 1270 5594 se
1299 5495 1513 5594 habeat,
1565 5494 1739 5594 arguit
1842 5512 1890 5550 c.
2069 5514 2087 5547 ι
2128 5494 2295 5551 Varro
2317 5504 2506 5594 autem.
2526 5512 2549 5594 ε.
2576 5513 2596 5547 ‹
2634 5494 2876 5594 Afartum
2905 5494 3178 5594 farcimina
3218 5496 3436 5594 in-extis

104 5585 443 5671 hrnobius,
497 5596 686 5653 musici
733 5595 940 5651 musico
989 5591 1241 5662 Apollini,
1292 5587 1501 5644 medico
1542 5585 1738 5643 JEscu-
1845 5587 2133 5658 appellata,
2174 5602 2204 5641 a
2235 5603 2340 5656 quo
2367 5587 2507 5657 quod
2537 5587 2588 5641 in
2619 5601 2685 5642 eo
2712 5587 3086 5643 tenuissimum
3120 5588 3434 5647 intestinum
3498 5630 3507 5637 -

106 5706 267 5780 lapio
302 5694 540 5761 medici,
570 5692 706 5748 fabri
739 5689 977 5743 Vulcano
1006 5686 1156 5743 fabro
1187 5682 1410 5780 mactari
1449 5681 1737 5738 debebant.
1846 5682 2042 5780 fartum
2076 5700 2096 5734 ι
2127 5678 2342 5780 (γαποῖ
2376 5679 2413 5734 ι.
2445 5694 2499 5734 iv
2526 5679 2589 5733 de
2620 5676 2778 5780 Ling.
2806 5680 2981 5780 ἀπείη-η
3016 5699 3070 5752 p.
3097 5680 3212 5753 28).
3246 5682 3435 5780 Itaque

102 5772 263 5872 ρίιίά
296 5800 497 5851 autem
548 5784 804 5857 ineptius,
844 5791 900 5838 et
940 5780 1195 5840 insulsius
1221 5777 1348 5849 ﬁngi
1376 5791 1610 5849 unquam
1642 5790 1739 5848 po-
1847 5772 2104 5830 farcimen
2153 5772 2465 5830 intestinum
2508 5779 2592 5828 est
2628 5773 2842 5828 concisa
2873 5772 3076 5830 minute
3103 5789 3266 5830 carne
3296 5772 3433 5830 alia-

103 5862 272 5960 ᾗιίιζι
1850 5883 1955 5941 que
1998 5867 2198 5926 fartura
2228 5867 2500 5941 oppletum
2553 5873 2609 5923 et
2637 5862 2857 5939 fartum,
2910 5866 3063 5942 cujus
3114 5868 3434 5937 conﬁciendi
