3978 6284
605 304 709 364 615

1869 308 2326 372 DISSERTATIO
2364 316 2641 380 PREVIA

3902 180 3973 197 --

3940 206 3959 221 ι,

3793 313 3978 388 stt‘

605 422 786 479 varios
807 424 1023 496 Apicius
1052 424 1242 480 modos
1268 424 1554 495 descripsit
1581 424 1858 497 (Apicius,
1888 426 1926 481 ι.
1958 444 1993 483 n
2020 428 2083 484 de
2114 428 2190 484 Re
2217 438 2269 498 Α
2295 455 2415 494 men
2431 440 2787 510 appellatione
2811 442 3007 512 penitae
3028 461 3048 496 ι
3092 444 3268 516 (Ανη.,
3288 446 3326 503 ι.
3353 463 3445 515 vn,
3471 465 3524 521 ῃ.
3541 449 3648 508 229
3670 460 3715 507 et
3729 456 3898 526 seqq).

609 519 836 586 eoquiu.,
867 534 914 571 c.
948 517 1028 591 5).

683 612 945 684 Apexabo,
995 611 1109 667 sive
1142 618 1197 666 ut
1223 611 1275 667 in
1303 629 1404 667 ms.
1433 611 1557 670 cod.
1611 614 1758 685 regio
1789 614 1984 687 legitur
2024 615 2200 687 (Ann,

610 706 710 760 lac.
739 704 875 778 cit.),
915 706 1237 778 Apexaones,
1266 722 1371 761 una
1403 707 1698 763 farciminis
1727 724 1850 780 pars
1880 719 2020 777 erat,
2052 713 2205 780 cujus

610 802 726 856 haec
782 799 922 870 apud
977 799 1249 856 laudatum
1302 798 1595 857 Varronem
1640 806 1843 859 mentio
1874 824 1888 861 :
1925 824 1944 857 ‹
1972 805 2125 873 Quod
2152 807 2205 858 in

611 893 733 957 hoc,
775 912 794 945 ι
831 894 1023 963 inquit,
1064 912 1083 947 ι
1118 896 1397 949 farcimine
1428 911 1640 953 summa
1682 898 1935 968 quiddam
1983 900 2204 967 eminet,

611 994 667 1040 ut
717 987 769 1040 in
822 987 999 1058 capite
1048 1003 1185 1058 apex
1232 988 1453 1058 eminet,
1500 989 1744 1061 apexabo
1773 991 1960 1048 dicta)
1994 990 2205 1065 (Varr.,

609 1075 805 1148 Ibat).
2170 1126 2175 1136 .

686 1170 879 1226 ffircia:
932 1172 1047 1228 sive
1100 1171 1257 1238 Ircei,
1307 1182 1364 1228 ut
1418 1173 1606 1230 scribit
1656 1174 1883 1244 Festus,
1941 1175 2208 1248 quoddam

614 1261 791 1317 adhuc
822 1272 976 1319 erant
1004 1279 1176 1334 genus
1226 1264 1521 1321 farciminis
1573 1267 1628 1322 in
1678 1268 1961 1324 sacriﬁciis
1985 1268 2213 1325 adhibiti

617 1353 848 1429 (Festus.
880 1358 947 1410 ad
976 1358 1110 1413 verb.
1130 1359 1318 1429 lacer).

687 1448 1040 1518 Silicernium,
1065 1450 1281 1520 quidam
1309 1451 1512 1507 dictum
1539 1461 1769 1508 censent
1798 1468 1827 1507 a
1854 1453 2022 1517 silice,
2055 1462 2216 1523 atque

613 1556 678 1597 eo
711 1542 925 1597 nomine
958 1558 1143 1597 senem
1193 1543 1550 1614 decrepitum,
1579 1547 1881 1613 incurvum,
1927 1560 1993 1600 ac
2035 1545 2216 1600 silices

613 1645 927 1690 cernentem
985 1637 1191 1691 vocari.
1222 1639 1292 1690 At
1319 1636 1588 1706 signiﬁcat
1616 1638 1776 1691 etiam
1805 1651 2042 1703 canam,
2073 1651 2214 1706 quae,

612 1723 693 1782 ut'
723 1729 798 1782 ait
846 1728 1109 1795 Donatus,
1168 1746 1187 1779 ‹
1245 1728 1471 1784 infertur
1504 1729 1607 1784 diis
1634 1730 1899 1795 Manibus,
1930 1729 2072 1801 quod
2097 1744 2215 1784 eam

613 1822 836 1878 silentes
863 1832 1111 1890 cernant,
1143 1822 1194 1877 id
1223 1832 1328 1890 est,
1359 1822 1565 1878 umbrae
1593 1824 1905 1894 possideant
1928 1841 1941 1876 :
1964 1823 2049 1878 vel
2075 1821 2217 1893 quod
2250 1835 2296 1894 Β
2326 1862 2425 1902 ms.

615 1914 706 1982 qui
738 1914 857 1969 lucc
889 1913 1147 1980 inferunt,
1183 1925 1409 1969 cernant
1440 1925 1669 1980 tantum,
1701 1932 1877 1985 neque
1908 1918 2215 1985 degustent.

617 2006 747 2062 Nam
774 2006 841 2061 de
864 2007 970 2073 his,
1002 2022 1117 2077 qua:
1141 2007 1376 2062 libantur
1401 2006 1608 2076 inferis,
1634 2010 1876 2079 quisquis
1898 2008 2213 2073 comederit,

615 2107 707 2153 aut
736 2099 951 2165 biberit,
983 2082 1307 2154 funestatur.
1342 2098 1588 2170 (Donat.,
1619 2104 1672 2153 in
1711 2098 1917 2154 Terent.
1971 2099 2216 2171 Adelplt.,

615 2202 720 2247 act.
749 2195 801 2256 4,
832 2208 971 2246 scen.
1018 2190 1075 2257 Ξ,
1123 2192 1175 2245 in
1228 2191 1349 2267 ﬁn.)
1387 2191 1593 2246 Nonius
1623 2207 1753 2246 vero
1781 2192 2010 2261 primam
2042 2192 2215 2261 eitpli-

618 2285 887 2340 cationem
907 2285 1165 2356 explotlit,
1187 2294 1240 2339 et
1258 2285 1548 2339 secundam
1570 2284 1653 2339 his
1674 2284 1991 2354 comprobat
2008 2283 2185 2338 verbis
2205 2299 2220 2336 :

624 2395 642 2428 ι
677 2377 1021 2432 Silicernium
1050 2378 1284 2449 pessime
1311 2375 1677 2447 intelligent-es
1708 2377 1776 2430 ita
1810 2377 2055 2446 posuisse
2113 2376 2219 2430 Te-

624 2471 856 2523 rentium
879 2479 1085 2537 putant,
1115 2468 1259 2538 quod
1283 2469 1601 2523 incurvitatc
1620 2467 1798 2524 silices
1819 2478 2008 2524 cernat
2030 2483 2220 2524 senex.

624 2559 967 2615 Silieernium
1021 2572 1106 2615 est
1147 2562 1361 2632 proprie
1414 2561 1718 2616 convivium
1776 2563 2020 2629 funebre,
2075 2561 2222 2632 quod

620 2653 841 2708 senibus
870 2652 1176 2709 exhibetur.
1213 2674 1231 2705 ι
1270 2637 1443 2725 Atque
1471 2654 1670 2709 eodem
1700 2656 2000 2725 significatu
2028 2654 2225 2724 accipi-

623 2757 707 2801 tur
734 2763 763 2802 a
792 2744 1144 2815 Tertulliauo,
1177 2750 1265 2818 qui
1318 2747 1658 2803 silicernium
1702 2763 1825 2802 cum
1872 2746 2018 2803 Jovis
2065 2747 2226 2820 epulo

620 2841 896 2913 componit
936 2839 1287 2913 (Tertullian.,
1333 2838 1578 2913 Apolog.,
1633 2857 1753 2911 cap.
1809 2839 2112 2909 ‘15;Fest.,
2160 2840 2226 2894 ad

621 2936 762 2992 verb.
793 2934 1194 3007 StLicantuu).

692 3032 876 3087 Tertio
899 3032 1113 3085 tandem
1140 3026 1361 3097 Paulus,
1384 3039 1435 3085 et
1454 3027 1693 3094 Verrius,
1717 3044 1749 3085 a
1770 3028 1933 3085 Festo
1955 3029 2225 3096 laudatus,

622 3127 912 3182 observant
939 3121 1269 3179 silicernium
1298 3121 1605 3193 signiﬁcare
1628 3118 1896 3192 quoddam
1926 3120 2228 3177 farciminis

620 3233 809 3291 genus,
864 3232 971 3289 quo
1018 3215 1222 3271 familia
1268 3215 1338 3270 ob
1368 3215 1594 3285 alicujus
1632 3225 1861 3271 mortem
1894 3217 2107 3287 purgari
2139 3230 2223 3271 so-
2255 3223 2299 3286 (ζ

623 3313 783 3368 lebat.
838 3306 919 3364 Eo
973 3319 1154 3364 autem
1210 3324 1373 3363 sensu
1427 3306 1495 3362 ab
1550 3307 1789 3362 Aniobio
1853 3317 2041 3362 nostro
2085 3308 2225 3363 sumi

624 3404 753 3460 inde
782 3402 1073 3474 colligitur,
1103 3400 1226 3472 quia
1255 3398 1324 3455 de
1369 3399 1529 3454 variis
1559 3397 1899 3455 farciminum
1946 3400 2225 3471 speciebus

623 3494 886 3566 disputat.

692 3586 947 3662 Longari,
983 3602 1086 3644 ms.
1119 3585 1241 3641 cod.
1293 3600 1407 3656 reg.
1454 3585 1691 3657 longazvi,
1726 3594 1999 3655 corrupte,
2033 3584 2226 3641 melius

621 3688 860 3756 longavo,
896 3680 978 3737 vel
1009 3682 1254 3752 longano.
1304 3674 1438 3733 Nam
1466 3680 1532 3734 ab
1562 3679 1748 3751 Apicio
1779 3680 2042 3750 scriptum
2095 3680 2227 3752 legi—

626 3794 745 3833 mus
772 3796 785 3831 :
819 3796 839 3828 r
865 3775 1219 3845 Louganones
1239 3772 1491 3843 porcinos
1518 3771 1685 3827 fartus
1708 3787 1776 3827 ex
1793 3773 1915 3843 jure
1932 3771 2229 3828 Tarentino

621 3880 805 3926 coctos
832 3868 1109 3924 concisos»
1133 3865 1309 3938 (Arn.,
1342 3863 1380 3918 ι.
1422 3882 1517 3930 vn,
1547 3883 1600 3937 p.
1634 3865 1773 3931 229;
1826 3864 2083 3935 Apicius.,
2110 3865 2147 3919 l.
2177 3880 2230 3921 tv

622 3965 685 4019 de
714 3962 787 4019 Re
814 3962 1045 4034 coquin.,
1078 3978 1124 4014 c.
1152 3959 1235 4031 2).
1261 3957 1486 4028 Quidam
1519 3968 1696 4014 autem
1727 3966 1909 4029 putant
1958 3959 2230 4029 longanon

622 4075 743 4115 esse
774 4055 1088 4112 inteStinum
1120 4065 1351 4109 rectum.
1403 4051 1511 4107 Sed
1565 4051 1736 4106 Varro
1774 4062 1959 4107 censet
2008 4051 2225 4107 tertium

622 4158 743 4207 esSc
777 4147 1026 4214 «fartum,
1052 4145 1196 4217 quod
1227 4146 1435 4216 longius
1482 4161 1643 4215 quam
1676 4143 1784 4199 duo
1822 4144 1930 4200 hila
1969 4166 1988 4197 ι
2018 4143 2227 4218 (Varr.,

623 4244 660 4299 ι.
704 4260 755 4299 ιν
797 4243 859 4296 de
884 4241 1036 4312 Ling.
1069 4239 1189 4307 tat.,
1244 4256 1296 4309 p.
1329 4237 1442 4309 28).
1496 4235 1663 4292 Reme
1692 4236 1938 4308 quidem,
1995 4247 2051 4292 et
2098 4237 2230 4293 satis

625 4336 873 4408 apposite
903 4334 969 4388 ad
999 4341 1235 4388 mentem
1260 4329 1507 4397 Arnobii,
1539 4330 1626 4400 qui
1653 4328 1768 4383 haec
1793 4337 2043 4398 quatuor,
2077 4344 2107 4384 a
2133 4345 2231 4384 no-

626 4430 709 4484 bis
762 4435 1081 4492 memorata,
1138 4423 1377 4479 declarat
1404 4438 1525 4477 esse
1563 4440 1582 4473 ί
1618 4420 1956 4475 fareiminum
2007 4436 2225 4491 genera,

623 4520 898 4594 birquino,
932 4540 950 4571 ι
982 4490 1095 4574 δί’γθ
1147 4516 1303 4586 hirci,
1339 4536 1359 4569 r
1397 4515 1500 4570 alia
1542 4515 1828 4585 sanguine,
1885 4514 2230 4569 comminutis

621 4617 724 4673 alia
778 4614 1042 4669 inculcata
1073 4609 1438 4682 pulmonibus,
1479 4627 1499 4661 ι
1532 4608 1584 4662 id
1611 4617 1713 4674 est,
1742 4607 2093 4663 vehementer
2143 4610 2227 4662 in-
2253 4619 2309 4680 1)

622 4710 854 4773 sinuata,
883 4716 1062 4777 atque,
1094 4705 1169 4759 uti
1202 4705 1459 4771 diximus,
1490 4701 1706 4757 infarta.
1738 4700 1903 4756 Vides
1930 4717 2059 4757 sane
2088 4702 2231 4757 inter

622 4800 853 4872 quatuor
908 4798 1000 4853 illa
1048 4795 1328 4852 farcimine
1382 4812 1490 4851 non
1541 4809 1791 4865 maguum
1846 4792 2113 4864 profecto,
2166 4809 2230 4850 ac

624 4894 861 4951 nominis
890 4894 1089 4963 potius.
1125 4906 1285 4961 quam
1316 4890 1393 4945 rei
1424 4904 1547 4944 esse
1590 4888 1903 4944 discrimen.
1932 4886 2065 4942 Nam
2098 4889 2225 4955 alia,

625 4988 820 5056 inquit,
853 4983 988 5038 hirci
1019 4984 1301 5051 sanguine,
1356 4996 1513 5051 quem
1565 4980 1808 5035 nonnulli
1852 4979 2222 5050 sanguiculum

625 5089 841 5147 vocant,
874 5076 979 5131 alia
1025 5076 1323 5130 imminutis
1366 5070 1710 5144 pulmonibus
1759 5073 1998 5128 confarta
2048 5081 2224 5128 erant.

624 5176 791 5234 Tacet
813 5184 990 5231 autem
1016 5172 1172 5244 cujus
1196 5168 1466 5236 animalis,
1499 5168 1598 5223 nisi
1622 5166 1896 5224 subaudiri
1930 5169 2059 5224 velit
2090 5168 2228 5230 hirci

625 5270 694 5327 de
718 5270 871 5340 cujus
900 5265 1161 5336 sanguine
1189 5263 1262 5319 ibi
1292 5264 1550 5334 loquitur.
1580 5260 1852 5317 Fortassis
1880 5264 2041 5317 etiam
2072 5261 2227 5317 nobis

625 5358 1137 5432 subintelligendum
1170 5358 1387 5429 reliquit
1418 5357 1523 5411 duo
1555 5356 1731 5428 priora
1764 5356 1934 5425 hirci,
1967 5367 2019 5411 et
2050 5365 2231 5427 poste-

626 5461 769 5515 riora
800 5459 935 5513 facta
965 5456 1129 5511 fuisse
1156 5455 1498 5510 comminutis
1525 5454 1644 5525 ejus
1673 5453 2039 5526 pulmonibus.
2094 5453 2228 5509 Tur-

630 5551 885 5607 nebulum
951 5557 1209 5619 praetcrea
1242 5590 1258 5616 ,
1313 5549 1357 5602 si
1412 5545 1562 5605 lubet
1615 5556 1671 5604 et
1712 5555 1899 5612 vacat,
1952 5546 2222 5604 consule»

633 5641 847 5716 (Turn.,
877 5658 984 5698 χχιι
1021 5637 1259 5710 Advers.,
1303 5657 1349 5695 c.
1384 5639 1460 5712 6).

703 5733 885 5805 Pergit
932 5732 1201 5788 Arnobius
1232 5749 1244 5786 :
1288 5752 1304 5784 ι
1342 5732 1480 5801 Quid
1513 5731 1683 5797 tandm,
1736 5731 1866 5802 quid
1897 5732 2070 5787 tazuiaa
2097 5731 2225 5804 (ms.

635 5825 756 5884 cod.
786 5826 993 5897 naznire)
1038 5824 1163 5896 quid
1195 5824 1333 5891 offae,
1363 5842 1472 5883 non
1500 5826 1665 5897 vulgi,
1696 5823 1789 5881 sed
1817 5824 2010 5896 quibus
2029 5835 2112 5881 est
2133 5843 2230 5884 no-

2305 534 2408 589 Sed
2430 535 2543 590 haec
2564 545 2617 591 et
2638 534 3015 607 subsequentia
3046 540 3209 597 verba
3230 541 3432 597 librarii
3463 544 3733 614 imperitia
3762 548 3900 604 ftedc

2305 638 2555 697 corrupta
2599 635 2741 681 sunt.
2774 627 3133 697 Quamobrem
3164 633 3361 705 aliquis
3388 635 3460 692 ibi
3487 638 3588 710 legi
3619 639 3794 695 voluit
3816 651 3900 695 tu-

2307 730 2434 785 ceta,
2465 722 2656 791 quibus
2685 737 2826 777 escm
2854 724 3038 794 regiae,
3090 737 3149 781 ut
3192 729 3266 783 ait
3303 727 3641 803 Fulgentius,
3691 734 3902 807 signiﬁ-

2309 825 2496 868 cantur
2525 814 2701 884 (Ful.,
2733 816 2795 869 de
2829 812 2951 872 Voc.
2983 819 3110 874 anti.
3140 820 3230 875 sub
3258 819 3402 896 ﬁn.).

2382 907 2582 963 Verum
2615 910 2726 966 iure
2752 911 2885 966 nihil
2916 900 3120 969 faciunt
3148 914 3212 970 ad
3247 919 3479 973 auctoris
3501 921 3673 977 nostri
3705 937 3904 994 propo-

2311 1003 2493 1056 situm.
2539 1000 2832 1057 Salmasius
2878 1015 3056 1060 autem
3108 1010 3507 1067 emendandum
3565 1017 3904 1087 suspicatur,

2313 1094 2434 1163 quid
2463 1094 2659 1150 toxica?
2686 1096 2809 1166 quid
2837 1099 3058 1154 nwniw?
3081 1100 3258 1172 ibique
3282 1119 3380 1159 nos
3406 1105 3664 1164 admonet
3691 1114 3907 1169 nomine

2317 1195 2491 1253 taxea,
2510 1203 2602 1244 seu
2624 1192 2787 1258 taxia,
2813 1193 2955 1247 unde
2980 1193 3048 1249 ab
3075 1193 3297 1253 indocto
3327 1197 3545 1257 librario
3574 1204 3745 1271 (cedre,
3774 1208 3909 1261 scri-

2314 1294 2465 1353 ptum
2487 1287 2757 1355 opinatur,
2792 1286 2930 1343 idem
2959 1289 3252 1361 signiﬁcari
3281 1304 3442 1365 atque
3461 1298 3645 1352 arvina
3675 1308 3732 1355 et
3759 1300 3911 1358 lardo

2319 1373 2596 1447 (Salmas.,
2628 1380 2889 1433 exercitat.
2919 1380 2974 1434 in
3007 1381 3198 1452 Solim,
3231 1404 3283 1457 p.
3320 1386 3463 1461 128).
3500 1392 3581 1445 An
3631 1407 3765 1449 vero
3788 1410 3912 1450 sco-

2318 1484 2442 1541 pum
2493 1472 2582 1527 ille
2626 1475 2884 1545 attigerit,
2932 1476 3203 1547 conjicere
3234 1483 3434 1550 poteris
3458 1498 3526 1539 ex
3554 1484 3677 1542 data
3707 1488 3915 1546 ibidem

2280 1609 2288 1616 .
2317 1563 2459 1618 illius
2485 1567 2717 1622 nominis
2768 1570 2837 1624 ab
2884 1571 3124 1627 Arnobio
3152 1573 3254 1629 hac
3298 1577 3659 1647 explicatione
3694 1600 3706 1634 :
3745 1602 3765 1636 ί
3799 1583 3918 1639 Pri-

2320 1676 2463 1714 mum
2491 1663 2543 1716 in
2576 1663 2815 1733 exiguas,
2850 1683 2872 1718 ι
2909 1666 3104 1738 inquit,
3142 1687 3162 1722 ‹
3196 1669 3381 1725 arvina
3405 1679 3488 1727 est
3512 1673 3738 1731 miculas
3765 1677 3918 1733 catil-

2321 1752 2578 1809 luminum
2625 1758 2825 1813 insecta
2852 1759 2921 1814 de
2951 1777 3100 1815 more
3132 1781 3152 1814 ι
3188 1762 3366 1834 (Ann,
3394 1766 3430 1820 ι.
3463 1781 3557 1834 νη,
3591 1787 3642 1839 ρ.
3672 1768 3829 1844 250).
3860 1769 3920 1826 ln

2450 1847 2635 1903 codice
2662 1851 2811 1921 regio
2840 1851 3100 1923 legimus,
3145 1856 3571 1928 catillaminuam,
3604 1860 3656 1916 in
3688 1863 3918 1933 quibus-

2319 1940 2440 1993 dam
2471 1938 2650 2008 editis,
2679 1952 2732 1996 at
2774 1942 2868 1998 illa
2897 1947 3150 2012 minutim,
3184 1946 3238 2002 in
3282 1950 3419 2018 aliis,
3448 1961 3493 2007 et
3534 1954 3625 2008 ilia
3653 1955 3916 2012 minutim.

2319 2030 2553 2087 Primam
2581 2042 2759 2089 autem
2790 2038 3073 2094 lectionem
3105 2055 3132 2094 a
3162 2054 3290 2097 vera
3316 2046 3538 2115 pr0pius
3573 2048 3766 2105 abesse
3795 2049 3921 2107 inde

2322 2129 2504 2199 liquet,
2549 2132 2691 2201 quod
2724 2132 2947 2191 librario
2996 2137 3175 2194 latinae
3219 2138 3414 2210 lingua:
3461 2142 3647 2213 ignaro
3679 2146 3921 2215 proclive

2323 2224 2420 2277 fuit
2471 2240 2629 2279 unam
2680 2226 2913 2283 litteram
2962 2232 3170 2287 nomini
3216 2235 3316 2289 sibi
3374 2237 3645 2309 incognito
3692 2239 3918 2297 addere.

2322 2316 2654 2371 Catitlamina
2683 2328 2883 2385 autem,
2912 2332 2967 2377 et
2995 2324 3103 2380 alio
3130 2326 3355 2383 Arnobii
3384 2328 3436 2383 in
3466 2330 3606 2385 libro
3636 2330 3847 2404 (lbid.,
3878 2346 3924 2389 et

2324 2408 2361 2462 ι.
2393 2424 2452 2475 1f,
2486 2426 2538 2479 ρ.
2573 2411 2684 2482 75),
2719 2411 3114 2471 Castellamenta
3156 2418 3409 2487 lucanica,
3462 2424 3707 2494 qumdam
3747 2426 3926 2482 adhuc

2323 2498 2617 2556 farciminis
2647 2506 2855 2573 species
2887 2518 3036 2576 sunt,
3085 2525 3204 2581 qua:
3231 2514 3391 2567 etiam
3421 2514 3578 2587 longe
3605 2518 3802 2573 notiori
3831 2519 3926 2575 bo-

2326 2593 2555 2648 tulorum
2583 2599 2804 2652 nomine
2846 2602 3311 2672 nuncupabautur.
3345 2606 3543 2664 SenSus
3572 2607 3752 2681 itaque
3780 2611 3926 2669 illius

2325 2697 2407 2740 est
2454 2689 2717 2756 arvinam,
2771 2702 2867 2746 seu
2919 2694 3107 2750 sebum
3166 2697 3307 2754 inter
3359 2702 3606 2759 animalis
3648 2715 3829 2761 cutem
3873 2715 3928 2764 et

2328 2782 2536 2838 viscera
2564 2782 2929 2853 interjectuin,
2964 2790 3352 2851 minutissimas
3382 2796 3433 2851 in
3461 2807 3640 2869 partes
3665 2800 3923 2869 divisum,

2328 2884 2489 2945 atque
2519 2876 2569 2930 in
2606 2878 2909 2934 botulorum
2943 2881 3172 2940 formam
3202 2890 3587 2959 compositum,
3645 2894 3927 2951 sacriﬁciis

2328 2967 2550 3024 deorum
2578 2971 2783 3028 adoleri
2812 2973 2999 3047 (lbid.,
3052 2997 3105 3050 p.
3156 2979 3306 3055 229).
3364 2982 3439 3039 De
3486 2984 3736 3044 laconicis
3783 2987 3928 3047 haud

2327 3062 2499 3117 semel
2541 3063 2815 3135 Martialis,
2862 3081 3023 3141 atque
3069 3073 3120 3127 in
3160 3072 3264 3131 hoc
3290 3076 3629 3147 potissimum
3656 3081 3929 3155 epigram-

2330 3165 2473 3212 mate
2498 3175 2512 3212 :

2422 3270 2552 3348 Filia
2568 3271 2772 3348 Fieenze
2793 3281 2938 3348 venio
2956 3279 3199 3348 Lucanica
3224 3298 3383 3348 porcae
3408 3300 3421 3336 :

2514 3335 2739 3389 Pultibus
2760 3341 2872 3392 hinc
2894 3343 3052 3394 niveis
3075 3335 3416 3409 grata‘corona
3437 3349 3601 3400 datur.

2515 3418 2773 3486 (Martiat.,
2792 3421 2879 3476 lib.
2899 3441 3005 3489 xm,
3029 3428 3185 3495 epigr.
3206 3433 3294 3496 55;
3318 3440 3365 3484 et
3388 3431 3471 3485 tib.
3492 3449 3559 3497 ιν,
3578 3433 3738 3503 cpigr.
3756 3439 3867 3505 46.)

2327 3521 2435 3579 Sed
2460 3525 2527 3580 de
2547 3525 2628 3582 his
2653 3544 2752 3584 nos
2783 3531 2934 3602 plura
2962 3535 3064 3590 sub
3111 3537 3271 3594 finem
3317 3538 3477 3611 hujus
3506 3544 3923 3609 dissertationis.

2330 3619 2634 3676 Secundum
2685 3626 3027 3695 botulorum,
3082 3633 3195 3688 sive
3244 3634 3510 3705 ejusmodi
3561 3639 3925 3711 farciminum,

2329 3722 2497 3779 genus
2547 3715 2599 3768 in
2645 3721 3015 3791 manuscripto
3040 3726 3227 3781 codice
3263 3738 3318 3784 et
3341 3731 3574 3801 antiquis
3600 3734 3927 3793 editionibus

2328 3808 2628 3877 appellatur
2658 3814 2839 3868 nwniw
2867 3813 3044 3887 (Arn.,
3073 3819 3111 3872 ι.
3142 3830 3232 3884 vn,
3280 3839 3335 3892 p.
3388 3822 3541 3897 229).
3576 3825 3686 3883 Sed
3723 3830 3926 3886 ultima:

2329 3900 2549 3956 editioni
2587 3908 2928 3977 prmpositus,
2984 3912 3241 3985 Scaligeri
3274 3916 3645 3988 conjecturam
3682 3934 3923 3993 secutus,

2328 3997 2489 4052 scribi
2520 3998 2707 4055 maluit
2737 4004 2925 4059 tamira.
2950 4004 3118 4077 Hujus
3149 4017 3328 4065 tamen
3357 4016 3710 4072 correctionis
3737 4018 3928 4075 imme-

2331 4104 2465 4155 mor,
2497 4106 2619 4148 cum
2647 4096 2858 4151 caeteris
2906 4098 3249 4169 editionibus,
3299 4112 3353 4159 et
3382 4105 3568 4163 codice
3598 4121 3792 4167 nostro
3820 4129 3926 4168 ma-

2330 4183 2606 4254 nuscripto
2658 4188 2817 4257 paulo
2862 4200 2984 4259 post
3029 4208 3222 4248 nomen
3278 4198 3473 4253 manias
3542 4200 3788 4257 retinuit.
3861 4206 3927 4262 At

2329 4276 2537 4331 etiamsi
2568 4276 2636 4332 de
2665 4278 2763 4335 hac
2809 4281 3039 4338 lectione
3089 4301 3193 4341 non
3242 4301 3536 4359 constaret,
3587 4293 3746 4352 nobis
3799 4314 3925 4353 sane

2328 4370 2523 4425 sufﬁcit
2548 4372 2737 4428 tradita
2767 4376 2834 4429 ab
2880 4378 3108 4447 ipsomet
3130 4391 3349 4440 auctore
3376 4385 3490 4441 haec
3517 4388 3659 4445 illius
3686 4392 3922 4463 explica-

2330 4464 2405 4517 tio
2434 4481 2447 4515 :
2483 4481 2501 4515 ι
2531 4464 2684 4532 Quod
2713 4468 2762 4521 in
2795 4471 3033 4525 secundo
3063 4473 3224 4529 situm
3257 4486 3359 4543 est,
3388 4480 3627 4537 intesﬁni
3674 4494 3759 4540 est
3800 4501 3923 4558 por-

2332 4557 2535 4622 rectio,
2569 4572 2666 4625 per
2692 4575 2853 4628 quam
2902 4563 3171 4631 proluvies
3218 4568 3395 4625 editur
3443 4575 3618 4629 succis
3659 4578 3923 4635 exsiccata

2333 4648 2602 4716 vitalibus,
2629 4670 2650 4703 ι
2676 4652 2789 4707 sive
2814 4654 3028 4713 brevius
3055 4660 3224 4727 colon,
3254 4672 3348 4717 aut
3376 4665 3693 4725 intestinum
3725 4683 3922 4727 rectum

2334 4740 2523 4813 (lbid.,
2564 4762 2617 4813 ῃ.
2657 4745 2810 4818 251).
2857 4748 3111 4806 Nonnulli
3152 4764 3330 4811 autem
3374 4760 3587 4828 probari
3634 4777 3800 4833 posse
3835 4782 3922 4836 pu-

2331 4843 2446 4890 tant
2476 4838 2694 4895 nomine
2736 4843 2925 4911 namia,
2957 4844 3086 4901 illud
3116 4849 3402 4920 signicari
3450 4852 3533 4910 his
3560 4854 3741 4915 Plauti
3767 4860 3922 4937 versi-

2328 4928 2429 4986 bus
2454 4948 2467 4985 :
3762 4938 3767 4949 ‘

2424 5041 2969 5128 ﬁi-tibi‘e‘sttnaehfra,
2990 5054 3041 5100 et
3060 5053 3201 5128 nobis
3219 5058 3416 5128 vervina
3439 5057 3570 5128 domi
3596 5073 3695 5128 est,

2425 5104 2751 5185 Quarquidem
2769 5117 2819 5160 te
2844 5104 3032 5185 faciam,
3056 5116 3097 5163 si
3125 5131 3202 5185 me
3228 5104 3520 5185 irritaveris,

2425 5168 2783 5221 ConfoSsiorem
2801 5168 3210 5227 soriciua'naznia.

2717 5254 2964 5319 (Plautus,
2987 5258 3288 5327 Bacchilid.,
3314 5270 3427 5319 Act.
3451 5285 3520 5332 iv,
3545 5285 3681 5327 scen.
3700 5276 3778 5342 8.)

2335 5359 2387 5414 id
2413 5370 2516 5428 est,
2560 5361 2710 5432 juxta
2751 5366 3102 5434 quorumdam
3146 5370 3679 5448 interpretationem,
3725 5390 3778 5439 te
3815 5395 3919 5437 ma-

2332 5454 2414 5525 gis
2434 5454 2743 5511 confossum
2775 5456 2989 5526 faciam,
3015 5476 3174 5531 quam
3207 5464 3412 5521 Soricis
3431 5467 3486 5523 in
3515 5471 3810 5542 muscipula
3836 5474 3920 5528 de-

2335 5546 2609 5617 prehensi,
2642 5558 2697 5603 et
2725 5561 2871 5605 certa
2899 5551 3129 5622 quadam
3162 5556 3561 5617 machinatione
3590 5565 3818 5633 perfossi
3847 5566 3920 5622 iu-

2338 5640 2612 5695 lcstinum.

2407 5732 2610 5789 Dehinc
2636 5734 2702 5791 ab
2729 5745 2946 5793 auctore
2989 5748 3175 5796 nostro
3230 5757 3598 5805 memorantur
3644 5769 3665 5803 r
3693 5753 3798 5809 offa
3834 5767 3920 5823 pe-

2338 5827 2467 5894 nita,
2504 5845 2523 5880 ι
2556 5843 2675 5899 quae
2720 5829 2838 5900 ipso
2867 5843 3172 5903 enarrante,
3213 5855 3231 5889 ‹
3269 5846 3353 5894 est
3379 5854 3499 5897 cum
3528 5843 3792 5914 particula
3814 5848 3919 5901 vis-
3954 5844 3978 5938 ς
