3978 6280
123 358 236 417 845

122 574 195 626 At
220 572 444 642 antiqui,
497 571 574 626 nti
607 570 800 627 Festus
828 582 882 626 et
910 572 1105 627 Paulus
1133 574 1304 642 aiunt,
1357 592 1375 627 ι
1407 590 1599 646 penem
1630 590 1722 633 co-

121 664 245 720 dam
272 664 542 720 vocabant
571 680 584 719 :
614 678 646 720 a
669 679 774 736 qua
800 666 1117 737 antiquitate
1139 669 1432 725 etiamnum
1462 668 1565 727 oﬂa
1598 686 1721 745 por-

118 760 241 814 cina
281 770 405 815 eum
433 756 600 815 cauda
629 760 683 815 in
714 762 886 817 omnis
918 761 1066 831 puris
1090 760 1193 818 olla
1225 763 1403 835 penita
1424 775 1666 820 vocatur.
1692 784 1713 819 ι

121 851 337 925 (Festus
380 862 427 906 et
458 851 643 919 Paul.,
671 853 741 907 ad
768 852 917 907 verba
944 852 1104 910 Psms
1132 864 1181 909 et
1226 854 1479 929 PENITA).
1504 854 1722 914 Addidit

118 946 317 1002 Festus
343 961 358 1000 :
401 964 419 998 ι
463 944 707 1002 Penitam
739 944 899 1002 ollam
927 946 1142 1004 Nervius
1167 949 1405 1021 appellat
1428 951 1719 1025 absegmen

117 1038 301 1094 Carnis
327 1052 451 1095 cum
478 1038 671 1094 cauda.
706 1057 725 1090 ι
759 1038 984 1096 Plautus
1011 1055 1140 1096 vero
1167 1041 1297 1098 dicit
1327 1062 1340 1097 :

213 1150 366 1207 Aufer
390 1148 693 1225 illam-ollam
705 1155 920 1225 partitam
935 1155 1255 1225 :_probuslbic
1278 1170 1473 1225 conger
1489 1156 1714 1225 frigidus.

469 1213 679 1282 (Plaut,
697 1213 806 1267 Mil.
834 1213 1050 1283 glorias,
1072 1223 1181 1269 Act.
1204 1228 1272 1278 ut,
1297 1213 1428 1271 scen.
1455 1221 1529 1284 1.)

199 1327 274 1380 At
309 1324 457 1381 dictu
500 1323 719 1381 omnino
743 1324 1033 1380 absurdum
1061 1333 1161 1389 est,
1196 1328 1268 1381 ait
1294 1324 1581 1396 Arnobius,
1614 1323 1717 1384 diis

109 1428 305 1490 gratas
355 1412 473 1474 esSe
529 1418 693 1474 hasce
744 1419 949 1474 naenias
1013 1416 1255 1491 oﬂ'asque
1322 1421 1551 1492 penitas,
1612 1432 1716 1478 nec

116 1531 136 1565 ι
180 1508 338 1582 prius
372 1513 478 1567 iras
519 1519 680 1583 atque
729 1513 939 1568 animos
984 1524 1209 1584 ponere,
1244 1514 1345 1568 nisi
1374 1513 1475 1570 sibi
1507 1514 1715 1570 adoleri

111 1613 340 1676 paratas
383 1603 769 1675 conspexerint
799 1604 1002 1659 menius
1052 1604 1291 1676 oli‘asqne
1338 1606 1648 1677 redemptas
1685 1623 1706 1659 ι

109 1697 294 1770 μνη..
323 1698 362 1752 l.
389 1710 483 1763 vn,
513 1714 565 1768 p.
591 1697 747 1767 251).
779 1697 887 1754 Sed
917 1698 1065 1769 quid,
1084 1698 1315 1769 inquies,
1338 1699 1439 1756 sibi
1469 1699 1582 1755 vult
1610 1698 1713 1755 hoc

110 1789 308 1845 ultimo
341 1789 558 1844 nomine
587 1790 909 1860 redemptus?
960 1789 1146 1845 Potius
1193 1792 1337 1846 enim
1388 1792 1568 1847 dicere
1611 1790 1710 1846 de-

108 1881 324 1937 buisset
352 1880 765 1953 redetnptrices,
796 1882 992 1953 quibus
1024 1883 1275 1939 videlicet
1303 1881 1528 1953 ethnici,
1570 1885 1712 1941 sicut
1740 1884 1787 1951 Β

108 1976 228 2045 ipse
268 1975 470 2031 ibidem
522 1984 949 2046 argumentatur,
998 1976 1225 2034 deorum
1268 1980 1495 2050 gratiam
1527 1994 1587 2035 se
1617 1992 1707 2035 re-

106 2070 321 2127 dimere
345 2070 751 2127 existimabant.
803 2066 935 2125 Nam
977 2070 1174 2128 ibidem
1217 2072 1372 2141 dixit,
1403 2072 1477 2128 dii
1503 2056 1560 2127 ut
1586 2087 1709 2144 pro-

106 2163 208 2218 sint
261 2164 507 2219 testiculis
536 2164 789 2234 pecudum
817 2163 1160 2219 redimuntur.
1199 2165 1307 2222 Sed
1345 2166 1473 2238 quid
1503 2177 1709 2224 statuas

107 2268 298 2314 contra
332 2259 571 2326 unicum,
600 2258 691 2329 qui
715 2270 983 2329 superest,
1014 2260 1296 2316 codicem?
1321 2263 1459 2329 Quid
1488 2277 1637 2330 vero,
1664 2261 1708 2318 si

107 2349 386 2407 Arnobius
413 2350 510 2405 has
537 2348 671 2418 alias
694 2351 982 2423 redemptus
1004 2353 1293 2423 vocaverit,
1315 2370 1449 2427 quas
1468 2355 1710 2426 plerique

106 2460 302 2503 omnes
326 2446 431 2501 diis
460 2446 701 2503 libandas
733 2446 1015 2503 emerant?

175 2538 291 2598 Sed
319 2541 463 2609 vide,
510 2558 715 2613 quaeso,
758 2556 1039 2615 quousque
1073 2544 1397 2614 processerit
1426 2540 1707 2616 gentilium

103 2635 444 2705 superstitio.
480 2632 593 2689 Diis
641 2635 755 2690 suis
799 2634 1099 2693 offerebant
1130 2654 1239 2692 non
1289 2638 1465 2693 solum
1509 2637 1709 2693 caudas

104 2729 444 2791 animalium.
477 2728 573 2787 sed
620 2731 785 2785 etiam
831 2732 1098 2803 potiminu.
1149 2730 1227 2787 Ne
1257 2733 1377 2803 quis
1406 2741 1583 2787 autem
1612 2747 1709 2787 ne-

104 2823 289 2889 sciret,
321 2823 449 2893 quid
476 2838 540 2878 ea
567 2823 698 2890 sint,
748 2840 811 2879 ac
839 2835 1099 2894 quantum
1142 2824 1381 2897 indigna,
1428 2841 1548 2897 quae
1598 2820 1708 2879 illis

102 2913 451 2981 offerrentur,
482 2916 599 2971 haec
624 2926 813 2972 auctor
840 2928 1027 2974 noster
1056 2917 1135 2974 sic
1179 2919 1440 2975 describit
1467 2932 1482 2971 :
1520 2936 1540 2970 ι
1569 2916 1708 2973 Sunt

101 3024 183 3078 ea,
209 3025 338 3080 qua:
366 3026 465 3065 nos
494 3011 675 3081 proles
700 3010 1059 3070 verecundius
1096 3014 1363 3080 dicimus;
1394 3028 1425 3071 a
1468 3013 1707 3086 vulgari-

99 3100 198 3157 bus
229 3110 415 3158 autem
464 3102 713 3161 adsolent
740 3107 1065 3177 cognomine
1093 3109 1313 3165 testium
1347 3111 1647 3182 nuncupari
1680 3128 1700 3163 ›

99 3191 268 3264 (Ibid.
288 3210 343 3266 p.
362 3194 514 3268 220).
540 3192 739 3252 Eadem
771 3198 952 3269 itaque
982 3210 1136 3254 erant
1165 3212 1229 3255 ac
1252 3200 1704 3271 polimenta,quzc

1402 359 1471 423 IN
1507 358 1884 434 semustum,
1911 360 2063 424 CAP.
2108 352 2297 425 XXIII.

121 479 266 534 cet-is
292 475 460 533 cauda
488 477 700 550 pecoris
720 482 991 549 amputata
1023 495 1044 532 ι
1080 477 1229 553 (Arn,
1271 483 1309 539 ι.
1348 498 1444 552 vn,
1493 500 1546 557 p.
1576 484 1725 559 250).
1756 497 1810 556 Α
1926 482 2164 533 Servatur
2184 483 2395 533 domino-

3318 357 3423 431 616

2401 540 2672 606 (Innatat,
2692 544 2832 598 salir.
2848 546 2899 608 5,
2924 556 3049 598 vers.
3068 544 3175 609 69.)

1824 652 1984 709 Plura
2012 654 2083 711 de
2111 655 2323 726 siligine
2364 655 2587 723 Seneca,
2640 655 2865 723 Plinius,
2913 654 3171 711 Isidorus.
3224 655 3419 713 Plasea

1823 745 2003 818 itaque
2041 756 2161 803 erat
2186 749 2356 804 cauda
2402 748 2577 817 bovis,
2625 749 2848 820 optima,
2881 749 3141 820 nivesque
3171 748 3338 804 farina
3368 758 3425 805 et

1820 842 2081 910 sanguine
2107 841 2345 898 delibuta
2373 843 2604 913 (Scaea,
2654 842 2798 915 epist.
2833 841 2937 899 M9
2964 852 3014 898 et
3043 842 3170 911 125,
3218 860 3273 916 p.
3314 841 3421 899 226

1820 942 1870 985 et
1893 933 2038 999 232;
2073 932 2239 1002 Plin,
2270 936 2359 990 lib.
2385 952 2535 1005 svnt,
2564 954 2611 991 ε.
2638 938 2695 1005 8,
2721 952 2774 1009 p.
2807 937 2949 1004 462;
2993 935 3212 1004 Isidor.,
3244 938 3284 1000 ι,
3329 951 3420 994 XIX

1823 1022 2052 1097 0rigin.,
2084 1042 2127 1080 ι.
2159 1027 2235 1097 5).

1894 1117 2030 1173 Tum
2061 1118 2261 1175 deinde
2285 1120 2559 1176 Arnobius
2589 1136 2604 1173 :
2634 1121 2773 1189 Quid
2807 1122 2862 1177 in
2887 1121 3109 1179 deorum
3138 1122 3419 1179 sacriﬁciis

1818 1207 2023 1277 iuvant,
2078 1208 2279 1277 Fitillu,
2335 1214 2561 1281 ﬁumen,
2591 1228 2713 1277 quae
2740 1213 2959 1285 quidem
3003 1216 3214 1271 diversa
3259 1223 3420 1272 erant

1819 1301 2045 1371 pultium
2071 1314 2293 1372 genere.
2319 1302 2530 1363 Plinius
2548 1306 2694 1361 enim
2720 1307 2862 1362 haud
2882 1307 3115 1364 obscure
3127 1308 3413 1381 signiﬁcat,

1815 1393 2105 1464 frietillam,
2136 1410 2256 1458 seu,
2307 1403 2368 1450 ut
2413 1396 2505 1451 alii
2533 1398 2797 1464 scribunt,
2829 1399 3091 1467 lritillam,
3142 1401 3413 1473 quoddam

1815 1498 1937 1558 esse
1977 1485 2137 1554 pultis
2164 1484 2354 1557 genus,
2384 1490 2436 1541 in
2467 1489 2637 1543 sacris
2666 1489 2986 1545 adhibitum.
3046 1492 3176 1548 Haec
3215 1493 3415 1565 quippe

1815 1576 1928 1647 ipsa
1956 1588 2084 1634 sunt
2107 1579 2225 1650 ejus
2253 1581 2417 1636 verba
2450 1599 2463 1634 :
2503 1599 2523 1633 ι
2558 1582 2626 1637 Ει
2651 1581 2815 1638 bodie
2861 1598 3015 1640 sacra
3045 1586 3220 1655 prisca
3250 1596 3414 1657 atque

1813 1670 2071 1728 natalium
2118 1673 2264 1742 pulte
2313 1674 2495 1730 lritilla
2526 1674 2923 1744 coniiciuntur;
2953 1678 3272 1750 videturque
3301 1689 3409 1735 tam

1814 1763 1932 1832 puis
1952 1764 2133 1833 ignota
2163 1765 2410 1835 Gracia,
2439 1782 2603 1838 quam
2635 1768 2805 1826 Italia
2829 1772 3067 1841 polenta.
3098 1790 3121 1826 ι
3143 1773 3412 1846 Hierony-

1814 1871 1933 1911 mus
1962 1866 2143 1914 autetn
2164 1858 2452 1916 Jovittiano
2470 1862 2603 1916 vitio
2630 1864 2814 1931 vertit,
2842 1865 2988 1935 quod
3014 1866 3080 1921 ad
3110 1867 3333 1937 popinas
3357 1876 3415 1923 et.

1812 1950 2023 2022 fritillus
2050 1966 2110 2007 se
2138 1952 2431 2010 conferret.
2483 1954 2602 2023 Quo
2631 1956 2851 2027 quidem
2882 1958 3051 2013 verbo
3093 1960 3324 2029 fritillus,
3365 1960 3414 2016 si

1813 2055 1989 2101 tamen
2015 2047 2310 2116 genuinum
2349 2056 2457 2113 est,
2503 2049 2685 2118 pultes
2726 2049 2989 2106 delicatas
3018 2052 3288 2124 intelligit.
3313 2051 3412 2109 Vi-

1809 2136 1961 2193 desis
2003 2138 2259 2209 Scaligeri
2295 2141 2349 2194 in
2382 2138 2683 2197 Varronem
2712 2142 3213 2201 animadversiones
3258 2150 3277 2218 (
3310 2142 3412 2200 Ar-

1810 2233 1952 2299 nob.,
1982 2233 2071 2288 lib.
2097 2250 2191 2302 vn,
2223 2253 2278 2306 ρ.
2308 2236 2445 2302 ἳ50;
2476 2235 2644 2305 Plin.,
2676 2237 2765 2292 lib.
2792 2252 2929 2293 svnt
2970 2237 3160 2294 Natur.
3194 2241 3335 2310 hist.,
3360 2258 3411 2298 σε

1808 2328 1863 2395 8,
1895 2347 1952 2400 ρ.
1982 2330 2119 2395 561;
2150 2330 2479 2402 Hieronym.,
2512 2331 2601 2386 lib.
2632 2349 2671 2398 ι,
2703 2334 2758 2387 in
2782 2331 3073 2402 heluium;
3101 2334 3327 2409 Sealig.,
3354 2338 3411 2392 in

1809 2425 1900 2480 lib.
1927 2441 1985 2491 v;
2024 2425 2199 2493 Vurr.,
2232 2426 2295 2480 de
2324 2426 2477 2500 Ling.
2511 2428 2682 2493 latim,
2717 2445 2769 2498 ρ.
2791 2429 2907 2501 82).

1880 2517 2110 2573 Frumett
2154 2534 2283 2575 vero
2333 2521 2791 2591 quemadmodum
2840 2523 3098 2591 Donatus,
3160 2526 3406 2596 Servius,

1808 2607 2048 2665 Isidorus
2079 2612 2298 2679 docent,
2331 2624 2414 2668 est
2446 2616 2697 2671 eminens
2721 2624 2815 2670 aut
2844 2629 3053 2672 summa
3082 2619 3222 2689 gula:
3259 2634 3406 2690 pars,

1809 2718 1907 2774 per
1941 2720 2101 2777 quam
2142 2706 2322 2778 lingua
2349 2708 2529 2763 cibum
2562 2711 2614 2764 in
2641 2719 2885 2767 ventrem
2916 2712 3153 2768 demittit
3184 2712 3405 2786 (Donat.

1809 2800 1866 2853 in
1918 2798 2125 2855 Terent.
2181 2798 2432 2869 Adelph,
2480 2814 2584 2858 act.
2635 2818 2687 2870 ν,
2744 2820 2880 2862 seen.
2938 2807 2993 2874 8,
3042 2816 3091 2864 et
3144 2808 3406 2880 Phormi,

1807 2904 1909 2947 act.
1954 2910 2016 2960 tt,
2088 2912 2225 2950 scen.
2271 2894 2341 2961 2;
2392 2897 2605 2952 Servius
2670 2900 2723 2953 in
2784 2899 2944 2973 Virg.,
2991 2903 3077 2957 lib.
3130 2917 3149 2958 ι
3194 2904 3407 2977 Georg.,

1805 3004 1929 3059 pug.
1965 2988 2245 3054 66,etlib.
2276 3004 2295 3044 ι
2325 2988 2711 3063 Eneid.,pug.
2743 2994 2879 3059 tsi;
2932 2994 3150 3066 nium,
3203 2997 3292 3053 lib.
3327 3015 3407 3054 xx

1810 3081 1980 3153 θήρη
2011 3098 2130 3151 cap.
2163 3087 2246 3153 τι).
2278 3085 2516 3141 Donatus
2552 3098 2682 3143 vero
2718 3088 2944 3144 verbum
2981 3091 3144 3160 fruor,
3183 3101 3240 3149 et
3274 3094 3423 3151 Ser-.

1806 3179 1926 3234 vius
1952 3194 2149 3234 nomen
2178 3184 2490 3252 frumentum
2518 3196 2549 3236 a
2576 3183 2799 3252 [rumine
2825 3182 2963 3240 facta
2993 3199 3115 3241 esse
3139 3187 3408 3245 arbitran-

100 3286 354 3353 Verrius,
383 3289 600 3358 Festus,
635 3305 699 3346 ac
726 3291 925 3348 deinde
954 3292 1153 3350 Paulus
1182 3292 1326 3350 hunc
1353 3296 1621 3367 explicant
1649 3295 1704 3350 in

1813 3282 1917 3328 tur.
1951 3272 2088 3339 Quid
2120 3287 2249 3343 ergo
2288 3276 2508 3343 mirum,
2540 3275 2586 3330 si
2626 3277 2696 3332 ab
2732 3276 2852 3332 aliis
2891 3278 2959 3333 ad
2992 3277 3404 3350 signiﬁcandum

104 3383 329 3441 modum
356 3400 371 3438 :
407 3402 425 3436 t
447 3384 670 3457 Antiqui
696 3386 948 3442 dicebant
975 3388 1257 3446 testiculos
1285 3383 1562 3460 pecoium,
1582 3404 1704 3445 cum

97 3492 190 3533 eos
248 3480 578 3545 castrabant,
611 3496 640 3534 a
672 3482 934 3552 politione
964 3494 1234 3555 segetum,
1269 3494 1361 3541 aut
1410 3486 1706 3543 vestimen-

99 3579 303 3635 torum,
331 3573 476 3643 qeod
507 3574 758 3630 similiter
784 3587 948 3646 atque
990 3578 1082 3632 illa
1121 3590 1383 3636 curentur
1413 3599 1432 3633 ι
1493 3580 1706 3654 (Festus

94 3677 139 3721 et
171 3667 364 3733 Paul.,
396 3671 466 3723 ad
487 3671 634 3725 verba
663 3671 1020 3746 Pouaenrs).
1045 3676 1299 3746 Explodit
1321 3676 1538 3750 quidem
1568 3677 1706 3731 hanc

93 3763 482 3835 etymologiam
515 3764 779 3839 Scaliger,
809 3770 1079 3839 aliamque
1107 3771 1335 3842 profert,
1366 3777 1461 3829 sed
1493 3790 1611 3845 qua:
1636 3773 1706 3831 ab

94 3856 202 3912 alio
246 3856 489 3913 vicissim
542 3860 848 3930 exploditur
898 3858 1092 3929 (δραι,
1124 3864 1177 3918 in
1224 3864 1312 3919 lib.
1348 3881 1399 3919 ιν
1441 3865 1504 3919 de
1548 3862 1700 3938 Ling.

96 3949 214 4016 lat.,
252 3966 305 4021 p.
330 3950 446 4021 4i).
492 3950 629 4020 Quia
661 3968 788 4009 vero
819 3952 951 4009 nihil
994 3953 1110 4010 huic
1141 3955 1207 4010 ad
1235 3966 1480 4011 nostrum
1508 3974 1704 4027 propo-

94 4048 262 4100 situm
296 4046 629 4124 conducunt,
663 4050 794 4103 satis
824 4050 928 4105 erit
958 4050 1411 4108 animadvertisse
1443 4051 1702 4124 polimina

92 4154 199 4194 non
230 4139 338 4194 alia
362 4154 503 4208 esse,
533 4123 595 4197 ac
622 4142 937 4212 polimenta,
961 4160 1081 4215 quae
1110 4153 1369 4202 notantur
1397 4123 1499 4203 huc
1526 4144 1702 4203 Plauti

92 4246 336 4288 carmine
363 4252 375 4286 Ξ

181 4328 286 4377 Aut
310 4326 575 4390 polimenta
601 4299 818 4395 porcina,
845 4338 933 4395 aut
949 4329 1137 4395 aliquid
1156 4326 1217 4383 ad
1242 4342 1355 4383 eum
1376 4335 1592 4384 modum.

684 4391 893 4455 (Plaut,
915 4391 1069 4456 Mani,
1107 4403 1204 4447 act.
1222 4411 1259 4457 ι,
1282 4409 1413 4447 scen.
1438 4398 1512 4459 5.)

162 4498 413 4554 Ethnicis
440 4498 617 4554 adhuc
643 4500 914 4556 Arnobius
939 4502 1129 4571 objicit
1150 4502 1393 4558 oblatum
1408 4503 1511 4560 diis
1529 4518 1701 4558 amens

1808 3367 2025 3438 aliquod
2065 3367 2230 3437 pultis
2266 3380 2436 3439 genus
2475 3379 2794 3439 usurpatum
2830 3369 3033 3427 fuerit?
3064 3372 3139 3429 De
3168 3374 3407 3444 pultibus

1808 3476 1973 3533 porro
2008 3462 2208 3518 videsis
2251 3462 2498 3534 Apicium
2539 3453 2757 3532 (Donat.
2796 3465 2851 3519 in
2887 3463 3089 3520 Terent.
3134 3466 3402 3537 Eunuch.,

1808 3564 1910 3609 uel.
1946 3571 2019 3620 tv,
2051 3568 2192 3610 scen.
2223 3555 2283 3621 7;
2309 3555 2485 3627 Apta,
2517 3556 2635 3612 libr.
2664 3568 2700 3608 ν
2726 3557 2790 3611 de
2823 3557 2897 3614 Re
2916 3559 3146 3626 coquum,
3175 3573 3292 3629 cap.
3324 3559 3402 3631 l).
3493 3614 3499 3625 η

1881 3647 1987 3703 Sed
2017 3647 2157 3715 inec,
2196 3646 2272 3703 ait
2308 3646 2606 3717 Arnobius,
2653 3649 2921 3716 ethnicos,
2960 3650 3064 3707 diis
3099 3651 3211 3707 suis
3241 3653 3407 3709 sacri-

1808 3738 2053 3811 deantes,
2097 3756 2205 3817 non
2248 3744 2419 3814 magis
2454 3743 2732 3814 iuvabant,
2763 3758 2923 3817 quam
2950 3745 3137 3817 africiu
3172 3746 3402 3819 gratillu,

1805 3845 2114 3900 catumeum,
2153 3838 2494 3907 compellunt,
2523 3837 2731 3906 subula,
2765 3850 2887 3910 quae
2926 3840 3145 3910 quidem
3187 3841 3407 3899 liberum

1805 3928 2013 3996 species
2033 3938 2154 3983 esse
2175 3928 2304 3983 satis
2329 3928 2609 4000 persplcue
2630 3931 2899 4001 signiﬁcat
2927 3931 3166 4003 (Arnob.,
3189 3935 3279 3991 lib.
3308 3950 3404 4005 vn,

1806 4035 1924 4091 pag.
1950 4019 2103 4087 259).
2132 4020 2324 4075 Libum
2354 4031 2532 4077 autem
2554 4036 2585 4076 a
2604 4020 2822 4092 Libero,
2848 4038 2944 4081 seu
2971 4022 3184 4084 Baccho
3201 4027 3407 4087 dictum

1805 4115 1967 4170 luisse
1993 4113 2218 4169 Ovidius
2242 4114 2327 4171 his
2355 4115 2685 4173 carminibus
2710 4120 2856 4174 canit
2881 4136 2896 4173 :

1897 4232 2105 4286 Nomine
2131 4236 2193 4285 ab
2216 4238 2433 4287 auctoris
2457 4237 2642 4289 ducunt
2666 4236 2895 4289 libamina
2914 4252 3095 4290 nomen

1989 4298 2226 4363 Libaque,
2251 4300 2381 4362 quod
2396 4302 2552 4351 sacris
2570 4312 2688 4363 pars
2705 4302 2850 4351 datur
2870 4303 2988 4353 inde
3010 4303 3148 4354 locis.

1898 4360 2025 4427 Liba
2040 4360 2138 4427 deo
2159 4360 2367 4427 faciunt,
2376 4367 2547 4427 succis
2561 4360 2675 4427 quia
2696 4363 2923 4414 dulcibus
2941 4363 3027 4427 ille

1992 4423 2202 4485 Gaudet,
2230 4432 2281 4477 et
2300 4439 2326 4474 a
2348 4420 2541 4477 Baccho
2566 4420 2708 4475 mella
2734 4434 2938 4490 reperta
2967 4425 3146 4481 ferant.

2384 4506 2570 4572 (Ovid,
2591 4502 2674 4557 lib.
2698 4520 2751 4557 ιιι
2767 4507 2977 4569 ιεἀειοτ.,
3004 4504 3031 4573 §
3053 4506 3154 4575 ιο.)

93 4600 221 4660 tum,
270 4609 447 4663 grtece
474 4594 733 4650 ἐπίπλοον.
779 4594 1091 4649 Membrana
1117 4608 1301 4651 autem
1328 4604 1413 4652 est
1432 4592 1619 4653 tenuis
1646 4600 1766 4687 et“
1802 4614 1873 4670 Αι
1918 4609 2108 4686 vam),
2162 4616 2247 4673 cui
2298 4615 2385 4670 alii
2430 4610 2811 4687 sum-agantur,
2863 4610 3218 4674 hoc‘nomen
3271 4616 3402 4679 inde

92 4686 333 4757 pinguis,
366 4702 471 4755 qua
520 4686 806 4742 inferiores
836 4688 1043 4742 ventris
1092 4698 1275 4758 partes
1323 4699 1596 4760 teguntur,
1644 4698 1700 4744 et

1813 4707 2021 4765 ductum
2075 4680 2243 4781 putat,
2288 4706 2429 4781 quod
2476 4680 2675 4764 libatidi
2715 4680 2874 4765 causa
2919 4706 3032 4764 fiat.
3081 4710 3223 4769 Alibi
3272 4730 3401 4773 vero

88 4778 475 4835 intestinorum
544 4781 891 4837 involvuntur
942 4780 1237 4839 anfractus.
1309 4782 1480 4839 Antea
1544 4800 1695 4852 vero,

92 4874 428 4929 Omentorum
478 4874 861 4941 membranulae,
914 4875 983 4930 ab
1030 4875 1120 4930 illo
1172 4886 1579 4946 nuncupantur,
1629 4877 1698 4933 de

86 4969 284 5038 quibus
316 4967 496 5041 legere
526 4969 729 5039 poteris
756 4969 1023 5035 Persium,
1054 4968 1315 5038 Pliniunt,
1345 4981 1398 5026 et
1431 4971 1695 5028 lsidorum

92 5060 277 5133 (Arn.,
310 5063 412 5117 loc.
442 5065 555 5130 cit.,
589 5070 640 5117 et
663 5064 700 5118 ι.
726 5078 805 5127 ιιι,
835 5080 890 5135 p.
920 5064 1060 5131 107;
1089 5056 1266 5129 Pers.,
1297 5066 1445 5120 satir.
1466 5064 1524 5135 2,
1554 5081 1684 5121 vers.

83 5151 188 5218 47;
225 5153 396 5222 Plin.,
422 5154 509 5210 lib.
541 5170 576 5209 ιι
608 5153 749 5211 Hist.
774 5165 970 5224 natur.,
1019 5173 1067 5211 c.
1092 5152 1184 5227 37,
1214 5174 1267 5231 p.
1295 5157 1437 5225 574;
1466 5156 1687 5229 Isidor.,

85 5246 176 5303 lib.
209 5264 245 5302 tt
277 5246 450 5319 0rig.,
480 5265 526 5302 c.
561 5246 640 5320 1).

153 5341 240 5397 Ab
265 5351 487 5398 auctore
508 5342 705 5399 deinde
732 5352 916 5399 nostro
947 5345 1179 5415 palasea,
1210 5346 1324 5402 sive
1349 5347 1488 5403 sicut
1512 5362 1540 5402 a
1568 5347 1691 5418 qui-

87 5433 309 5490 busdam
342 5437 639 5492 vocabatur
670 5454 692 5489 r
726 5437 926 5507 plasea,
958 5458 976 5492 ι
1009 5439 1088 5496 sic
1136 5436 1428 5509 delinitur,
1465 5459 1485 5495 ι
1517 5442 1685 5501 cauda

86 5522 237 5580 bovis
258 5525 472 5597 siligine
497 5537 551 5582 et
581 5528 840 5598 sanguine
868 5528 1108 5585 delibuta
1145 5545 1165 5583 ι
1223 5529 1401 5603 (Arn.,
1436 5531 1474 5587 l.
1505 5544 1599 5601 vn,
1631 5551 1687 5603 p.

83 5611 234 5684 350).
251 5619 321 5671 At
346 5617 496 5686 siligo
518 5628 600 5672 est
617 5617 785 5672 farina
813 5634 879 5674 ex
901 5622 1108 5689 optimo
1138 5623 1320 5677 tritico
1344 5623 1688 5682 exactissime

86 5724 115 5762 a
141 5708 439 5766 furfuribus
465 5721 774 5783 repurgata.
832 5710 984 5770 Unde
1022 5714 1111 5771 hic
1141 5710 1420 5774 Juvenalis
1448 5717 1517 5775 de
1548 5728 1686 5790 pane

85 5816 270 5858 VCI'SUS
293 5822 308 5860 ἶ

177 5918 278 5969 Sed
301 5927 448 5974 tener
471 5927 525 5975 et
540 5923 735 5986 niveus,
752 5920 987 5985 mollique
1010 5923 1210 5987 siligine
1235 5922 1408 5991 factus,

1800 4802 2054 4868 scripsit:
2089 4798 2291 4867 Libmn,
2327 4798 2464 4874 quod
2488 4801 2752 4869 libaretur,
2790 4802 3090 4875 priusquam
3121 4815 3268 4872 esset,
3304 4802 3401 4865 seu

1798 4906 2005 4963 essent,
2051 4904 2107 4948 ul
2149 4904 2256 4949 eral
2296 4904 2514 4963 coctum,
2562 4894 2615 4950 id
2655 4904 2759 4963 est,
2805 4894 2947 4970 quod
2995 4910 3208 4957 coctum
3252 4904 3400 4974 prius

1797 4987 2085 5053 libabatur,
2118 5002 2277 5059 quam
2318 4987 2449 5043 illud
2490 4986 2860 5047 comedissent
2896 4988 3107 5062 (Varr.,
3140 4994 3230 5053 lib.
3252 5013 3309 5053 vr
3336 4996 3401 5054 de

1798 5074 1952 5152 Ling.
1996 5076 2112 5148 lat.,
2154 5098 2274 5152 pag.
2303 5079 2407 5149 80;
2447 5078 2613 5175 Ibi<.,
2641 5082 2732 5138 lib.
2761 5100 2801 5155 ι,
2836 5102 2956 5159 pag.
2997 5086 3092 5157 26,
3130 5097 3178 5144 st
3211 5089 3399 5161 seqq.).

1868 5172 1999 5242 Quae
2028 5190 2155 5230 vero
2185 5175 2288 5231 liba
2320 5177 2444 5244 sint,
2479 5186 2534 5234 et
2563 5172 2764 5249 quibus
2791 5195 2855 5236 ex
2884 5180 3045 5237 rebus
3075 5181 3286 5250 ﬁerent,
3320 5183 3399 5240 sic

1796 5269 2031 5341 explicat
2067 5269 2285 5327 Servius
2317 5290 2330 5325 :
2362 5270 2493 5328 Liba
2521 5285 2639 5331 sunt
2669 5276 2918 5348 placenta:
2946 5275 3009 5333 de
3036 5276 3193 5345 farre,
3226 5279 3395 5345 melle,

1798 5371 1845 5418 et
1874 5362 2002 5427 oleo,
2036 5364 2195 5419 sacris
2234 5375 2378 5440 apta.
2419 5362 2529 5423 Nec
2568 5370 2734 5427 semel
2776 5372 2878 5426 hoc
2913 5369 3067 5440 dixit,
3113 5372 3207 5431 sed
3246 5374 3397 5444 prius

1797 5469 2101 5513 asseruerat
2160 5460 2268 5515 liba
2320 5477 2440 5518 esse
2491 5463 2765 5532 placentas
2820 5463 3019 5537 (Seria,
3069 5466 3125 5522 in
3181 5465 3394 5540 Virgil.,

1796 5546 1887 5605 lib.
1912 5565 1984 5608 vn
2024 5549 2263 5621 Eueni,
2285 5555 2569 5620 uers.‘108;
2588 5556 2744 5625 idem,
2766 5556 2819 5612 in
2841 5559 3001 5632 eclog.
3032 5557 3087 5629 7,
3111 5577 3242 5617 vers.
3276 5563 3396 5637 55).

1796 5643 1929 5701 Cato
1966 5655 2145 5702 tamen
2170 5648 2465 5718 placentam
2490 5665 2521 5705 a
2547 5649 2655 5707 libo
2679 5650 2980 5724 distinguit,
3009 5654 3192 5726 aitque
3222 5656 3395 5717 libum

1792 5735 1909 5792 ﬁeri
1939 5753 2005 5794 ex
2037 5754 2215 5807 caseo,
2251 5736 2420 5799 farina
2445 5742 2711 5813 siligiuea,
2735 5744 2850 5801 sive
2875 5744 3181 5818 similagine
3206 5758 3263 5806 et
3285 5765 3395 5811 ovo

1793 5844 1920 5895 uno,
1952 5831 2146 5903 quibus
2171 5834 2313 5891 bene
2343 5835 2634 5906 permistis,
2662 5846 2717 5895 et
2742 5836 2985 5909 subjecto
3012 5839 3163 5909 lolio,
3193 5846 3395 5907 leniter

1793 5931 2096 5992 coquuntur
2126 5922 2296 5995 (Cato,
2339 5927 2403 5981 de
2445 5925 2517 5983 Re
2555 5929 2759 6001 rustic.,
2786 5946 2902 6003 cup.
2932 5931 3004 5991 54
3030 5944 3077 5992 et
3109 5934 3222 6010 76).
3253 5938 3392 6003 Tum
