3978 6302
293 26 390 32 __
417 25 626 32 -...-———.——.-

571 362 673 418 ΕΠ

1841 357 2286 417 DlSSERTATlO
2325 357 2484 415 PRIE
2496 357 2602 414 VIA

3756 355 3852 412 (ἱιὸ

573 477 771 536 deinde
807 477 964 533 docet
993 476 1264 546 quomodo
1295 476 1540 547 placenta
1573 475 1663 531 fiat
1693 490 1758 531 ex
1790 475 1959 530 farina
1989 476 2162 544 siligi-
2189 477 2237 537 Λ
2268 486 2514 542 mentum,
2539 491 2567 529 a
2595 475 2752 546 pulpa
2790 472 3142 544 proculdubio
3171 472 3424 529 derivari.
3454 472 3620 543 Pulpa
3651 481 3852 537 autem,

576 590 698 635 nea,
726 574 858 626 alica
898 573 1087 642 prima,
1128 587 1278 644 aqua:
1317 571 1512 639 infusa,
1542 573 1743 627 recenti
1785 586 1941 626 caseo
1979 571 2163 633 ovillo,

574 665 736 720 melle
767 664 926 730 bono,
957 664 1150 733 quibus
1178 665 1318 720 inter
1345 679 1403 718 se
1433 664 1752 730 commistis,
1785 672 1839 718 et
1870 663 1999 717 lauri
2029 663 2168 716 foliis

571 755 886 826 suppositis,
918 755 1160 822 placenta
1191 756 1550 826 componitur,
1583 758 1721 811 bene
1747 767 1799 809 et
1829 755 2002 810 otiose
2041 771 2166 824 per-

573 847 875 918 coquenda.
910 848 1014 903 Sed
1050 849 1164 904 haec
1201 850 1291 904 libi
1326 860 1380 904 et
1407 849 1664 920 placentae
1695 859 1860 917 tanta,
1891 850 1964 903 uti
1992 850 2163 916 vides,

571 956 678 996 non
723 950 805 996 est
845 940 1182 1006 differentia,
1225 942 1353 1012 quin
1396 941 1462 996 ad
1511 957 1675 996 unum
1716 941 1963 1012 idemque
2003 957 2170 1012 genus

578 1043 852 1105 nequeant
890 1034 1101 1090 referri.
1143 1035 1312 1107 Magis
1340 1036 1538 1106 quippe
1573 1052 1604 1091 a
1638 1038 1838 1092 Catone
1871 1036 2170 1105 explicatur

572 1146 678 1200 quo
710 1130 839 1184 fiant
875 1129 1056 1188 modo.
1091 1145 1250 1200 quam
1283 1140 1461 1185 utrum
1490 1146 1546 1186 re
1575 1131 1686 1200 ipsa
1713 1131 1852 1185 inter
1878 1145 1936 1185 se
1961 1130 2168 1184 discre-

572 1234 721 1296 pent.
779 1224 1142 1291 Quamobrem
1207 1224 1488 1280 Isidorus:
1535 1243 1553 1275 ι
1594 1225 1880 1288 Placentae,
1922 1243 1940 1275 ι
1978 1225 2166 1295 inquit,

580 1335 599 1367 ι
629 1326 772 1381 sunt,
805 1333 926 1388 qua:
963 1318 1095 1371 fiunt
1135 1332 1200 1372 ex
1243 1319 1405 1383 farre,
1439 1333 1568 1387 quas
1605 1318 1696 1372 alii
1726 1319 1829 1373 liba
1866 1318 2072 1383 dicunt,
2104 1334 2170 1374 eo

571 1410 714 1479 quod
741 1411 962 1478 libeant,
991 1421 1048 1466 et
1101 1411 1350 1481 placeant
1381 1429 1399 1462 ι
1437 1410 1678 1481 (Isidor.,
1724 1412 1815 1470 lib.
1869 1428 1937 1465 xx
1997 1412 2169 1482 0rig.,

575 1520 696 1573 cap.
729 1503 809 1573 2).

643 1598 907 1652 Czcterum
945 1597 1187 1667 quamvis
1218 1596 1385 1651 libum
1426 1608 1482 1651 et
1521 1597 1769 1666 placenta
1816 1612 2004 1667 parum
2036 1595 2174 1652 adeo

573 1689 714 1745 inter
751 1705 809 1744 se
849 1689 1242 1759 discreparent,
1293 1688 1340 1744 si
1389 1689 1520 1744 Cato
1571 1700 1746 1745 tamen
1791 1705 1852 1745 ea
1901 1690 2169 1754 distinxit,

574 1781 707 1836 nihil
740 1782 977 1851 profecto
1008 1782 1300 1852 prohibere
1323 1781 1557 1850 videtur,
1585 1783 1874 1852 quominus
1905 1783 1972 1837 ab
1999 1785 2170 1836 Arno-

2272 569 2348 622 uti
2379 567 2756 623 animadvertit
2784 567 3040 634 Donatus,
3071 585 3090 618 ι
3121 567 3335 636 proprie
3365 582 3429 622 ea
3455 575 3538 620 est
3565 580 3717 629 caro,
3741 581 3858 636 quae

2271 661 2656 726 mantlucatur,
2699 675 2765 716 eo
2809 661 2950 731 quod
2993 660 3250 730 pulsetur,
3297 668 3351 715 et
3390 657 3797 714 conscindatur.
3836 677 3854 708 ι

2271 752 2508 808 Isidorus
2557 768 2683 807 vero
2715 770 2726 805 :
2762 771 2779 801 ι
2816 752 2998 822 Pnlpa,
3031 770 3048 801 ι
3085 751 3275 822 inquit,
3313 769 3332 802 t
3366 750 3526 814 dicta,
3572 749 3698 821 quia
3741 765 3859 804 cum

2274 847 2420 915 pulte
2463 847 2590 900 olim
2633 845 2921 900 commixta
2963 845 3297 899 vescebatur.
3329 863 3348 895 ι
3379 844 3483 899 Sed
3515 843 3662 908 alibi,
3697 854 3773 910 et,
3808 855 3865 898 ut

2273 938 2459 992 multis
2506 939 2737 1004 videtur,
2781 939 2975 992 melius
3003 956 3016 992 :
3049 957 3067 988 t
3103 937 3262 1007 Pnlpa
3304 949 3386 991 est
3424 951 3550 991 caro
3585 937 3706 992 sine
3749 937 3865 1006 pin-

2271 1031 2523 1101 guedine,
2572 1031 2733 1096 dicta,
2788 1031 2928 1100 quod
2983 1030 3234 1100 palpitet;
3286 1029 3455 1083 resilit
3506 1030 3648 1083 enim
3698 1045 3864 1098 szepe.

2273 1124 2424 1179 Hauc
2446 1125 2688 1194 plerique
2710 1134 2764 1177 et
2787 1126 2990 1178 viscum
3035 1130 3246 1189 vocant,
3276 1120 3417 1193 quod
3443 1121 3713 1193 glutinosa
3742 1123 3815 1176 sit
3844 1142 3862 1172 ι

2275 1215 2516 1283 (Douat.,
2549 1217 2603 1269 in
2634 1215 2837 1268 Terent.
2875 1214 3091 1286 Hecyra,
3122 1225 3222 1268 act.
3255 1229 3328 1277 ιιι,
3367 1230 3504 1268 scen.
3537 1212 3602 1281 4;
3642 1212 3866 1281 lsidor.,

2276 1309 2364 1362 lib.
2399 1325 2453 1363 xt
2498 1309 2725 1382 Origin.,
2758 1326 2871 1380 cap.
2910 1312 2933 1365 l
2966 1320 3014 1363 et
3045 1309 3160 1364 libr.
3191 1324 3282 1373 xx,
3312 1325 3425 1379 cap.
3449 1308 3533 1378 Ξ).

2347 1406 2442 1459 His
2503 1406 2573 1459 ita
2640 1405 2962 1470 observatis,
3027 1403 3283 1473 particula
3352 1403 3596 1474 negativa
3650 1419 3754 1457 non
3816 1403 3873 1458 in

2275 1499 2499 1557 Arnobii
2533 1508 2680 1552 textu
2714 1497 2869 1553 nobis
2899 1513 2996 1552 suo
3026 1499 3146 1553 loco
3178 1507 3319 1552 mota
3349 1507 3594 1567 apparet,
3628 1506 3684 1552 et
3712 1513 3875 1567 repo-

2275 1593 2450 1648 nenda
2490 1603 2615 1648 ante
2654 1608 2848 1648 nomen
2892 1593 3244 1662 palpamenta,
3280 1600 3440 1659 atque
3477 1599 3602 1646 ante
3641 1591 3871 1645 verbum

2277 1696 2392 1740 exta
2418 1696 2509 1738 aut
2537 1683 2927 1750 subandienda,
2958 1693 3049 1738 aut
3080 1685 3272 1739 iterum
3313 1682 3661 1746 collocanda;
3698 1682 3769 1736 ita
3817 1693 3875 1736 nt

2278 1781 2355 1833 sic
2395 1780 2661 1834 scribatur
2688 1797 2700 1832 :
2730 1778 2846 1832 Non
2880 1779 3055 1848 placet
3085 1779 3361 1833 nominare
3389 1793 3605 1833 carnem
3652 1776 3874 1832 Strebu-

575 1877 664 1932 hio
693 1877 941 1932 distincta
985 1877 1181 1932 fuerint
1219 1877 1342 1944 alia,
1376 1893 1482 1931 non
1521 1877 1744 1931 multum
1778 1894 1805 1930 a
1839 1892 1898 1932 se
1940 1878 2165 1932 invicem
2201 1876 2246 1934 B
2280 1873 2553 1938 lam,......
2589 1888 2689 1926 non
2719 1872 3048 1944 palpamenta
3073 1888 3213 1937 assa,
3241 1887 3352 1941 qua:
3379 1872 3431 1924 in
3460 1871 3671 1925 verubus
3703 1882 3829 1926 sunt
3856 1889 3875 1924 :

578 1969 788 2025 diversa
828 1970 1055 2024 liborum
1099 1986 1318 2040 genera,
1361 1986 1481 2040 qute
1525 1970 1591 2024 ab
1634 1970 1728 2023 illo
1755 1987 1768 1999 ·
1800 1970 2018 2040 Africia,
2052 1986 2174 2040 gra-

581 2063 726 2128 tilla,
783 2072 1102 2127 catumeam,
1161 2063 1510 2132 conspoliunt,
1573 2072 1620 2116 et
1672 2061 1858 2115 cubula
1919 2074 2178 2116 vocantur

579 2155 822 2227 (.ttrnob"
853 2156 940 2210 lib.
974 2173 1068 2218 vtt,
1105 2172 1224 2226 pag.
1257 2155 1406 2228 9.50).
1440 2156 1554 2210 Non
1588 2155 1729 2210 aliud
1752 2157 1892 2210 enim
1924 2157 2062 2210 inter
2089 2157 2173 2210 illa

583 2249 761 2303 omnia
793 2249 1080 2305 discrimen
1111 2247 1482 2303 intercessisse
1509 2247 1739 2313 vidi-tur,
1769 2247 1869 2302 nisi
1900 2265 1967 2302 ex
2009 2258 2177 2304 mate-

581 2344 682 2408 ria,
707 2353 756 2398 et
783 2343 989 2398 ratione
1010 2358 1114 2412 qua
1147 2343 1258 2396 fieri
1288 2343 1552 2397 solebant.
1577 2343 1741 2397 Suum
1775 2354 1952 2397 autem
1982 2360 2174 2398 nomen

581 2437 665 2490 vel
699 2435 841 2501 inde,
869 2434 953 2489 vel
977 2451 1005 2486 a
1028 2435 1170 2499 loco,
1201 2434 1287 2488 ubi
1323 2436 1553 2505 primum
1585 2435 1721 2490 facta
1754 2445 1898 2497 sunt,
1929 2435 2013 2490 vel
2039 2451 2066 2487 a
2097 2435 2178 2489 di-

581 2543 738 2584 versa
767 2543 862 2582 sua
893 2527 1064 2582 forma
1096 2536 1150 2582 et
1181 2531 1348 2599 figura
1385 2536 1732 2596 acceperunt.
1766 2526 1960 2582 Nostra
1998 2537 2175 2583 autem

583 2621 722 2676 scire
754 2635 938 2688 parum
967 2620 1191 2674 interest
1221 2620 1364 2674 unde
1391 2620 1630 2677 derivata
1657 2622 1766 2674 sint
1796 2620 1910 2676 htec
1937 2621 2170 2686 nomina,

589 2724 681 2770 aut
723 2713 846 2786 quid
888 2729 1076 2770 revera
1123 2713 1445 2784 significent,
1497 2715 1589 2769 sed
1631 2724 1828 2785 quanta
1876 2714 2176 2770 insulsitate

582 2807 812 2877 gentiles
861 2805 978 2861 haec
1025 2805 1230 2860 fictitiis
1279 2805 1381 2862 diis
1431 2807 1563 2874 suis,
1614 2807 1768 2877 quasi
1816 2807 2175 2863 esurientibus

582 2901 882 2959 libaverint.

654 2997 812 3051 Multa
843 2997 963 3063 alia,
996 3013 1147 3067 teque
1169 2995 1414 3064 ridicula,
1448 2997 1721 3052 Arnobius
1747 2999 1996 3053 consulto
2017 2999 2172 3052 omit-

583 3092 646 3144 tit
675 3089 884 3164 (lbid.),
920 3092 1101 3162 aitque
1139 3091 1240 3147 sibi
1273 3106 1376 3144 non
1410 3089 1676 3161 placuisse
1710 3107 1927 3148 carnem
1957 3093 2171 3148 strebu-

580 3187 687 3244 lant
727 3187 1030 3252 nominare,
1069 3202 1184 3255 quae
1226 3195 1489 3240 taurorum
1527 3186 1886 3240 coxettdt'cibtts
1928 3187 2169 3240 demitur.

2279 1983 2378 2020 non
2411 1976 2524 2022 exta
2552 1967 2799 2030 animata,
2837 1977 2945 2022 etc.
2979 1966 3068 2022 Sic
3098 1967 3239 2021 enim
3278 1975 3493 2035 apertus
3521 1966 3624 2022 erit
3651 1967 3739 2022 hic
3769 1970 3875 2022 Ar-

2279 2060 2425 2114 nobii
2469 2074 2702 2114 sensus:
2733 2060 2789 2114 In
2835 2060 3111 2114 sacrificiis
3155 2058 3350 2113 frustra
3394 2057 3596 2114 adnleri
3642 2073 3767 2114 assa
3821 2059 3873 2113 in

2279 2154 2512 2207 vcrnbns
2557 2155 2922 2222 pulpamenta,
2976 2154 3078 2207 hoc
3123 2160 3222 2217 est,
3278 2152 3467 2207 molles
3511 2164 3566 2208 et
3612 2153 3876 2208 delicatas

2278 2248 2456 2303 carnis
2501 2249 2618 2303 sine
2663 2247 2982 2318 pinguedine
3027 2256 3226 2318 partes,
3274 2261 3395 2316 qua:
3447 2263 3597 2301 suam
3650 2256 3876 2316 propter

2279 2342 2558 2397 mollitiem
2602 2343 2880 2412 palpitant.
2920 2341 3138 2396 Frustra
3169 2341 3330 2395 etiam
3371 2341 3513 2396 litari
3553 2343 3873 2396 animalium

2279 2446 2421 2500 exta,
2469 2435 2614 2504 prius
2655 2438 2905 2498 animata,
2951 2447 3004 2490 et
3045 2435 3368 2490 earbonibm~
3407 2435 3717 2502 torrefacta,
3752 2451 3874 2503 qua:

2279 2528 2492 2598 quidem
2523 2543 2628 2583 non
2662 2528 2715 2583 in
2745 2527 2998 2592 verubus,
3031 2528 3124 2583 sed
3149 2529 3423 2584 succensis
3447 2539 3651 2583 tantum
3679 2529 3875 2584 carbo-

2281 2621 2438 2675 nibus
2463 2619 2656 2674 torreri
2692 2629 2960 2690 poterant.
2994 2620 3064 2674 Ea
3091 2630 3267 2675 autem
3296 2619 3402 2674 diis
3425 2621 3601 2676 oblata
3628 2621 3796 2677 fuisse
3827 2623 3874 2677 si

2278 2717 2511 2784 dubites,
2543 2716 2827 2771 certiorem
2871 2716 3061 2771 Fe~tus
3102 2726 3153 2772 te
3184 2715 3360 2778 faciet,
3399 2717 3486 2786 qui
3517 2716 3644 2772 inde
3674 2733 3875 2772 nomen

2278 2825 2433 2864 suum
2490 2811 2677 2863 sortita
2725 2823 2846 2863 esse
2889 2807 3158 2863 existimat
3191 2826 3204 2862 :
3243 2826 3262 2858 ι
3301 2808 3456 2875 Exta,
3492 2828 3510 2860 ι
3541 2810 3634 2876 ait,
3674 2827 3692 2860 t
3728 2808 3875 2865 dicm

2277 2901 2417 2972 quod
2447 2916 2508 2958 ea
2539 2901 2641 2956 diis
2672 2911 3037 2970 prosecentur,
3076 2917 3196 2972 qua:
3227 2903 3460 2959 maxime
3491 2912 3700 2969 extant,
3731 2904 3875 2960 cmi-

2278 3004 2531 3065 nentque.
2565 3014 2584 3046 ›
2617 2992 2844 3064 (Festus,
2875 2995 2944 3048 ad
2972 2995 3105 3049 verb.
3141 2995 3351 3066 Exn.)

2350 3088 2513 3143 Addit
2559 3088 2825 3144 Arnobius
2855 3105 2868 3141 :
2903 3107 2922 3140 ‹
2957 3088 3073 3142 Non
3103 3089 3411 3157 salsamina,
3449 3107 3570 3161 qua:
3606 3103 3732 3147 sunt
3772 3110 3875 3148 una

2277 3183 2589 3239 commixtio
2653 3183 2932 3254 quadrinis
2977 3185 3223 3254 copulata
3276 3185 3515 3256 frugibus
3559 3205 3578 3237 ι
3623 3187 3871 3255 (Arnob,

579 3283 670 3347 At,
704 3281 862 3337 Festo
883 3282 925 3335 si
957 3280 1245 3342 credimus,
1287 3278 1388 3332 hoc
1418 3295 1612 3334 nomen
1644 3279 1712 3333 ah
1730 3279 1966 3334 Umbria:
1998 3295 2168 3348 p0pu-
2197 3266 2241 3328 C
2274 3277 2364 3333 lib.
2398 3295 2490 3345 vn,
2526 3295 2648 3350 pag.
2681 3277 2836 3347 250).
2869 3277 3059 3333 Nonne
3093 3293 3221 3332 vero
3250 3277 3332 3332 his
3363 3279 3540 3334 verbis
3565 3279 3736 3335 salsas
3766 3281 3875 3335 fru-

577 3374 645 3431 lis
692 3385 870 3430 ortum
916 3373 1132 3437 habuit;
1175 3372 1298 3443 quia
1341 3372 1448 3427 illis
1493 3373 1661 3442 magis
1715 3388 1872 3442 quam
1918 3371 2174 3426 llornanis

580 3469 835 3522 usitatum
879 3475 997 3521 erat
1047 3464 1281 3538 (Festus,
1329 3464 1398 3517 ad
1446 3463 1773 3534 STnEBULA).
1822 3464 2172 3519 Observatum

582 3559 847 3630 siquidem
892 3558 962 3612 ab
1001 3573 1066 3613 eo
1107 3557 1375 3628 legimus:
1410 3576 1429 3608 ι
1465 3557 1736 3612 Strebula.
1782 3555 2035 3613 Umbrico
2072 3573 2172 3613 no-

579 3653 725 3708 mine
765 3650 986 3704 Plautus
1028 3649 1262 3720 appellat
1306 3648 1626 3704 coxendices
1681 3650 1997 3712 hostiarum,
2041 3665 2174 3720 quas

581 3743 742 3814 graeci
772 3744 931 3818 μηρία
961 3740 1166 3807 dicunt,
1199 3755 1320 3810 qua:
1349 3741 1400 3793 in
1439 3740 1627 3794 altaria
1671 3741 1869 3810 imponi
1908 3740 2172 3806 solebant,

582 3845 640 3890 ut
680 3834 898 3889 Plautus
941 3834 1013 3888 ait
1055 3834 1107 3888 in
1156 3831 1468 3888 Frivnlaria.
1503 3852 1523 3885 ι
1553 3832 1693 3888 Nulli
1736 3835 1914 3904 itaque
1953 3834 2172 3888 dubium

583 3944 704 3985 esse
736 3939 936 3999 potest,
966 3929 1094 3998 quin
1126 3943 1186 3982 ea
1220 3944 1347 3984 caro
1375 3928 1425 3982 in
1457 3929 1793 3984 ethnicorum
1827 3929 1993 3984 sacris
2021 3927 2174 3983 adhi-

583 4021 822 4078 bcrelur.
853 4021 985 4077 Nam
1015 4033 1068 4078 et
1096 4022 1282 4077 Pollux
1312 4022 1401 4077 ubi
1428 4023 1602 4077 varias
1633 4023 1881 4093 loquendi
1917 4023 2176 4078 formulas

583 4114 651 4170 ad
681 4131 832 4170 sacra
861 4115 1192 4186 pertinentes
1235 4125 1501 4181 recenset,
1555 4116 1691 4171 hanc
1723 4126 1988 4172 memorat
2017 4120 2177 4195 μηρία

583 4210 824 4264 ἐπιθεῖναι
879 4205 1101 4279 (Pollux
1157 4206 1448 4274 0nomast.,
1503 4208 1592 4263 lib.
1653 4226 1700 4275 ι,
1749 4209 1776 4281 §
1817 4211 1906 4274 14,
1952 4227 2067 4282 cap.
2121 4211 2174 4277 1,

586 4319 704 4374 pag.
751 4300 831 4373 8),
873 4301 1171 4356 coxendices
1213 4303 1495 4374 imponere.
1546 4303 1629 4359 Ad
1674 4304 1726 4358 id
1775 4315 1954 4361 autem
2004 4306 2178 4365 facere

585 4393 857 4451 nonnullis
885 4393 1100 4449 videtur
1140 4393 1247 4461 hic,
1293 4395 1502 4451 tametsi
1547 4405 1832 4466 corruptus
1863 4412 1891 4450 a
1923 4397 2176 4465 librariis,

585 4488 842 4546 Varronis
873 4488 1044 4556 locus,
1077 4489 1168 4544 uhi
1198 4489 1440 4546 diversas
1473 4489 1647 4546 Plauti
1676 4492 1972 4547 commdias
2001 4493 2133 4548 citat
2162 4513 2174 4548 :

593 4601 613 4634 ι
648 4583 702 4636 lu
739 4582 1012 4648 Cestione,
1043 4582 1388 4647 cerastibola,
1423 4592 1482 4638 ut
1520 4581 1587 4637 de
1624 4583 1806 4639 lumbo
1844 4584 2178 4640 obcoenabis.

586 4676 917 4734 Cerastibola
957 4676 1162 4749 Opilius
1205 4677 1391 4733 scribit
1432 4677 1636 4733 circum
1683 4678 2012 4734 coxendices
2056 4657 2260 4734 suntD

587 4767 785 4824 nobis:
815 4767 865 4822 id
891 4783 1122 4838 gr:rcum
1147 4776 1228 4823 est
1247 4767 1316 4824 ab
1338 4767 1494 4835 hujus
1517 4768 1617 4823 loci
1665 4783 1884 4823 versura
1916 4789 1934 4821 ι
1964 4771 1981 4839 (
1999 4766 2176 4837 Varr.,

590 4859 680 4916 lib.
714 4877 768 4915 γι
818 4859 886 4916 de
926 4859 1080 4933 Ling.
1124 4861 1243 4925 ἰαί..
1277 4880 1396 4934 pag.
1438 4861 1552 4934 85).
1599 4861 1673 4918 Ibi
1713 4865 1854 4918 enim
1899 4863 2178 4935 legendum

589 4962 779 5026 putant
814 4969 933 5008 caro
971 4955 1212 5023 strebnla,
1254 4957 1322 5010 de
1358 4971 1460 5025 qua
1502 4965 1689 5012 auctor
1725 4966 1906 5013 noster
1939 4957 2180 5014 disserit.

588 5045 803 5104 Videsis
831 5047 1089 5118 Scaligeri
1135 5048 1187 5102 in
1229 5047 1344 5103 h:ec
1373 5048 1632 5104 Varronis
1671 5051 1832 5106 verba
1873 5052 2179 5107 annotatio-

585 5150 708 5206 nes,
725 5154 787 5195 ac
805 5138 848 5193 si
866 5138 1018 5205 velis,
1037 5137 1271 5194 Turnebi
1288 5137 1605 5196 Adversaria
1624 5137 1892 5210 (Turneb.,
1917 5140 2005 5197 lib.
2024 5159 2178 5209 χχιιι,

586 5247 704 5303 cap.
737 5231 850 5306 l8).

661 5326 866 5382 Dehinc
914 5339 1045 5382 vero
1093 5325 1366 5383 Arnobius
1404 5344 1417 5380 :
1459 5344 1477 5378 ι
1514 5325 1624 5383 Nec
1673 5326 1872 5399 placet,
1919 5349 1937 5382 ι
1987 5329 2180 5399 inquit,

592 5420 929 5477 «nominare
962 5420 1302 5492 pulpamenta
1351 5435 1455 5476 non
1499 5437 1642 5486 assa,
1685 5438 1803 5492 qua:
1852 5425 1904 5477 in
1947 5424 2183 5480 verubus

587 5527 710 5574 exta
748 5526 896 5583 sunt,
933 5516 1166 5571 animata
1198 5516 1348 5586 prius
1375 5525 1428 5571 et
1470 5516 1756 5571 torrefacta
1801 5517 2124 5572 carbonibus
2156 5536 2176 5570 ι

587 5611 826 5680 (Arnob,
858 5609 944 5664 lib.
974 5625 1067 5677 vu,
1100 5626 1219 5679 pag.
1253 5608 1407 5684 250).
1445 5609 1548 5666 Sed
1590 5607 1745 5678 hujus
1780 5617 1955 5664 textus
1983 5609 2182 5666 obscu-

587 5703 721 5757 ritas
763 5701 916 5756 illum
953 5701 1023 5756 ab
1065 5700 1338 5771 imperito;
1370 5712 1461 5755 aut
1493 5700 1756 5756 oscitante
1792 5701 2008 5755 librario
2037 5701 2186 5756 adul-

590 5791 818 5847 tera'tum
841 5808 962 5848 esse
982 5794 1114 5850 satis
1131 5793 1388 5849 ostendit.
1414 5797 1752 5862 Quapmpter
1779 5803 1837 5847 ut
1867 5792 1954 5849 lux
1981 5794 2179 5865 aliqua,

593 5881 643 5943 is
687 5885 800 5942 ﬁeri
839 5896 1020 5955 queat,
1065 5887 1112 5942 ci
1157 5886 1428 5954 offeratur,
1471 5889 1763 5946 observare
1798 5887 1967 5960 juvat,
2001 5891 2181 5962 pulpa-

2275 3386 2370 3442 gcs
2411 3370 2678 3441 intelligit,
2715 3386 2848 3440 quas
2879 3371 2930 3424 in
2967 3371 3245 3426 sacrificiis
3275 3371 3474 3427 ethnici
3505 3372 3877 3429 adhibebant?

2278 3465 2442 3520 Sinon
2473 3465 2669 3534 quippe
2699 3463 2838 3535 apud
2867 3464 3147 3536 Virgilium
3178 3465 3292 3520 hrec
3321 3465 3521 3522 dixisse
3549 3465 3720 3522 fertur
3752 3485 3766 3521 :

2367 3578 2576 3644 Jamque
2592 3578 2700 3644 dies
2719 3577 2910 3628 infanda
2935 3579 3124 3639 aderat,
3145 3579 3261 3628 mihi
3282 3593 3416 3630 sacra
3441 3581 3618 3644 parari,

2369 3642 2432 3691 Et
2453 3643 2592 3692 salsae
2613 3642 2802 3704 fruges.

2679 3722 2911 3790 (νὺ-ξιιμ,
2933 3723 3018 3776 lib.
3046 3741 3078 3776 ιι
3103 3725 3313 3786 Αεηεὶά..
3342 3739 3465 3777 vers.
3490 3726 3620 3789 129.)

2275 3832 2477 3889 Plinius
2506 3841 2680 3888 autem
2722 3831 2877 3888 docet
2907 3849 2937 3887 a
2967 3831 3136 3888 Numa
3169 3849 3294 3904 rege
3325 3833 3627 3889 institutum
3669 3855 3688 3887 ‹
3729 3837 3870 3892 Deos

2283 3929 2435 3999 fruge
2460 3929 2662 3994 colere,
2689 3937 2744 3982 et
2772 3927 2910 3983 mola
2933 3928 3072 3983 salsa
3098 3928 3423 3998 supplicare.
3457 3949 3475 3979 ι
3506 3928 3726 3986 Senius
3749 3948 3876 3986 vero

2278 4025 2332 4080 in
2363 4024 2554 4080 citatos
2583 4023 2791 4096 Virgilii
2820 4039 3006 4080 versus
3036 4023 3287 4079 observat
3317 4025 3392 4079 sal
3421 4036 3476 4080 et
3504 4025 3584 4080 far
3620 4025 3726 4080 dici
3757 4045 3873 4082 mo-

2279 4118 2383 4173 lam
2424 4119 2641 4185 salsam,
2672 4134 2829 4189 quam
2868 4115 3075 4173 Plinius
3115 4118 3167 4171 in
3203 4116 3452 4173 omnibus
3493 4119 3796 4184 sacrificiis,
3826 4131 3877 4175 et

2278 4229 2397 4268 eam
2424 4213 2593 4269 solam
2625 4231 2652 4266 ει
2682 4213 3008 4284 pauperibus
3040 4213 3347 4269 hominibus
3390 4214 3595 4269 litatatn
3637 4217 3876 4271 affirmat

2281 4306 2477 4381 (Plin.,
2529 4307 2616 4362 lib.
2649 4324 2776 4363 xvnt
2807 4307 2944 4362 Hist.
2976 4320 3172 4376 natur.,
3194 4325 3308 4380 cap.
3339 4308 3395 4374 2,
3421 4327 3540 4380 pag.
3566 4310 3706 4375 475;
3741 4309 3876 4364 Pro-

2282 4402 2410 4472 log.,
2454 4402 2540 4455 lib.
2587 4418 2626 4467 ι,
2669 4419 2788 4473 pag.
2827 4402 2882 4465 5,
2922 4411 2967 4456 et
2996 4401 3084 4456 lib.
3121 4419 3268 4470 xxxt,
3301 4419 3418 4473 cap.
3455 4403 3506 4471 7,
3554 4421 3676 4475 pag.
3725 4405 3871 4472 809).

2284 4496 2388 4552 Sed
2421 4496 2642 4552 Tibulus
2671 4497 2740 4553 ab
2765 4496 3016 4553 omnibus
3053 4507 3338 4568 utrumque
3375 4497 3454 4552 far
3481 4508 3538 4554 et
3564 4497 3645 4553 sal
3681 4500 3872 4570 smpius

2281 4589 2580 4647 adhibitum
2610 4591 2755 4646 canit
2787 4609 2802 4644 :

2378 4772 2440 4839 Et
2459 4787 2632 4839 vanum
2657 4779 2888 4824 metuens
2908 4773 3157 4839 hominum
3179 4788 3354 4839 genus,
3377 4775 3539 4826 omnia
3557 4779 3716 4828 noctis

2380 4833 2532 4886 Farre
2557 4835 2638 4900 pio
2658 4842 2870 4902 placant,
2888 4845 2940 4888 et
2959 4833 3314 4889 saliente‘sale.

2924 4919 3153 4987 (Tibult.,
3175 4921 3259 4974 lib.
3285 4938 3386 4985 xnt,
3411 4923 3532 4989 eleg.
3554 4924 3628 4988 4.)

2287 5044 2567 5116 Quomodo
2608 5058 2810 5116 autem,
2858 5065 2889 5104 a
2939 5050 3150 5119 quibus,
3202 5061 3256 5106 et
3297 5066 3404 5122 quo
3450 5062 3696 5123 tempore
3742 5057 3872 5110 mola

2288 5142 2428 5198 salsa
2459 5142 2611 5198 fieret
2638 5143 2892 5200 describit
2920 5143 3158 5209 Servius,
3206 5161 3364 5216 quem
3405 5148 3649 5202 consule.
3701 5151 3872 5204 Arno-

2288 5234 2410 5290 bius
2451 5251 2613 5306 porro
2656 5235 2893 5291 declarat
2933 5252 3052 5293 esse
3091 5238 3471 5307 quadrinarum
3511 5254 3608 5296 seu
3651 5253 3873 5312 quatuor

2285 5325 2501 5397 frugum
2530 5328 2989 5384 commixtionem.
3024 5330 3094 5384 At
3123 5330 3376 5401 Virgilius
3419 5331 3582 5386 citato
3620 5334 3732 5401 jam
3763 5350 3870 5390 car-

2286 5420 2432 5476 mine
2483 5422 2662 5492 plures
2714 5422 2988 5478 indefinite
3041 5424 3216 5495 fruges
3265 5435 3526 5480 memorat
3575 5425 3780 5494 (Seria,
3824 5430 3869 5481 in

2299 5508 2479 5582 Virgil.
2510 5515 2669 5585 eclog.
2701 5515 2755 5580 8,
2787 5533 2906 5586 pag.
2938 5516 2961 5569 με
2975 5513 3049 5586 6).

2361 5601 2488 5660 Vult
2519 5622 2730 5678 quoque
2763 5608 3033 5663 Arnobius
3060 5608 3207 5679 rejici
3235 5612 3482 5679 (entheas,
3511 5627 3606 5667 seu
3636 5624 3694 5669 nt
3717 5617 3865 5681 aliqui

2286 5697 2572 5769 legendum
2597 5709 2782 5770 putant
2809 5701 3036 5770 [mdicas
3064 5700 3301 5773 (Arnob.,
3327 5704 3413 5759 lib.
3444 5721 3533 5770 vtt,
3568 5723 3689 5779 pag.
3721 5708 3860 5779 9.30).

2285 5790 2368 5847 Ex
2416 5793 2578 5848 variis
2623 5804 2799 5849 autem
2841 5795 3146 5852 nominibus
3180 5799 3248 5853 ab
3292 5799 3386 5853 illo
3423 5801 3730 5868 recensitis,
3774 5803 3864 5857 hoc

2286 5889 2530 5946 nonnulli
2584 5905 2746 5948 unum
2785 5905 2904 5947 esse
2947 5901 3154 5963 putant,
3201 5893 3338 5964 quod
3383 5911 3522 5951 nunc
3572 5895 3857 5968 ignoratur.
