3978 6274
141 285 250 342 619

135 974 240 1031 tur,
288 985 604 1042 nuncupare.
633 974 757 1032 Hira
796 989 973 1036 autem
1014 999 1042 1038 a
1068 985 1228 1042 Festo
1270 990 1361 1059 (ad
1398 994 1533 1048 verb.
1573 995 1732 1067 Httu)

133 1062 215 1116 sic
239 1060 494 1121 delinitur
517 1085 530 1120 :
566 1068 719 1139 Hira,
747 1091 862 1145 qua:
885 1078 1184 1137 diminutive
1207 1083 1394 1140 dicitur
1414 1089 1561 1149 hilla.
1588 1060 1742 1160 quam

132 1159 288 1228 θινωεὶ
315 1160 491 1216 dicunt
514 1173 713 1232 νῆστιν,
748 1170 1042 1228 intestinum
1071 1188 1162 1245 est,
1204 1181 1342 1252 quod
1371 1183 1613 1254 jejunum
1656 1205 1742 1243 vo-

130 1262 257 1306 cant
280 1269 301 1306 :
333 1253 629 1313 Macrobius
660 1276 790 1317 vero
817 1265 916 1319 tria
944 1266 1194 1324 intestina
1239 1253 1578 1343 essedocet,
1609 1294 1742 1348 quo-

130 1359 258 1400 rum
291 1347 522 1416 primum
556 1350 860 1423 dissipium,
891 1358 1023 1414 alias
1048 1360 1346 1434 disseptum
1376 1347 1734 1440 nuncupatur,

129 1447 192 1494 et.
213 1454 243 1494 a
266 1441 456 1509 grwcis
475 1441 790 1522 διὰφραγμαε
815 1452 1107 1509 secundum
1131 1458 1366 1514 medium
1390 1467 1733 1541 μεσεντέριον,

128 1541 192 1586 et
229 1541 332 1588 tert
357 1549 442 1589 um
469 1553 482 1588 :
508 1538 646 1602 quod
674 1551 860 1597 veteres
891 1545 1058 1601 hiram
1080 1563 1401 1621 vocaverunt,
1431 1538 1739 1629 [iubeturque
1840 1559 2034 1634 inquit,
2065 1587 2085 1620 σι
2120 1586 2224 1626 non
2253 1577 2522 1645 augmina,
2552 1595 2658 1635 non
2686 1584 2832 1639 mille

129 1627 451 1696 prwcipuum
500 1629 855 1690 intestinorum
906 1643 1152 1708 omnium,
1205 1654 1250 1698 et
1301 1646 1399 1700 cibi
1445 1651 1737 1707 retrimenta
1837 1671 2003 1728 num,
2054 1665 2136 1718 vel
2187 1666 2462 1725 titillarum
2509 1692 2528 1725 ι

129 1719 338 1775 deducit
385 1721 664 1795 (Macrob.,
716 1730 805 1785 lib.
858 1748 897 1799 ι,
948 1735 999 1787 in
1050 1737 1231 1792 Sontn.
1288 1740 1460 1811 Scip.,
1506 1761 1622 1816 cap.
1679 1747 1731 1815 6,

1573 1815 1576 1816 ν
2087 1815 2098 1825 _
2335 1815 2363 1816 η
2435 1815 2614 1820 ___-_--_
2659 1815 2913 1839 -_.........,

128 1830 253 1885 pag.
283 1815 404 1885 44).
428 1818 698 1876 Arnobius
729 1824 906 1897 itaque
935 1827 1066 1884 dixit
1095 1829 1333 1889 fendicas
1362 1837 1580 1894 easdem
1611 1855 1731 1897 esse
1766 1839 1815 1902 B
1841 1846 2112 1912 onmibus,
2146 1860 2202 1905 et
2234 1857 2604 1926 manuscripto
2634 1865 2782 1932 regio
2811 1866 3019 1934 Codice,

128 1922 191 1934 ..Α
239 1909 382 1934 ιιι-ι..-
441 1930 549 1934 --.μ
650 1933 657 1934 κ
730 1920 741 1930 ⁸
889 1922 900 1934 ¹
939 1924 952 1934 ⁵
1012 1925 1022 1934 ’
1227 1929 1242 1934 “
1453 1933 1460 1934 '
1492 1933 1496 1934 ⁷

125 1922 192 1962 ac
239 1909 409 1980 hiras,
437 1930 556 1985 qua:
598 1920 816 1976 nomine
850 1922 1062 1991 plebeio
1092 1929 1422 1986 vocabantur
1451 1933 1615 2003 ltillae,
1649 1937 1735 1993 ni-

134 1999 324 2073 hilque
350 2005 494 2062 aliud
523 2019 673 2078 sunt,
703 2028 863 2083 quam
893 2017 1199 2077 intestinum
1229 2023 1498 2094 jejunum.

199 2097 667 2166 Quemadmodum
699 2121 876 2164 autem
923 2111 1194 2171 Arnobius
1223 2116 1462 2174 fendicas
1503 2132 1558 2178 et
1588 2123 1734 2183 biras

125 2193 412 2249 sacriﬁciis
441 2196 778 2257 adhibendas
817 2219 937 2261 esse
965 2221 1145 2279 negat,
1177 2211 1247 2266 ita
1276 2225 1329 2268 et
1355 2233 1375 2267 ‹
1405 2214 1732 2291 (Erumnas,

127 2301 248 2355 quae
270 2299 419 2354 sunt,
453 2309 473 2343 ι
501 2292 693 2362 inquit,
724 2314 744 2348 ‹
771 2297 944 2368 prima
989 2301 1040 2356 in
1081 2307 1489 2375 gurgulionibus
1530 2318 1727 2385 capita,

126 2399 235 2455 qua
265 2387 503 2456 dejicere
531 2391 701 2458 cibos,
734 2403 788 2450 et
815 2396 1017 2452 referre
1044 2411 1232 2456 natura
1259 2415 1342 2460 est
1381 2410 1732 2468 ruminatori-

124 2477 228 2534 bus
257 2482 489 2539 sarculis.
527 2503 545 2537 ι
578 2486 817 2559 (Arnob.,
848 2491 938 2547 lib.
970 2509 1066 2554 vu.
1091 2513 1211 2566 pag.
1237 2498 1394 2575 250.)
1427 2507 1492 2559 At
1520 2517 1734 2565 constat

125 2583 258 2626 sane
287 2572 358 2628 ibi
389 2575 457 2630 ab
481 2575 732 2647 imperito
755 2581 974 2638 librario
1000 2585 1347 2656 depravatum
1374 2572 1498 2652 esse
1529 2615 1727 2656 nomen

125 2663 443 2735 (Erumnas,
475 2684 537 2724 ac
573 2670 856 2741 legendum
886 2694 1079 2734 rumas.
1124 2679 1226 2737 Ubi
1273 2687 1415 2742 enint
1459 2689 1732 2750 Arnobius

126 2754 245 2825 ipse
265 2759 459 2816 eadem
479 2765 691 2820 nomina
718 2769 877 2835 paulo
891 2781 1012 2842 post
1030 2777 1224 2844 repetit
1242 2777 1388 2847 (ibid.
1404 2822 1416 2843 ,
1437 2799 1555 2855 pag.
1576 2785 1727 2856 23l),

125 2846 197 2904 ibi
243 2853 406 2908 ruinis
447 2867 760 2915 constanter
803 2862 854 2916 in
904 2869 1272 2939 manuscripto
1321 2872 1507 2930 codice
1553 2877 1725 2950 regio,

125 2946 486 3018 omnibusque
514 2951 839 3012 editionibus
866 2957 1080 3030 legitur.

194 3039 368 3094 Ruma
393 3055 572 3099 autem
595 3044 792 3116 duplici
821 3067 982 3107 sensu
1007 3071 1034 3107 a
1061 3057 1221 3110 variis
1248 3061 1558 3119 auctoribus
1582 3064 1723 3120 acci-

122 3133 290 3202 pitur.
337 3133 470 3191 Nam
499 3155 517 3188 ι
548 3137 795 3208 Romam,
829 3162 849 3196 ι
885 3154 942 3200 ut
975 3147 1048 3201 ait
1077 3146 1280 3206 Nonius
1302 3151 1606 3221 Marcellus,
1640 3155 1725 3211 cui

122 3223 321 3294 Varro,
369 3226 580 3297 Festus,
635 3242 690 3288 et
735 3234 944 3293 Plinius
993 3239 1406 3313 adstipulautur,
1455 3266 1475 3299 ‹
1515 3259 1728 3306 veteres
1758 3233 1804 3298 Ο

123 3334 415 3376 mammam
463 3323 737 3382 dixerunt.
783 3348 802 3380 ι
846 3329 1018 3395 (Νοη.
1069 3332 1333 3405 Marcell.,
1378 3339 1442 3395 de
1476 3345 1723 3413 prapriet.

122 3429 299 3477 seram,
325 3432 442 3486 cap.
467 3416 538 3482 2;
576 3419 750 3487 Varr.,
796 3424 883 3477 lib.
913 3425 949 3479 it
976 3427 1037 3481 de
1071 3425 1144 3482 Re
1172 3441 1324 3498 rust.,
1357 3449 1474 3504 cap.
1502 3435 1527 3490 1
1555 3445 1600 3490 et
1624 3437 1684 3492 11
1707 3455 1722 3506 ;

121 3504 290 3575 Fest.,
337 3510 406 3563 ad
449 3511 583 3586 verb.
636 3513 986 3584 BUIIINALEII;
1033 3519 1200 3590 Plin.,
1271 3523 1358 3580 lib.
1406 3543 1473 3582 xv
1529 3504 1721 3584 Natur.

121 3603 272 3669 Irish,
306 3621 421 3676 cap.
458 3607 547 3674 18,
579 3626 699 3680 pag.
736 3609 887 3685 198.)
919 3613 1025 3670 Sed
1069 3615 1121 3670 in
1169 3617 1324 3673 Plinii
1369 3631 1515 3675 textu
1546 3639 1724 3679 rumen

119 3710 219 3767 pro
265 3715 415 3754 ruma
460 3700 708 3769 legimus.
740 3705 863 3760 Alio
893 3716 1068 3762 autem
1100 3722 1262 3766 sensu
1301 3728 1470 3779 ruma,
1501 3729 1594 3771 seu
1634 3734 1726 3770 ru-

119 3805 237 3846 men
283 3802 339 3846 et
377 3795 539 3849 ramis
580 3796 847 3864 signiﬁcat
887 3815 1076 3856 cavum
1120 3807 1351 3874 gutturis
1379 3807 1578 3876 locum,
1611 3809 1724 3867 sive

119 3895 177 3940 ut
233 3889 439 3944 Auctor
490 3900 678 3947 noster
732 3893 971 3964 loquitur
1014 3899 1336 3969 gurgulionis
1385 3913 1560 3974 caput,
1617 3919 1724 3974 quo

119 3989 270 4036 certa
301 3981 545 4051 quaedam
576 3985 827 4040 animalia
859 3987 1010 4044 cibos
1040 4003 1296 4047 revocant
1333 4003 1388 4048 et
1425 3996 1718 4054 ruminaut.

119 4068 260 4126 Hinc
286 4071 479 4129 Festus
504 4090 519 4128 :
553 4094 574 4128 ι
606 4075 814 4132 Rumon
842 4089 922 4134 est
951 4094 1076 4151 pars
1100 4084 1246 4150 colli,
1270 4100 1374 4155 qua
1398 4101 1520 4142 esca
1545 4087 1722 4144 devo-

119 4175 294 4232 ratur,
321 4167 460 4222 unde
484 4183 701 4225 rumare
723 4171 1022 4239 dicebatur,
1048 4175 1189 4246 quod
1215 4192 1356 4233 nunc
1387 4181 1658 4236 ruminare
1697 4200 1716 4234 ι

123 4255 362 4328 (Festus,
393 4260 492 4316 loc.
522 4262 656 4335 cit.).
687 4262 909 4321 Servius
939 4281 1104 4323 vero:
1126 4285 1144 4320 ‹
1183 4269 1492 4328 Ruminatio
1519 4272 1662 4330 dicta
1692 4291 1722 4328 a

119 4364 300 4418 ruma,
343 4355 616 4412 eminente
645 4359 877 4429 gutturis
908 4372 1080 4430 parte,
1122 4379 1217 4434 per
1256 4382 1414 4437 quam
1455 4367 1724 4426 demissus

121 4444 277 4502 cibus
331 4462 360 4501 a
411 4449 576 4505 certis
632 4465 916 4510 revocatur
966 4456 1290 4514 animalibus
1331 4480 1350 4513 ι
1401 4461 1599 4533 (Serv.
1657 4466 1725 4519 ad

131 4537 319 4612 Virgil.
354 4539 538 4614 Eclog.
581 4543 634 4606 6,
678 4560 797 4616 pag.
844 4546 962 4618 3'5).
1013 4549 1087 4605 De
1127 4553 1429 4624 gurgulione
1459 4572 1641 4627 porro,
1670 4568 1725 4614 et

123 4651 292 4698 ruma,
323 4650 418 4691 seu
451 4637 683 4706 rumine,
718 4639 834 4696 ιιωο
861 4640 1098 4699 Isidorus
1127 4647 1381 4702 observat
1410 4667 1422 4702 :
1459 4667 1477 4699 ‹
1511 4648 1723 4722 Gurgu-
1747 4633 1800 4694 D

125 4725 198 4782 lio
226 4745 258 4783 a
288 4737 503 4799 gutture
534 4746 730 4787 nomen
777 4734 964 4802 trahit,
995 4736 1150 4806 cujus
1192 4752 1400 4796 meatus
1443 4743 1512 4797 ad
1559 4759 1620 4799 os
1668 4755 1723 4801 et

124 4839 285 4880 nares
311 4824 604 4897 pertendit,
639 4829 842 4886 habens
887 4831 1048 4894 viam,
1097 4848 1197 4903 qtta
1237 4850 1341 4890 vox
1381 4837 1446 4890 ad
1482 4837 1717 4910 linguam

126 4909 527 4988 transmittitur,
557 4933 612 4977 ut
644 4929 814 4994 possit
845 4927 1008 4981 verba
1034 4928 1308 4985 collidere.
1341 4930 1495 4989 Unde
1521 4944 1576 4990 et
1597 4952 1719 5006 gar-

125 5013 235 5068 rire
261 5013 512 5071 dicimus.
547 5014 755 5072 Romen
796 5019 1096 5088 proximum
1138 5023 1466 5094 gurgulioni.
1507 5044 1613 5098 quo
1643 5031 1718 5084 ci-

123 5101 225 5158 bus
261 5116 315 5160 et
358 5107 504 5174 potio
543 5107 852 5164 devoratur.
887 5111 1021 5166 Hinc
1052 5111 1258 5179 besdze,
1294 5131 1416 5186 quae
1455 5118 1607 5173 cibos
1634 5135 1718 5176 re-

123 5208 319 5256 vocant
357 5216 420 5256 ac
459 5203 804 5272 retnandunt,
849 5207 1118 5264 ruminare
1159 5208 1429 5266 dicuntur.
1473 5231 1492 5265 ι
1527 5211 1713 5283 (lsid.,

124 5292 214 5347 lib.
258 5309 309 5348 χι
355 5292 528 5366 0rig.,
571 5313 688 5367 cap.
744 5299 824 5370 1.)
853 5297 1086 5356 Rursum
1128 5311 1305 5358 autem
1339 5303 1560 5359 Servius
1590 5307 1715 5362 alibi

123 5387 343 5445 dixitzi
374 5388 644 5446 Curculio.
687 5391 859 5450 Varro
902 5396 976 5450 ait
1018 5395 1121 5452 hoc
1150 5413 1342 5453 nomen
1387 5415 1480 5469 per
1507 5402 1717 5456 antisti-

124 5481 264 5536 cbon
291 5481 517 5548 dietum,
547 5482 697 5555 quasi
729 5488 994 5556 gurgulio,
1019 5491 1269 5560 quoniam
1301 5508 1439 5563 pc-ne
1471 5493 1602 5549 nihil
1633 5505 1716 5550 est

125 5576 229 5631 nisi
255 5586 438 5648 guttur
476 5597 495 5630 ι
534 5578 706 5649 (Serv.
735 5581 804 5635 ad
842 5581 1009 5655 Virg.,
1043 5585 1134 5639 lib.
1163 5601 1179 5639 ι
1208 5586 1420 5660 (ἔρον-9.,
1451 5608 1569 5660 pag.
1595 5591 1710 5664 75).

197 5671 381 5738 Quivis
414 5689 574 5742 porro
601 5687 667 5730 ex
700 5673 856 5730 dictis
897 5677 1050 5733 facile
1092 5679 1352 5751 intelliget
1382 5682 1464 5737 his
1495 5683 1718 5739 Arnobii

125 5761 328 5830 verbis,
378 5765 775 5823 ruminatoribus
818 5758 1042 5836 circulis,
1089 5773 1385 5845 signiﬁcari
1429 5792 1494 5833 ea
1541 5779 1719 5834 omnia

128 5858 400 5928 animalia,
447 5876 568 5933 quae
610 5864 904 5920 ruminant.
957 5865 1165 5924 Nomen
1214 5868 1359 5929 enim
1411 5873 1585 5929 secula
1633 5868 1718 5931 vel

647 5959 922 6021 Ρλτιιοιι.
975 5959 1052 6020 V.

1294 347 1300 353 -
1333 311 1400 370 IN
1439 311 1816 392 ARNOBIUM,
1859 323 2013 381 CAP.
2045 323 2236 384 XXIII.

139 401 247 456 Alii
274 403 581 475 opinantur,
621 407 753 466 illud
793 425 822 468 a
854 417 1020 476 verbo
1049 421 1192 490 ﬁndo
1217 436 1424 500 ortum,
1467 437 1588 506 quia
1633 440 1744 494 len-

137 492 272 549 dicte
299 511 364 550 ex
402 497 545 555 fissis
569 505 818 560 carnibus
859 509 1011 567 tactae
1045 527 1223 574 erant.
1277 492 1752 597 Verum'ipsemet

137 596 348 653 auctor,
394 592 522 661 quid
555 595 662 649 sint
696 598 924 657 l’endica:
965 603 1048 662 bis
1089 609 1339 668 edisserit
1373 618 1548 675 verbis
1573 623 1752 691 :Qua:

137 690 188 734 et
220 683 348 753 ipsa:
395 697 516 742 sunt
559 689 687 746 hirae
716 694 845 764 (MS.
877 699 1002 753 cod.
1033 711 1088 757 et
1126 705 1244 760 alia:
1285 707 1417 765 edit.
1459 683 1748 782 dium-sed

138 777 454 850 mendose),
487 799 615 850 quas
643 786 802 856 plebis
825 792 988 846 oratio
1019 794 1110 849 ilia
1136 798 1272 863 (MS.
1304 803 1522 860 codices
1545 777 1604 863 et
1626 811 1745 881 qui-

136 868 260 925 dam
302 872 432 928 editi
469 875 582 944 illa,
614 880 706 934 sed
733 880 1014 954 legendum
1044 888 1203 962 billa)
1229 894 1375 962 solet,
1400 913 1516 951 cum
1545 868 1743 968 eloqui-

3349 355 3456 414 650

1771 445 1824 503 Α
1848 441 2001 506 secta,
2028 459 2091 497 eo
2119 443 2419 514 signiﬁcatu
2443 462 2470 501 a
2503 449 2752 511 Lucretio
2777 455 2917 513 haud
2945 462 3110 518 semel
3139 477 3447 538 usurpatur.

1855 535 2069 591 Alicubi
2099 541 2246 594 enim
2276 542 2471 598 cecinit
2497 561 2513 598 :

2636 641 2781 696 Secla
2807 647 3040 702 ferarum.

2473 722 2711 793 (Lucret,
2731 729 2814 781 lib.
2842 747 2896 792 ιι,
2918 747 3045 787 vers.
3069 735 3231 804 1075.)

1852 811 1906 872 id
1937 829 2042 888 est,
2073 821 2373 880 belluarum
2398 842 2622 899 genera.
2654 833 2720 890 Et
2750 840 2907 907 paulo
2940 855 3057 912 post
3086 863 3101 900 :

1944 933 2070 1017 Quin
2095 940 2333 1014 cujusque
2359 943 2491 1017 sient
2513 947 3008 1017 secliApermultaque
3035 961 3212 1012 eodem

1942 997 2052 1048 Sint
2074 997 2290 1064 genere,
2315 1006 2365 1054 in
2385 1009 2554 1068 primis
2580 997 2893 1075 animalibus,
2915 997 3288 1077 i'mlicyef‘me‘nte.

2744 1079 2875 1142 (Id.,
2899 1094 3025 1134 vers.
3047 1086 3212 1146 1078.)

1846 1182 1918 1240 At
1953 1201 2148 1245 nomen
2188 1191 2318 1248 illud
2360 1195 2556 1266 saepius
2597 1199 2698 1256 bac
2727 1202 3122 1274 signiﬁcatioiie
3154 1215 3221 1268 ab
3262 1215 3372 1281 illo.
3407 1229 3462 1274 et

1846 1279 1970 1335 aliis
2001 1285 2290 1354 accipitur,
2323 1304 2485 1358 quam
2535 1302 2594 1348 ut
2630 1295 2682 1350 id
2729 1297 2959 1369 longiori
3007 1306 3325 1373 probatione
3371 1309 3460 1368 in-

1845 1372 2051 1444 digeat.

1912 1468 2051 1537 Quid
2075 1482 2182 1527 tum
2206 1475 2400 1533 deinde
2420 1491 2610 1538 auctor
2633 1488 2851 1544 noster?
2879 1509 2897 1542 (
2926 1489 3044 1548 Non
3069 1509 3394 1568 magmenta,
3425 1522 3444 1556 ι

2859 1589 3066 1656 Species
3095 1592 3180 1644 vel
3207 1593 3450 1651 farcimi-

2567 1675 2808 1746 (Arnob.,
2853 1682 2940 1736 lib.
2991 1700 3084 1750 vn,
3132 1704 3252 1758 pag.
3295 1688 3448 1763 250).

1838 1748 1906 1806 Ει
1953 1753 2021 1806 ita
2069 1757 2286 1825 quidem
2332 1762 2384 1816 in
2429 1765 2614 1820 ultima
2655 1770 2913 1839 editione,
2962 1780 3013 1829 in
3059 1781 3272 1834 cat-teris
3319 1798 3450 1839 vero

3051 1871 3280 1927 velamen
3323 1893 3449 1930 san-

1837 1940 2070 2008 guinum,
2098 1945 2177 1998 vel
2203 1945 2495 2014 fitillarum.
2529 1954 2667 2020 Quid
2700 1963 2768 2011 sit
2792 1969 2970 2014 autem
3005 1978 3367 2034 magmentum
3394 1979 3450 2026 et

1837 2048 2206 2105 augmentum,
2244 2041 2327 2096 bis
2358 2043 2535 2102 disces
2568 2047 2826 2107 Varronis
2857 2057 3039 2112 verbis
3067 2077 3079 2112 :
3118 2079 3136 2112 ‹
3172 2065 3446 2134 Angmen-

1840 2134 1974 2195 tum,
2016 2132 2159 2200 quod
2206 2149 2271 2188 ex
2315 2135 2588 2194 immolata
2634 2142 2808 2199 hostia
2851 2150 3128 2207 desectum
3172 2154 3224 2209 in
3259 2156 3458 2227 jecore

1837 2218 2166 2291 imponendo
2215 2231 2446 2298 augendi
2493 2248 2678 2290 eausa.
2727 2238 3110 2310 Magmentum,
3165 2263 3194 2302 a
3253 2218 3437 2322 magis,

1835 2318 1978 2387 quod
2022 2320 2089 2375 ad
2137 2323 2452 2395 religionem
2495 2334 2665 2400 magis
2713 2337 2962 2402 pertinet.
3011 2339 3192 2412 Itaque
3225 2318 3439 2415 propter

1838 2409 1942 2466 hoc
1974 2423 2226 2470 montana
2262 2415 2381 2474 l‘ana
2411 2425 2704 2478 constituta
2741 2427 2871 2482 locis
2899 2433 3084 2494 certis,
3120 2451 3226 2504 quo
3257 2437 3306 2491 id
3341 2439 3408 2494 itn

1837 2517 2132 2572 poneretur
2162 2523 2342 2577 malm,
2373 2513 2440 2568 ab
2491 2530 2556 2571 eo
2611 2520 2754 2588 quod
2805 2525 2962 2591 graaci
3005 2528 3194 2598 μάτιας
3224 2534 3310 2586 καὶ
3338 2534 3441 2606 μά-

1837 2619 1979 2662 πιας.
2016 2621 2036 2654 ι
2070 2602 2281 2672 (Varr.,
2312 2607 2400 2662 lib.
2437 2626 2489 2664 tv
2526 2611 2590 2665 de
2616 2611 2766 2686 Ling.
2803 2618 2920 2685 lat.,
2962 2639 3080 2693 pag.
3111 2623 3230 2693 28).
3263 2602 3434 2693 Quem

1840 2695 1892 2747 in
1923 2695 2098 2750 locum
2128 2700 2497 2758 animadvertit
2527 2705 2764 2780 Scaliger
2790 2728 3149 2784 magmentum
3182 2735 3302 2777 eSSe
3329 2723 3424 2780 da-

1839 2801 1981 2856 pem,
2029 2807 2150 2860 qute
2187 2807 2218 2847 a
2265 2797 2480 2852 rusticis
2508 2798 2665 2866 lano,
2695 2803 2932 2872 Silvano,
2969 2808 3144 2879 Marti,
3176 2813 3291 2869 Jovi
3329 2817 3428 2872 Da-

1837 2883 1963 2951 pali,
1997 2894 2052 2940 et.
2079 2887 2200 2941 aliis
2231 2889 2633 2956 profanabatur.
2668 2896 2964 2957 Salmasius
2990 2915 3166 2960 autem
3199 2925 3296 2965 nos
3325 2929 3412 2968 mo

1837 2983 1933 3030 net
1976 2990 2288 3050 corrttptum
2331 2999 2452 3039 esse
2500 2985 2757 3045 Varronis
2799 3002 3022 3063 textum,
3067 3010 3122 3054 et
3163 3019 3226 3058 ex
3273 3010 3447 3064 veteri

1836 3069 2024 3144 codice
2058 3073 2127 3129 ita
2159 3077 2556 3134 emendandum
2587 3099 2601 3136 :
2636 3102 2652 3134 ι
2688 3084 2873 3157 Itaque
2905 3104 3127 3161 propter
3161 3096 3261 3153 hoc
3289 3117 3442 3173 mag-

1837 3166 2099 3222 mentaria
2132 3183 2265 3222 cana
2297 3158 2587 3228 constituta
2631 3175 2763 3232 locis
2802 3183 2988 3250 certis,
3032 3200 3137 3256 quo
3181 3188 3230 3243 id
3271 3191 3448 3262 impo-

1839 3267 2059 3314 neretur
2087 3279 2108 3312 ι
2141 3259 2420 3331 (Salmas.,
2459 3269 2719 3324 exercitat.
2774 3273 2825 3326 in
2870 3273 3039 3331 Salia.
3069 3322 3084 3345 ,
3125 3299 3245 3354 pag.
3285 3259 3436 3356 ﬂii).

1832 3347 1976 3407 Cana
2008 3368 2138 3409 vero
2165 3362 2550 3426 magmentaria
2583 3373 2732 3431 putat
2764 3381 2886 3422 esse
2921 3373 3152 3428 canistra
3199 3378 3279 3432 vel
3326 3380 3414 3435 lan

1830 3456 1945 3512 ces,
1978 3446 2172 3516 quibus
2201 3462 2503 3521 magmenta
2535 3454 2586 3508 in
2616 3472 2738 3511 aras
2769 3458 3048 3518 inferenda
3085 3465 3435 3535 imponeban—

1835 3543 1938 3593 tur.
1998 3538 2250 3610 Videsis,
2306 3559 2427 3614 quae
2480 3547 2546 3601 ab
2603 3547 2892 3620 'l‘u~nebo,
2939 3566 2988 3611 el
3046 3557 3322 3617 Brissonio
3374 3566 3443 3624 de

1833 3644 2145 3702 magmento
2175 3636 2429 3694 adnotata
2460 3651 2585 3696 sunt
2614 3641 2886 3714 (Turneb,
2929 3649 3016 3704 lib.
3049 3669 3162 3709 χιιι
3202 3656 3439 3730 Advers.,

1826 3741 1945 3797 cap.
1974 3729 2036 3792 6;
2068 3727 2328 3797 Brisson.,
2360 3731 2448 3786 lib.
2483 3750 2495 3785 l
2523 3735 2587 3788 de
2617 3734 2818 3806 Form.,
2850 3759 2972 3814 pag.
3028 3747 3132 3804 126
3161 3761 3207 3804 el
3242 3771 3358 3826 seqq

1897 3817 2006 3873 Pro
2049 3823 2321 3891 Corruptis
2367 3824 2581 3880 tandem
2635 3828 2736 3895 bis,
2791 3842 2846 3888 ttt
2897 3835 3149 3907 diximus,
3205 3817 3432 3905 Arnobii

1825 3912 2028 3978 verbis,
2085 3914 2310 3969 velamen
2361 3920 2691 3989 sanguinum,
2751 3924 2951 3983 ultima:
3001 3930 3260 3991 librormn
3315 3941 3441 4012 ejus

1836 4004 2064 4060 editioni
2097 4006 2385 4076 praefectus
2412 4013 2624 4081 propria
2654 4018 2972 4075 auctoritate
3000 4024 3304 4098 substituit,
3338 4004 3437 4088 vel-

1827 4099 2177 4169 farciminum,
2209 4100 2349 4156 haud
2373 4103 2536 4159 dubie
2559 4109 2682 4176 quia
2711 4107 2778 4164 de
2806 4110 2872 4166 iis
2901 4114 3057 4182 paulo
3079 4127 3204 4175 ante
3227 4138 3434 4180 memo-

1826 4192 1957 4246 ratis
1991 4193 2284 4250 Aruobium
2316 4211 2477 4267 agere
2513 4200 2857 4270 opinabatur.
2903 4205 3008 4262 Sed
3055 4222 3262 4278 poterat
3309 4219 3432 4288 qui-

1827 4285 1949 4344 dem
1999 4289 2173 4344 notari
2217 4291 2331 4346 tunc
2369 4293 2698 4362 conjectura,
2735 4298 2828 4353 sed
2873 4315 2978 4354 non
3020 4302 3222 4361 idcirco
3253 4318 3430 4370 textus

1830 4391 1935 4437 tam
1964 4382 2219 4439 audacter
2246 4384 2519 4441 immutari
2547 4386 2747 4444 debuit.
2779 4391 3004 4458 Quidam
3035 4412 3161 4453 vero
3195 4403 3425 4470 primum

1830 4473 1959 4530 illud
2004 4477 2225 4532 verbum
2271 4479 2522 4544 velamen,
2564 4479 2641 4532 sic
2682 4479 3030 4538 dividendum
3075 4503 3320 4560 censent,
3352 4499 3432 4552 vel

1827 4586 1997 4631 amen.
2033 4586 2236 4642 nosque
2266 4571 2558 4627 admouent
2588 4573 2818 4636 illudibi
2851 4576 2992 4633 idem
3023 4595 3238 4651 sonare,
3264 4598 3425 4659 atque

1827 4662 1966 4732 apud
1999 4663 2327 4734 Hesycltium
2359 4660 2490 4725 εἶδος
2515 4667 2844 4731 πλακοῦντος,
2883 4674 3115 4743 speciem
3151 4679 3423 4748 placenta-

1827 4769 1967 4809 rum.
2015 4755 2120 4811 Sed
2167 4754 2312 4826 quid,
2359 4771 2565 4824 quaeso,
2615 4758 2684 4814 ibi
2725 4761 3045 4831 significabit
3086 4772 3424 4847 ευὺμεψιθηε

1827 4862 2025 4902 nomen
2075 4847 2424 4917 sanguinum?
2469 4849 2607 4915 Quid
2658 4867 2778 4906 cum
2830 4855 3092 4924 placentis
3139 4881 3424 4931 commune

1827 4937 2022 4995 habet?
2054 4940 2153 4994 Alii
2189 4954 2352 5008 porro
2379 4941 2708 4998 arbitrantur
2737 4961 2906 5016 auten,
2940 4950 3081 5008 idem
3122 4959 3426 5030 Slgttiﬁcm‘e

1827 5041 1986 5103 atque
2031 5042 2326 5100 amentum,
2377 5033 2492 5088 sive
2539 5035 2734 5105 lorum,
2784 5053 2838 5096 et
2889 5045 3174 5106 viucnlmu.
3227 5054 3422 5117 Verum

1827 5125 2116 5180 Ostendere
2146 5124 2417 5182 debebant
2456 5129 2584 5196 quid
2625 5149 2796 5202 amen,
2832 5139 2916 5193 vel
2957 5155 3168 5200 amenta
3208 5156 3421 5221 sangui-

1827 5233 1950 5272 num
2003 5217 2178 5274 facere
2239 5229 2484 5290 poterant
2540 5226 2607 5279 ad
2672 5230 2892 5286 Arnobii
2952 5233 3019 5289 de
3077 5217 3418 5316 magmentis,

1825 5312 2186 5384 augminibu~,
2230 5323 2286 5370 et
2328 5315 2494 5370 titillis
2537 5323 2888 5389 pro'iositum.
2935 5327 3112 5384 Satius
3139 5349 3213 5388 es:
3261 5312 3424 5408 igitur

1825 5408 2056 5464 rotunde
2086 5407 2242 5464 fateri
2282 5423 2539 5480 cOrrllpta
2579 5428 2700 5470 esse
2731 5414 2846 5470 haec
2883 5417 2990 5474 duo
3034 5428 3247 5481 nomina
3279 5407 3419 5488 vela-

1826 5519 1938 5557 men
1981 5504 2310 5576 sanguinem,
2365 5517 2525 5577 atque
2570 5524 2633 5562 ex
2684 5508 2790 5562 alio
2836 5517 3190 5576 emendatiori
3236 5529 3422 5588 codice

1825 5598 2170 5668 qua-rendam
2199 5613 2322 5654 esse
2353 5616 2530 5655 veram
2562 5605 2799 5658 auctoris
2831 5610 2998 5663 noswi
3027 5611 3323 5675 lectionem.
3362 5625 3420 5683 Si

1821 5691 2150 5762 conjecturis
2201 5702 2378 5748 tamen
2434 5691 2712 5764 indulgere
2765 5697 2972 5770 liceret,
3024 5711 3424 5780 SUsIticat'emur

1821 5783 1894 5838 ibi
1939 5785 2198 5854 scriptum
2243 5785 2313 5840 ab
2362 5785 2453 5840 illo
2493 5788 2568 5841 vel
2612 5791 2967 5852 salsaminum.
2999 5799 3132 5859 Nam
3175 5807 3245 5864 ibi
3278 5810 3417 5872 dicta
3461 5855 3466 5864 .

1821 5879 2041 5949 repetit,
2085 5892 2149 5934 ac
2189 5877 2347 5950 paulo
2383 5887 2511 5938 ante
2553 5882 2834 5941 salsamina
2875 5887 3104 5954 dixerat.
3150 5900 3256 5959 Sed
3297 5924 3424 5965 acu.

2834 5977 2907 6048 21.
