3978 6288
517 326 620 384 651

1784 294 2236 358 DlSSERTATlO
2285 292 2571 369 PBJEVIA,

3708 282 3813 342 652

519 438 769 503 tioribus,
814 433 905 507 qui
944 428 1166 486 meliora
1205 422 1472 487 viderint,
1509 418 1718 475 facilem
1750 415 2112 491 prmbebimus
2138 436 2189 496 Α
2218 410 2287 465 Ει
2312 409 2639 466 Lucretius:

522 543 829 590 assensum.
2125 549 2158 578 9

595 623 756 681 Addit
784 617 1050 675 Arnobius
1079 612 1276 667 frustra
1306 607 1433 677 ﬁngi
1468 613 1650 677 gratas
1679 603 1782 657 diis
1820 617 1961 663 esse,
2002 616 2111 654 om-

525 737 610 775 nes
640 719 730 770 has
757 723 945 785 partes,
972 723 1118 787 quas
1158 704 1236 760 illi
1277 699 1540 773 proﬁcias,
1574 697 1650 770 (in
1681 695 1790 750 MS.
1825 693 1946 748 eod.
1979 708 2111 764 pra:-

515 814 687 879 sicias)
718 806 983 862 vocabant
1010 798 1252 875 (Arnob,
1283 794 1373 850 lib.
1402 808 1495 855 vn,
1533 808 1653 862 pag.
1687 788 1840 861 251).
1873 789 1944 841 At
1984 801 2110 859 pro-

522 905 667 961 siciae
692 918 786 957 seu
811 898 1073 971 prosicies
1093 905 1146 951 et
1169 889 1455 964 prosicium
1479 897 1632 942 erant
1654 894 1779 939 exta
1803 881 2113 936 animalium

523 1009 689 1062 secta,
732 995 816 1047 vel
857 999 1118 1062 prosecta}
1156 980 1344 1042 eorum
1386 990 1583 1052 partes,
1614 994 1732 1051 quae
1770 978 1879 1031 aris
1912 973 2115 1030 infere-

527 1092 738 1146 bantur.
784 1085 976 1141 Narrat
1015 1088 1192 1149 autem
1242 1077 1458 1133 Solinus
1503 1089 1616 1138 eos,
1649 1071 1736 1141 qui
1778 1067 1831 1122 in
1876 1068 2117 1122 Vulcano

525 1184 663 1240 colle
708 1182 878 1235 sacris
918 1184 1230 1246 operantur,
1282 1188 1399 1227 cum
1444 1167 1671 1241 proscias
1722 1164 2022 1227 intulerunt,
2071 1161 2118 1217 si

524 1290 738 1332 sacrum
768 1271 1045 1343 probetur,
1077 1273 1348 1322 sarmenta
1382 1263 1507 1316 licet
1534 1257 1748 1323 viridia,
1780 1256 1848 1310 ab
1878 1257 1994 1325 ipso
2023 1270 2121 1307 nu-

523 1372 686 1435 mine,
719 1384 781 1424 ac
806 1367 954 1422 nullo
980 1365 1289 1434 inﬂagrante
1319 1355 1481 1409 halitu
1510 1352 1729 1409 accendi
1760 1349 1981 1424 (Soliu.,
2020 1347 2121 1401 Po-

529 1465 730 1536 lyhisL,
774 1478 890 1529 cap.
936 1459 989 1523 5,
1033 1474 1151 1528 pag.
1184 1453 1297 1523 20).
1346 1451 1502 1503 Plura
1545 1456 1724 1501 autem
1767 1444 1834 1499 de
1878 1442 2123 1513 prosiciis

531 1558 827 1616 Salmasius
854 1556 997 1609 hunc
1026 1554 1078 1606 in
1105 1553 1279 1605 locum
1312 1546 1567 1614 disputat,
1601 1556 1757 1613 quem
1787 1538 1935 1594 adire
1967 1545 2123 1629 pote-

530 1655 626 1721 ris,
661 1667 768 1707 non
797 1664 951 1704 secus
981 1656 1142 1715 atque
1180 1641 1447 1699 eruditum
1479 1634 1811 1691 Brissonium
1842 1631 2122 1709 (Brisson.,

535 1749 624 1803 lib.
651 1763 669 1800 ι
696 1745 758 1798 de
789 1738 1045 1800 Formul.,
1077 1754 1196 1807 pag.
1227 1733 1341 1804 9.8).

2305 522 2503 587 Araque
2524 521 2793 579 Panchaeos
2815 520 3017 587 eaihalat
3043 524 3247 587 propter
3271 519 3465 587 odores.

2841 581 3079 653 (Lucreti,
3098 581 3184 641 lib.
3203 601 3254 648 tt,
3280 596 3406 639 vers.
3430 582 3565 645 m.)

2212 693 2444 757 Consule
2474 690 2680 765 adhuc,
2716 689 2764 749 si
2795 690 2933 747 velis
2954 731 2969 755 ,
3013 689 3290 747 Tibullum
3312 731 3328 755 ,
3371 687 3727 744 Claudianum
3770 696 3821 744 et

2214 789 2347 842 alios
2379 786 2606 854 (Tibul.,
2636 785 2729 855 lib.
2764 801 2838 850 tv,
2866 784 2996 856 eleg.
3030 783 3088 841 2:
3119 780 3424 848 Claudiam,
3454 781 3517 836 de
3548 791 3669 836 tert.
3705 779 3821 835 Ilo-

2217 900 2330 937 nor.
2359 898 2526 949 cons.,
2559 881 2613 947 in
2641 879 2785 949 (in).

2290 975 2609 1053 Paucltaica:
2636 980 2817 1043 autem
2848 971 3138 1037 resinulzn,
3184 970 3297 1027 sive
3344 969 3516 1026 thuris
3558 970 3613 1025 in
3658 968 3828 1024 sacris

2219 1069 2498 1143 gentilium
2529 1076 2584 1123 et
2613 1067 2897 1137 sacrificiis
2927 1082 3083 1134 usum
3115 1066 3272 1136 plane
3320 1066 3585 1121 insulsum
3630 1080 3694 1120 ac
3740 1080 3829 1120 su-

2224 1146 2589 1235 perstitiosum
2620 1160 2784 1235 fuisse
2828 1160 2956 1229 hinc.
2985 1159 3255 1223 Arnobius
3283 1157 3543 1225 ostendit,
3568 1157 3714 1230 quod
3747 1173 3832 1214 re-

2222 1272 2350 1311 cens
2379 1257 2446 1311 sit
2476 1271 2538 1327 ac
2570 1254 2837 1315 novellus.
2866 1254 2970 1311 Per
3000 1255 3148 1324 plura
3179 1254 3463 1311 enimvero
3503 1261 3628 1321 post
3672 1269 3832 1308 mun-

2223 1352 2349 1407 dum
2400 1348 2677 1423 conditum
2729 1348 2923 1415 smeula
2972 1346 3202 1403 ethnicis
3248 1361 3470 1419 prorsus
3521 1346 3835 1417 incognitus

2228 1454 2369 1503 erat.
2412 1442 2563 1507 Nulla
2595 1443 2791 1515 quippe
2837 1441 2999 1508 illius,
3037 1441 3228 1511 inquit,
3260 1456 3329 1513 ne
3360 1440 3582 1495 minima
3614 1438 3837 1510 quidem

2228 1536 2537 1606 temporibus
2561 1535 2795 1600 heroicis,
2820 1548 2916 1590 seu
2944 1533 3299 1604 Trojanorum
3323 1541 3483 1587 astate
3506 1532 3658 1587 ullibi
3689 1548 3841 1587 men-

2230 1630 2302 1684 tio
2332 1628 2567 1685 occurrit
2601 1628 2841 1701 (Arnob,
2888 1627 2978 1683 lib.
3024 1643 3117 1688 vn.
3150 1645 3271 1698 pag.
3312 1626 3466 1699 25%).
3509 1626 3628 1695 Quo
3656 1634 3840 1681 autem

2228 1732 2449 1779 auctore
2490 1724 2593 1778 hoc
2622 1722 2825 1777 firmari
2875 1732 3055 1792 queat,
3086 1722 3129 1779 si
3176 1719 3567 1791 percuncteris,
3606 1720 3698 1777 tibi
3727 1718 3843 1775 Pli-

605 1839 685 1894 Ea
714 1850 875 1907 porro
904 1832 1107 1895 omnia,
1139 1846 1168 1883 a
1198 1829 1353 1880 nobis
1386 1825 1647 1878 lmetenus
1678 1826 2123 1883 commemorata,
2158 1831 2206 1893 Β
2234 1816 2379 1869 nium
2408 1815 2678 1883 dabimus,
2703 1816 2796 1887 qui
2828 1814 2895 1869 de
2923 1815 3213 1891 unguentis
3241 1814 3358 1869 haec
3384 1814 3663 1868 memoria:
3691 1830 3849 1869 man-

537 1933 640 1989 diis
669 1898 866 1987 frustra
889 1924 1090 1985 offerri,
1117 1921 1200 1976 vel
1226 1936 1412 1976 eorum
1437 1917 1697 1970 altaribus
1725 1913 1951 1983 adolcri,
1978 1909 2135 1965 facile
2174 1898 2181 1907 ’

539 2024 807 2083 Arnobius
839 2018 1108 2076 convincit
1136 2013 1349 2089 (Arnob.
1371 2056 1384 2077 ,
1423 2012 1511 2065 lib.
1554 2026 1651 2074 vu,
1676 2025 1794 2081 pag.
1842 2004 1995 2078 251).
2028 2002 2137 2058 Cur

541 2123 683 2178 enim
716 2122 829 2174 [nec
855 2117 959 2171 diis
986 2113 1241 2171 libentur,
1278 2108 1420 2164 nulla
1454 2108 1611 2178 plane
1642 2105 1798 2165 ratio.
1832 2102 1914 2157 vel
1948 2115 2129 2179 causa,

536 2231 656 2288 qure
679 2223 876 2276 tamen,
903 2210 975 2263 uti
998 2207 1197 2261 dictum
1226 2215 1326 2268 est,
1354 2203 1404 2254 in
1430 2199 1597 2254 sacris
1621 2195 1877 2251 faciendis
1902 2197 2134 2249 maxime

540 2286 899 2365 desideratur,
930 2301 996 2354 ab
1028 2299 1137 2353 ullo
1170 2311 1401 2364 unquam
1436 2290 1667 2363 proferri
1700 2289 1889 2360 potuit.
1942 2288 2020 2359 Dii
2056 2286 2134 2340 si-

540 2402 754 2474 quidem
777 2442 793 2465 ,
822 2396 867 2452 si
905 2393 1019 2451 veri
1050 2393 1119 2447 dii
1155 2392 1262 2445 sint
1282 2433 1295 2451 .
1345 2404 1520 2457 neque
1564 2385 1785 2458 opipare
1813 2383 2096 2454 epulantur
2116 2422 2131 2449 ,

542 2513 716 2569 neque
754 2489 1034 2549 stomacho
1077 2498 1168 2541 aut
1210 2487 1348 2539 fame
1380 2484 1647 2546 laborant,
1681 2496 1853 2552 neque
1884 2493 2133 2549 saporum

542 2568 791 2666 qttzerunt
814 2590 1207 2645 oblectamenta
1230 2600 1244 2645 ;
1278 2593 1336 2637 Ill.
1366 2583 1444 2636 eis
1472 2580 1634 2641 modo
1663 2591 1837 2644 cocta,
1864 2576 2024 2631 modo
2050 2592 2134 2628 se-

540 2685 802 2749 micruda,
833 2680 993 2736 modo
1024 2694 1167 2740 assa,
1196 2684 1355 2745 atque
1386 2675 1468 2727 hae
1500 2674 1584 2727 vel
1627 2673 1745 2726 alia:
1782 2669 2134 2725 animantium

538 2794 731 2836 carnes
778 2782 1101 2846 aponanlur.
1144 2768 1352 2839 Ecquid
1387 2782 1541 2829 vero,
1585 2766 1659 2819 ait
1700 2764 2007 2827 Arnobius,
2041 2778 2134 2831 pro

538 2874 774 2931 suavibus
806 2866 1069 2930 mateolis,
1103 2863 1217 2917 sive
1256 2870 1312 2913 ut
1342 2858 1630 2923 Martialis,
1664 2854 2135 2927 Tertullianusque

540 2969 830 3034 10quuntur
861 2957 1142 3028 (Martial.,
1182 2954 1270 3008 lib.
1302 2969 1356 3018 χ,
1396 2950 1579 3022 Epigr.
1624 2947 1725 3015 59;
1772 2946 2008 3010 Tertull.,
2042 2946 2128 3000 lib.

540 3064 604 3118 de
622 3060 825 3116 Testim.
860 3059 1040 3120 anim.,
1067 3071 1180 3122 cap.
1211 3051 1293 3120 4),
1329 3047 1624 3119 mattyis,id
1652 3055 1752 3108 est,
1774 3044 1906 3098 cibis
1937 3041 2135 3096 delica-

541 3154 795 3215 tissimis,
844 3149 911 3204 de
956 3146 1151 3219 quibus
1192 3143 1327 3198 infra
1366 3140 1563 3212 (Infr.,
1598 3156 1713 3206 cap.
1756 3137 1886 3200 ull.,
1919 3144 2019 3191 art.
2053 3131 2133 3204 3),

2237 1909 2383 1967 davit
2418 1928 2429 1961 :
2470 1928 2487 1959 ι
2520 1909 2652 1977 Quis
2682 1910 2886 1983 primus
2916 1908 3207 1977 invenerit,
3240 1924 3345 1967 non
3378 1908 3626 1962 traditur.
3661 1906 3850 1964 Iliacis

2238 2002 2568 2071 temporibus
2610 2019 2714 2057 non
2768 2012 2943 2067 erant,
2993 2017 3095 2057 nec
3149 2001 3306 2075 thure
3355 2001 3784 2071 supplicabatur.
3823 2019 3846 2055 ι

2238 2094 2430 2169 (Plin.,
2467 2094 2554 2148 lib.
2591 2112 2625 2149 η
2660 2093 2855 2155 Natur.
2884 2096 3030 2161 ltist.,
3065 2113 3183 2165 cap.
3226 2097 3251 2153 1
3281 2138 3296 2163 ,
3333 2113 3453 2167 pag.
3485 2093 3604 2165 55.)
3642 2094 3852 2151 Deinde

2236 2186 2661 2259 Theophrastus,
2692 2188 2846 2258 cujus
2878 2190 3041 2244 verba
3090 2204 3118 2243 ι]
3166 2187 3469 2259 Porphyrio
3513 2196 3568 2242 et
3609 2187 3851 2243 Eusebio

2238 2300 2340 2335 non
2384 2285 2500 2337 sine
2552 2283 2883 2339 variantibus
2935 2282 3257 2345 lectionibus
3308 2280 3631 2350 transcripta
3680 2291 3849 2350 sunt,

2239 2374 2378 2429 itlcn't
2433 2374 2597 2428 fusius
2646 2373 2881 2443 explicat
2929 2390 2941 2425 :
2982 2372 3274 2450 Ἀνάριθμος
3303 2375 3393 2446 μὲν
3422 2395 3499 2435 τις
3530 2371 3688 2429 ἔοικεν
3723 2367 3852 2430 εἶναι

2238 2470 2446 2549 χρόνος,
2477 2467 2555 2542 ἀφ’
2584 2465 2643 2525 οὗ
2676 2469 2789 2542 τόγε
2820 2470 3020 2523 πάντων
3062 2469 3369 2540 λογιώτατον
3398 2469 3562 2541 γένος,
3614 2469 3684 2527 ὥς
3723 2489 3856 2540 φησι

2237 2559 2583 2634 Θεόφραστος,
2616 2565 2704 2614 καὶ
2725 2566 2812 2620 τήν
2844 2561 3118 2636 ἱερωτάτην
3152 2562 3251 2616 ὑπὸ
3277 2568 3366 2617 τοῦ
3407 2561 3582 2616 Νείλου
3622 2561 3853 2616 κτισθεῖ-

2240 2676 2336 2706 σαν
2357 2656 2473 2729 χὼρ
2482 2678 2539 2709 αν
2555 2661 2845 2725 κατοικοῦν,
2861 2656 3048 2731 ἤρξατο
3062 2662 3264 2731 πρῶτον
3283 2654 3356 2728 ἐφ’
3371 2655 3546 2715 ἑστίας
3562 2662 3670 2714 τοῖς
3687 2656 3853 2729 obpa-

2236 2749 2357 2807 νὶοις
2386 2749 2513 2807 θεοῖς
2553 2747 2707 2823 (idem,
2752 2750 2807 2803 οὐ
2834 2750 3084 2823 cuipam,
3112 2746 3444 2811 οὐδὲκασὶας,
3462 2746 3851 2805 καὶλιϐανωτοῦ

2239 2839 2401 2913 κρόκῳ
2424 2842 2709 2912 μιχθέντων
2740 2842 3010 2917 ἀπαρχάς·
3036 2841 3244 2901 πολλαῖς
3272 2842 3373 2915 γὰρ
3409 2848 3602 2912 γενεαῖς
3629 2840 3856 2917 ὕστερον

2239 2933 2521 3006 παρελήφθη
2552 2938 2847 2999 καὶταῦτα,
2883 2936 2970 2989 καὶ
2996 2933 3183 2993 πλάνης
3237 2934 3533 3007 ἄρνευνήτὴς
3564 2937 3777 3008 μαστὴρ
3822 2932 3856 2988 ὃ

2239 3022 2502 3100 ἄνθρωπος
2534 3026 2852 3100 γιγνόμενος,
2898 3035 2990 3086 τῆς
3020 3026 3303 3098 ἀναγκαίας
3347 3028 3499 3093 ζωῆς,
3541 3025 3676 3096 μετὰ
3720 3024 3853 3078 πολ-

2237 3117 2332 3172 λῶν
2356 3119 2538 3183 πόνων,
2566 3122 2652 3173 καὶ
2680 3118 2936 3194 δακρύων,
2973 3117 3248 3192 σταγόνας,
3279 3119 3541 3192 ἀπήρξατο
3566 3125 3674 3179 τοῖς
3695 3118 3851 3178 θεοῖς.

544 3262 759 3304 sumere
800 3258 1034 3313 unquam
1078 3234 1405 3309 potuerunt?
1433 3230 1570 3299 Quid
1614 3230 1760 3284 dictu
1813 3226 2135 3313 absurdius,

2244 3212 2298 3263 οὐ
2336 3213 2530 3266 τούτων
2576 3206 2666 3265 οὖν
2703 3211 2847 3267 ἔθυον
2875 3212 3144 3288 πρότερον,
3178 3211 3306 3265 ἀλλὰ
3338 3210 3520 3281 χλόης.
3552 3211 3702 3269 οἱονεί
3739 3233 3855 3267 τινα

543 3358 702 3415 quam
731 3340 864 3396 deos
892 3335 1089 3391 oblatis
1115 3347 1179 3387 ac
1199 3328 1379 3385 libatis
1404 3327 1665 3396 pecudum
1695 3322 1982 3382 testiculis,
2014 3306 2144 3383 caui,

543 3413 654 3499 dis,
691 3435 860 3489 rumis
882 3474 895 3495 ,
936 3427 1154 3491 nmniis,
1191 3423 1312 3477 oflis
1335 3464 1350 3484 ,
1380 3421 1651 3489 rebusque
1682 3417 1799 3471 aliis
1840 3413 2105 3469 similibus
2126 3456 2140 3485 ,

546 3542 678 3600 quas
720 3525 983 3578 hactenus
1031 3515 1425 3577 recensuimus,
1460 3508 1740 3577 delectari,
1770 3507 2007 3583 placari,
2054 3516 2146 3561 aut

549 3619 667 3675 fieri
691 3612 995 3687 propitios?

1112 3675 1339 3733 CAPUT
1381 3674 1577 3730 XXIV.

550 3807 630 3864 De
657 3803 821 3859 thuris
849 3812 894 3856 et
919 3800 1024 3854 vini
1052 3799 1104 3852 in
1134 3795 1392 3869 gentilium
1422 3792 1688 3859 sacriﬁciis
1727 3807 1845 3856 usu,
1869 3800 1915 3843 et
1944 3789 2007 3842 de
2032 3789 2145 3845 aliis

662 3896 919 3952 nonnullis
941 3909 1112 3947 corum
1134 3889 1365 3943 absurdis
1386 3887 1589 3953 ritibus,
1614 3896 1658 3941 et
1679 3885 1854 3955 diebus
1876 3884 2037 3954 festis.

1080 4018 1373 4060 ABTICULUS
1414 4016 1599 4063 PRIMUS
1610 4040 1623 4054 .

554 4130 743 4196 Quibus
768 4124 1008 4196 ηιίοριιω
1033 4110 2148 4196 metuenti?AW?‘?F1‘§.E9299§EP.El‘BPPHFi‘E:

617 4175 737 4244 dum
759 4175 872 4238 esse
890 4188 937 4236 in
962 4183 1217 4244 gentilium
1236 4178 1387 4244 sacris
1410 4185 1461 4244 et
1485 4176 1733 4225 sacriﬁciis
1755 4175 2149 4244 superstitiosum

614 4236 913 4309 {tiarimiseu
950 4236 1237 4309 Fauchaicze
1274 4239 1504 4309 resinulze
1553 4252 1712 4292 usum,
1758 4236 2149 4309 eumquetuisse

616 4299 918 4369 iﬁéoidtnim
954 4307 1191 4363 heroicis,
1219 4310 1269 4354 et
1308 4303 1606 4369 Albanorum
1625 4299 2147 4369 regum.tetnporibus3

617 4355 947 4442 &'£&i%"€ii5in
958 4355 1209 4442 ineas}
1468 4364 1632 4442 ,l_’_“".“_
1647 4355 1718 4442 te
1734 4355 2149 4442 .eeaiamn

621 4423 895 4503 eaﬁtilicalur
914 4435 1030 4503 quid
1050 4434 1112 4482 sit
1136 4423 1250 4482 thus
1268 4423 1552 4486 masculum,
1580 4437 1634 4473 ac
1650 4425 1714 4473 de
1734 4424 1888 4473 thuris
1912 4423 1961 4470 in
1987 4423 2150 4471 ethni-

618 4500 786 4556 corum
808 4500 1064 4555 funeribus
1082 4510 1190 4546 usu.

2246 3315 2335 3365 τῆς
2365 3309 2572 3379 γονίμου
2601 3310 2798 3378 φύσεως
2830 3313 2991 3379 χνοῦν
3028 3315 3143 3368 ταῖς
3183 3308 3371 3379 χερσὶν
3397 3306 3655 3381 ἀράμενοι.
3691 3304 3858 3375 (Por~

2243 3401 2422 3470 phyr.,
2464 3400 2552 3467 lib.
2585 3416 2623 3453 ll
2667 3401 2727 3456 de
2758 3399 2956 3457 Abstin.
3005 3399 3245 3469 animal.,
3291 3416 3412 3470 pug.
3451 3398 3595 3463 Hi;
3632 3396 3849 3465 Euseb,

2247 3491 2334 3543 lib.
2362 3508 2377 3544 ι
2411 3489 2649 3561 Ρινωραν.
2699 3509 2905 3565 evang.,
2937 3509 3055 3565 cap.
3084 3492 3137 3559 9,
3173 3510 3294 3565 pag.
3323 3489 3445 3564 38.)
3470 3489 3858 3551 Inuumerabile

2246 3584 2449 3654 quidem
2483 3586 2691 3658 aliquod
2719 3602 2824 3640 esse
2855 3596 3050 3657 tempus
3081 3586 3278 3657 videtur
3299 3628 3313 3650 ,
3352 3601 3415 3653 ea;
3434 3568 3546 3656 .quo
3577 3585 3855 3655 sapientis-

2246 3680 2375 3733 sima
2402 3681 2628 3734 omnium
2670 3697 2823 3753 gens,
2854 3692 2906 3735 ut
2937 3682 3008 3737 ait
3050 3679 3467 3751 Theon/uastas,
3510 3689 3556 3745 et
3582 3678 3859 3741 sanctissi-

2249 3791 2384 3828 mam
2410 3773 2578 3847 illani,
2606 3792 2637 3827 a
2666 3773 2792 3828 Nilo
2820 3774 3086 3849 fundatam
3106 3815 3120 3837 ,
3162 3773 3418 3844 regionem
3452 3771 3678 3841 incolens
3697 3811 3715 3837 ,
3755 3770 3861 3826 diis

2251 3866 2535 3922 caelestibus
2570 3868 2721 3941 intra,
2747 3867 2971 3941 privatos
2995 3868 3127 3939 lares
3153 3866 3446 3934 sacriﬁcare
3484 3864 3653 3935 prima
3680 3864 3855 3931 capit,

2250 3978 2349 4014 non
2374 3961 2615 4031 myrrha},
2637 3977 2794 4027 neque
2817 3962 2986 4022 casia),
3011 3976 3167 4031 neque
3189 3959 3350 4013 thuris
3371 3958 3547 4027 mixtis
3567 3974 3687 4025 cum
3706 3973 3857 4013 croco

2253 4052 2506 4122 primitiis.
2555 4053 2735 4107 Multis
2773 4054 2908 4109 enim
2936 4053 3167 4123 wtalibus
3209 4051 3492 4120 posteriora
3530 4050 3640 4109 Iura
3671 4052 3728 4104 in
3757 4066 3858 4105 usu

2253 4164 2351 4199 non
2381 4149 2605 4218 fuerant,
2642 4164 2756 4199 cum
2792 4147 2939 4205 homo
2971 4147 3317 4215 peregrinator
3343 4143 3576 4215 e/fectus,
3605 4154 3652 4200 et
3678 4160 3854 4198 neces-

2252 4239 2459 4313 sitatum
2487 4240 2601 4311 vita?
2626 4239 2861 4305 plurimis
2896 4255 3011 4291 cum
3040 4237 3327 4307 laboribus,
3361 4248 3405 4309 et
3437 4236 3678 4307 lacrumis
3703 4236 3854 4299 inda-

2256 4341 2424 4401 gator,
2456 4332 2660 4391 harum,
2685 4348 2810 4401 quas
2846 4332 2975 4397 dixi,
3009 4333 3302 4401 plantarum
3334 4330 3498 4401 stillas
3523 4330 3624 4399 diis
3649 4331 3853 4386 obtulit.

2259 4421 2404 4475 Talia
2436 4424 2592 4493 igitur
2620 4434 2769 4476 antea
2797 4426 3025 4479 homines
3053 4441 3155 4485 non
3182 4422 3479 4489 olferebaut,
3504 4423 3594 4495 sed
3620 4440 3853 4493 gramen,

2254 4517 2389 4587 quod
2416 4517 2547 4570 velut
2574 4518 2844 4580 quamdam
2880 4519 3061 4586 fertilis
3100 4527 3297 4573 natura:
3331 4518 3629 4587 primaeua»:
3654 4517 3858 4586 lanugi-

627 4617 743 4674 Non
775 4630 835 4671 ea
863 4618 1093 4669 tantum,
1125 4619 1244 4674 (Ιιιω
1268 4602 1321 4656 ίη
1350 4597 1722 4668 ειιβθνίοΐίδηθ
1750 4594 2152 4689 "Nicl‘lisAen-“j
2178 4611 2231 4672 D
2257 4627 2368 4662 nem
2407 4609 2637 4685 manibus
2676 4609 2974 4679 o/fercbant.
3001 4610 3131 4677 Qua:
3161 4610 3374 4689 quidem
3409 4610 3744 4682 Porphyrius
3772 4609 3856 4664 fu-

559 4718 758 4770 met-aia
791 4714 937 4765 sunt,
968 4700 1063 4757 sed
1096 4698 1218 4752 thus
1245 4694 1407 4750 etiam
1434 4702 1490 4745 et
1521 4692 1705 4745 nimim
1738 4689 1789 4741 in
1814 4687 1927 4741 suis
1949 4686 2151 4741 ethnici

558 4803 727 4862 sacris
760 4815 827 4856 ac
852 4792 1132 4854 sacrificiis
1164 4787 1467 4859 smpissime
1495 4783 1844 4839 adhibebant.
1874 4780 2021 4835 Thus
2052 4794 2150 4834 au-

560 4912 667 4961 tem
698 4898 767 4951 ab
792 4890 1033 4949 Arnobio
1059 4895 1286 4938 vocatur
1312 4878 1547 4935 resiuula
1588 4876 1885 4930 Panchaica
1904 4918 1916 4937 ,
1948 4890 1974 4927 a
2010 4874 2148 4927 Pan-

557 4993 706 5050 chara
736 4986 986 5053 uidelicet
1016 4980 1223 5035 Arabim
1245 4973 1647 5045 Trogloditanac
1670 4980 1839 5039 parte,
1865 4985 1984 5039 quae
2012 4969 2150 5022 ostio

555 5090 706 5145 sinus
736 5077 949 5139 Arabici
992 5074 1202 5140 adjacet
1236 5068 1487 5141 (Arnob,
1520 5065 1612 5119 lib.
1658 5078 1750 5125 vn,
1790 5078 1907 5132 pag.
1950 5061 2050 5115 9.51
2104 5070 2154 5113 et

556 5174 741 5251 seqq.).
777 5173 854 5229 De
881 5170 970 5225 illa
1001 5165 1214 5221 servius
1246 5161 1301 5215 in
1333 5160 1443 5213 suis
1474 5157 1734 5211 librorum
1767 5152 1973 5222 Virgilii
2004 5166 2154 5207 com-

558 5248 854 5327 mentariis.
892 5283 911 5317 ί
939 5257 1205 5317 Panchaia
1230 5297 1243 5315 .
1289 5252 1494 5321 inquit,
1527 5248 1838 5304 Sabmorum
1870 5261 2001 5316 gens
2032 5253 2147 5310 est,

557 5362 695 5434 apud
739 5372 900 5429 quam
948 5357 1074 5407 thus
1104 5347 1378 5404 nascitur:
1412 5352 1468 5396 ut
1508 5341 1637 5395 solis
1665 5349 1750 5395 est
1778 5340 1968 5393 thurea
2003 5339 2151 5407 virga

558 5432 784 5512 sabinis.
823 5451 1064 5516 Itemque
1096 5464 1108 5498 :
1143 5443 1385 5509 Totaque
1426 5435 1702 5491 thuriferis
1734 5434 1999 5488 Panchaia
2031 5432 2152 5501 piu-

557 5549 672 5620 guis
712 5546 908 5601 arenis.
965 5561 983 5594 ι
1020 5538 1191 5603 (Serv.
1238 5535 1288 5587 in
1338 5530 1557 5600 Virgil.,
1602 5528 1690 5581 lib.
1730 5543 1767 5581 ll
1814 5525 2025 5595 Gmrg.,
2059 5527 2154 5579 ad-

557 5643 691 5705 verb.
718 5638 841 5703 H5,
876 5654 996 5707 pag.
1026 5629 1177 5701 illi).
1212 5627 1471 5685 Similiter
1494 5622 1716 5679 Ovidius
1744 5640 1757 5675 :

1373 5720 1657 5779 Sudataque
1680 5716 1812 5779 ligno

649 5794 815 5844 Thura
838 5793 982 5851 ferat,
1007 5791 1254 5851 floresque
1280 5785 1404 5851 a_|_i_os
1423 5777 1669 5851 Panchaia
1691 5777 1853 5851 tellus:

1085 5838 1275 5914 (Ot'id.,
1301 5845 1383 5895 lib.
1407 5860 1435 5894 κ
1460 5847 1675 5913 Metam,
1703 5838 1801 5904 fab.
1827 5839 1901 5901 9.)

2254 4705 2363 4758 sius
2392 4703 2756 4789 prosequitur,
2787 4720 2945 4774 quam
2976 4714 3032 4759 ut
3060 4704 3237 4779 omnia
3261 4721 3291 4777 ᾳ
3314 4704 3470 4761 nobis
3500 4702 3734 4773 describi
3759 4702 3856 4759 de-

2255 4798 2433 4851 beant.
2468 4797 2827 4865 Quamobrem
2863 4797 3038 4863 illius,
3082 4799 3127 4853 si
3158 4796 3336 4863 lubet,
3378 4797 3572 4869 librum
3613 4797 3855 4863 revolve,

2253 4900 2304 4947 et
2335 4906 2595 4959 agnosces
2626 4891 2692 4957 ab
2720 4906 2785 4945 eo
2816 4890 3118 4947 luculenter
3148 4890 3327 4945 adseri
3370 4906 3523 4953 usum
3564 4890 3776 4961 thuris,
3808 4899 3862 4946 et

2254 4984 2509 5048 heroicis,
2542 4995 2591 5043 et
2624 4984 2811 5055 primis
2844 4983 3026 5037 mundi
3059 4984 3390 5053 temporibus
3423 4982 3589 5055 fuisse
3620 4984 3860 5055 incogni-

2255 5088 2387 5133 tum.
2430 5076 2812 5147 Verumtamen
2867 5076 3137 5153 Arnobius
3188 5076 3241 5133 id
3297 5076 3535 5141 omniuo'
3566 5075 3859 5141 adﬁrmare

2256 5188 2417 5232 ausus
2448 5187 2552 5247 non
2580 5182 2681 5243 est,
2717 5170 2811 5225 sed
2842 5170 3059 5239 adjecit,
3086 5169 3516 5242 quemadmodum
3538 5170 3785 5236 creditur,
3813 5177 3861 5224 et

2258 5264 2545 5333 perhibetur
2568 5263 2808 5333 (Arnob,
2838 5262 2927 5316 lib.
2949 5279 3040 5328 vn,
3064 5280 3181 5333 pag.
3203 5262 3355 5335 9.52).
3382 5263 3674 5335 Perperam
3699 5263 3860 5337 igitur

2256 5359 2405 5417 illum
2434 5358 2649 5431 quidam
2682 5357 2751 5411 ibi
2784 5359 2985 5413 erroris
3014 5366 3267 5433 arguunt.

2328 5438 2531 5523 Negare
2560 5468 2720 5521 porro
2748 5453 2925 5505 nullus
2958 5462 3130 5523 potest
3159 5452 3287 5507 illud
3312 5467 3499 5519 verum
3527 5466 3675 5521 esse,
3706 5451 3850 5523 quod

2256 5548 2370 5614 ipse
2404 5546 2576 5609 testis,
2612 5555 2761 5600 certe
2809 5545 2910 5600 hac
2942 5545 2994 5599 in
3034 5563 3091 5599 re
3120 5544 3269 5600 omni
3304 5546 3622 5623 exceptione
3650 5548 3852 5617 major,

2253 5641 2450 5711 adjecit
2474 5650 2751 5717 recentem
2784 5639 2835 5695 in
2868 5655 2961 5694 sua
2992 5640 3235 5713 regione,
3278 5638 3658 5713 normamque
3688 5636 3856 5695 fuisse

2252 5734 2426 5789 thuris
2471 5750 2645 5790 usum.
2689 5732 2874 5811 Neque
2920 5733 3082 5791 etiam
3118 5732 3332 5809 Etruriq
3376 5733 3631 5807 genitrix,
3683 5732 3854 5803 inquit

2250 5826 2400 5897 (tam.
2430 5842 2447 5881 ι
2477 5826 2759 5901 Apparat.,
2813 5842 2932 5901 pag.
2967 5825 3152 5896 H90),
3186 5834 3239 5887 et
3266 5834 3425 5905 mater
3452 5823 3848 5897 superstitionis,
