3978 6282
155 247 261 311 655

1342 244 1410 302 ΙΝ
1441 244 1815 317 ARNOBIUM,
1856 246 2010 305 CAP.
2050 246 2241 306 XXIV.
2273 248 2279 255 ’

3347 253 3458 311 σει

152 364 404 435 primitus
432 361 584 427 illum
610 366 923 435 agnoverat.
957 360 1174 425 Etruria
1201 369 1380 421 autem
1414 371 1559 419 recte
1589 364 1656 419 ab
1684 379 1750 419 eo
1779 364 1833 429 Α
1859 365 2064 435 potuit?
2094 365 2360 423 Praeterea
2396 366 2517 437 quis
2547 366 2790 437 qualisve
2820 380 2887 423 ex
2916 370 3140 425 cremati
3171 371 3367 441 thuris,
3400 378 3453 435 id

152 454 557 527 superstitionis
604 455 857 525 magistra
887 464 943 510 et
971 464 1145 510 mater
1186 465 1444 519 vocatur,
1493 457 1566 510 uti
1598 472 1663 512 ex
1692 458 1757 511 iis

152 559 320 621 patet,
344 565 464 620 quin
488 548 555 604 de
583 547 671 602 illa
702 548 830 602 alibi
858 547 1254 612 adnotavimus,
1288 557 1450 618 atque
1472 547 1536 603 iis
1566 548 1752 617 etiam,

153 660 272 716 quae
294 644 368 700 ab
388 642 603 707 Ovidio,
630 642 840 708 Servio,
875 640 1133 713 Dionysio
1160 640 1588 706 Halicarnasseo,
1619 641 1757 696 Ter-

150 738 377 797 tulliano
412 737 606 805 litteris
642 738 961 807 consignata
994 747 1119 792 sunt
1156 736 1362 809 (0m‘d.,
1395 736 1481 791 lib.
1528 752 1602 795 xv
1642 736 1755 791 Me-

153 842 305 897 tam,
344 848 468 903 pag.
510 831 653 897 577;
702 830 878 896 Serm,
923 831 978 887 in
1034 828 1241 901 Virgil.,
1296 829 1385 887 lib.
1432 843 1470 889 It
1516 828 1758 897 Αῖηείά..

151 942 273 998 pag.
308 924 453 991 359;
485 924 704 995 Dionys.
738 923 941 986 Ηαίὶο..
974 922 1061 979 lib.
1091 939 1148 978 Ix
1183 941 1306 994 pag.
1336 924 1481 987 565;
1508 922 1754 989 Tertull.,

148 1019 242 1077 lib.
274 1020 339 1075 de
367 1019 631 1089 Spatium,
663 1034 780 1084 cali.
804 1015 885 1090 4).
912 1017 980 1073 At
1010 1016 1156 1072 hisce
1183 1016 1539 1087 scriptoribus
1569 1017 1620 1079 in
1644 1017 1756 1087 pri-

146 1114 258 1171 mis
283 1112 645 1177 accersendas
670 1110 892 1179 Cicero,
940 1111 1031 1182 qui
1076 1112 1129 1169 in
1176 1126 1273 1171 sua
1309 1111 1377 1166 de
1406 1111 1754 1181 haruspicum

147 1207 430 1278 responsis
456 1206 702 1269 oratione
731 1205 874 1260 hunc
920 1204 1158 1274 loquitur
1203 1204 1256 1264 in
1296 1203 1516 1263 modum
1546 1222 1557 1258 :
1594 1224 1614 1257 ‹
1646 1204 1758 1276 Ego

148 1316 287 1361 vero
311 1302 541 1371 primum
557 1299 733 1357 habeo
759 1306 1010 1354 auctores
1039 1313 1102 1352 ac
1122 1298 1414 1369 magistros
1435 1298 1756 1371 religionum

146 1394 674 1459 colendarum.......
741 1394 834 1465 qui
906 1401 1280 1464 portentorum
1348 1393 1757 1463 esplauationes

145 1487 501 1549 Etruscorum
526 1487 809 1557 disciplina
834 1476 1099 1547 contineri
1122 1497 1469 1557 putaverunt.
1493 1506 1511 1540 ι
1540 1485 1755 1556 (Cic-en,

144 1591 292 1643 orat.
319 1598 425 1639 xxx
454 1584 516 1634 de
544 1579 779 1649 Harusp.
806 1597 973 1652 νειμ,
998 1597 1117 1650 pag.
1152 1577 1305 1651 451.)

220 1674 408 1745 Atqui,
433 1674 620 1744 primis
641 1672 959 1731 earumdem
1003 1673 1358 1731 Etruscorum
1399 1672 1754 1741 temporibus,

1859 468 1963 522 esr,
1998 456 2128 511 visci
2161 472 2224 511 ex
2254 457 2465 513 arboris
2493 457 2785 515 corticibus
2812 458 3129 528 proﬂuentia
3156 462 3322 519 odore
3353 466 3454 522 diis

1859 546 2033 603 honor
2063 548 2350 604 redditur?
2379 548 2488 605 Cur
2514 565 2620 605 non
2649 567 2712 606 ex
2736 551 2858 606 aliis
2880 568 3096 623 quoque
3122 555 3379 615 odoribus
3402 569 3457 617 et

1858 644 2182 715 vaporibus?
2221 643 2488 717 Numquid
2536 646 2661 720 quia
2710 646 2919 704 incensi
2956 647 3091 703 odor
3129 650 3304 707 thuris
3347 653 3457 713 illis

1858 739 2048 810 magis,
2083 755 2243 813 quam
2272 740 2412 797 alius
2436 724 2621 811 graius
2653 740 2773 797 est?
2796 740 2901 799 Sed
2929 741 3004 797 dii
3033 757 3192 803 nares
3220 759 3325 807 non
3358 744 3461 801 ha-

1859 832 2016 899 bent,
2043 835 2239 905 quibus
2264 850 2454 903 auras,
2482 835 2768 906 aeriosque
2795 836 3017 906 spiritus
3042 836 3261 895 ducant.
3290 840 3458 909 Quid—

1861 926 1986 996 quid
2016 928 2158 981 enim
2187 942 2254 982 eo
2284 928 2447 981 modo
2475 927 2675 997 spirat,
2707 927 2938 983 mortale
2968 936 3069 983 est.
3101 929 3171 983 At
3195 930 3328 987 deos
3356 932 3459 987 im-

1859 1020 2118 1075 mortales
2146 1036 2269 1075 esse
2297 1020 2532 1090 debere,
2577 1023 2696 1091 quis
2736 1037 2841 1076 non
2877 1022 3109 1077 fatetur?
3155 1023 3310 1079 Nullo
3352 1025 3456 1079 ita-

1860 1130 1965 1185 que
1993 1115 2168 1170 thuris
2206 1125 2298 1170 aut
2339 1115 2444 1170 alio
2471 1115 2638 1171 odore
2669 1108 2953 1186 capiuntur
2983 1140 2998 1170 :
3028 1116 3264 1173 Tametsi
3296 1119 3457 1184 mille,

1860 1207 2030 1278 inquit
2063 1210 2367 1271 Arnobius,
2406 1220 2460 1263 tu
2500 1210 2729 1280 pondera
2760 1210 2979 1265 masculi
3023 1212 3186 1266 thuris
3217 1213 3460 1268 incendes

1860 1298 2055 1370 (lbid.,
2087 1318 2209 1373 pag.
2236 1300 2389 1373 254).
2415 1300 2566 1357 Thus
2592 1311 2768 1358 autem
2813 1303 3145 1370 masculum,
3196 1304 3460 1375 quemad-

1861 1392 2080 1447 modum
2104 1393 2333 1462 Plinius,
2363 1394 2690 1465 Serviusque
2711 1396 3002 1452 observant
3029 1396 3223 1467 {Plin.,
3271 1398 3359 1453 lib.
3386 1414 3461 1455 xu

1863 1486 2005 1541 Hist.
2040 1495 2241 1569 natur.,
2286 1504 2402 1559 cap.
2439 1489 2527 1554 Μ,
2570 1506 2690 1560 pag.
2720 1490 2811 1554 25;
2848 1489 3021 1557 Serm,
3052 1491 3106 1549 in
3143 1492 3235 1547 cit.
3272 1490 3460 1563 Virgil.

1861 1583 2082 1649 versus),
2110 1596 2139 1635 a
2162 1582 2348 1651 specie
2372 1583 2745 1638 testiculorum
2769 1582 2975 1639 dictum
3003 1593 3240 1653 putatur,
3266 1586 3461 1654 gallice

1861 1689 1991 1729 vero
2020 1672 2322 1744 appellatur
2350 1692 2365 1730 :
2398 1691 2578 1731 encens
2600 1674 2754 1743 male,
2785 1676 2873 1731 vel
2901 1676 3095 1734 oliban.
3124 1677 3202 1734 De
3223 1678 3316 1733 illo
3342 1678 3462 1734 Vir-
3538 1686 3541 1693 ‘

146 1767 360 1835 nullum
393 1768 446 1821 in
476 1765 757 1838 gentilium
798 1766 969 1822 sacris
1013 1765 1139 1823 thus
1169 1764 1468 1820 adhibitum
1500 1780 1625 1823 esse
1650 1765 1753 1821 du.
1784 1757 1834 1819 B
1859 1768 2017 1841 gilius
2047 1768 2302 1825 cantabat
2332 1788 2349 1824 :

145 1862 276 1934 plici
294 1870 487 1917 auctor
507 1870 693 1917 noster
711 1860 924 1919 ratione
941 1858 1276 1915 demonstrat
1293 1858 1532 1931 (Arnob.,
1552 1858 1641 1913 lib.
1658 1875 1748 1925 vn,

147 1972 274 2028 pag.
299 1953 453 2026 252).
485 1953 667 2013 Primo
695 1954 838 2009 enim
872 1951 976 2007 hoc
1019 1950 1355 2017 sacellorum,
1391 1951 1594 2021 inquit,
1622 1950 1757 2004 indi-

145 2059 269 2104 cant
308 2049 471 2113 ritus,
506 2046 595 2107 ubi
640 2045 763 2101 thus
796 2061 901 2101 non
934 2042 1345 2099 incendebatur.
1389 2041 1595 2101 Deinde
1623 2056 1755 2097 vero

145 2143 332 2201 nullus
363 2141 506 2203 illius
542 2157 672 2201 usus
714 2140 842 2211 fuit,
872 2138 1293 2211 quadringentis,
1336 2138 1537 2208 inquit,
1568 2139 1750 2206 armis,

146 2235 333 2307 quibus
368 2234 569 2291 Albana
598 2252 679 2289 res
705 2233 863 2304 viguit
883 2274 900 2300 ,
943 2247 1006 2287 ac
1050 2230 1307 2303 quamdiu
1349 2230 1613 2291 Romulus
1637 2272 1652 2297 ,
1702 2238 1756 2287 et

145 2328 357 2393 Numa,
402 2328 761 2399 religionum,
807 2325 884 2393 uti
928 2324 1058 2379 satis
1097 2339 1164 2380 ex
1212 2322 1452 2389 historia:
1498 2322 1755 2378 Romana:

145 2421 511 2491 scriptoribus
540 2421 723 2490 liquet,
753 2418 968 2481 artifex,
1000 2416 1259 2477 Romanis
1280 2416 1635 2485 imperarunt.
1663 2415 1755 2471 Al-

144 2518 415 2579 banorum
444 2522 623 2573 autem
655 2528 881 2584 regnum
910 2510 1122 2569 initium
1158 2509 1312 2564 duxit
1346 2507 1413 2565 ab
1441 2506 1637 2572 IEnea,
1668 2507 1754 2564 vel

147 2611 335 2683 potius
360 2608 431 2666 ab
451 2608 686 2667 Ascanio
707 2608 826 2678 ejus
850 2604 983 2671 tilio,
1011 2619 1038 2657 a
1067 2618 1174 2675 quo
1198 2600 1330 2656 Alba
1357 2601 1513 2671 longa
1540 2599 1755 2657 condita

146 2714 255 2762 est.
304 2704 489 2761 Livius
529 2711 707 2759 autem
756 2700 893 2757 alios
929 2695 1239 2768 singillatim
1288 2700 1535 2749 recenset
1574 2690 1750 2762 (Liv.,

149 2801 245 2859 lib.
270 2817 309 2869 ι,
340 2811 474 2870 post.
505 2796 673 2871 ἕπει),
698 2796 788 2869 qui
815 2804 935 2868 post
965 2793 1115 2857 illum
1141 2798 1525 2861 regnaverunt,
1549 2801 1753 2859 eosque

147 2910 218 2951 ex
244 2893 438 2949 eodem
473 2890 658 2954 Livio,
692 2889 883 2944 Ovidio
905 2931 918 2951 ,
954 2885 1214 2957 Dionysio
1252 2890 1308 2937 et
1335 2880 1568 2934 Eusebio
1599 2879 1753 2950 Sigo—

145 2989 275 3046 nius
304 2987 359 3047 in
389 2985 501 3041 suis
527 2984 593 3043 ad
624 2983 759 3047 Livii
788 2981 1066 3041 historiam
1093 2973 1553 3043 adnotationibus,
1585 2982 1639 3030 et
1660 2974 1753 3031 alii

145 3079 555 3153 chronographi
586 3078 890 3149 designant.

1951 1882 2085 1949 Elter
2109 1896 2303 1946 aquam,
2331 1888 2389 1949 et
2405 1882 2700 1949 mollicinge
2725 1885 2834 1935 haec
2858 1885 3025 1936 altaria
3044 1890 3188 1949 vitta,

1950 1945 2311 2011 Verbenasque
2334 1946 2477 1996 adole
2503 1945 2728 2010 pingues,
2756 1956 2809 1998 et
2831 1949 3044 1999 mascula
3073 1945 3236 2000 thura.

2292 2030 2520 2099 (Virgil,
2551 2032 2706 2100 eclog.
2733 2035 2781 2096 8,
2809 2048 2935 2087 vers.
2961 2034 3027 2088 64
3044 2044 3091 2087 et
3110 2035 3271 2102 seqq.)

1856 2140 2025 2196 Porro
2054 2148 2231 2196 autem
2279 2141 2525 2211 quamvis
2563 2140 2924 2207 concedatur,
2957 2144 3102 2213 quod
3133 2151 3316 2199 tamen
3358 2142 3460 2198 fal-

1856 2248 1976 2288 sum
2006 2240 2111 2297 est,
2140 2232 2371 2304 aliquem
2412 2231 2517 2287 diis
2561 2248 2685 2291 esse
2715 2234 3033 2299 odoratum,
3079 2251 3205 2307 qua,
3252 2251 3461 2307 quaeso,

1856 2329 2066 2383 ratione
2093 2327 2310 2396 probari
2340 2335 2516 2398 potest
2543 2327 2705 2397 hujus
2746 2328 2919 2383 thuris
2948 2327 3172 2384 odorem
3204 2327 3313 2384 illis
3338 2344 3461 2387 esse
3552 2320 3555 2323 ἢ

1856 2433 2070 2494 gratum
2108 2437 2172 2477 ac
2201 2423 2462 2479 suavem?
2488 2421 2760 2494 Numquid
2788 2423 2914 2493 quia
2944 2421 3253 2478 hominibus
3279 2424 3462 2479 suavis

1857 2517 1979 2573 est?
2006 2517 2200 2574 Nonne
2230 2517 2347 2573 ﬁeri
2378 2517 2536 2574 facile
2564 2526 2779 2589 potest,
2810 2528 2869 2574 ut
2893 2534 3012 2589 quae
3042 2517 3126 2574 his
3155 2534 3362 2575 ammna
3408 2528 3466 2576 et

1852 2611 2091 2683 jucunda
2123 2612 2393 2679 videntur,
2441 2612 2563 2677 diis,
2608 2628 2837 2684 quorum
2881 2613 3044 2685 plane
3088 2613 3303 2669 diversa
3340 2629 3463 2671 esse

1856 2703 2089 2760 debebat
2130 2704 2461 2768 substantia,
2494 2704 2846 2776 displiceant,
2882 2707 3056 2776 iisque
3097 2711 3321 2762 molesta
3353 2708 3465 2763 sint

1857 2806 2019 2868 atque
2039 2792 2370 2867 injucunda?
2403 2796 2611 2853 Videsis
2634 2797 2950 2854 Gothofredi
2982 2801 3374 2857 commentaria
3404 2802 3461 2858 in

1857 2890 2145 2947 Theodosii
2176 2891 2350 2962 Magni
2374 2891 2634 2958 edictum,
2660 2908 2767 2962 quo
2788 2893 3082 2965 gentilibus
3107 2894 3280 2950 thuris
3307 2909 3460 2963 usus,
3550 2941 3557 2949 .

1861 2984 2145 3047 sacriﬁcia,
2171 2994 2227 3042 et
2253 2986 2432 3041 omnis
2452 2986 2678 3041 deorum
2703 2986 2879 3042 cultus
2903 2986 3224 3058 prohibetur
3242 2987 3385 3061 (tam.
3407 3006 3463 3046 vt

1857 3078 1987 3133 Cod.
2021 3077 2241 3147 Theod.,
2271 3079 2370 3151 leg.
2405 3078 2492 3143 12,
2525 3096 2643 3152 pag.
2672 3079 2779 3135 275
2806 3088 2854 3134 et
2881 3080 3070 3165 seqq)

221 3173 310 3229 Ad
343 3141 407 3227 ολ
440 3141 603 3249 p'om,
633 3141 803 3241 “sane
833 3179 1075 3238 tempora
1108 3168 1310 3224 nullum
1341 3170 1395 3225 in
1426 3168 1594 3227 sacris
1629 3165 1752 3222 thus
1779 3141 1824 3205 C
1928 3171 2107 3228 Unum
2139 3141 2354 3229 tandem
2388 3141 2704 3227 hisaddere
2744 3141 3109 3245 liceat,'t'1u'0d
3141 3174 3211 3229 ab
3238 3184 3460 3234 auclore

147 3266 337 3327 datum
364 3263 556 3321 fuisse.
597 3282 615 3318 ‹
644 3263 821 3327 Pium,
856 3281 874 3314 ι
911 3261 1081 3333 inquit
1110 3261 1406 3328 Arnobius,
1444 3280 1462 3315 ι
1492 3260 1574 3316 far
1602 3274 1755 3313 mon-

144 3370 320 3429 strat,
364 3375 472 3428 quo
520 3357 703 3431 peragi
734 3372 851 3425 mos
898 3354 1000 3413 fuit
1046 3354 1436 3413 sacrificiorum
1489 3354 1754 3411 solemnia

144 3454 333 3519 munia
362 3472 383 3506 ι
423 3450 662 3521 (Arnob.,
689 3450 789 3509 loc.
817 3447 949 3521 cit.).
982 3448 1273 3505 Enimvero
1312 3448 1508 3518 prisca,
1547 3455 1603 3503 ut
1632 3461 1755 3517 per-

146 3546 303 3604 hibet
341 3544 600 3612 Ovidius,
633 3552 814 3607 aetate,
843 3553 1086 3612 agrestes
1114 3542 1292 3603 adhuc
1321 3540 1570 3597 homines
1612 3543 1753 3597 farre

143 3653 201 3700 et
230 3641 370 3709 sale,
400 3639 513 3696 sive
528 3634 683 3703 ‘mola
718 3636 871 3705 falsa,
900 3634 969 3691 de
989 3651 1089 3706 qua
1120 3650 1221 3690 nos
1248 3634 1518 3706 superius,
1544 3632 1648 3689 diis
1677 3632 1748 3688 li-

148 3735 342 3795 tabant
370 3742 424 3789 et
447 3730 847 3789 sacriﬁcabant.
878 3726 968 3785 Sic
993 3737 1171 3784 autem
1201 3727 1290 3781 ille
1318 3724 1582 3783 canebat:

140 3874 153 3913 ε
243 3845 398 3913 Aug,
420 3843 747 3913 deoshomini
766 3841 894 3913 quod
915 3836 1407 3913 conciliare_valeret,

338 3899 433 3958 Far
458 3911 583 3963 erat,
604 3912 655 3955 et
674 3899 958 3968 puri'lucida
976 3899 1096 3951 mica
1122 3899 1255 3968 salis.

239 3968 469 4022 Nondum
492 3960 768 4033 pertulerat
790 3966 1073 4033 lacrymatas
1094 3964 1279 4033 cortice
1303 3960 1523 4024 myrrhas

331 4033 462 4093 Acta
484 4028 584 4098 pe:
596 4042 851 4098 aequoreas
873 4028 1068 4098 hospita
1090 4028 1228 4098 navis
1249 4037 1419 4098 aquas.

142 4103 155 4159 ξ
238 4086 410 4159 Thura
434 4086 528 4159 nec
545 4086 841 4159 Euphrates,
868 4086 1184 4159 uec'_mis_e_rat
1206 4086 1343 4159 India
1360 4092 1568 4146 costum,

144 4154 152 4173 ⁷
338 4155 447 4208 Nec
469 4151 668 4208 fuerant
682 4155 821 4205 rubri
844 4153 1044 4215 cognita
1066 4151 1145 4200 fila
1165 4151 1316 4200 croci.

837 4235 1025 4302 (Ovid.,
1046 4233 1132 4288 lib.
1159 4249 1177 4284 ι
1198 4236 1412 4296 rm,
1438 4233 1561 4299 gs.)

142 4371 315 4433 Moris
354 4379 534 4428 autem
565 4369 726 4443 hujus
754 4382 971 4424 causam
1010 4373 1131 4438 post
1172 4361 1501 4421 Varronem,
1543 4359 1746 4415 Plinius

144 4466 420 4535 reddidit,
454 4465 704 4523 nimirum
738 4462 859 4531 quia
891 4472 1103 4515 veteres
1134 4458 1212 4513 sal
1252 4472 1374 4513 cum
1414 4471 1551 4527 pane
1579 4453 1744 4509 esita-

1856 3276 2045 3323 nostro
2092 3278 2239 3324 recte
2286 3267 2554 3323 traditur:
2595 3285 2613 3317 ‹
2649 3266 2830 3322 Thura
2861 3281 2982 3321 cum
3034 3267 3290 3324 carnibus
3335 3284 3459 3325 esse

1855 3361 2222 3433 parentalibus
2266 3360 2705 3432 conjunctissima
2740 3369 3104 3415 mortuorum.
3144 3379 3163 3413 ι
3201 3362 3453 3435 (Ανηοὸη

1855 3455 1943 3509 lib.
1976 3470 2066 3517 vn,
2108 3470 2227 3526 pag.
2258 3450 2410 3527 242).
2446 3451 2689 3507 Ethnicis
2738 3451 3004 3523 siquidem
3048 3468 3166 3507 mos
3203 3464 3353 3518 erat,
3397 3464 3459 3510 ut

1855 3550 1969 3605 suis
2001 3558 2365 3620 parentantes,
2400 3554 2735 3602 mortuorum
2772 3559 2997 3617 corpora
3046 3546 3203 3601 thure
3232 3547 3452 3618 perfun-

1854 3644 2049 3700 derent
2070 3684 2084 3711 ,
2118 3644 2233 3698 sive
2258 3658 2320 3698 ea
2348 3651 2725 3698 cremarentur
2743 3682 2758 3709 ,
2807 3642 2926 3697 sive
2956 3641 3344 3699 mandarentur
3368 3657 3454 3699 se-

1852 3737 2106 3809 pulturae.
2142 3735 2277 3791 Nam
2315 3734 2571 3807 Virgilius
2599 3734 2686 3789 ubi
2732 3732 2993 3788 describit
3026 3734 3183 3790 funus
3223 3734 3452 3803 Miseni,

1854 3839 1908 3885 et
1934 3828 2207 3902 quomodo
2236 3838 2535 3883 crematum
2562 3826 2633 3880 sit
2659 3826 2776 3895 ejus
2800 3840 3017 3897 corpus.
3052 3825 3125 3883 ibi
3148 3827 3321 3884 dixit:

2560 3941 2803 4005 Congesta
2826 3946 3111 4005 cremantur

2039 4006 2236 4057 Thurea
2260 4005 2403 4060 dona.
2431 4003 2600 4066 dapes,
2624 4003 2730 4066 illst)
2751 4010 2973 4054 crateres
2996 4003 3144 4055 olivo.

2102 4067 2329 4135 (Virgil.,
2359 4066 2442 4118 lib.
2469 4064 2519 4119 vi
2542 4064 2759 4128 ιΕηείά.,
2788 4079 2914 4118 vers.
2932 4066 3085 4119 224st
3103 4069 3261 4133 seqq.)

1923 4178 2117 4234 Festus
2137 4192 2268 4233 vero
2289 4173 2507 4247 scripsit
2530 4188 2774 4231 acerram
2805 4188 2927 4230 esse
2952 4188 3125 4240 aram,
3153 4184 3280 4230 ante
3303 4190 3450 4232 mor-

1851 4280 2000 4327 tuum
2032 4271 2161 4343 poni
2210 4270 2455 4336 solitam,
2488 4267 2578 4323 ubi
2621 4265 2823 4322 odores
2864 4264 3292 4323 incendebantur
3314 4310 3329 4336 ,
3363 4269 3449 4325 vel

1850 4381 2028 4421 arcam
2058 4365 2144 4420 ubi
2167 4365 2292 4419 thus
2310 4362 2644 4433 reponebant
2669 4358 2902 4434 (Festus,
2924 4360 2994 4413 ad
3012 4361 3148 4415 verb.
3169 4361 3441 4432 Accam).

1849 4460 2190 4530 Quapropter
2212 4457 2425 4522 Cicero,
2453 4454 2545 4511 ubi
2572 4454 2718 4524 leges
2742 4452 2812 4507 de
2837 4451 3141 4520 sepulchris
3161 4462 3215 4507 et
3239 4453 3447 4511 furibus

144 4562 299 4619 bant.
336 4559 587 4617 Valerius
618 4572 746 4611 vero
774 4553 1061 4621 Maximus,
1097 4567 1220 4608 cum
1253 4550 1620 4618 frequentior,
1664 4548 1746 4602 in-
1777 4536 1832 4598 D
1856 4562 2119 4608 memorat
2140 4595 2155 4615 ,
2191 4550 2301 4605 Nec
2343 4563 2562 4613 acerne,
2592 4547 2796 4613 inquit,
2826 4554 3196 4615 pratereantur
3223 4543 3442 4616 (Cicero,

144 4657 287 4739 quit,
320 4653 463 4727 apud
495 4669 589 4709 eos
618 4651 800 4724 pultis,
844 4664 1005 4720 quam
1046 4647 1198 4717 panis
1228 4660 1355 4699 usus
1383 4651 1549 4711 esset,
1580 4641 1633 4697 in
1664 4657 1750 4695 sa-

147 4735 370 4809 crificiis
417 4746 667 4803 omnibus
714 4742 856 4798 mola
908 4740 1049 4796 salsa
1077 4779 1093 4804 ,
1140 4738 1192 4793 id
1233 4747 1335 4800 est,
1369 4736 1513 4791 farre
1551 4745 1604 4790 et
1633 4735 1746 4790 sale

147 4841 491 4917 composita,
545 4854 652 4893 non
699 4847 876 4890 autem
928 4832 1122 4893 thure,
1176 4829 1467 4885 utebantur
1516 4826 1740 4902 (Plin.,

149 4935 239 4991 lib.
275 4950 401 4989 χιιι
438 4930 575 4989 Hist.
631 4939 830 4995 natur.,
855 4942 970 4995 cap.
1004 4923 1058 4990 7,
1093 4941 1212 4993 pag.
1247 4920 1354 4978 809
1380 4929 1427 4976 et
1453 4937 1583 4989 seq.;
1630 4918 1745 4975 Val.

149 5028 329 5093 Mam,
359 5025 451 5081 lib.
479 5041 538 5093 ιι,
566 5040 682 5093 cap.
714 5023 766 5090 5,
804 5020 832 5093 θ
858 5020 909 5084 5,
939 5035 1057 5090 pag.
1087 5015 1238 5086 102).

222 5120 410 5191 Itaque
440 5116 712 5175 Arnobius
742 5113 866 5168 inde
896 5114 974 5167 sic
1002 5115 1445 5180 argumentatur:
1477 5105 1531 5161 Si
1563 5104 1638 5159 dii
1668 5106 1748 5160 in-

149 5228 317 5271 censo
350 5211 509 5268 thure
539 5211 833 5280 placantur,
867 5218 1159 5275 peccavere
1188 5200 1436 5255 homines
1462 5197 1690 5267 antiqui,
1715 5212 1746 5252 a

150 5311 351 5385 quibus
378 5307 425 5362 is
450 5304 586 5363 ritus
607 5303 842 5359 omissus
866 5308 969 5356 est.
992 5297 1047 5354 Si
1074 5311 1202 5352 vero
1227 5293 1329 5349 diis
1350 5292 1501 5356 olim,
1526 5300 1617 5345 aut
1639 5304 1744 5345 non

150 5401 382 5475 placuit,
430 5409 521 5452 aut
570 5394 882 5451 indifferens
929 5390 1058 5457 fuit,
1106 5388 1303 5444 frustra
1353 5399 1416 5441 ac
1462 5398 1746 5455 perperam

153 5497 448 5553 adhibetur
471 5492 714 5565 (Arnob.,
744 5489 831 5543 lib.
865 5502 962 5552 vn,
992 5502 1110 5557 pag.
1138 5480 1291 5555 255).

224 5590 413 5665 Neque
456 5586 745 5643 dicendum
792 5591 877 5639 est
922 5581 1053 5637 deos
1100 5579 1267 5659 thure»
1295 5576 1420 5632 dato
1469 5572 1749 5631 honorari.

159 5685 276 5743 Non
305 5684 449 5743 enim
477 5681 739 5754 quaeritur
776 5687 955 5733 utrum
997 5675 1277 5737 homines,
1326 5670 1422 5727 sed
1463 5679 1642 5725 utrum
1682 5665 1757 5722 dii

153 5792 476 5845 persuasum
508 5773 637 5831 illud
666 5770 975 5829 habuerint.
1005 5770 1074 5824 At
1102 5768 1223 5841 quis
1252 5780 1489 5837 unquam
1528 5764 1581 5820 id
1619 5761 1760 5821 scire

1852 4648 1941 4703 lib.
1992 4663 2029 4703 ιι
2072 4647 2135 4700 de
2160 4645 2335 4715 legib.,
2366 4658 2485 4713 pag.
2516 4636 2663 4711 5M).
2695 4638 2915 4708 Legesis
2934 4635 3078 4707 apud
3107 4636 3443 4705 Brissonium

1852 4742 2032 4796 varias
2076 4749 2319 4794 veterum
2349 4733 2418 4789 de
2465 4731 2619 4786 thure
2644 4730 2749 4785 diis
2777 4729 2957 4785 dando
3000 4728 3257 4785 formulas
3281 4729 3451 4801 (Bris.

1854 4849 1994 4896 son.,
2026 4830 2119 4885 lib.
2148 4845 2168 4883 ι
2203 4827 2266 4880 de
2291 4824 2494 4889 Form.,
2524 4839 2644 4895 pag.
2669 4821 2740 4877 29
2768 4830 2817 4876 et
2842 4819 2956 4895 50).
2989 4823 3058 4875 At
3087 4830 3236 4877 certe
3266 4838 3329 4879 ex
3360 4823 3447 4880 his

1851 4942 1974 4998 quas
2005 4924 2145 4979 dicta
2174 4931 2333 4987 sunt,
2365 4919 2523 4988 plane
2551 4916 2835 4972 conficitur
2863 4915 3108 4972 inutilem
3141 4932 3363 4987 prorsus
3388 4927 3444 4974 et

1850 5016 2285 5090 superstitiosum
2327 5012 2490 5068 fuisse
2534 5010 2741 5078 thuris,
2774 5010 2977 5067 lictitiis
3021 5012 3300 5082 gentilium
3344 5013 3448 5068 diis

1851 5112 2081 5174 incensi,
2110 5124 2265 5165 usum
2311 5116 2364 5163 et
2389 5120 2619 5163 morem.
2661 5106 2731 5160 At
2762 5104 2830 5160 de
2859 5104 2952 5160 illo
2980 5104 3035 5160 in
3078 5105 3446 5176 superioribus

1852 5203 2054 5262 nostris
2083 5199 2554 5272 disquisitionibus
2580 5197 2993 5267 disputavimus.

2455 5327 2748 5369 Αιιτιουιυε
2786 5327 2844 5365 ιι.

1855 5438 1965 5490 Νοιι
1986 5437 2149 5487 minus
2192 5444 2479 5490 perversum
2520 5427 2675 5490 fuisse
2695 5427 2795 5474 vini
2822 5426 2874 5473 in
2896 5424 3196 5490 ethnicorum
3220 5426 3369 5475 sacris
3394 5429 3448 5476 et

1919 5496 2172 5550 sacriﬁciis
2195 5488 2376 5546 libaudi
2398 5504 2604 5546 morem,
2645 5488 2802 5537 thuris
2845 5488 3144 5550 socium,_et
3183 5490 3450 5549 exponitur

1918 5548 2038 5627 quid
2059 5564 2139 5627 sit,
2154 5562 2293 5627 bris,
2313 5554 2626 5627 simpuvium,
2650 5550 2805 5600 musci
2829 5548 3160 5611 venerabiles,
3189 5548 3452 5605 euinctus

1922 5622 2100 5692 inferio
2120 5624 2229 5673 uino
2250 5626 2367 5671 esto.

1941 5756 1999 5811 In
2045 5752 2272 5824 privatis
2322 5742 2763 5811 solemnibusque
2806 5738 3092 5810 gentilium
3141 5743 3313 5799 sacris
3350 5757 3467 5801 me-
