4000 6272
535 243 640 304 65$

534 476 656 530 pag.
685 459 836 525 254).
864 455 1119 512 Solebant
1148 455 1290 510 enim
1320 458 1501 512 vinum
1533 460 1585 514 in
1611 458 1734 515 thus
1762 460 1992 517 flammis
2023 463 2120 517 da-

535 563 648 607 tum
680 550 1020 622 profundere,
1049 548 1156 616 vel,
1189 551 1329 605 sicut
1359 551 1594 622 loquitur
1626 555 1962 623 Lactantius,
1991 556 2124 612 odo-

532 644 634 698 rati
662 657 725 698 ac
750 642 948 698 veteris
969 643 1076 696 vini
1100 643 1411 713 profusione
1435 647 1769 705 madefacere
1793 649 1943 705 focos
1970 649 2124 721 (Lac-

535 747 688 805 tant.,
717 737 805 792 lib.
838 753 912 805 vn,
942 756 1058 809 cap.
1104 739 1156 803 l,
1191 756 1313 810 pag.
1355 740 1502 812 542).
1532 741 1650 809 Quo
1677 744 1892 814 quidem
1923 745 1991 800 de
2019 746 2124 800 ritu

531 840 730 900 praeter
779 832 958 888 varios
1004 841 1290 900 auctores,
1338 832 1454 890 haec
1496 835 1563 891 ab
1592 835 1816 893 Horatio
1857 836 2000 894 dicta
2045 838 2125 895 lc-

531 925 707 996 gimus
743 943 756 979 :

716 1040 978 1109 Yerbenas
1001 1044 1143 1106 pueri
1168 1045 1351 1108 ponite,
1373 1044 1612 1109 thuraque

716 1105 841 1168 Bimi
861 1117 970 1154 cum
997 1105 1329 1168 patera'meri.

719 1167 929 1218 Mactata
952 1167 1125 1219 veniet
1149 1170 1309 1220 lenior
1333 1171 1509 1222 hostia.

1246 1255 1466 1320 (Horat,
1493 1255 1579 1309 lib.
1604 1275 1640 1321 ι,
1664 1259 1758 1310 ode
1775 1259 1876 1324 19.)

533 1386 607 1443 Et
634 1386 703 1444 ab
730 1385 923 1444 Ovidio
951 1403 965 1441 :

719 1503 937 1567 Cumque
960 1503 1084 1553 meri
1109 1511 1279 1566 patera
1304 1503 1464 1555 thuris
1484 1516 1654 1555 acerra
1676 1504 1785 1558 fuit.

625 1565 790 1618 Thura
813 1565 930 1616 focis
951 1565 1217 1629 vinumque
1241 1567 1400 1618 dedit.

1035 1647 1222 1713 (0vid.,
1241 1647 1324 1700 lib.
1348 1665 1395 1700 ιν
1415 1653 1633 1713 Fastor.,
1661 1651 1748 1704 sub
1767 1649 1880 1716 ﬁn.)

1771 240 2221 309 DISSERTATIO
2248 247 2526 310 ΡιιΑενιΑ

530 381 672 429 rum,
699 362 1076 428 aitArnobius,
1097 359 1268 417 thuris
1289 361 1492 418 socium
1515 372 1630 420 erat
1652 363 1892 438 (Arnob.,
1914 369 2003 424 lib.
2022 386 2119 437 vn,
2150 379 2204 438 Α

3724 263 3832 321 656

2319 370 2381 442 Et
2401 371 2512 434 quis
2533 375 2650 442 tunc
2671 370 2920 442 hominum
2939 375 3248 442 contemptor
3270 375 3517 427 numinis?
3537 375 3636 428 Aut
3657 379 3773 442 quis

2320 436 2449 502 Syra,
2471 435 2636 502 ovium
2660 434 2824 502 ridere
2845 434 3035 502 Numae,
3065 434 3363 502 nigrumque
3383 444 3617 502 catinum,

2318 496 2382 546 Et
2407 497 2640 546 Vaticano
2663 497 2867 559 fragiles
2888 499 2953 548 de
2979 496 3142 549 monte
3169 496 3377 562 patellas

2319 559 2483 608 Ausus
2507 567 2632 610 erat.

2891 623 3142 689 (Juvenal,
3165 623 3306 678 satir.
3329 628 3379 688 6,
3405 640 3530 680 vers.
3557 629 3697 695 540.)

2225 727 2386 784 Visne
2428 729 2592 785 alium
2633 730 2809 788 adhuc
2853 733 3011 803 hujus
3053 738 3216 792 moris
3249 738 3478 793 testem?
3522 739 3659 794 Audi
3702 738 3822 794 Pli-

2228 817 2374 873 nium
2403 837 2415 875 :
2454 838 2474 871 ί
2513 821 2570 875 lu
2603 821 2803 888 sacris,
2841 841 2860 876 ι
2899 823 3106 895 inquit,
3146 844 3165 879 ι
3201 827 3360 881 etiam
3395 829 3535 884 inter
3562 828 3660 883 has
3691 844 3828 900 opes

2226 909 2409 979 hodie,
2452 929 2559 970 non
2609 915 2921 984 murrhinis,
2967 922 3387 990 crystallinisve,
3429 921 3527 978 sed
3571 923 3828 981 fictilibus

2229 1007 2565 1078 prolibantur
2619 1011 2926 1083 Sympuviis
2985 1011 3192 1082 (Plin.,
3255 1013 3340 1069 lib.
3405 1031 3565 1082 xxxv,
3625 1033 3674 1072 c.
3731 1015 3832 1083 l2,

2231 1120 2354 1175 pag.
2385 1103 2536 1176 245).
2581 1123 2599 1158 ι
2635 1105 2832 1161 Putant
2861 1117 3040 1163 autem
3073 1109 3212 1163 idem
3249 1111 3589 1179 sympuvium
3621 1125 3744 1166 esse
3774 1124 3836 1166 ac

2230 1197 2544 1267 simpnlum,
2566 1197 2634 1254 de
2656 1215 2764 1270 quo
2789 1199 2980 1267 Varro,
2999 1201 3197 1256 Paulus
3215 1211 3270 1256 et
3289 1201 3381 1256 alii
3406 1200 3616 1273 (Varr.,
3647 1202 3735 1256 lib.
3784 1218 3836 1258 tv

2232 1289 2295 1344 de
2321 1290 2472 1364 Ling.
2509 1294 2626 1359 lat.,
2663 1312 2785 1366 pag.
2814 1296 2913 1360 31;
2947 1295 3130 1364 Paul.,
3161 1297 3215 1350 in
3246 1295 3490 1351 Vocabul.
3525 1297 3594 1350 ad
3618 1296 3834 1367 Simpu-

2232 1385 2381 1448 lum).
2412 1386 2522 1442 Nos
2548 1404 2677 1443 vero
2707 1389 2774 1444 de
2803 1390 2894 1444 illo
2921 1391 3121 1462 aliquid
3150 1407 3215 1446 ex
3242 1391 3361 1462 ipso
3383 1401 3601 1448 auctore
3627 1401 3834 1463 nostro,

2231 1497 2296 1537 ac
2315 1479 2576 1539 Cicerone
2606 1485 3008 1557 praelibaviinns
3037 1486 3248 1558 (Supr.,
3281 1504 3328 1540 c.
3361 1487 3450 1549 l3,
3478 1485 3666 1558 ("1.2).

2307 1575 2574 1632 Praeterea
2619 1579 2854 1644 ethnici,
2883 1580 3023 1635 sicut
3049 1580 3120 1634 ait
3160 1579 3460 1644 Arnobius,
3511 1580 3562 1634 in
3607 1583 3835 1636 deorum

2233 1685 2452 1725 suorum
2493 1670 2752 1727 honorem
2799 1673 3106 1728 excitabant
3135 1673 3444 1728 venerabiles
3493 1689 3692 1729 muscas
3722 1690 3838 1728 car-

533 1757 674 1815 Alibi
695 1773 825 1814 vero
851 1758 941 1814 ubi
965 1756 1032 1813 de
1059 1757 1246 1812 uxoris
1275 1773 1407 1825 suae,
1437 1773 1534 1828 pro
1561 1773 1664 1828 qua
1695 1757 1833 1813 bene
1858 1763 2125 1828 precatur,
2160 1779 2207 1843 Β
2234 1763 2446 1820 bonibus
2471 1767 2736 1821 exstinctis
2776 1766 3018 1840 (.~lrnob.,
3062 1768 3150 1822 lib.
3182 1785 3278 1835 vn,
3325 1786 3446 1840 pag.
3475 1767 3632 1838 2'55).
3665 1767 3721 1823 In
3748 1783 3840 1823 co-

535 1855 700 1910 natali
725 1852 1049 1909 celebrando
1083 1869 1096 1906 :

624 1971 698 2021 Da
724 1970 840 2019 mihi
863 1969 1024 2028 thura,
1055 1981 1197 2031 puer,
1230 1969 1438 2032 pingues
1463 1967 1689 2017 facientia
1713 1967 1947 2028 ﬂammas,

720 2032 961 2096 Quodque
985 2036 1065 2096 pio
1080 2033 1236 2080 fusum
1263 2033 1437 2082 stridat
1460 2033 1510 2081 in
1530 2032 1647 2092 igne
1673 2044 1882 2080 merum.

531 2162 665 2222 Aliis
706 2163 865 2219 etiam
911 2162 965 2217 in
1014 2161 1163 2217 libris
1208 2161 1349 2214 hunc
1399 2175 1606 2214 morem
1651 2159 1870 2227 attigit,
1919 2155 1987 2211 de
2027 2168 2133 2225 quo

530 2259 688 2315 etiam
712 2255 1096 2318 Tertullianus,
1126 2263 1179 2310 et
1205 2253 1358 2326 plura
1388 2251 1697 2308 Brissonius
1720 2249 1927 2320 (0vid.,
1977 2248 2070 2304 lib.
2099 2262 2131 2301 v

533 2348 716 2416 Trist.,
742 2350 870 2420 eleg.
897 2350 952 2415 5,
980 2365 1096 2419 nag.
1132 2347 1227 2402 l7l
1261 2365 1274 2413 ;
1317 2357 1362 2400 et
1389 2345 1478 2400 lib.
1508 2362 1599 2400 xm
1629 2345 1924 2409 Metamor.,
1950 2343 2054 2413 fab.
2077 2342 2132 2407 4,

531 2463 652 2516 pag.
685 2445 814 2504 485;
845 2452 892 2497 el
932 2444 1019 2497 lib.
1051 2459 1086 2497 ll
1129 2440 1302 2505 Fast.,
1335 2441 1363 2513 ᾗ
1399 2441 1484 2504 15;
1527 2439 1855 2504 Tertullian.,
1887 2439 2131 2509 Apolog.,

531 2553 648 2608 cap.
670 2536 763 2602 20;
787 2535 1016 2590 Brisson.
1041 2579 1054 2604 ,
1088 2535 1176 2588 lib.
1203 2551 1219 2589 ι
1251 2533 1312 2588 de
1338 2533 1598 2600 FormaL,
1625 2548 1744 2604 pag.
1775 2531 1843 2588 50
1863 2541 1911 2586 ει
1941 2533 2130 2601 seqq.).

604 2630 768 2700 Atqui
799 2631 1068 2686 Arnobius
1093 2629 1256 2685 variis
1288 2629 1556 2684 rationum
1591 2627 1880 2683 momentis
1910 2625 2135 2680 demon-

534 2735 670 2781 strat
700 2725 837 2780 hanc
865 2724 975 2778 vini
998 2766 1014 2790 ,
1057 2721 1508 2794 quemadmodum
1535 2720 1738 2788 thuris,
1783 2719 1980 2776 lihandi
2009 2734 2135 2789 pra-

531 2833 654 2874 vam
686 2833 1102 2888 perversamque
1148 2817 1597 2874 consuetudinem
1626 2815 1694 2871 ab
1732 2816 1984 2870 omnibus
2011 2829 2134 2870 esse

530 2911 947 2982 repudiendam.
989 2914 1067 2967 Ac
1096 2911 1271 2981 primo
1315 2910 1532 2982 quidem
1560 2952 1575 2978 ,
1623 2909 1746 2979 quia
1795 2908 1943 2962 nulla
1974 2906 2135 2978 hujus

534 3005 673 3061 ritus
717 3020 876 3060 causa
910 3005 1083 3075 potuit
1107 3006 1174 3061 ab
1205 3004 1313 3058 ullo
1342 3019 1576 3073 unquam
1614 3001 1818 3056 afferri.
1844 3000 1961 3056 Non
1990 3001 2133 3055 enim

532 3097 631 3164 dii,
666 3110 723 3154 ut
758 3111 882 3170 pote
912 3098 1270 3162 immortales,
1302 3097 1388 3152 siti
1421 3096 1712 3167 aliquando
1743 3095 2008 3158 laborant,
2043 3102 2136 3148 aut

2241 1857 2362 1914 dice
2393 1859 2542 1930 regio
2571 1868 2622 1914 et
2650 1859 2886 1930 antiquis
2907 1860 3234 1917 editionibns
3263 1876 3360 1930 pro
3384 1877 3582 1916 muscas
3613 1860 3843 1918 habetur

2233 1967 2458 2018 muscas,
2511 1953 2684 2020 nullo,
2737 1963 2795 2006 ut
2847 1953 3081 2018 videtur,
3130 1971 3292 2012 sensu
3343 1975 3356 2010 :
3411 1957 3461 2010 in
3515 1955 3634 2012 aliis
3681 1956 3844 2012 editis

2232 2047 2450 2110 cnissas,
2476 2046 2600 2116 jure
2630 2046 2769 2100 haud
2801 2047 2968 2102 multo
2997 2050 3190 2118 potiori
3223 2066 3237 2103 :
3271 2049 3488 2118 quidam
3519 2049 3569 2103 in
3599 2049 3843 2119 margine

2234 2139 2559 2196 addiderunt
2586 2141 2827 2212 sul/ilus,
2871 2141 2965 2197 sed
3017 2142 3188 2197 solius
3221 2142 3360 2197 haud
3396 2141 3560 2198 dubie
3606 2142 3845 2211 explica-

2236 2233 2398 2288 tionis
2424 2234 2612 2302 gratia.
2644 2232 2810 2304 Magis
2843 2234 3024 2305 itaque
3059 2233 3213 2290 nobis
3249 2235 3454 2290 arridet
3479 2249 3580 2290 vox
3622 2249 3839 2301 muscas,

2235 2337 2327 2382 aut
2370 2330 2600 2383 masc/tos
2621 2369 2635 2391 ,
2666 2344 2774 2396 quo
2801 2331 3020 2384 nomine
3062 2331 3354 2400 pretiosum
3396 2330 3611 2400 aliquod
3643 2329 3842 2385 odora-

2237 2434 2475 2478 mentum
2523 2421 2873 2494 signficatur.
2905 2422 3039 2478 Nam
3093 2423 3222 2478 illud
3269 2439 3334 2478 ex
3388 2424 3567 2489 thure,
3614 2439 3678 2478 ac
3721 2423 3847 2479 vino

2237 2516 2462 2574 odorato
2491 2521 2793 2573 confectum
2843 2519 2895 2572 in
2933 2517 3176 2572 flainmas
3199 2525 3250 2572 et
3285 2517 3535 2572 incensos
3577 2516 3844 2572 carbones

2238 2611 2454 2681 injicieb
2473 2624 2569 2680 int,
2604 2623 2658 2667 ut
2687 2629 2752 2668 ex
2781 2629 2846 2668 eo
2873 2614 3052 2669 suavis
3073 2612 3258 2684 procul
3290 2613 3454 2670 dubio
3481 2613 3618 2669 odor
3635 2613 3842 2668 excita-

2237 2717 2406 2764 retur.
2432 2708 2572 2763 Nihil
2608 2719 2786 2764 tamen
2813 2709 2880 2764 de
2907 2725 3032 2766 vera
3078 2709 3369 2764 Arnobiani
3408 2719 3584 2764 textus
3613 2708 3844 2765 lectione

2237 2801 2354 2855 sine
2375 2800 2696 2857 auctoritate
2714 2800 3062 2858 correctioris
3081 2801 3309 2872 alicujus
3329 2799 3534 2856 codicis
3553 2800 3844 2858 adfirmare

2237 2895 2524 2950 audemus.

2308 2988 2576 3061 Quidquid
2603 3005 2767 3060 porro
2797 2992 2866 3047 de
2903 2989 2994 3046 illa
3025 2998 3253 3056 statuas,
3283 2989 3400 3058 ipse
3439 3000 3628 3048 auctor
3660 3000 3846 3049 noster

2236 3079 2486 3136 ethnicos
2515 3083 2664 3137 nullo
2707 3099 2928 3154 prorsus
2957 3083 3119 3152 modo
3163 3094 3349 3140 censet
3389 3084 3710 3151 audiendos,
3753 3085 3844 3155 qui

532 3194 717 3248 viuum
744 3194 823 3248 eis
847 3191 1262 3262 propinandum,
1293 3200 1351 3244 ιη
1370 3190 1520 3245 cibus
1544 3188 1792 3260 digeram
1817 3187 2132 3244 conﬁciam-
2160 3179 2206 3245 (ς
2238 3174 2563 3244 persuadere
2609 3175 2857 3233 omnibus
2888 3178 3243 3246 conabantur,
3271 3177 3451 3233 vinum
3481 3177 3614 3233 illud
3646 3180 3846 3234 odora-

532 3303 657 3358 que.
712 3287 912 3342 Eadem
968 3302 1191 3357 prorsus
1243 3285 1452 3339 ratione
1500 3283 1854 3348 Lactantius,
1910 3280 2135 3337 Arnobii

532 3382 706 3438 nostri
747 3381 1078 3450 discipulus,
1126 3380 1270 3434 hunc
1295 3377 1635 3433 ethnicorum
1676 3390 1920 3431 errorem
1953 3375 2136 3445 proﬂi-

534 3484 664 3546 gat:
693 3493 711 3525 ι
743 3473 996 3532 Mactant.
1030 3493 1049 3525 ι
1077 3471 1272 3537 inquit,
1303 3491 1322 3522 ε
1355 3471 1564 3539 opimas
1591 3485 1652 3524 ac
1682 3471 1908 3539 pingues
1930 3468 2135 3524 hostias

537 3568 675 3633 deo,
705 3565 856 3635 quasi
887 3562 1182 3628 esurienti;
1214 3561 1544 3634 profundunt
1592 3562 1715 3616 vina
1762 3569 2014 3630 tanquam
2055 3561 2132 3614 si-

537 3660 713 3716 tienti.
749 3679 767 3712 ›
801 3657 1084 3727 (antant.,
1116 3658 1201 3712 lib.
1230 3673 1304 3717 γι,
1346 3672 1462 3726 cap.
1485 3655 1540 3719 2,
1583 3673 1704 3728 pag.
1748 3653 1854 3710 542
1893 3665 1938 3709 et
1983 3652 2134 3724 547.)

537 3757 715 3822 Atque
739 3751 863 3808 inde
889 3753 967 3809 sic
1003 3758 1411 3823 argumentatur
1444 3768 1458 3806 :
1497 3769 1515 3802 ι
1549 3749 1731 3818 Itaque
1758 3748 1863 3804 diis
1891 3765 1999 3803 non
2029 3763 2137 3804 cac-

535 3850 730 3906 lestetn
776 3863 1028 3914 sensum,
1077 3845 1172 3902 sed
1220 3846 1512 3899 humanum
1561 3844 1736 3914 potius
1781 3843 2082 3900 attribuunt
2119 3859 2133 3896 :

534 3941 770 4012 ideoque
799 3941 904 3995 illis
934 3939 1260 4004 necessaria,
1293 3947 1348 3994 et
1386 3946 1537 4008 grata
1582 3937 1811 3992 credunt
1851 3951 1972 3992 esse
2017 3952 2137 4008 qua:

536 4035 719 4102 nobis,
751 4033 948 4105 quibus
974 4042 1066 4088 aut
1094 4031 1452 4088 esurientibus
1483 4046 1619 4101 opus
1650 4038 1735 4085 est
1772 4029 1916 4097 cibo,
1946 4041 2037 4084 aut
2064 4029 2140 4084 si-

537 4127 798 4184 tientibus
822 4135 972 4198 potu,
996 4135 1089 4180 aut
1110 4134 1262 4180 veste
1287 4123 1609 4195 algentibus,
1637 4131 1749 4186 aut,
1774 4137 1896 4177 cum
1925 4122 2019 4177 Sol
2045 4121 2140 4176 de-

539 4221 790 4284 cesserit,
813 4220 1038 4286 lumine,
1068 4226 1125 4273 ut
1150 4216 1333 4272 videre
1361 4213 1652 4287 possimus.
1685 4214 1859 4269 Nullis
1886 4215 2046 4285 igitur
2071 4228 2138 4269 ex

538 4317 704 4372 rebus
730 4325 835 4371 tam
856 4315 1081 4386 probari
1113 4321 1168 4370 et
1195 4312 1419 4383 intelligi
1464 4318 1640 4382 potest
1669 4309 1800 4364 deos
1827 4310 1982 4376 istos,
2013 4323 2136 4364 cum

540 4409 829 4480 aliquando
853 4408 1102 4474 vixerint,
1130 4414 1370 4462 mortuos
1399 4420 1542 4473 esse,
1570 4418 1733 4474 quam
1767 4419 1832 4458 ex
1863 4403 1982 4472 ipso
2007 4402 2135 4469 ritu,

540 4506 632 4575 qui
665 4513 748 4558 est
782 4513 924 4558 totus
954 4516 984 4556 e
1015 4510 1178 4556 terra.
1211 4519 1229 4552 ι

2239 3275 2348 3322 tum
2382 3279 2526 3324 recte
2553 3271 2658 3324 diis
2701 3271 2853 3327 libari
2887 3271 3108 3327 hoiioris
3133 3286 3299 3342 ergo,
3331 3281 3385 3326 et
3413 3281 3471 3327 ut
3503 3271 3717 3342 prOpitii
3747 3271 3846 3327 fie-

2237 3373 2378 3418 rent.
2428 3364 2560 3430 Quis
2605 3366 2784 3432 enim,
2827 3368 2904 3420 ait
2943 3365 3072 3431 ille,
3112 3366 3218 3422 diis
3267 3366 3474 3431 Itonos,
3502 3380 3626 3421 cum
3676 3384 3696 3418 ι
3735 3365 3845 3421 vini

2237 3455 2417 3527 exigui
2461 3472 2614 3513 rores
2662 3473 2828 3527 super
2873 3457 3109 3514 vividam
3157 3459 3355 3530 jeceris
3403 3469 3566 3530 atque
3608 3459 3846 3515 instilla-

2239 3551 2382 3606 veris
2425 3554 2687 3621 prunam?
2726 3571 2745 3605 ι
2797 3551 2961 3624 (Ibid.
2999 3563 3048 3610 et
3077 3554 3244 3624 seqq.)
3273 3553 3412 3622 Quid
3456 3563 3619 3610 rectm
3650 3554 3848 3610 rationi

2239 3645 2408 3715 magis
2457 3647 2785 3716 oppositum,
2816 3663 2879 3704 ac
2916 3647 3063 3702 dictu
3117 3649 3288 3719 magis
3334 3646 3654 3715 absurdum,
3683 3663 3844 3719 quam

2239 3735 2371 3792 deos
2417 3739 2705 3808 honorari,
2757 3749 2851 3794 aut
2899 3740 3207 3796 hominibus
3257 3739 3438 3796 favere
3470 3740 3640 3795 effuso
3681 3742 3843 3810 vino,

2239 3831 2382 3899 quod
2406 3832 2664 3886 virtutum
2689 3848 2884 3888 nervos
2908 3834 3174 3900 debilitat,
3190 3833 3332 3904 quod
3355 3833 3563 3903 pudori,
3583 3833 3844 3902 caStitati,

2239 3931 2295 3978 et
2323 3925 2662 3980 verecundia:
2702 3927 2976 3982 inimicum
3006 3937 3122 3994 est,
3154 3925 3329 3998 quod,
3376 3925 3422 3982 si
3465 3925 3678 3981 avidius
3706 3925 3842 3982 hau-

2240 4015 2396 4081 seris,
2429 4018 2482 4073 in
2513 4019 2780 4076 insaniam
2809 4032 2864 4076 et
2889 4020 3125 4076 furorem
3155 4029 3207 4075 te
3239 4020 3632 4090 pra-cipitabit?

2320 4112 2428 4168 Sed
2463 4129 2529 4169 eo
2561 4129 2733 4185 usque
2760 4113 3011 4171 homines
3037 4113 3174 4169 falsa
3201 4113 3488 4184 religionis
3519 4113 3703 4183 Specie
3743 4113 3843 4171 de-

2240 4223 2427 4281 cepzos
2449 4225 2604 4264 error
2633 4217 2963 4279 pervaserat.
2989 4217 3046 4262 ut
3069 4207 3400 4263 solemnibus
3422 4207 3624 4274 verbis,
3649 4209 3846 4276 quibus

2240 4306 2422 4358 vinum
2444 4303 2550 4358 diis
2571 4303 2832 4369 libabant,
2857 4317 3107 4373 magnum
3135 4302 3395 4358 honorem
3417 4302 3525 4357 illis
3548 4318 3606 4358 se
3628 4301 3847 4359 deferre

2242 4399 2650 4468 profiterentur.
2685 4395 2818 4451 Nam
2849 4395 2977 4451 illud
3007 4395 3092 4450 his
3120 4395 3251 4466 ipsis
3281 4396 3694 4468 significabant,
3724 4413 3849 4467 qua:

2241 4491 2514 4546 Arnobius
2549 4489 2743 4546 ibidem
2777 4489 2996 4557 retulit,
3029 4487 3207 4546 verbis
3240 4508 3252 4543 :
3290 4509 3308 4542 ι
3349 4489 3553 4546 Mactus
3587 4493 3689 4545 hoc
3723 4492 3851 4548 vino

611 4597 884 4654 Arnobius
913 4596 1093 4666 itaque
1123 4594 1372 4652 ethnicos
1400 4603 1507 4649 tam
1534 4593 1690 4659 scite,
1723 4607 1881 4662 quam
1910 4599 2138 4644 venuste
2161 4575 2216 4638 D
2243 4583 2437 4640 inferio
2457 4593 2574 4638 esto
2604 4601 2623 4635 ι
2648 4580 2833 4652 (lbid.,
2861 4581 3083 4654 p.236).
3112 4583 3333 4639 Servius
3353 4592 3555 4648 autem,
3579 4595 3632 4640 et
3655 4595 3848 4655 postea

539 4679 833 4750 insectatus
862 4709 877 4744 :
907 4709 925 4742 ι
963 4691 1113 4755 Date,
1138 4704 1344 4760 quasso,
1382 4709 1400 4742 ›
1429 4688 1526 4755 ait,
1557 4708 1576 4740 ‹
1607 4685 2007 4741 immortalibus
2034 4682 2139 4739 diis

536 4787 746 4852 bibant,
777 4783 1032 4857 scyphos,
1061 4783 1228 4850 brias,
1260 4791 1490 4853 pateras,
1524 4780 1912 4853 sympuviaque
1940 4777 2139 4848 depro-

438 4908 447 4915 -
537 4882 670 4938 mite
716 4879 957 4953 (Arnob.,
989 4879 1077 4932 lib.
1109 4894 1201 4945 vn,
1239 4895 1356 4949 pag.
1387 4875 1541 4948 235).
1579 4895 1599 4927 ι
1635 4874 1758 4927 Bria
1803 4883 1981 4926 autem
2022 4879 2141 4927 erat

537 4971 805 5044 quoddam
839 4986 1127 5036 mensurae,
1161 4985 1254 5024 seu
1283 4971 1446 5033 vasis,
1487 4977 1542 5023 et
1585 4966 1763 5037 poculi
1809 4981 2001 5037 genus,
2045 4981 2141 5033 po-

535 5065 671 5120 tioni
697 5064 802 5119 vini
832 5062 1170 5119 continenda;
1191 5073 1395 5125 autum.
1435 5059 1562 5115 lude
1588 5060 1639 5112 in
1669 5058 1839 5113 veteri
1870 5058 2138 5128 glossario

532 5157 906 5227 latino-graeco
933 5155 1160 5222 legimus
1186 5154 1330 5219 Bria,
1351 5149 1480 5215 εἶδος
1510 5155 1729 5227 dir/eia),
1759 5168 1991 5207 mensura
2017 5167 2137 5222 que-

535 5251 686 5314 dam,
710 5250 930 5322 Legesis
956 5250 1165 5306 lexicon
1196 5247 1428 5302 Martinii
1452 5289 1466 5312 ,
1495 5256 1550 5301 et
1576 5243 1758 5317 Cangii
1786 5246 2132 5316 glossarium.

535 5343 880 5417 Sympuvium
910 5360 1003 5399 vas
1030 5357 1244 5414 quoque
1279 5351 1395 5396 erat
1426 5341 1686 5410 ligneum,
1716 5349 1776 5393 ut
1802 5339 1877 5393 ait
1905 5338 2132 5403 Nonius,

531 5419 615 5495 vel
665 5439 849 5506 fictile,
894 5449 952 5494 ut
992 5439 1110 5494 aliis
1159 5438 1355 5508 placet,
1389 5437 1529 5506 quod
1577 5436 1656 5492 sic
1697 5434 2132 5506 cognominatum

529 5534 740 5600 volunt,
772 5535 1025 5604 quoniam
1077 5532 1130 5586 in
1175 5547 1240 5586 eo
1277 5531 1588 5586 sacerdotes
1637 5543 1829 5583 omnes
1874 5525 2132 5580 bibebant

529 5623 610 5696 (Ν
615 5643 724 5692 on.,
751 5626 813 5680 de
837 5626 1100 5697 Propriet.
1146 5641 1324 5691 serm.,
1349 5641 1394 5678 c.
1425 5623 1512 5690 19,
1541 5618 1707 5692 §29).
1733 5620 1789 5673 In
1815 5619 1982 5673 sacris
2003 5634 2131 5674 vero

527 5716 665 5773 illud
692 5733 722 5772 a
749 5717 922 5774 Numa
966 5717 1270 5776 adhibitum
1318 5733 1387 5774 ex
1425 5715 1510 5771 his
1547 5712 1813 5782 colligunt
1859 5709 2131 5767 Juvenalis

528 5809 856 5867 carminibus
886 5828 902 5865 :
1067 5856 1070 5858 .

2242 4675 2484 4734 Isidorus
2510 4677 2869 4734 testificantur
2899 4679 3012 4733 haec
3042 4678 3093 4733 in
3121 4675 3540 4746 Pontificalibus,
3571 4691 3665 4734 seu
3697 4679 3847 4734 Pon-

2242 4773 2445 4829 tificum
2478 4773 2627 4828 libris
2667 4772 2744 4828 sic
2789 4772 2985 4843 scripta
3019 4776 3438 4842 prmscriptaque
3476 4770 3687 4828 fuisse:
3727 4791 3745 4823 ι
3788 4771 3846 4827 In

2243 4866 2660 4937 pontificalibus,
2694 4886 2712 4919 ι
2747 4865 2938 4936 inquit,
2968 4883 2989 4917 (
3025 4865 3392 4921 sacrificantes
3414 4865 3668 4922 dicebant
3693 4863 3801 4923 deo
3830 4883 3846 4920 :

2240 4962 2410 5019 Macte
2442 4962 2544 5018 hoc
2572 4961 2764 5018 inferio
2792 4963 2916 5016 vino
2945 4971 3064 5016 esto
3093 4980 3112 5011 ι
3142 4958 3339 5032 (Serm,
3359 4960 3412 5014 in
3454 4959 3658 5032 Virgil.,
3714 4961 3753 5014 ι.
3793 4976 3849 5015 ix

2241 5054 2484 5123 1Eneid.,
2538 5073 2591 5126 p.
2641 5055 2778 5121 564;
2830 5051 2989 5120 Isid.,
3036 5061 3074 5107 l.
3127 5069 3182 5116 x,
3221 5052 3534 5125 Etymolog.,
3584 5053 3654 5106 ad
3702 5054 3844 5108 verb.

2241 5151 2497 5216 Macros;
2530 5150 2683 5212 Cato,
2710 5150 2774 5203 de
2811 5149 2886 5204 Re
2923 5150 3124 5215 rustic.,
3161 5165 3207 5202 c.
3244 5149 3346 5203 152
3389 5159 3436 5204 et
3485 5147 3630 5222 l5i).
3681 5148 3843 5218 Quod

2239 5247 2457 5317 quidem
2491 5244 2631 5300 haud
2658 5245 2824 5298 semel
2855 5259 2882 5297 a
2909 5242 3135 5308 Catone,
3166 5254 3220 5296 et
3246 5244 3369 5301 aliis
3401 5244 3679 5300 memoria:
3713 5261 3844 5315 pro-

2237 5341 2408 5397 ditum
2439 5350 2541 5395 est.
2576 5338 2829 5393 lnl'erium
2856 5346 3038 5393 autem
3067 5337 3272 5404 vinum,
3300 5338 3376 5392 uti
3399 5355 3466 5394 ex
3498 5335 3679 5403 FeSto,
3704 5339 3841 5394 Sca—

2237 5435 2427 5505 ligero,
2483 5443 2537 5489 et
2581 5432 2858 5488 Brissonio
2903 5431 3102 5494 disces,
3165 5432 3292 5486 illud
3342 5444 3457 5486 erat
3511 5431 3652 5502 quod
3703 5431 3846 5487 infra

2237 5537 2440 5599 patera:
2490 5526 2696 5580 labrum
2741 5523 3120 5580 eflundebatur
3151 5523 3380 5596 (Festus,
3408 5524 3478 5579 ad
3515 5521 3629 5579 verb
3689 5541 3848 5581 ιπε-

2241 5635 2401 5687 alvu;
2449 5618 2728 5689 Scaliger.,
2759 5618 3045 5688 conjecta».
3079 5619 3132 5672 in
3193 5617 3433 5685 Varron.,
3462 5636 3515 5687 p.
3550 5618 3655 5684 80;
3696 5617 3848 5674 Bris-

2243 5731 2380 5779 son.,
2410 5713 2448 5767 ι.
2477 5729 2496 5768 ι
2523 5710 2760 5768 Formul.
2794 5754 2810 5778 ,
2841 5730 2894 5784 p.
2925 5712 2996 5767 50
3033 5722 3080 5766 et
3121 5713 3236 5784 37).
3267 5711 3472 5768 Mactus
3500 5728 3662 5781 vero,
3701 5713 3848 5770 sicut

2246 5807 2357 5876 jam
2397 5807 2649 5877 diximus,
2683 5806 3020 5880 significabat
3056 5806 3228 5878 magis
3252 5815 3460 5866 auctus.
3499 5806 3710 5866 Horum
3743 5809 3848 5868 ita-
