3978 6358
129 426 232 485 657

1320 426 1391 486 IN
1429 428 1823 502 amomum,
1864 430 2016 487 CAP.
2049 430 2240 489 xxrv.

3322 433 3426 492 658

127 562 231 620 que
272 544 566 604 verborum
614 560 809 604 sensus
854 553 1014 605 erat:
1043 547 1127 605 Tu
1170 547 1399 622 Jupiter,
1447 559 1541 606 aut
1590 549 1727 607 alius
1752 552 1808 613 Α
1831 549 1886 604 in
1914 548 2137 618 Minuta,
2168 568 2218 605 c.
2250 550 2341 619 19,
2370 560 2470 607 art.
2499 551 2536 607 2
2564 560 2613 607 et
2641 552 2717 626 5).
2753 551 3022 609 Arnobius
3048 553 3234 625 itaque
3260 553 3431 613 hosce

129 641 301 715 quivis
324 640 482 706 deus,
507 650 626 698 esto
650 640 818 714 magis
839 650 1028 699 auctus
1054 642 1158 700 hoc
1185 643 1382 700 inferio
1408 644 1557 710 vino,
1588 644 1734 715 quod

136 733 272 791 infra
332 733 543 791 labrum
604 743 804 804 paterae
855 735 1219 802 transfusum,
1267 736 1360 791 tibi
1407 736 1622 792 libatur.
1655 736 1736 793 Ex

133 829 390 885 Trebatio
444 838 625 884 autem
687 829 959 887 Arnobius
1023 830 1407 886 animadvertit
1465 831 1736 903 adjectum

132 921 297 978 fuisse
348 922 453 978 hoc
503 923 729 978 verbum
784 924 990 996 inferio,
1043 940 1111 980 ne
1150 924 1331 979 vinum
1378 924 1653 980 conditum
1682 925 1733 980 in

132 1017 284 1074 cellis
309 1026 365 1073 et
394 1020 704 1089 apothecis,
734 1033 798 1073 ex
831 1019 1024 1090 quibus
1068 1017 1199 1074 illud
1243 1019 1491 1073 haustum
1527 1018 1735 1086 fuerat,

133 1126 344 1169 sacrum
391 1113 573 1178 ﬁeret,
602 1122 657 1167 et
684 1111 867 1168 usibus
900 1111 1150 1167 humanis
1188 1112 1510 1183 eriperetur.
1543 1112 1731 1184 Papae,

135 1215 392 1278 quantum
421 1204 526 1261 hoc
548 1206 843 1261 verendum
870 1206 1018 1261 erat!

204 1299 312 1356 Sed
353 1300 635 1356 audiamus
677 1299 971 1356 Auctorem
1002 1309 1245 1357 nostrum
1301 1299 1425 1356 inde
1473 1300 1737 1358 adversus

142 1395 396 1451 ethnicos
445 1394 821 1466 di~putantem.
880 1393 1037 1462 Quo,
1096 1392 1297 1464 inquit,
1352 1393 1558 1450 honore
1605 1394 1739 1451 deus

134 1490 327 1562 augeri
355 1499 547 1559 potest,
574 1504 696 1551 cum
719 1488 768 1545 ei
798 1488 882 1544 lex
908 1503 938 1544 a
966 1487 1304 1544 sacriﬁcante
1333 1488 1645 1559 imponitur,
1670 1504 1739 1547 ne

132 1584 259 1657 plus
310 1591 477 1654 petat,
521 1596 680 1654 quam
728 1582 910 1636 vinum
958 1580 1090 1636 illttd
1137 1578 1430 1635 inferiutn?
1471 1579 1739 1649 Numquid

134 1676 362 1733 nimium
395 1691 561 1731 vorax
583 1717 598 1741 ,
635 1674 853 1741 helluo,
883 1682 938 1729 et
963 1673 1186 1744 gulosus
1228 1682 1345 1728 erat
1387 1672 1615 1728 eximius
1649 1672 1740 1729 ille

135 1773 289 1840 deus,
325 1780 385 1826 ut
412 1772 514 1825 hac
543 1770 952 1841 praescriptione
980 1765 1249 1837 cupiditas
1276 1766 1392 1836 ejus
1421 1764 1740 1821 arceretur?

135 1865 277 1923 Nihil
307 1869 510 1934 quippe
538 1866 652 1918 haec
682 1861 864 1927 verba,
899 1860 1103 1915 Macta:
1131 1859 1228 1914 hoc
1253 1860 1369 1915 vino
1396 1860 1580 1931 inferio
1611 1868 1736 1924 esto,

1839 643 2101 701 absurdos
2129 647 2469 704 ethnicorum
2513 646 2649 702 ritus
2678 646 2819 702 haud
2847 647 3131 704 invenuste
3155 647 3429 706 exsibilat.

1839 739 1921 795 Ab
1950 738 2138 796 iisdem
2187 741 2387 812 quippe
2412 741 2643 796 ethnicis
2682 741 2853 810 poscit
2883 750 3061 797 utrum
3097 740 3208 807 dii,
3235 742 3432 798 auditis

1839 835 1950 891 illis
1987 835 2279 906 crepitibus
2304 843 2360 890 et
2384 836 2671 903 sonitibus,
2706 834 3000 892 honorifice
3038 849 3221 892 secum
3254 844 3431 892 actum

1840 927 2177 996 existiment,
2209 928 2298 984 vel
2326 926 2684 991 mulceantur,
2718 939 2878 998 atque
2904 926 3037 981 iram
3083 937 3193 981 tum
3239 941 3434 983 revera

1840 1021 2132 1098 deponant,
2182 1021 2272 1078 vel
2317 1022 2458 1076 sicut
2486 1020 2739 1091 pusiones
2789 1019 2876 1075 his
2922 1028 3316 1077 exterreamur.
3369 1018 3433 1076 Si

1841 1114 1912 1170 ita
1944 1116 2203 1182 sentiunt,
2231 1113 2361 1169 nihil
2392 1123 2541 1169 certe
2565 1112 2767 1184 fingere
2795 1122 3046 1183 poterant
3078 1113 3161 1170 his
3192 1112 3433 1169 ridiculis

1841 1207 2189 1279 Opinionibus
2232 1206 2403 1279 magis
2444 1205 2814 1274 temerarium,
2846 1214 2902 1265 et
2928 1204 3128 1263 divinae
3168 1205 3435 1278 majestati

1840 1301 2096 1372 injurium
2115 1300 2140 1354 ?

1915 1394 2051 1450 Tum
2100 1393 2297 1451 deinde
2339 1402 2529 1450 auctor
2571 1401 2759 1449 noster
2798 1393 2961 1449 simili
3002 1393 3165 1450 modo
3206 1395 3442 1466 exagitat

1842 1489 2134 1545 matutinas
2159 1485 2474 1563 eorumdem
2515 1487 2797 1558 gentilium
2836 1485 3195 1543 excitationes
3215 1528 3231 1552 ,
3262 1502 3327 1543 ac
3357 1488 3440 1542 vi-

1841 1584 2020 1656 gilias,
2063 1593 2122 1638 ut
2167 1598 2347 1650 mane,
2380 1581 2832 1654 quemadmodum
2861 1597 3105 1652 vespere,
3134 1582 3266 1637 deos
3313 1596 3441 1637 suos

1842 1677 1985 1734 irent
2013 1676 2304 1732 salutatum
2345 1675 2591 1745 (Arnob.,
2625 1675 2664 1730 ι.
2695 1690 2789 1743 vn,
2834 1692 2887 1745 p.
2916 1673 3067 1746 257).
3117 1673 3195 1729 De
3245 1674 3444 1730 usitato

1844 1781 2022 1828 autem
2052 1771 2145 1827 illo
2167 1770 2300 1827 deos
2324 1785 2483 1826 mane
2523 1769 2793 1825 salutandi
2824 1784 2975 1824 more
3015 1768 3158 1823 hunc
3183 1768 3444 1837 Apuleius

1845 1866 2081 1937 loquitur
2107 1867 2161 1920 in
2191 1865 2412 1921 modum
2446 1883 2460 1919 :
2500 1881 2521 1916 ‹
2557 1862 2769 1934 Templi
2815 1861 3108 1918 matutinas
3136 1862 3445 1931 apertiones

134 1957 278 2013 aliud
309 1955 708 2027 signiﬁcabant,
740 1969 923 2026 quam,
958 1961 1077 2009 esto
1113 1965 1345 2019 mactus,
1384 1956 1485 2008 hoc
1510 1962 1614 2016 est,
1647 1951 1743 2008 ho-
1773 1958 1821 2021 Β
1846 1960 2186 2033 opperiebar,
2236 1962 2313 2014 Ac
2352 1958 2479 2013 dum
2522 1958 2657 2013 velis
2699 1954 3053 2013 candentibus
3097 1953 3356 2021 reductis,
3390 1953 3447 2008 ίη

135 2066 269 2107 nore
294 2060 487 2105 auctus
512 2046 976 2120 etamplilicatus.
1005 2057 1263 2118 quantum
1289 2045 1569 2101 dumtaxat
1597 2048 1738 2112 voto,

138 2162 241 2203 nec
278 2146 451 2217 magis
490 2159 648 2217 quam
686 2143 873 2215 jubeo.
906 2141 1025 2198 Non
1063 2142 1207 2198 enim
1248 2142 1481 2212 amplius
1509 2141 1743 2196 honora-

140 2242 309 2307 beris,
339 2254 502 2312 quam
541 2238 664 2294 volo
695 2239 814 2309 plus
857 2246 950 2292 aut
992 2236 1170 2291 minus
1195 2236 1304 2291 vini
1337 2235 1392 2290 in
1424 2244 1623 2305 paterae
1667 2234 1744 2289 la-

138 2334 296 2392 brum
330 2332 558 2388 inferius
583 2329 806 2386 effundi.
840 2329 1009 2385 Deum
1046 2342 1197 2399 ergo,
1227 2327 1317 2399 qui
1350 2335 1561 2398 poterat
1589 2326 1743 2398 plura

139 2426 438 2497 postulare,
466 2438 528 2480 ea
558 2423 647 2480 lex
667 2432 721 2479 et
743 2420 1063 2494 prescriptio
1084 2435 1193 2481 non
1222 2420 1451 2491 honore,
1475 2418 1573 2474 sed
1596 2419 1745 2491 igno-

138 2521 309 2581 minia
339 2520 630 2579 afficiebat.

742 2650 1039 2695 Αιιτιουωε
1076 2652 1155 2692 Ill.

140 2760 299 2821 Quam
321 2759 465 2807 recte
489 2754 734 2821 Arnobius
756 2755 981 2821 exagitet
999 2762 1146 2816 atque
1188 2751 1351 2821 ejiciat
1366 2819 1372 2821 Α
1390 2748 1515 2799 alios
1539 2748 1750 2821 insulsus

205 2821 518 2871 ethnicorqu
537 2818 678 2877 ritus,
697 2813 876 2881 quibus
890 2817 1013 2881 deos
1030 2813 1144 2864 suos
1161 2814 1311 2881 Sertis
1331 2819 1383 2862 et
1398 2813 1591 2881 coronis
1605 2825 1752 2881 εισι-τ-

205 2884 411 2939 nabant,
454 2875 728 2932 utebantur
758 2877 992 2943 cymbalis
1011 2914 1030 2943 ,_
1052 2877 1322 2940 tympanis,
1365 2875 1663 2943 symphoniis
1698 2880 1753 2924 et

205 2937 444 3001 scatiillis,
458 2944 675 3005 illosque
700 2937 848 3005 mane
865 2937 1170 3005 salutabant,
1187 2952 1254 3005 _ac
1278 2952 1451 3005 Aquam
1470 2937 1752 3005 ridiculaet

206 3009 421 3059 absurda
435 2999 787 3056 'fnerit'lavatio
809 3004 977 3053 Matris
993 3004 1159 3057 deum,
1181 2999 1317 3064 Jovis
1342 2999 1755 3064 epuluniLvinde-

205 3072 306 3123 mia
330 3069 623 3131 Alsculapii,
645 3069 917 3131 Cereriset
945 3065 1150 3115 aliorum
1182 3061 1502 3122 lectisternia,
1537 3061 1754 3114 Telluris

213 3141 369 3199 atque
390 3132 595 3182 aliorum
619 3131 794 3181 natalis
813 3130 937 3179 dies.

218 3261 360 3319 Alite
390 3269 547 3317 erant
589 3260 934 3315 ethnicorum
963 3257 1016 3312 in
1046 3256 1220 3312 sacris
1259 3255 1374 3311 suis
1418 3253 1752 3323 cerimonim,

1847 2052 2121 2109 diversum
2142 2051 2261 2108 dea:
2284 2049 2653 2107 venerabilem
2685 2056 3039 2118 conspectum
3064 2061 3442 2118 apprecamur,

1846 2157 1904 2204 et
1927 2146 2221 2218 dispositas
2247 2160 2371 2201 aras
2395 2144 2722 2200 circumiens
2762 2141 3041 2207 sacerdos,
3063 2156 3178 2197 rem
3207 2139 3446 2196 divinam

1847 2250 2124 2312 procurat,
2178 2238 2620 2311 supplicamentis
2675 2236 3011 2293 solemnibus
3064 2235 3133 2291 de
3180 2232 3450 2305 penetrali

1846 2335 2000 2392 fonte
2028 2333 2253 2407 petitum
2277 2332 2541 2404 spondeo,
2561 2330 2711 2387 libat.
2731 2330 2913 2386 Rebus
2932 2329 3043 2400 jam
3066 2330 3168 2384 rite
3196 2341 3449 2383 consum-

1849 2430 2031 2498 matis,
2059 2427 2326 2485 inchoatae
2346 2427 2481 2482 lucis
2506 2423 2942 2489 salutationibus,
2963 2420 3196 2493 religiosi
3222 2419 3449 2490 primam

1849 2524 2164 2581 nuntiantes
2182 2522 2367 2577 horam
2398 2529 2786 2591 perstrepunt»
2811 2517 3001 2591 (Apul.
3025 2557 3040 2583 ,
3070 2514 3106 2569 l.
3137 2529 3174 2569 ιι
3206 2511 3447 2578 Metam,

1851 2639 1905 2690 p.
1935 2619 2087 2690 207).
2135 2617 2337 2672 Verum
2364 2615 2569 2671 Seneca
2614 2611 2906 2666 matutinas
2944 2609 3064 2664 illas
3104 2605 3454 2662 salutationes

1851 2714 2001 2770 hisce
2033 2711 2367 2779 totidemque
2391 2704 2572 2762 verbis
2615 2701 3029 2775 proscribendas
3057 2697 3452 2771 prohibendus-

1851 2822 1960 2877 que
2001 2820 2122 2861 esse
2161 2802 2403 2859 declarat
2434 2818 2448 2855 :
2484 2817 2504 2852 ι
2540 2792 2856 2854 Ascendere
2895 2795 3130 2865 aliquam
3178 2792 3457 2847 lucernam

1853 2900 2092 2959 sabbatis
2115 2898 2497 2969 prohibeamus
2515 2893 2809 2966 ;-quoniam
2833 2906 2935 2947 nec
2957 2890 3161 2945 lumine
3178 2887 3250 2941 dii
3273 2894 3452 2957 egent,

1854 3005 1910 3051 et
1930 3010 1998 3050 ne
2024 2992 2273 3048 homines
2301 2988 2518 3061 quidem
2545 2987 2893 3042 delectantur.
2914 2981 3158 3053 fuligine.
3190 2978 3449 3035 Vetemus

1855 3088 2270 3147 salutationibus
2315 3081 2593 3139 matutinis
2639 3079 2818 3150 fungi,
2858 3086 2914 3132 et
2962 3074 3167 3130 foribus
3216 3071 3459 3128 assidere

1860 3182 2205 3253 templorum.
2255 3178 2500 3232 llumana
2554 3173 2776 3229 ambitio
2823 3170 2940 3226 istis
2986 3168 3179 3226 officiis
3226 3167 3457 3238 capitur.

1860 3278 2028 3333 Deum
2072 3274 2221 3339 colit,
2252 3272 2345 3339 qui
2395 3270 2546 3326 novit
2589 3288 2609 3321 ι
2649 3266 2881 3339 (Senec.,
2914 3264 3064 3335 epist.
3095 3261 3187 3329 95,
3218 3280 3271 3332 p.
3303 3257 3456 3330 191).

148 3359 400 3428 variique
422 3356 577 3421 ritus,
598 3354 813 3410 caeteris
836 3352 1094 3407 hactenus
1115 3348 1427 3413 memoratis
1453 3362 1558 3404 non
1583 3348 1757 3402 minus
1787 3355 1833 3421 ρ
1864 3370 2079 3429 Emnici
2099 3377 2280 3424 tamen
2302 3380 2440 3420 vana
2462 3361 2843 3435 supersumus
2861 3356 3140 3423 omnem,
3157 3369 3264 3410 non
3285 3355 3460 3408 solum

152 3455 401 3519 inutiles,
457 3449 839 3515 superstitiosi,
895 3455 951 3503 et
996 3444 1212 3503 absurdi
1271 3443 1509 3518 (Arnob.,
1557 3445 1596 3498 ι.
1655 3460 1751 3511 vn,

151 3569 211 3620 ρ.
241 3551 400 3621 257).
448 3548 589 3604 Deos
613 3545 757 3601 enim
786 3557 933 3607 suos,
965 3542 1081 3597 sive
1126 3542 1337 3597 illorum
1370 3540 1542 3611 signa,
1572 3554 1634 3594 ac
1678 3538 1754 3594 si-

150 3644 400 3701 mulacra
430 3640 591 3695 sertis
617 3648 673 3695 et
700 3635 918 3692 coronis
943 3648 1210 3689 exornare
1236 3640 1654 3688 consueverant.
1691 3632 1759 3686 At

153 3737 308 3793 hunc
354 3733 634 3804 gentilium
679 3745 887 3786 morem
914 3743 1072 3799 quam
1105 3728 1300 3782 merito
1324 3727 1444 3797 jure
1487 3725 1759 3781 Arnobius

154 3830 584 3903 improbaverit.
627 3827 755 3883 alibi
799 3838 900 3880 nec
941 3823 1109 3878 semel
1155 3821 1494 3876 ostendimus
1539 3820 1697 3893 (tom.
1742 3836 1761 3876 ι

152 3930 444 4001 Αρραται..
476 3943 529 3996 p.
554 3921 681 3987 802,
708 3931 754 3975 et
785 3919 1001 3975 Dissert.
1027 3919 1083 3973 in
1107 3917 1327 3983 Minnc.,
1351 3933 1398 3971 c.
1432 3918 1522 3984 19,
1554 3926 1654 3971 art.
1677 3914 1759 3989 ἓ).

233 4022 399 4078 Ridet
417 4018 594 4074 adhuc
621 4015 887 4072 Arnobius
913 4012 1135 4070 eosdem
1161 4011 1432 4075 ethnicos,
1458 4012 1548 4081 qui
1573 4011 1625 4065 in
1650 4009 1764 4066 suis

1856 3480 2035 3530 mane,
2067 3478 2130 3517 ac
2157 3475 2405 3530 vespere,
2438 3458 2534 3514 sed
2562 3454 2789 3526 singulis
2823 3452 2930 3507 diei
2972 3449 3120 3506 horis
3150 3450 3281 3504 deos
3310 3459 3460 3510 suos,

1859 3559 1935 3615 uti
1990 3553 2356 3613 Tertullianus
2416 3550 2776 3614 testificatur,
2844 3543 3083 3600 salutare
3138 3539 3389 3595 solebant
3446 3554 3461 3591 :

1868 3672 1887 3705 ι
1924 3650 2029 3722 Qui
2053 3668 2101 3704 Ill
2130 3649 2312 3713 idolis,
2346 3666 2364 3698 ι
2398 3643 2592 3715 inquit,
2621 3660 2641 3694 ι
2671 3639 2954 3697 comendis
2974 3646 3032 3694 et
3055 3638 3108 3691 in
3135 3635 3244 3692 aris
3268 3646 3466 3689 ornan-

1862 3745 1968 3813 dis,
1997 3757 2053 3799 et
2080 3742 2145 3798 ad
2173 3739 2411 3811 singulas
2446 3738 2606 3792 horas
2634 3732 2932 3789 salutandis
2965 3729 3278 3795 adulantur,
3303 3738 3467 3779 cura-

1864 3839 2064 3897 tionem
2086 3836 2265 3893 facere
2287 3834 2538 3891 dicuntur
2568 3850 2588 3884 ι
2622 3826 2890 3901 (Tcrtutt.,
2910 3826 2948 3882 ι.
2968 3825 3032 3881 de
3057 3821 3262 3895 Jejuu.,
3292 3839 3338 3877 c.
3374 3819 3465 3887 16,

1798 3996 1799 3999 γ
1866 3953 1920 4007 ρ.
1952 3932 2101 4002 7l5).

1939 4024 2076 4094 Quid
2097 4022 2290 4078 mirum
2312 4035 2461 4092 ergo,
2489 4019 2535 4075 si
2560 4016 2832 4074 Arnobius
2856 4014 2973 4082 has,
2998 4011 3066 4069 de
3092 4010 3289 4082 quibus
3313 4008 3472 4081 plura

156 4112 466 4188 mysneriis,
518 4109 692 4173 festis,
743 4115 902 4177 atque
956 4103 1388 4161 solemnitatibus
1441 4102 1750 4157 adhibebant

1869 4120 2201 4185 Brissnnius,
2231 4115 2581 4173 salutationes
2604 4111 2838 4183 iocando
2866 4108 2947 4165 sic
2975 4102 3268 4177 ‘explodat?
3303 4121 3323 4156 ι
3356 4100 3471 4159 0b-

160 4204 438 4279 cymi’ala’
496 4206 770 4274 tympana,
820 4194 1190 4269 symphonias,
1248 4205 1304 4249 θί
1358 4194 1597 4258 δωδίηθο
1647 4208 1768 4265 qua;
1872 4212 2209 4271 dormiscunt
2232 4211 2435 4282 superi,
2462 4221 2709 4265 remeare
2756 4212 2814 4260 ut
2852 4202 2919 4258 ad
2966 4200 3177 4273 vigilias
3199 4195 3474 4254 debeant?

161 4309 330 4360 erant
367 4295 682 4368 crepitaculi
711 4292 981 4365 quoddam
1025 4303 1215 4362 genus.
1247 4288 1385 4344 Tum
1416 4298 1595 4343 autem
1629 4302 1770 4357 prat-

163 4397 334 4469 cipue
361 4394 447 4449 his
488 4390 709 4448 musicis
736 4388 964 4457 altisque
988 4384 1362 4441 instrumentis
1390 4382 1770 4450 abutebantur,

165 4506 296 4547 cum
330 4500 482 4542 sacra
506 4484 693 4540 Matris
716 4482 899 4546 deum,
928 4494 1024 4534 seu
1047 4477 1293 4549 CyMles,
1319 4476 1575 4548 mysteria
1604 4473 1772 4530 festa-

165 4598 279 4655 que
314 4587 656 4653 peragentes,
695 4576 841 4630 illius
868 4572 1213 4628 simulacrum
1245 4585 1340 4640 per
1363 4569 1525 4625 urbes
1546 4568 1775 4625 circum-

1873 4308 2014 4377 Quid
2063 4304 2421 4362 dormitiones
2460 4303 2590 4370 illae,
2621 4300 2816 4372 quibus
2845 4305 2903 4352 ut
2929 4295 3069 4351 bene
3117 4292 3348 4357 valeant,
3379 4304 3475 4345 au-

1876 4400 2124 4473 spicabili
2148 4397 2474 4455 salutatione
2503 4392 2806 4451 mandatis?
2832 4387 3020 4445 Somni
3050 4387 3232 4457 quiete
3256 4382 3330 4438 dii
3359 4382 3472 4437 sol-

1877 4472 2096 4558 vuntur,
2131 4490 2490 4562 occuparique
2517 4487 2621 4541 hoc
2648 4491 2707 4539 ut
2735 4481 2972 4552 possint,
3000 4478 3153 4532 lenes
3190 4472 3475 4529 audienda:

1879 4596 2007 4644 sunt
2027 4586 2217 4640 munia:
2244 4602 2265 4636 ι
2293 4580 2535 4656 (Arnob.,
2560 4579 2657 4632 loc.
2687 4575 2773 4629 cit.
2794 4591 2809 4640 ;
2832 4571 3086 4633 Brisson.,
3103 4571 3137 4623 ι.
3171 4583 3191 4622 ι
3209 4562 3472 4656 Εσηηιιι..

169 4673 447 4731 ferebant.
483 4670 653 4738 Quam
700 4681 831 4723 vero
871 4666 986 4721 haec
1014 4663 1242 4721 ridicula
1268 4672 1483 4729 essent,
1518 4661 1603 4718 his
1647 4660 1779 4717 satis
1882 4698 1939 4752 ρ,
1968 4680 2039 4736 33
2065 4688 2115 4735 ει
2145 4655 2332 4749 ηιμ),
2363 4673 2502 4742 Quid
2543 4680 2721 4726 autem
2768 4666 2872 4721 hoc
2900 4664 3089 4719 ultimo
3113 4659 3336 4716 nomine
3372 4655 3477 4712 sibi

173 4779 447 4838 agnosces
473 4761 646 4819 Ovidii
673 4760 1002 4817 carminibus
1031 4776 1046 4813 :

277 4880 428 4931 Ibunt
449 4878 757 4930 semimares.
783 4882 836 4924 et
858 4874 1016 4925 inania
1037 4876 1263 4936 tympana
1286 4870 1512 4928 tundent,

339 4940 555 5004 Ait-aque
578 4941 779 4990 tinnitus
799 4950 900 4989 tere
924 4935 1121 5004 repulsa
1144 4935 1348 5004 dabunt;

931 4993 1119 5063 (Ovid.,
1144 4996 1224 5048 lib.
1252 5011 1301 5048 tv
1324 4997 1534 5059 Fastor.,
1561 4994 1589 5060 §
1615 4993 1689 5057 '5.)

175 5120 363 5188 Atque
389 5127 459 5170 ex
487 5110 556 5167 iis
581 5109 780 5179 adhuc,
807 5123 929 5181 quae
958 5108 1116 5181 paulo
1140 5113 1264 5178 post
1289 5104 1488 5175 adjecit
1515 5120 1531 5159 :

842 5226 1099 5290 Priscique
1124 5223 1389 5274 imitamina
1409 5220 1523 5290 facti

346 5296 465 5347 Era
484 5296 596 5346 duae
617 5293 842 5349 comites,
866 5288 1111 5351 raucaque
1134 5296 1274 5349 terga
1298 5288 1517 5351 movent.

285 5346 513 5418 Cymbala
539 5370 624 5417 pro
645 5354 817 5418 galeis,
831 5346 932 5415 pro
954 5346 1106 5418 scutis
1128 5346 1349 5413 tympana
1374 5346 1587 5411 pulsant,

321 5416 496 5475 'Tibia
516 5414 603 5470 dat
622 5414 878 5483 Phrygios,
902 5420 959 5465 ut
977 5414 1116 5465 dedit
1135 5419 1270 5476 ante,
1293 5422 1458 5463 sonos.
1514 5468 1697 5536 (ΠΜ.)

180 5598 461 5661 Similiter
487 5605 705 5666 quoque
729 5587 1015 5647 Lucretius
1039 5583 1269 5643 canebat
1299 5601 1313 5638 :

291 5716 543 5780 Tympana
564 5716 702 5780 tenta
724 5710 891 5759 tonant
914 5703 1114 5780 palmis,
1126 5708 1187 5780 et
1206 5696 1642 5780 cymbala‘circum

294 5768 534 5835 Concava,
558 5774 915 5835 raucisonoque
939 5768 1182 5816 minantur
1204 5774 1384 5835 cornua
1404 5768 1568 5835 cantu.

297 5823 601 5903 Εἷῖῖιιὲάὲίο
622 5823 846 5903 stimulat:
860 5840 1067 5903 numero
1092 5838 1217 5903 cava
1231 5823 1591 5903 tibianplen‘tes:

737 5879 972 5960 (iacret,
996 5886 1083 5941 lib.
1114 5904 1168 5950 n,
1190 5899 1318 5938 vers.
1340 5884 1434 5936 618
1453 5890 1500 5935 et
1519 5879 1676 5951 seqq.)

191 6011 321 6071 Sed
345 6009 414 6066 de
440 6009 528 6065 his
562 6007 673 6078 jam
713 6000 958 6073 quaedam
988 5995 1114 6052 alibi
1142 5990 1519 6050 annotavimus
1559 5986 1800 6059 (Dium.

1807 4764 1860 4825 D
1884 4775 1976 4831 ille
2000 4773 2148 4842 velit,
2178 4772 2226 4827 si
2253 4783 2429 4840 roges,
2457 4762 2902 4836 respondebimus
2948 4757 3131 4830 plures
3176 4753 3319 4809 illius
3355 4764 3479 4808 esse

1887 4870 2239 4943 significatus.
2281 4862 2482 4920 Nzeniae
2527 4859 2671 4915 enim
2724 4856 2898 4928 primo
2927 4859 3210 4909 sumuntur
3248 4862 3349 4920 pro
3392 4845 3480 4901 in-

1889 4939 2087 5023 testino
2115 4969 2207 5015 aut
2247 4956 2426 5015 edulio
2474 4955 2529 5010 in
2575 4949 2963 5008 minutissimas
3015 4954 3196 5018 partes
3239 4939 3478 5005 conciso,

1890 5059 1956 5115 de
2001 5072 2109 5128 quo
2139 5068 2238 5109 nos
2285 5065 2466 5121 supra.
2497 5046 2772 5112 Secundo,
2804 5059 2902 5114 pro
2930 5056 2993 5098 re
3022 5038 3229 5095 frivola.
3270 5032 3479 5100 Tertio,

1887 5169 1988 5226 pro
2015 5149 2256 5223 quolibet
2280 5154 2442 5201 cantu
2468 5141 2664 5199 inutili.
2692 5139 2848 5197 Unde
2880 5133 3167 5193 Horatius:

1981 5267 2176 5325 Roscia,
2197 5266 2277 5315 dic
2298 5265 2466 5325 sodes,
2490 5260 2668 5311 melior
2689 5258 2882 5325 lex,‘an
2905 5263 3169 5325 puerorum

1981 5314 2176 5393 ﬁalis;
2197 5314 2308 5394 quite
2331 5314 2710 5394 recteregnum
2728 5314 3019 5394 facientibus
3039 5314 3199 5394 offert;

2232 5371 2509 5457 (ἦοᾶ-ἇίξι.
2528 5371 2664 5450 ιζ’
2693 5386 2742 5447 1,
2765 5383 2830 5434 ad
2848 5385 3073 5440 Maeciam,
3096 5390 3143 5428 υ.
3165 5375 3282 5426 62c!
3295 5371 3424 5438 seq.)

1893 5504 2099 5573 Quarto
2127 5510 2227 5570 pro
2267 5495 2537 5552 cantilena
2581 5492 2634 5546 in
2673 5498 3013 5544 mortuorum
3044 5479 3281 5544 laudem,
3311 5483 3405 5533 aut
3427 5483 3488 5531 ut

1896 5569 2186 5671 puerorum
2233 5604 2457 5647 somnus
2502 5583 2787 5642 alliciatur.
2833 5582 2905 5636 At
2931 5591 3035 5632 vox
3076 5573 3251 5629 naenia
3275 5569 3490 5627 videtur

1900 5668 2001 5750 hac
2020 5697 2232 5764 quarta,
2261 5686 2350 5741 vel
2377 5682 2535 5741 tertia
2561 5676 2951 5749 significatione
2972 5672 3040 5728 ab
3065 5668 3306 5727 Arnobio
3334 5682 3491 5723 usur-

1898 5762 2053 5862 pari:
2070 5784 2211 5855 Quid
2240 5794 2401 5853 porro
2428 5772 2734 5837 absurdius,
2764 5770 2841 5825 ait
2878 5768 2991 5834 ille,
3023 5780 3181 5837 quam
3221 5762 3494 5818 dormien-

1904 5856 1987 5940 tes
2009 5882 2142 5937 deos
2165 5880 2394 5948 fingere,
2422 5886 2486 5927 ac
2514 5876 2636 5939 post
2659 5878 2909 5921 somnum
2934 5856 3251 5931 vigilantes?

1979 5973 2061 6031 Ad
2102 5969 2239 6028 alios
2264 5982 2371 6025 non
2409 5963 2589 6025 minus
2628 5957 3032 6030 superstitiosos
3058 5952 3335 6025 gentilium
3362 5950 3497 6008 ritus
