3978 6302
598 438 704 495 659

1848 420 2307 487 DlSSERTATlO
2352 424 2634 485 PREVIA

3755 418 3841 481 660

597 553 678 608 sic
708 551 801 607 ille
830 546 1170 621 progreditur
1201 563 1213 602 :
1243 565 1262 599 ι
1294 547 1517 602 Lavatio
1542 546 1704 603 deum
1732 543 1916 599 Matris
1962 552 2046 598 est
2086 542 2190 597 bo-
2221 524 2275 604 Α
2300 541 2415 596 hmc
2454 540 2687 597 absurda
2732 541 3012 611 gentilium
3043 548 3197 595 sacra
3239 538 3316 595 sic
3360 545 3537 609 postea
3574 532 3840 593 irridebat:

597 646 688 702 die
721 664 739 698 ι
779 642 1033 717 (Arnob.,
1059 643 1097 699 l.
1121 658 1214 707 vn,
1260 659 1313 707 p.
1344 639 1496 712 237),
1531 648 1686 696 sexto
1707 640 1913 695 scilicet
1932 637 2193 694 kalendas

595 738 814 808 aprilis,
848 734 1301 807 quemadmodum
1330 734 1415 789 his
1441 732 1709 789 Ammia’ni
1739 730 2037 787 Marcellini
2068 747 2190 787 ver-

595 831 680 886 bis
731 830 989 885 discimus
1033 847 1048 882 :
1088 847 1107 881 ‹
1167 828 1309 885 Ante
1355 828 1497 884 diem
1552 837 1762 883 sextum
1814 825 2055 891 kalend.,
2086 843 2194 897 quo

593 922 785 976 Romae
810 921 961 977 Matri
1002 920 1226 977 deorum
1256 935 1467 991 pompm
1499 921 1842 975 celebrantur
1867 921 2109 985 annales,
2141 928 2194 975 et

591 1024 929 1085 carpentum,
963 1030 1069 1085 quo
1098 1014 1312 1068 vehitur
1340 1012 1688 1068 simulacrum
1709 1054 1723 1079 ,
1762 1010 2005 1065 Almonis
2036 1012 2194 1066 undis

597 1108 744 1163 ablui
794 1107 1105 1178 perhibetur
1141 1126 1159 1158 ι
1204 1104 1396 1180 (Amm.
1443 1104 1715 1170 Marcell.,
1758 1104 1797 1159 l.
1843 1118 2007 1170 xxnl,
2048 1120 2093 1157 c.
2135 1106 2190 1171 '5,

593 1222 647 1275 p.
673 1203 823 1275 555).
854 1203 925 1259 At
955 1219 1062 1257 non
1112 1203 1286 1258 solum
1334 1203 1479 1257 illius
1530 1210 1866 1272 carpentum,
1897 1200 1991 1254 sed
2021 1200 2192 1268 ipsum

594 1298 757 1352 etiam
777 1296 920 1351 illius
953 1296 1301 1350 simulacrum
1332 1294 1399 1348 ibi
1434 1293 1599 1348 lavari
1632 1293 1713 1347 his
1745 1282 1991 1347 versibus
2022 1288 2195 1346 Luca‘

592 1402 695 1444 nus
720 1388 955 1445 cecinit:

684 1502 810 1551 Tum
832 1502 914 1564 qui
932 1499 1028 1550 fata
1051 1501 1219 1559 deum,
1245 1503 1540 1564 secretaque
1564 1497 1780 1564 carmina
1804 1502 2023 1556 servant,

684 1565 749 1615 Et
771 1560 919 1615 lotam
945 1577 1091 1628 parvo
1112 1571 1348 1613 revocant
1370 1560 1577 1612 Almone
1603 1560 1859 1624 Cybelem.

1105 1648 1330 1708 (Luam,
1357 1642 1441 1695 lib.
1470 1659 1486 1694 ι
1511 1640 1765 1705 Pharsal.,
1792 1653 1905 1708 pag.
1938 1641 2065 1706 12L)

594 1755 820 1811 Brevius
843 1769 973 1810 vero
999 1753 1258 1809 Martialis
1289 1772 1303 1808 :

750 1865 944 1929 Capena
968 1866 1133 1928 grandi
1160 1870 1317 1929 porta,
1339 1878 1441 1929 qua
1469 1865 1590 1929 pluit
1612 1854 1771 1929 gutta,

752 1927 1078 1992 Phrygiaeque
1100 1927 1269 1978 matris
1291 1927 1433 1978 Almo
1455 1942 1551 1989 qua
1577 1927 1702 1976 lavat
1725 1928 1928 1976 ferrum.

1281 2008 1543 2076 (Martial.,
1569 2008 1656 2061 lib.
1682 2027 1757 2071 ιιι,
1783 2008 1943 2076 epigr.
1969 2010 2074 2075 47.)

598 2119 822 2175 Ferrum
850 2120 963 2174 sive
983 2134 1206 2172 sacrant.
1233 2117 1410 2172 Locus
1453 2118 1655 2187 itaque,
1679 2130 1787 2186 quo
1829 2115 1999 2170 Mater
2040 2113 2201 2171 deum

598 2213 886 2284 quotannis
929 2212 1229 2277 lavabatur,
1258 2213 1304 2266 is
1342 2220 1460 2265 erat
1490 2211 1578 2265 ubi
1626 2212 1783 2264 Almo
1828 2209 2047 2275 ﬂuvius,
2078 2221 2201 2266 ante

602 2318 812 2376 portam
834 2309 1107 2376 Capenam
1132 2307 1183 2360 in
1216 2305 1455 2379 Tiberim
1477 2304 1904 2360 inﬂuit.Videsis
1947 2304 2200 2360 Ovidium

601 2398 672 2470 (l.
697 2413 750 2452 tv
779 2396 1013 2463 Fastdr.,
1044 2416 1099 2467 ρ.
1129 2398 1277 2467 580),
1309 2408 1373 2450 ac
1403 2406 1560 2450 nctas
1601 2394 1774 2450 Fulvii
1805 2394 1982 2450 Ursini
2006 2397 2058 2450 in
2104 2394 2202 2449 ka-

597 2490 900 2546 lendarium
948 2490 1236 2553 ruSticum,
1282 2498 1336 2543 et
1374 2487 1571 2543 Valesii
1618 2488 1670 2541 in
1714 2486 1874 2542 citata
1929 2487 2201 2542 Ammiani

597 2582 761 2637 verba
802 2581 1232 2637 observationes.
1260 2580 1331 2634 At
1373 2578 1583 2650 legendi
1633 2579 1686 2632 in
1729 2579 1917 2647 primis
1955 2578 2200 2633 Pruden-

600 2679 728 2744 tius,
760 2685 922 2746 atque
960 2675 1310 2745 Augustinus,
1344 2674 1434 2743 qui
1467 2672 1804 2743 turpissimos
1849 2670 2073 2742 hujusce
2122 2672 2201 2725 la-

598 2769 834 2823 vationis
877 2767 1015 2822 ritus
1040 2769 1303 2822 acerrime
1328 2766 1580 2835 exagitat,
1614 2781 1679 2821 ac
1722 2765 1936 2821 tandem
1968 2766 2047 2822 sic
2072 2780 2200 2820 con-

598 2862 815 2917 cludit:
854 2879 872 2913 ι
907 2861 1039 2927 Quae
1089 2870 1213 2915 sunt
1265 2860 1568 2930 sacrilegia,
1596 2860 1643 2915 si
1684 2860 1786 2914 ista
1835 2871 1961 2913 sunt
2008 2858 2201 2915 sacra?

596 2967 690 3009 aut
731 2969 852 3025 qua:
898 2954 1225 3025 inquinatio,
1268 2953 1311 3008 si
1344 2953 1430 3006 illa
1478 2953 1715 3009 lavatio?
1751 2972 1768 3003 ι
1802 2949 2080 3023 (Pmdent.
2102 2993 2114 3016 ,
2148 2953 2202 3005 in

597 3046 824 3117 Martyr.
875 3046 936 3102 S.
985 3045 1241 3113 Rcui/mi;
1268 3049 1511 3116 Augusl.,
1565 3047 1602 3099 ι.
1650 3060 1687 3099 ιι
1722 3044 1785 3097 de
1830 3041 2005 3108 Civit.,
2050 3060 2095 3097 ε.
2141 3042 2195 3110 4,

602 3158 657 3210 p.
691 3139 816 3209 54.)
858 3138 1024 3194 Recte
1073 3140 1234 3209 igitur
1287 3137 1558 3193 Arnobius
1602 3137 1752 3192 dictu
1791 3136 2015 3192 omnino
2070 3135 2201 3190 ridi-

595 3233 776 3289 culum
808 3248 928 3290 esse
953 3233 1236 3288 contendit
1262 3232 1393 3287 deos
1424 3231 1759 3295 sordescere,
1790 3242 1953 3300 atque
1981 3230 2046 3286 ad
2078 3245 2199 3285 sor-

2302 651 2321 685 t
2346 633 2484 701 Quin
2503 633 2666 688 etiam
2686 648 2868 688 sacras
2894 631 3060 703 dapes
3082 640 3363 703 apparant,
3383 624 3435 688 et
3451 631 3727 702 exquisitas
3747 648 3844 702 epu-

2298 728 2398 793 las,
2436 726 2589 797 quasi
2641 726 2843 797 aliquid
2887 725 3013 781 inde
3054 726 3374 782 delibaturis
3416 722 3639 780 offerunt
3675 744 3692 778 ι
3722 704 3847 798 (Lac-

2298 828 2454 886 tant.,
2482 821 2519 874 l.
2551 835 2601 873 v1
2631 814 2812 873 Instil.
2846 819 3032 883 divin.,
3066 834 3112 874 ο.
3146 814 3197 885 1,
3227 836 3279 889 p.
3310 816 3457 888 542).

2369 911 2548 982 Longe
2579 927 2739 982 porro
2784 912 2911 966 illud
2950 910 3222 966 difﬁcilius
3263 920 3367 977 est,
3418 909 3556 979 quod
3602 908 3846 979 subiungit

2300 1004 2571 1060 Arnobius
2604 1021 2616 1057 :
2649 1002 2975 1067 thsculupii
3006 1004 3227 1074 geritur
3256 1003 3656 1072 celebraturque
3698 1001 3849 1055 vinde-

2301 1099 2405 1152 mia
2444 1116 2463 1148 ι
2504 1094 2741 1168 (Arnob,
2768 1094 2857 1150 lib.
2898 1111 2990 1161 vn,
3027 1111 3143 1166 pag.
3177 1092 3331 1165 2'58).
3364 1086 3477 1149 Non
3509 1095 3645 1146 enim
3671 1090 3731 1146 de
3767 1094 3850 1146 les-

2304 1194 2367 1247 tis
2400 1192 2663 1246 vinalibus
2707 1192 2780 1245 ibi
2824 1191 3093 1259 loquitur;
3137 1189 3334 1258 quippe
3378 1202 3495 1257 quae
3523 1186 3683 1255 prima
3710 1182 3847 1246 Iovi,

2302 1285 2602 1355 posteriora
2625 1282 2826 1339 Veneri
2862 1296 3013 1336 sacra
3059 1274 3223 1335 luisse
3271 1280 3436 1333 Varro
3466 1320 3481 1343 ,
3520 1265 3720 1340 Festus,
3747 1272 3849 1331 Ovi-

2302 1375 2445 1442 dius,
2478 1372 2679 1446 aliique
2708 1374 3065 1428 testiﬁcantur
3089 1368 3311 1445 (Varr.,‘
3334 1366 3421 1426 lib.
3455 1386 3487 1425 v
3506 1371 3567 1424 de
3588 1368 3728 1440 Ling.
3755 1368 3849 1433 lat,

2303 1474 2423 1537 pag.
2482 1466 2555 1521 40
2606 1474 2653 1519 et
2694 1464 2806 1530 50;
2850 1462 3035 1518 Festus
3079 1463 3146 1517 ad
3185 1462 3334 1517 verba
3378 1462 3650 1527 Vanum;
3692 1456 3850 1521 Uvid.,

2301 1558 2390 1613 lib.
2415 1573 2470 1612 tv
2500 1554 2734 1621 Fastor.,
2761 1574 2879 1627 pag.
2913 1555 3016 1611 616
3033 1566 3078 1609 et
3108 1556 3297 1623 καφ).
3317 1553 3385 1609 Αι
3401 1550 3774 1607 observandum
3793 1558 3857 1603 est

2302 1652 2406 1706 alia
2446 1651 2614 1706 fuisse
2660 1651 2816 1716 fe5ta,
2846 1668 2969 1720 qua:
3020 1644 3375 1705 Medilrinalia
3419 1646 3769 1710 vocabantur,
3806 1643 3857 1698 de

2302 1743 2497 1814 quibus
2526 1742 2696 1797 Varro
2730 1759 2743 1796 :
2782 1742 2991 1806 «Dies,»
3025 1740 3217 1810 inquit,
3278 1758 3296 1791 ι
3327 1739 3504 1794 dictus
3535 1746 3566 1792 a
3593 1734 3857 1799 medendo,

2303 1838 2445 1908 quod
2478 1847 2533 1891 ut
2564 1835 2789 1892 Flaccus
2818 1832 3013 1891 ilanten
3042 1834 3298 1890 Martialis
3320 1831 3553 1899 dicebat,
3580 1831 3673 1887 hoc
3698 1828 3775 1884 die
3788 1844 3857 1880 so-

2233 1934 2281 1996 B
2308 1932 2461 1987 litum
2492 1932 2676 1986 vinum
2707 1940 2928 1997 navum,
2955 1939 3008 1985 et
3036 1938 3190 1984 vetus
3221 1928 3383 1983 libari
3411 1924 3463 1983 et
3491 1926 3745 1997 degustari
3772 1937 3861 1977 me-

2306 2024 2593 2079 dicamenti
2653 2040 2837 2079 causa.
2879 2023 3034 2093 Quod
3086 2023 3263 2079 facere
3317 2022 3500 2078 solent
3548 2023 3701 2078 etiam
3742 2032 3861 2073 nunc

2306 2121 2483 2184 multi,
2507 2134 2629 2175 cum
2655 2119 2837 2174 dicant
2870 2137 2883 2173 :
2912 2118 3119 2173 Novum
3148 2124 3301 2172 vetus
3335 2119 3520 2172 vinn‘m
3554 2114 3674 2173 bibo
3708 2132 3720 2169 :
3748 2126 3861 2168 novo

2308 2213 2478 2267 veteri
2517 2213 2710 2267 morbo
2739 2211 2963 2266 medeor
2995 2230 3013 2262 ι
3058 2206 3269 2283 (Vorm,
3301 2209 3391 2263 lib.
3422 2222 3454 2263 v
3494 2210 3555 2262 de
3596 2206 3735 2278 Ling.
3766 2205 3860 2268 lat,

2308 2321 2429 2373 pag.
2459 2303 2574 2373 51).
2601 2302 2707 2359 Sed
2736 2302 2927 2359 Festus
2954 2345 2968 2369 ,
3010 2304 3097 2373 qui
3141 2302 3259 2356 haec
3288 2292 3479 2356 ultima
3501 2301 3658 2356 verba
3681 2297 3862 2359 retulit,

2306 2395 2661 2451 Meditrinalia
2695 2411 2723 2450 a
2752 2394 3032 2450 Meditrina
3066 2394 3167 2449 dea
3194 2410 3394 2450 nomen
3428 2394 3695 2465 accepisse
3739 2403 3861 2444 asse.

2305 2500 2457 2544 verat
2486 2489 2679 2561 (Fesl.,
2709 2490 2777 2543 ad
2805 2489 2938 2542 verb.
2968 2487 3410 2558 MEDITBINALIA).
3461 2485 3762 2542 Plutarchus
3786 2497 3865 2535 au-

2308 2590 2416 2636 tem
2451 2592 2631 2635 narrat
2661 2581 2789 2635 olim
2839 2596 2953 2648 eos,
3002 2582 3091 2651 qui
3119 2582 3302 2637 vinum
3334 2595 3535 2635 novum
3565 2575 3859 2649 gustabant,

2306 2688 2431 2728 vota
2476 2672 2708 2737 fecisse;
2765 2681 2823 2728 ut
2854 2674 2998 2727 illius
3027 2688 3154 2727 usus
3183 2674 3447 2727 innoxius
3472 2715 3487 2739 ,
3546 2670 3867 2725 medicamen-

2308 2777 2527 2836 tumque
2574 2767 2809 2821 salutare
2866 2769 3000 2820 l'oret
3029 2765 3335 2834 (Plutarch.
3366 2807 3383 2833 ,
3414 2767 3504 2820 lib‘.
3553 2780 3608 2819 ιιι
3633 2764 3863 2835 δνηιροεη

2303 2869 2483 2933 quiest.
2518 2861 2571 2924 7,
2604 2877 2724 2931 pag.
2762 2859 2915 2928 651).
2950 2856 3148 2914 Verum
3197 2860 3247 2913 id
3284 2858 3421 2914 dicit
3446 2874 3508 2915 ea
3550 2859 3635 2913 die
3664 2856 3864 2913 factum,

2305 2964 2465 3023 quam
2498 2954 2831 3024 Pithoegiam
2863 2954 3231 3024 appellabant.
3260 2958 3324 3007 At
3357 2955 3461 3009 hoc
3490 2947 3867 3013 festum,utido-

2306 3057 2392 3103 cet
2473 3044 2736 3102 Meursius
2771 3089 2785 3112 ,
2838 3047 2890 3099 in
2953 3045 3148 3100 Bacchi
3217 3046 3480 3101 honorem
3537 3042 3868 3099 celebrabatur

2305 3139 2554 3209 (Meum,
2587 3140 2672 3193 lib.
2706 3155 2722 3192 ι
2769 3137 2935 3193 Graec.
2966 3139 3182 3209 feriam,
3213 3155 3334 3210 pag.
3366 3137 3495 3202 7l9;
3527 3135 3694 3205 Antig.
3718 3147 3864 3205 gnta.

2305 3243 2427 3287 tom.
2457 3230 2575 3307 vn).
2594 3233 2781 3289 Utrum
2805 3248 2931 3287 vero
2959 3231 3345 3287 medicamenti
3376 3233 3588 3287 ratione
3615 3227 3665 3284 id
3690 3236 3868 3297 quoque

596 3326 693 3381 des
738 3326 995 3381 eluendas
1037 3326 1343 3379 lavantibus
1383 3325 1556 3395 aquis,
1613 3335 1668 3379 et
1708 3323 1928 3394 antiqua
1972 3324 2199 3379 frixione
2229 3322 2274 3394 ζ]
2307 3324 2620 3393 Esculapio
2649 3336 2862 3378 sacrum
2894 3323 3076 3389 fuerit,
3110 3323 3341 3376 aliorum
3361 3314 3866 3390 estojudicium.Nos

595 3420 793 3474 cineris
818 3418 1078 3488 indigere.

674 3510 808 3565 Tum
838 3509 1038 3564 deinde
1069 3509 1161 3564 ille
1191 3526 1204 3562 :
1240 3527 1258 3560 ι
1295 3508 1467 3575 Jovis,
1508 3527 1527 3560 ι
1558 3507 1731 3577 inquit
1756 3506 2000 3577 (Arnob.,
2030 3509 2066 3563 l.
2103 3526 2194 3575 vn,

601 3618 654 3669 p.
683 3599 837 3669 9.58),
876 3618 896 3651 ι
940 3602 1153 3669 epulum
1204 3614 1324 3653 cras
1370 3610 1480 3666 est,
1519 3620 1537 3652 ι
1571 3600 1823 3655 nimirum
1871 3600 2047 3656 idibus
2097 3614 2196 3655 no-

602 3691 859 3756 vembris,
902 3694 975 3747 uti
1008 3692 1058 3745 in
1091 3691 1415 3746 Kalendario
1459 3688 1659 3746 rustico
1707 3702 2013 3746 annotatur.
2046 3693 2196 3749 Haud

603 3798 732 3838 vero
778 3784 1090 3854 infrequens
1136 3786 1296 3854 hujus
1342 3785 1483 3854 epuli
1525 3784 1666 3854 apud
1699 3785 1875 3839 varios
1906 3785 2195 3854 scriptores

600 3875 827 3931 mentio.
854 3877 1005 3945 Apud
1035 3877 1240 3931 Livium
1270 3876 1535 3946 siquidem
1561 3878 1673 3930 huic
1702 3876 1898 3930 alicubi
1928 3878 2151 3946 legimus
2179 3895 2192 3932 :

603 3986 623 4020 ι
656 3967 791 4024 Ludi
821 3969 1011 4038 plebeii
1035 3986 1129 4039 per
1154 3970 1372 4024 biduum
1401 3969 1699 4036 instaurati,
1729 3981 1783 4025 et
1802 3969 1952 4026 Jovis
1977 3972 2193 4040 epulum

596 4063 701 4119 fuit
726 4064 971 4119 ludorum
997 4079 1160 4118 causa
1186 4083 1205 4115 ι
1232 4063 1391 4132 (ιξυη
1429 4065 1464 4118 l.
1504 4080 1633 4132 xxv,
1675 4081 1724 4121 c.
1764 4063 1821 4133 2,
1860 4074 1906 4119 et
1947 4065 1985 4118 ι.
2021 4081 2191 4133 xxvn,

602 4177 650 4213 c.
672 4158 763 4226 56,
786 4169 832 4213 et
850 4159 886 4213 l.
910 4174 1097 4223 xxxm,
1121 4175 1166 4211 c.
1190 4156 1304 4229 42).
1333 4158 1401 4212 Ει
1423 4174 1635 4213 rursum
1660 4158 1786 4213 alibi
1812 4158 1951 4213 idem
1976 4160 2190 4230 repetit.

562 4298 563 4301 η
596 4250 789 4308 Cicero
820 4260 1000 4306 autem
1045 4251 1203 4305 docet
1234 4251 1335 4305 hoc
1363 4249 1583 4319 epulare
1609 4249 1964 4316 sacriﬁcium,
1997 4259 2052 4305 et
2084 4259 2193 4306 tres

597 4347 880 4416 epulones,
938 4345 1028 4416 qui
1082 4344 1129 4398 ei
1181 4352 1499 4414 praeessent,
1546 4357 1577 4396 a
1627 4342 1797 4397 Numa
1851 4343 2125 4398 institutos
2175 4362 2189 4399 :

603 4459 623 4493 ι
657 4439 947 4497 Pontiﬁces
976 4450 1210 4506 veteres,
1241 4456 1261 4490 ι
1288 4437 1479 4507 inquit,
1510 4456 1529 4490 ι
1566 4446 1783 4506 propter
1802 4435 2191 4492 sacriﬁciorum

595 4534 992 4591 multitudinem
1039 4541 1151 4588 tres
1194 4532 1338 4585 viros
1389 4530 1661 4600 Epuloues
1708 4543 1829 4584 esse
1883 4528 2186 4597 voluerunt,

594 4640 717 4685 eum
743 4640 925 4685 essent
953 4629 1055 4699 ipsi
1080 4643 1109 4682 a
1134 4626 1329 4691 Numa,
1358 4635 1415 4680 ut
1442 4625 1604 4680 etiam
1632 4622 1762 4678 illud
1786 4621 2036 4678 ludorum
2059 4638 2187 4691 epu-

2307 3428 2470 3487 porro
2499 3433 2605 3471 non
2629 3415 2781 3486 fugit,
2817 3430 2980 3469 unum
3004 3416 3071 3469 ab
3092 3412 3442 3472 Tlieddorelo
3464 3412 3753 3483 Esculapii
3777 3411 3865 3464 fes-

2307 3518 2416 3562 tum
2467 3510 2663 3568 notari,
2705 3507 2845 3576 quod
2890 3507 2982 3561 ille
3022 3506 3301 3566 ’Λσκλήπῑα
3347 3500 3868 3578 cognominatam-

2304 3605 2444 3668 dor.,
2473 3616 2624 3655 serm.
2647 3603 2700 3667 5,
2736 3603 2796 3653 de
2828 3601 3075 3668 sacri/ic.,
3105 3611 3226 3654 tam.
3251 3614 3325 3666 tv,
3362 3608 3489 3674 p‘ag.
3523 3598 3670 3672 585).
3702 3594 3866 3654 Sedil-

2304 3694 2394 3748 lud
2430 3695 2567 3747 idem
2617 3693 2781 3748 fuisse
2811 3704 2971 3763 atque
3003 3692 3301 3762 [Bsonlapii
3333 3694 3661 3749 vindemiam
3689 3691 3730 3746 si
3751 3694 3868 3744 recte

2303 3787 2637 3855 probaveris,
2671 3785 2761 3839 tibi
2796 3787 2938 3840 illico
2967 3786 3398 3841 subseribemus.

2372 3878 2643 3933 Ciclet'tltlt
2701 3880 2982 3934 Arnobius
3011 3878 3292 3934 evidenter
3318 3880 3566 3935 ostendit
3606 3879 3716 3933 haec
3758 3873 3866 3927 deo-

2302 3987 2441 4038 rum,
2466 3972 2554 4042 qui
2583 3972 2767 4026 vineas
2791 3973 2974 4027 colere
3000 3970 3136 4025 falso
3162 3968 3535 4027 credebantur
3561 4015 3575 4039 ,
3609 3973 3756 4033 testa,
3782 3968 3868 4019 iam

2298 4066 2674 4138 superstitiose
2725 4068 3030 4130 celebrari,
3086 4082 3243 4136 quam
3296 4069 3665 4124 lectisternium
3704 4060 3869 4119 Cereri:

2300 4160 2540 4232 (Arnob,
2572 4160 2659 4215 lib.
2688 4178 2781 4227 vn,
2817 4180 2934 4230 pag.
2967 4161 3118 4232 $58).
3146 4162 3213 4216 Et
3242 4178 3301 4217 re
3318 4162 3543 4233 quidem
3571 4178 3693 4219 vera
3720 4164 3866 4217 erant,

2301 4263 2357 4307 ut
2382 4255 2455 4307 ait
2476 4253 2755 4322 Apuleius,
2792 4273 2810 4305 ι
2848 4265 2901 4309 et
2918 4253 3251 4323 publicarum
3277 4254 3566 4324 epularum
3590 4258 3865 4324 apparatus.

2297 4355 2353 4401 et
2376 4346 2701 4401 lectisternia
2731 4347 2976 4414 deorum,
3008 4357 3060 4401 et
3086 4347 3205 4403 dies
3227 4345 3350 4402 testi
3393 4369 3413 4402 ι
3443 4350 3652 4419 (Apul.,
3683 4344 3765 4402 lib.
3787 4360 3800 4397 ι
3821 4341 3869 4394 de

2300 4436 2485 4492 Mund.
2514 4480 2528 4502 ,
2562 4454 2683 4509 pag.
2715 4438 2870 4507 409).
2898 4438 2958 4491 In
2992 4440 3208 4508 templis
3236 4440 3511 4510 siquidem
3547 4460 3565 4493 ι
3596 4441 3734 4501 lecti,
3760 4454 3777 4488 ι
3803 4434 3871 4487 itt-

2297 4534 2412 4602 quit
2454 4530 2785 4604 Augusnnus
2818 4576 2833 4601 ,
2885 4552 2903 4586 ι
2933 4537 3315 4590 sternebantur
3364 4538 3422 4591 in
3480 4540 3738 4592 honorem
3764 4530 3870 4585 deo-

2294 4640 2435 4694 rum,
2468 4628 2607 4681 unde
2648 4626 2753 4681 hoc
2800 4638 3036 4691 sacrum,
3076 4629 3161 4683 vel
3197 4629 3377 4698 potius
3427 4630 3761 4699 sacrilegium
3792 4637 3869 4677 no-

588 4723 708 4778 lare
733 4721 1056 4778 sacriﬁcium
1089 4723 1347 4785 lacerent,
1396 4716 1625 4772 instituti
1660 4734 1679 4769 ι
1713 4713 1923 4783 (Cicer.,
1956 4716 1995 4768 l.
2037 4731 2094 4770 ιιι
2125 4717 2188 4771 de
2216 4726 2270 4790 ι)
2295 4733 2417 4772 men
2468 4723 2676 4787 accepit
2707 4738 2725 4771 ι
2774 4718 3045 4791 (August.,
3075 4719 3163 4775 lib.
3196 4734 3255 4774 ιιι
3292 4721 3358 4774 de
3402 4718 3584 4787 Civlt.,
3636 4726 3743 4790 cap.
3795 4713 3865 4779 l7,

598 4811 773 4881 Orat.,
796 4830 851 4881 p.
883 4814 1008 4880 187,
1027 4814 1120 4866 lin.
1140 4810 1253 4882 ΞΟ).
1278 4810 1463 4866 Livius
1483 4819 1661 4865 autem
1682 4808 2013 4863 Triumviros
2041 4809 2184 4878 Epu-

602 4908 753 4962 lones
772 4906 1003 4975 primum
1029 4905 1217 4961 Romae
1238 4920 1268 4958 a
1288 4904 1594 4966 ltoniuleio,
1620 4917 1715 4958 seu
1734 4901 2005 4967 Romulia,
2030 4917 2187 4957 crea-

599 5010 682 5056 tos
728 4998 895 5054 fuisse
941 4997 1105 5053 tradit
1154 4996 1318 5070 (Liv.,
1357 4999 1395 5051 l.
1449 5012 1635 5061 xxxm,
1667 5013 1714 5050 ε.
1762 4995 1876 5066 42).
1908 4995 1985 5050 De
2027 4996 2092 5050 iis
2134 5004 2188 5051 et

596 5091 745 5147 lovis
787 5091 947 5161 epulo
977 5087 1222 5144 Valerius
1268 5087 1566 5157 Maximus,
1595 5086 1959 5142 Tertullianus
1996 5097 2051 5141 et
2095 5086 2188 5142 alii

589 5197 902 5238 sermonem
948 5181 1191 5237 fecerunt
1224 5199 1236 5235 :
1271 5180 1364 5235 sed
1411 5180 1479 5235 de
1518 5180 1612 5234 illo
1660 5180 1815 5250 plura
1860 5179 2185 5246 Gutherius,

588 5292 748 5347 quem
793 5278 943 5333 adire
987 5276 1189 5346 poteris
1230 5270 1382 5343 (Val.
1425 5272 1596 5339 Mam,
1642 5274 1679 5327 ι.
1724 5289 1782 5339 ιι,
1814 5290 1862 5327 c.
1907 5273 1959 5341 1,
1994 5256 2021 5346 5
2053 5254 2107 5339 3,
2140 5284 2187 5328 et

581 5376 620 5429 Ι.
649 5387 729 5439 tv,
772 5380 822 5441 ν.
850 5369 907 5437 2,
939 5369 967 5442 §
998 5372 1058 5435 5;
1089 5369 1419 5433 Tertulliau.,
1453 5367 1697 5439 Apolog.,
1727 5384 1773 5421 ε.
1803 5369 1904 5433 15;
1939 5367 2183 5435 Gulher.,

584 5465 623 5518 l.
655 5476 707 5518 tv
733 5464 797 5517 de
830 5461 945 5517 Vel.
969 5460 1346 5534 juregPontif”
1380 5476 1427 5514 ε.
1460 5460 1579 5530 25).
1606 5460 1796 5515 Nonne
1820 5476 1950 5531 ergo
1993 5461 2181 5529 deplo-

583 5553 752 5610 randa
776 5568 1002 5626 prorsus
1031 5563 1150 5609 erat
1175 5555 1391 5609 caecitas
1418 5552 1723 5623 gentilium,
1749 5553 1837 5623 qui
1865 5552 2009 5608 serio
2036 5554 2184 5608 dice-

583 5650 715 5703 bant
741 5648 926 5702 Jovem
955 5650 1162 5719 magnis
1192 5647 1404 5717 impleri
1431 5645 1679 5714 dapibus,
1720 5656 1812 5700 aut
1842 5656 1893 5700 ut
1922 5647 1996 5699 ait
2026 5644 2182 5701 Vale-

583 5738 696 5791 rius
736 5737 996 5793 Maximus
1024 5739 1131 5808 (ubi
1167 5738 1369 5809 stipra),
1405 5738 1458 5792 iu
1503 5735 1778 5802 lectulum,
1806 5751 1871 5791 ac
1915 5736 2182 5793 lunonem

583 5837 639 5880 et
660 5826 951 5881 Minervam
982 5830 1037 5885 in
1064 5828 1233 5883 cellas
1268 5829 1333 5884 ad
1373 5844 1582 5884 ctenam
1623 5827 1873 5884 invitari?
1901 5829 2182 5903 Quaprop-

573 5928 663 5971 ter
682 5916 1325 5988 Lactantiusutrnobium
1350 5930 1913 5994 praeceptoremgsuum
1934 5935 2179 5993 secutus,

2294 4828 2415 4881 pag.
2446 4812 2562 4882 74).
2599 4812 2835 4867 Primum
2864 4823 3042 4869 autem
3076 4813 3499 4881 lectisternium,
3537 4824 3676 4871 teste
3702 4810 3865 4872 Livio.

2292 4904 2478 4961 Romae
2507 4904 2705 4960 factum
2736 4906 2818 4961 est
2846 4947 2861 4973 ,
2895 4908 2960 4961 ad
2991 4917 3198 4979 pestem
3221 4915 3416 4963 aestate
3442 4918 3771 4980 grassantem
3799 4915 3869 4955 se-

2294 4995 2526 5051 dandam
2555 5038 2572 5063 ,
2628 5008 2912 5067 postquam
2958 4999 3434 5054 senatusconsulto
3479 5000 3603 5055 libri
3652 4989 3865 5068 Sibyllini

2293 5091 2421 5144 aditi
2455 5100 2582 5145 sunt
2618 5109 2630 5145 :
2670 5106 2689 5141 (
2722 5084 3002 5144 Duumviri
3029 5089 3198 5145 Satn-is
3224 5131 3237 5153 ,
3271 5092 3473 5162 inQult,
3508 5092 3763 5168 faciqndis
3793 5096 3866 5155 per

2293 5184 2407 5238 dies
2431 5193 2556 5239 octo
2588 5184 2892 5252 Apollinem
2918 5224 2933 5249 ,
2983 5183 3374 5254 Latonamque,
3408 5194 3464 5241 et
3494 5187 3731 5249 Dianam,
3752 5180 3842 5235 Her

2292 5279 2487 5345 colem,
2540 5268 2883 5345 Mercurium,
2917 5288 3080 5349 atque
3105 5278 3438 5350 Neptunum,
3473 5281 3647 5337 tribus
3671 5322 3685 5345 ,
3729 5287 3863 5348 quam

2291 5370 2625 5439 amplissime
2653 5382 2763 5424 tum
2793 5373 2967 5440 parari
3000 5380 3232 5441 petet-at,
3263 5374 3455 5428 stratis
3487 5374 3647 5429 lectis
3670 5414 3684 5440 ,
3716 5369 3843 5442 placa

2286 5477 2413 5517 vere
2443 5482 2457 5514 ι
2497 5461 2655 5532 (Liv.,
2689 5464 2778 5517 lib.
2810 5479 2862 5529 ν,
2892 5479 3007 5531 cap.
3046 5464 3161 5534 i5).

2363 5555 2496 5608 Tum
2571 5556 2769 5611 deinde
2853 5557 3181 5613 lectisternia
3254 5557 3698 5627 frequentissime
3750 5554 3864 5608 facta

2288 5651 2486 5717 fuisse,
2508 5652 2631 5720 quis
2654 5650 2866 5707 nescire
2894 5660 3068 5721 potest
3098 5652 3121 5705 ’ἰ
3151 5651 3231 5706 Ex
3265 5651 3371 5706 illis
3400 5664 3589 5709 autem
3617 5649 3863 5710 omnibus,

2286 5747 2420 5803 illud
2449 5756 2651 5801 tantum
2683 5748 3230 5804 commcmorabimus
3250 5791 3265 5815 ,
3295 5746 3366 5804 de
3398 5765 3510 5820 quo
3537 5749 3680 5805 idem
3709 5743 3864 5801 Liviuﬁ

2287 5840 2359 5895 ita
2405 5838 2660 5906 loquitur.
2688 5838 2823 5894 Cum
2872 5841 3105 5895 Annibal
3144 5854 3300 5912 agros
3327 5840 3506 5897 Italiae
3533 5840 3863 5914 depopulare-

2289 5943 2394 6002 11η,
2434 5935 2691 6005 ἱιιερθειὶε
2729 5935 3005 6006 Sybiilinis
3031 5936 3220 6005 libris,
3274 5951 3339 5992 ac
3392 5947 3524 5994 voto
3553 5939 3657 5994 rite
3683 5943 3860 5991 nuncu-
