  <div class='ocr_page' id='page_1' title='image "/cluster/home/n/w/nwhite01/storage/ocr_20150623/5/umn.31951002477299b/340.png"; bbox 0 0 3978 6294; ppageno 0'>
   <div class='ocr_carea' id='block_1_1' title="bbox 141 377 242 439">
    <p class='ocr_par' dir='ltr' id='par_1_1' title="bbox 141 377 242 439">
     <span class='ocr_line' id='line_1_1' title="bbox 141 377 242 439; baseline -0.03 -1"><span class='ocrx_word' id='word_1_1' title='bbox 141 377 242 439; x_wconf 77' lang='grc'><strong>661</strong></span> 
     </span>
    </p>
   </div>
   <div class='ocr_carea' id='block_1_2' title="bbox 1322 362 2248 450">
    <p class='ocr_par' dir='ltr' id='par_1_2' title="bbox 1322 362 2248 450">
     <span class='ocr_line' id='line_1_2' title="bbox 1322 362 2248 450; baseline 0.001 -15"><span class='ocrx_word' id='word_1_2' title='bbox 1322 380 1390 436; x_wconf 86' lang='lat' dir='ltr'><strong>IN</strong></span> <span class='ocrx_word' id='word_1_3' title='bbox 1446 362 1830 450; x_wconf 70' lang='lat' dir='ltr'><strong>AhNbble&#39;,</strong></span> <span class='ocrx_word' id='word_1_4' title='bbox 1875 366 2028 438; x_wconf 75' lang='lat' dir='ltr'><strong>CAP.</strong></span> <span class='ocrx_word' id='word_1_5' title='bbox 2075 372 2248 438; x_wconf 79' lang='lat' dir='ltr'><strong>xxv.</strong></span> 
     </span>
    </p>
   </div>
   <div class='ocr_carea' id='block_1_3' title="bbox 3349 374 3455 430">
    <p class='ocr_par' dir='ltr' id='par_1_3' title="bbox 3349 374 3455 430">
     <span class='ocr_line' id='line_1_3' title="bbox 3349 374 3455 430; baseline -0.009 0"><span class='ocrx_word' id='word_1_6' title='bbox 3349 374 3455 430; x_wconf 69' lang='lat'><strong>662</strong></span> 
     </span>
    </p>
   </div>
   <div class='ocr_carea' id='block_1_4' title="bbox 139 488 3452 575">
    <p class='ocr_par' dir='ltr' id='par_1_4' title="bbox 139 488 3452 575">
     <span class='ocr_line' id='line_1_4' title="bbox 139 488 3452 575; baseline -0.001 -22"><span class='ocrx_word' id='word_1_7' title='bbox 139 507 266 570; x_wconf 74' lang='lat' dir='ltr'><strong>pato</strong></span> <span class='ocrx_word' id='word_1_8' title='bbox 296 514 312 551; x_wconf 90' lang='lat'><strong>:</strong></span> <span class='ocrx_word' id='word_1_9' title='bbox 343 488 803 555; x_wconf 60' lang='lat' dir='ltr'><strong>«&#39;Lectisternium</strong></span> <span class='ocrx_word' id='word_1_10' title='bbox 829 544 843 567; x_wconf 97' lang='lat'><strong>,</strong></span> <span class='ocrx_word' id='word_1_11' title='bbox 884 504 903 552; x_wconf 67' lang='grc' dir='ltr'><strong>ὁ</strong></span> <span class='ocrx_word' id='word_1_12' title='bbox 936 500 1012 554; x_wconf 94' lang='lat' dir='ltr'><strong>ait</strong></span> <span class='ocrx_word' id='word_1_13' title='bbox 1040 497 1132 555; x_wconf 91' lang='lat' dir='ltr'><strong>ille</strong></span> <span class='ocrx_word' id='word_1_14' title='bbox 1156 496 1325 571; x_wconf 53' lang='lat' dir='ltr'><strong>{iper</strong></span> <span class='ocrx_word' id='word_1_15' title='bbox 1346 492 1585 555; x_wconf 85' lang='lat' dir='ltr'><strong>triduum</strong></span> <span class='ocrx_word' id='word_1_16' title='bbox 1600 492 1750 556; x_wconf 88' lang='lat' dir='ltr'><strong>babi-</strong></span> <span class='ocrx_word' id='word_1_17' title='bbox 1778 504 1832 563; x_wconf 80' lang='grc' dir='ltr'><strong>Α</strong></span> <span class='ocrx_word' id='word_1_18' title='bbox 1856 501 2058 558; x_wconf 90' lang='lat' dir='ltr'><strong>clinare</strong></span> <span class='ocrx_word' id='word_1_19' title='bbox 2081 545 2096 569; x_wconf 94' lang='lat'><strong>,</strong></span> <span class='ocrx_word' id='word_1_20' title='bbox 2153 515 2248 558; x_wconf 90' lang='lat' dir='ltr'><strong>seu</strong></span> <span class='ocrx_word' id='word_1_21' title='bbox 2279 502 2646 575; x_wconf 65' lang='lat' dir='ltr'><strong>grammeticte</strong></span> <span class='ocrx_word' id='word_1_22' title='bbox 2692 500 2838 571; x_wconf 83' lang='lat' dir='ltr'><strong>leges</strong></span> <span class='ocrx_word' id='word_1_23' title='bbox 2858 543 2873 568; x_wconf 95' lang='lat'><strong>,</strong></span> <span class='ocrx_word' id='word_1_24' title='bbox 2905 508 2996 555; x_wconf 89' lang='lat' dir='ltr'><strong>aut</strong></span> <span class='ocrx_word' id='word_1_25' title='bbox 3027 496 3354 555; x_wconf 77' lang='lat' dir='ltr'><strong>rhetoricam</strong></span> <span class='ocrx_word' id='word_1_26' title='bbox 3395 506 3452 561; x_wconf 84' lang='lat' dir='ltr'><strong>et</strong></span> 
     </span>
    </p>
   </div>
   <div class='ocr_carea' id='block_1_5' title="bbox 141 592 1740 671">
    <p class='ocr_par' dir='ltr' id='par_1_5' title="bbox 141 592 1740 671">
     <span class='ocr_line' id='line_1_5' title="bbox 141 592 1740 671; baseline -0.001 -23"><span class='ocrx_word' id='word_1_27' title='bbox 141 603 275 657; x_wconf 88' lang='lat' dir='ltr'><strong>tum,</strong></span> <span class='ocrx_word' id='word_1_28' title='bbox 306 592 632 649; x_wconf 79' lang='lat' dir='ltr'><strong>decemviris</strong></span> <span class='ocrx_word' id='word_1_29' title='bbox 680 604 960 671; x_wconf 86' lang='lat' dir='ltr'><strong>sacrorum</strong></span> <span class='ocrx_word' id='word_1_30' title='bbox 990 593 1307 647; x_wconf 71' lang='lat' dir='ltr'><strong>curantibus</strong></span> <span class='ocrx_word' id='word_1_31' title='bbox 1335 607 1464 647; x_wconf 83' lang='lat' dir='ltr'><strong>:sex</strong></span> <span class='ocrx_word' id='word_1_32' title='bbox 1491 593 1740 662; x_wconf 87' lang='lat' dir='ltr'><strong>pulvina-</strong></span> 
     </span>
    </p>
   </div>
   <div class='ocr_carea' id='block_1_6' title="bbox 140 685 1744 759">
    <p class='ocr_par' dir='ltr' id='par_1_6' title="bbox 140 685 1744 759">
     <span class='ocr_line' id='line_1_6' title="bbox 140 685 1744 759; baseline -0.001 -17"><span class='ocrx_word' id='word_1_33' title='bbox 140 687 216 743; x_wconf 86' lang='lat' dir='ltr'><strong>ria</strong></span> <span class='ocrx_word' id='word_1_34' title='bbox 242 687 296 741; x_wconf 92' lang='lat' dir='ltr'><strong>in</strong></span> <span class='ocrx_word' id='word_1_35' title='bbox 324 697 620 759; x_wconf 88' lang='lat' dir='ltr'><strong>conspectu</strong></span> <span class='ocrx_word' id='word_1_36' title='bbox 648 686 799 743; x_wconf 77' lang='lat' dir='ltr'><strong>fuere</strong></span> <span class='ocrx_word' id='word_1_37' title='bbox 827 729 840 752; x_wconf 92' lang='lat'><strong>,</strong></span> <span class='ocrx_word' id='word_1_38' title='bbox 880 685 998 741; x_wconf 74' lang='grc' dir='ltr'><strong>«Ιονί</strong></span> <span class='ocrx_word' id='word_1_39' title='bbox 1041 697 1096 741; x_wconf 87' lang='lat' dir='ltr'><strong>et</strong></span> <span class='ocrx_word' id='word_1_40' title='bbox 1133 685 1325 741; x_wconf 77' lang='lat' dir='ltr'><strong>Iunoni</strong></span> <span class='ocrx_word' id='word_1_41' title='bbox 1361 702 1523 740; x_wconf 90' lang='lat' dir='ltr'><strong>unum</strong></span> <span class='ocrx_word' id='word_1_42' title='bbox 1550 730 1563 750; x_wconf 91' lang='lat'><strong>,</strong></span> <span class='ocrx_word' id='word_1_43' title='bbox 1610 686 1744 741; x_wconf 88' lang='lat' dir='ltr'><strong>alte-</strong></span> 
     </span>
    </p>
   </div>
   <div class='ocr_carea' id='block_1_7' title="bbox 142 774 1741 849">
    <p class='ocr_par' dir='ltr' id='par_1_7' title="bbox 142 774 1741 849">
     <span class='ocr_line' id='line_1_7' title="bbox 142 774 1741 849; baseline -0.002 -15"><span class='ocrx_word' id='word_1_44' title='bbox 142 788 262 834; x_wconf 85' lang='lat' dir='ltr'><strong>rum</strong></span> <span class='ocrx_word' id='word_1_45' title='bbox 316 779 570 849; x_wconf 82' lang='lat' dir='ltr'><strong>Neptuno</strong></span> <span class='ocrx_word' id='word_1_46' title='bbox 599 792 661 834; x_wconf 84' lang='lat' dir='ltr'><strong>ac</strong></span> <span class='ocrx_word' id='word_1_47' title='bbox 692 779 966 847; x_wconf 67' lang='lat' dir='ltr'><strong>Minervae,</strong></span> <span class='ocrx_word' id='word_1_48' title='bbox 997 779 1213 834; x_wconf 85' lang='lat' dir='ltr'><strong>tertium</strong></span> <span class='ocrx_word' id='word_1_49' title='bbox 1245 777 1398 833; x_wconf 83' lang='lat' dir='ltr'><strong>Marti</strong></span> <span class='ocrx_word' id='word_1_50' title='bbox 1432 789 1485 832; x_wconf 91' lang='lat' dir='ltr'><strong>et</strong></span> <span class='ocrx_word' id='word_1_51' title='bbox 1508 774 1706 833; x_wconf 81' lang='lat' dir='ltr'><strong>Veneri</strong></span> <span class='ocrx_word' id='word_1_52' title='bbox 1726 820 1741 843; x_wconf 96' lang='lat'><strong>,</strong></span> 
     </span>
    </p>
   </div>
   <div class='ocr_carea' id='block_1_8' title="bbox 139 869 1747 942">
    <p class='ocr_par' dir='ltr' id='par_1_8' title="bbox 139 869 1747 942">
     <span class='ocr_line' id='line_1_8' title="bbox 139 869 1747 942; baseline 0.001 -17"><span class='ocrx_word' id='word_1_53' title='bbox 139 874 394 942; x_wconf 80' lang='lat' dir='ltr'><strong>quartum</strong></span> <span class='ocrx_word' id='word_1_54' title='bbox 445 872 677 942; x_wconf 78' lang='lat' dir='ltr'><strong>Apollini</strong></span> <span class='ocrx_word' id='word_1_55' title='bbox 730 886 793 926; x_wconf 85' lang='lat' dir='ltr'><strong>ac</strong></span> <span class='ocrx_word' id='word_1_56' title='bbox 843 872 1025 927; x_wconf 71' lang='lat' dir='ltr'><strong>Dialia:</strong></span> <span class='ocrx_word' id='word_1_57' title='bbox 1056 902 1071 938; x_wconf 60' lang='grc' dir='ltr'><em>ε</em></span> <span class='ocrx_word' id='word_1_58' title='bbox 1105 871 1347 941; x_wconf 87' lang='lat' dir='ltr'><strong>quintum</strong></span> <span class='ocrx_word' id='word_1_59' title='bbox 1393 869 1637 926; x_wconf 77' lang='lat' dir='ltr'><strong>Vulcano</strong></span> <span class='ocrx_word' id='word_1_60' title='bbox 1680 884 1747 926; x_wconf 88' lang='lat' dir='ltr'><strong>ac</strong></span> 
     </span>
    </p>
   </div>
   <div class='ocr_carea' id='block_1_9' title="bbox 140 963 1740 1035">
    <p class='ocr_par' dir='ltr' id='par_1_9' title="bbox 140 963 1740 1035">
     <span class='ocr_line' id='line_1_9' title="bbox 140 963 1740 1035; baseline 0 -14"><span class='ocrx_word' id='word_1_61' title='bbox 140 966 361 1033; x_wconf 69' lang='lat' dir='ltr'><strong>Vestae,</strong></span> <span class='ocrx_word' id='word_1_62' title='bbox 416 977 628 1022; x_wconf 80' lang='lat' dir='ltr'><strong>sextum</strong></span> <span class='ocrx_word' id='word_1_63' title='bbox 675 966 941 1022; x_wconf 77' lang='lat' dir='ltr'><strong>Mercurio</strong></span> <span class='ocrx_word' id='word_1_64' title='bbox 998 978 1061 1021; x_wconf 85' lang='lat' dir='ltr'><strong>ac</strong></span> <span class='ocrx_word' id='word_1_65' title='bbox 1107 965 1293 1022; x_wconf 86' lang='lat' dir='ltr'><strong>Cereri</strong></span> <span class='ocrx_word' id='word_1_66' title='bbox 1330 986 1349 1019; x_wconf 83' lang='grc'><strong>›</strong></span> <span class='ocrx_word' id='word_1_67' title='bbox 1388 963 1604 1035; x_wconf 84' lang='lat' dir='ltr'><strong>(Idem,</strong></span> <span class='ocrx_word' id='word_1_68' title='bbox 1652 965 1740 1021; x_wconf 78' lang='lat' dir='ltr'><strong>lib.</strong></span> 
     </span>
    </p>
   </div>
   <div class='ocr_carea' id='block_1_10' title="bbox 138 1057 1742 1129">
    <p class='ocr_par' dir='ltr' id='par_1_10' title="bbox 138 1057 1742 1129">
     <span class='ocr_line' id='line_1_10' title="bbox 138 1057 1742 1129; baseline -0.002 -15"><span class='ocrx_word' id='word_1_69' title='bbox 138 1073 275 1119; x_wconf 77' lang='lat' dir='ltr'><strong>xxu,</strong></span> <span class='ocrx_word' id='word_1_70' title='bbox 303 1057 335 1129; x_wconf 68' lang='grc' dir='ltr'><strong>ς</strong></span> <span class='ocrx_word' id='word_1_71' title='bbox 366 1057 479 1129; x_wconf 76' lang='grc'><strong>10).</strong></span> <span class='ocrx_word' id='word_1_72' title='bbox 511 1059 676 1114; x_wconf 78' lang='lat' dir='ltr'><strong>Vides</strong></span> <span class='ocrx_word' id='word_1_73' title='bbox 717 1068 869 1114; x_wconf 73' lang='lat' dir='ltr'><strong>certe</strong></span> <span class='ocrx_word' id='word_1_74' title='bbox 916 1060 968 1112; x_wconf 92' lang='lat' dir='ltr'><strong>in</strong></span> <span class='ocrx_word' id='word_1_75' title='bbox 1012 1058 1099 1113; x_wconf 85' lang='lat' dir='ltr'><strong>his</strong></span> <span class='ocrx_word' id='word_1_76' title='bbox 1135 1058 1483 1114; x_wconf 74' lang='lat' dir='ltr'><strong>lectiSterniis</strong></span> <span class='ocrx_word' id='word_1_77' title='bbox 1514 1057 1643 1112; x_wconf 78' lang='lat' dir='ltr'><strong>deos</strong></span> <span class='ocrx_word' id='word_1_78' title='bbox 1688 1058 1742 1111; x_wconf 91' lang='lat' dir='ltr'><strong>in</strong></span> 
     </span>
    </p>
   </div>
   <div class='ocr_carea' id='block_1_11' title="bbox 138 1144 1741 1220">
    <p class='ocr_par' dir='ltr' id='par_1_11' title="bbox 138 1144 1741 1220">
     <span class='ocr_line' id='line_1_11' title="bbox 138 1144 1741 1220; baseline -0.001 -15"><span class='ocrx_word' id='word_1_79' title='bbox 138 1149 301 1211; x_wconf 81' lang='lat' dir='ltr'><strong>lectis</strong></span> <span class='ocrx_word' id='word_1_80' title='bbox 329 1160 386 1206; x_wconf 88' lang='lat' dir='ltr'><strong>et</strong></span> <span class='ocrx_word' id='word_1_81' title='bbox 419 1152 785 1220; x_wconf 80' lang='lat' dir='ltr'><strong>pulvinaribus</strong></span> <span class='ocrx_word' id='word_1_82' title='bbox 828 1144 1142 1215; x_wconf 82' lang='lat' dir='ltr'><strong>collocatos,</strong></span> <span class='ocrx_word' id='word_1_83' title='bbox 1182 1162 1237 1205; x_wconf 89' lang='lat' dir='ltr'><strong>et</strong></span> <span class='ocrx_word' id='word_1_84' title='bbox 1267 1152 1404 1219; x_wconf 85' lang='lat' dir='ltr'><strong>illis,</strong></span> <span class='ocrx_word' id='word_1_85' title='bbox 1442 1160 1499 1205; x_wconf 86' lang='lat' dir='ltr'><strong>ut</strong></span> <span class='ocrx_word' id='word_1_86' title='bbox 1540 1151 1741 1205; x_wconf 88' lang='lat' dir='ltr'><strong>malum</strong></span> 
     </span>
    </p>
   </div>
   <div class='ocr_carea' id='block_1_12' title="bbox 140 1238 1741 1313">
    <p class='ocr_par' dir='ltr' id='par_1_12' title="bbox 140 1238 1741 1313">
     <span class='ocr_line' id='line_1_12' title="bbox 140 1238 1741 1313; baseline 0.001 -18"><span class='ocrx_word' id='word_1_87' title='bbox 140 1238 359 1313; x_wconf 84' lang='lat' dir='ltr'><strong>aliquod</strong></span> <span class='ocrx_word' id='word_1_88' title='bbox 388 1252 720 1309; x_wconf 83' lang='lat' dir='ltr'><strong>averterent,</strong></span> <span class='ocrx_word' id='word_1_89' title='bbox 755 1245 1135 1313; x_wconf 81' lang='lat' dir='ltr'><strong>supplicatum.</strong></span> <span class='ocrx_word' id='word_1_90' title='bbox 1174 1243 1444 1298; x_wconf 85' lang='lat' dir='ltr'><strong>Arnobius</strong></span> <span class='ocrx_word' id='word_1_91' title='bbox 1475 1258 1604 1297; x_wconf 87' lang='lat' dir='ltr'><strong>vero</strong></span> <span class='ocrx_word' id='word_1_92' title='bbox 1631 1240 1741 1297; x_wconf 84' lang='lat' dir='ltr'><strong>Ce-</strong></span> 
     </span>
    </p>
   </div>
   <div class='ocr_carea' id='block_1_13' title="bbox 140 1334 1743 1407">
    <p class='ocr_par' dir='ltr' id='par_1_13' title="bbox 140 1334 1743 1407">
     <span class='ocr_line' id='line_1_13' title="bbox 140 1334 1743 1407; baseline 0 -15"><span class='ocrx_word' id='word_1_93' title='bbox 140 1337 280 1393; x_wconf 86' lang='lat' dir='ltr'><strong>reris</strong></span> <span class='ocrx_word' id='word_1_94' title='bbox 331 1344 537 1392; x_wconf 82' lang='lat' dir='ltr'><strong>tantum</strong></span> <span class='ocrx_word' id='word_1_95' title='bbox 590 1337 857 1404; x_wconf 78' lang='lat' dir='ltr'><strong>meminit,</strong></span> <span class='ocrx_word' id='word_1_96' title='bbox 907 1336 1003 1392; x_wconf 89' lang='lat' dir='ltr'><strong>sed</strong></span> <span class='ocrx_word' id='word_1_97' title='bbox 1045 1338 1281 1407; x_wconf 76' lang='lat' dir='ltr'><strong>exempli</strong></span> <span class='ocrx_word' id='word_1_98' title='bbox 1320 1350 1502 1391; x_wconf 83' lang='lat' dir='ltr'><strong>causa.</strong></span> <span class='ocrx_word' id='word_1_99' title='bbox 1555 1334 1743 1406; x_wconf 85' lang='lat' dir='ltr'><strong>Neque</strong></span> 
     </span>
    </p>
   </div>
   <div class='ocr_carea' id='block_1_14' title="bbox 138 1430 1739 1500">
    <p class='ocr_par' dir='ltr' id='par_1_14' title="bbox 138 1430 1739 1500">
     <span class='ocr_line' id='line_1_14' title="bbox 138 1430 1739 1500; baseline -0.001 -15"><span class='ocrx_word' id='word_1_100' title='bbox 138 1431 295 1486; x_wconf 90' lang='lat' dir='ltr'><strong>enim</strong></span> <span class='ocrx_word' id='word_1_101' title='bbox 347 1432 401 1486; x_wconf 89' lang='lat' dir='ltr'><strong>ei</strong></span> <span class='ocrx_word' id='word_1_102' title='bbox 436 1431 533 1486; x_wconf 86' lang='lat' dir='ltr'><strong>soli</strong></span> <span class='ocrx_word' id='word_1_103' title='bbox 574 1431 966 1486; x_wconf 69' lang='lat' dir='ltr'><strong>lectisternium</strong></span> <span class='ocrx_word' id='word_1_104' title='bbox 1008 1430 1204 1485; x_wconf 85' lang='lat' dir='ltr'><strong>factum</strong></span> <span class='ocrx_word' id='word_1_105' title='bbox 1238 1430 1405 1485; x_wconf 80' lang='lat' dir='ltr'><strong>fuisse</strong></span> <span class='ocrx_word' id='word_1_106' title='bbox 1450 1430 1739 1500; x_wconf 80' lang='lat' dir='ltr'><strong>signiﬁcat.</strong></span> 
     </span>
    </p>
   </div>
   <div class='ocr_carea' id='block_1_15' title="bbox 138 1523 1740 1594">
    <p class='ocr_par' dir='ltr' id='par_1_15' title="bbox 138 1523 1740 1594">
     <span class='ocr_line' id='line_1_15' title="bbox 138 1523 1740 1594; baseline -0.001 -15"><span class='ocrx_word' id='word_1_107' title='bbox 138 1523 505 1580; x_wconf 84' lang='lat' dir='ltr'><strong>Ethnicon</strong></span> <span class='ocrx_word' id='word_1_108' title='bbox 558 1539 689 1580; x_wconf 89' lang='lat' dir='ltr'><strong>vero</strong></span> <span class='ocrx_word' id='word_1_109' title='bbox 734 1526 998 1580; x_wconf 79' lang='lat' dir='ltr'><strong>insaniam</strong></span> <span class='ocrx_word' id='word_1_110' title='bbox 1039 1526 1158 1593; x_wconf 86' lang='lat' dir='ltr'><strong>jure</strong></span> <span class='ocrx_word' id='word_1_111' title='bbox 1202 1525 1399 1579; x_wconf 86' lang='lat' dir='ltr'><strong>merito</strong></span> <span class='ocrx_word' id='word_1_112' title='bbox 1428 1523 1740 1594; x_wconf 83' lang='lat' dir='ltr'><strong>redarguit,</strong></span> 
     </span>
    </p>
   </div>
   <div class='ocr_carea' id='block_1_16' title="bbox 139 1617 1744 1688">
    <p class='ocr_par' dir='ltr' id='par_1_16' title="bbox 139 1617 1744 1688">
     <span class='ocr_line' id='line_1_16' title="bbox 139 1617 1744 1688; baseline 0.001 -17"><span class='ocrx_word' id='word_1_113' title='bbox 139 1627 197 1671; x_wconf 90' lang='lat' dir='ltr'><strong>ut</strong></span> <span class='ocrx_word' id='word_1_114' title='bbox 220 1626 348 1685; x_wconf 86' lang='lat' dir='ltr'><strong>pote</strong></span> <span class='ocrx_word' id='word_1_115' title='bbox 371 1619 464 1685; x_wconf 85' lang='lat' dir='ltr'><strong>qui</strong></span> <span class='ocrx_word' id='word_1_116' title='bbox 491 1618 624 1673; x_wconf 88' lang='lat' dir='ltr'><strong>deos</strong></span> <span class='ocrx_word' id='word_1_117' title='bbox 650 1632 777 1672; x_wconf 81' lang='lat' dir='ltr'><strong>suos</strong></span> <span class='ocrx_word' id='word_1_118' title='bbox 799 1620 886 1684; x_wconf 82' lang='lat' dir='ltr'><strong>eo,</strong></span> <span class='ocrx_word' id='word_1_119' title='bbox 920 1632 1031 1688; x_wconf 88' lang='lat' dir='ltr'><strong>quo</strong></span> <span class='ocrx_word' id='word_1_120' title='bbox 1051 1618 1313 1682; x_wconf 83' lang='lat' dir='ltr'><strong>diximus,</strong></span> <span class='ocrx_word' id='word_1_121' title='bbox 1335 1617 1497 1672; x_wconf 90' lang='lat' dir='ltr'><strong>modo</strong></span> <span class='ocrx_word' id='word_1_122' title='bbox 1528 1618 1580 1672; x_wconf 91' lang='lat' dir='ltr'><strong>in</strong></span> <span class='ocrx_word' id='word_1_123' title='bbox 1606 1618 1744 1672; x_wconf 88' lang='lat' dir='ltr'><strong>mol-</strong></span> 
     </span>
    </p>
   </div>
   <div class='ocr_carea' id='block_1_17' title="bbox 139 1708 1747 1780">
    <p class='ocr_par' dir='ltr' id='par_1_17' title="bbox 139 1708 1747 1780">
     <span class='ocr_line' id='line_1_17' title="bbox 139 1708 1747 1780; baseline 0 -16"><span class='ocrx_word' id='word_1_124' title='bbox 139 1710 283 1766; x_wconf 81' lang='lat' dir='ltr'><strong>libus</strong></span> <span class='ocrx_word' id='word_1_125' title='bbox 306 1709 467 1765; x_wconf 83' lang='lat' dir='ltr'><strong>lectis</strong></span> <span class='ocrx_word' id='word_1_126' title='bbox 523 1720 577 1766; x_wconf 93' lang='lat' dir='ltr'><strong>et</strong></span> <span class='ocrx_word' id='word_1_127' title='bbox 627 1711 999 1780; x_wconf 81' lang='lat' dir='ltr'><strong>pulvinaribus</strong></span> <span class='ocrx_word' id='word_1_128' title='bbox 1035 1711 1211 1780; x_wconf 82' lang='lat' dir='ltr'><strong>palam</strong></span> <span class='ocrx_word' id='word_1_129' title='bbox 1237 1724 1301 1764; x_wconf 85' lang='lat' dir='ltr'><strong>ac</strong></span> <span class='ocrx_word' id='word_1_130' title='bbox 1329 1710 1540 1779; x_wconf 84' lang='lat' dir='ltr'><strong>publice</strong></span> <span class='ocrx_word' id='word_1_131' title='bbox 1562 1708 1747 1765; x_wconf 83' lang='lat' dir='ltr'><strong>stratis</strong></span> 
     </span>
    </p>
   </div>
   <div class='ocr_carea' id='block_1_18' title="bbox 140 1803 758 1871">
    <p class='ocr_par' dir='ltr' id='par_1_18' title="bbox 140 1803 758 1871">
     <span class='ocr_line' id='line_1_18' title="bbox 140 1803 758 1871; baseline -0.006 -12"><span class='ocrx_word' id='word_1_132' title='bbox 140 1803 342 1859; x_wconf 82' lang='lat' dir='ltr'><strong>cubare</strong></span> <span class='ocrx_word' id='word_1_133' title='bbox 373 1804 758 1871; x_wconf 82' lang='lat' dir='ltr'><strong>epinabantur.</strong></span> 
     </span>
    </p>
   </div>
   <div class='ocr_carea' id='block_1_19' title="bbox 1848 589 3447 669">
    <p class='ocr_par' dir='ltr' id='par_1_19' title="bbox 1848 589 3447 669">
     <span class='ocr_line' id='line_1_19' title="bbox 1848 589 3447 669; baseline -0.003 -20"><span class='ocrx_word' id='word_1_134' title='bbox 1848 594 2183 651; x_wconf 81' lang='lat' dir='ltr'><strong>dialecticam</strong></span> <span class='ocrx_word' id='word_1_135' title='bbox 2213 598 2457 667; x_wconf 84' lang='lat' dir='ltr'><strong>apprime</strong></span> <span class='ocrx_word' id='word_1_136' title='bbox 2490 596 2771 651; x_wconf 80' lang='lat' dir='ltr'><strong>noverant?</strong></span> <span class='ocrx_word' id='word_1_137' title='bbox 2796 593 2986 669; x_wconf 83' lang='lat' dir='ltr'><strong>(Ibid.,</strong></span> <span class='ocrx_word' id='word_1_138' title='bbox 3012 610 3133 665; x_wconf 81' lang='lat' dir='ltr'><strong>pag.</strong></span> <span class='ocrx_word' id='word_1_139' title='bbox 3156 590 3225 648; x_wconf 82' lang='lat'><strong>55</strong></span> <span class='ocrx_word' id='word_1_140' title='bbox 3243 601 3291 645; x_wconf 89' lang='lat' dir='ltr'><strong>et</strong></span> <span class='ocrx_word' id='word_1_141' title='bbox 3315 589 3447 662; x_wconf 83' lang='lat' dir='ltr'><strong>seq.)</strong></span> 
     </span>
    </p>
   </div>
   <div class='ocr_carea' id='block_1_20' title="bbox 1851 682 3449 759">
    <p class='ocr_par' dir='ltr' id='par_1_20' title="bbox 1851 682 3449 759">
     <span class='ocr_line' id='line_1_20' title="bbox 1851 682 3449 759; baseline -0.006 -15"><span class='ocrx_word' id='word_1_142' title='bbox 1851 688 1959 744; x_wconf 84' lang='lat' dir='ltr'><strong>Sed</strong></span> <span class='ocrx_word' id='word_1_143' title='bbox 2012 702 2131 758; x_wconf 68' lang='lat' dir='ltr'><strong>qua:</strong></span> <span class='ocrx_word' id='word_1_144' title='bbox 2178 687 2307 743; x_wconf 89' lang='lat' dir='ltr'><strong>inde</strong></span> <span class='ocrx_word' id='word_1_145' title='bbox 2358 689 2457 743; x_wconf 74' lang='lat' dir='ltr'><strong>nisi</strong></span> <span class='ocrx_word' id='word_1_146' title='bbox 2510 689 2691 759; x_wconf 90' lang='lat' dir='ltr'><strong>pueris</strong></span> <span class='ocrx_word' id='word_1_147' title='bbox 2721 703 2857 741; x_wconf 89' lang='lat' dir='ltr'><strong>vana</strong></span> <span class='ocrx_word' id='word_1_148' title='bbox 2916 686 3154 741; x_wconf 71' lang='lat' dir='ltr'><strong>scientia:</strong></span> <span class='ocrx_word' id='word_1_149' title='bbox 3178 682 3449 753; x_wconf 85' lang='lat' dir='ltr'><strong>jactatio?</strong></span> 
     </span>
    </p>
   </div>
   <div class='ocr_carea' id='block_1_21' title="bbox 1848 775 3450 852">
    <p class='ocr_par' dir='ltr' id='par_1_21' title="bbox 1848 775 3450 852">
     <span class='ocr_line' id='line_1_21' title="bbox 1848 775 3450 852; baseline -0.004 -16"><span class='ocrx_word' id='word_1_150' title='bbox 1848 780 1988 836; x_wconf 87' lang='lat' dir='ltr'><strong>Num</strong></span> <span class='ocrx_word' id='word_1_151' title='bbox 2018 782 2140 852; x_wconf 82' lang='lat' dir='ltr'><strong>quia</strong></span> <span class='ocrx_word' id='word_1_152' title='bbox 2170 783 2361 835; x_wconf 79' lang='lat' dir='ltr'><strong>aninue</strong></span> <span class='ocrx_word' id='word_1_153' title='bbox 2385 798 2571 836; x_wconf 88' lang='lat' dir='ltr'><strong>eorum</strong></span> <span class='ocrx_word' id='word_1_154' title='bbox 2605 782 2690 837; x_wconf 87' lang='lat' dir='ltr'><strong>vel</strong></span> <span class='ocrx_word' id='word_1_155' title='bbox 2718 780 2783 835; x_wconf 85' lang='lat' dir='ltr'><strong>ab</strong></span> <span class='ocrx_word' id='word_1_156' title='bbox 2824 782 2936 851; x_wconf 83' lang='lat' dir='ltr'><strong>ipsa</strong></span> <span class='ocrx_word' id='word_1_157' title='bbox 2974 795 3067 834; x_wconf 85' lang='lat' dir='ltr'><strong>sua</strong></span> <span class='ocrx_word' id='word_1_158' title='bbox 3094 777 3304 850; x_wconf 81' lang='lat' dir='ltr'><strong>origine</strong></span> <span class='ocrx_word' id='word_1_159' title='bbox 3331 775 3450 831; x_wconf 90' lang='lat' dir='ltr'><strong>aliis</strong></span> 
     </span>
    </p>
   </div>
   <div class='ocr_carea' id='block_1_22' title="bbox 1848 865 3449 944">
    <p class='ocr_par' dir='ltr' id='par_1_22' title="bbox 1848 865 3449 944">
     <span class='ocr_line' id='line_1_22' title="bbox 1848 865 3449 944; baseline -0.002 -17"><span class='ocrx_word' id='word_1_160' title='bbox 1848 868 2180 944; x_wconf 80' lang='lat' dir='ltr'><strong>quibuslibet</strong></span> <span class='ocrx_word' id='word_1_161' title='bbox 2198 875 2438 927; x_wconf 84' lang='lat' dir='ltr'><strong>scientiis</strong></span> <span class='ocrx_word' id='word_1_162' title='bbox 2461 883 2515 929; x_wconf 87' lang='lat' dir='ltr'><strong>et</strong></span> <span class='ocrx_word' id='word_1_163' title='bbox 2539 872 2801 928; x_wconf 90' lang='lat' dir='ltr'><strong>doctrinis</strong></span> <span class='ocrx_word' id='word_1_164' title='bbox 2827 865 3045 926; x_wconf 73' lang='lat' dir='ltr'><strong>imbuite</strong></span> <span class='ocrx_word' id='word_1_165' title='bbox 3075 868 3323 924; x_wconf 78' lang='lat' dir='ltr'><strong>luerunt?</strong></span> <span class='ocrx_word' id='word_1_166' title='bbox 3342 867 3449 926; x_wconf 89' lang='lat' dir='ltr'><strong>Sed</strong></span> 
     </span>
    </p>
   </div>
   <div class='ocr_carea' id='block_1_23' title="bbox 1848 960 3454 1035">
    <p class='ocr_par' dir='ltr' id='par_1_23' title="bbox 1848 960 3454 1035">
     <span class='ocr_line' id='line_1_23' title="bbox 1848 960 3454 1035; baseline -0.002 -16"><span class='ocrx_word' id='word_1_167' title='bbox 1848 964 1994 1020; x_wconf 90' lang='lat' dir='ltr'><strong>hunc</strong></span> <span class='ocrx_word' id='word_1_168' title='bbox 2011 970 2251 1020; x_wconf 85' lang='lat' dir='ltr'><strong>errorem</strong></span> <span class='ocrx_word' id='word_1_169' title='bbox 2270 966 2400 1020; x_wconf 77' lang='lat' dir='ltr'><strong>Satis</strong></span> <span class='ocrx_word' id='word_1_170' title='bbox 2430 966 2497 1019; x_wconf 89' lang='lat' dir='ltr'><strong>ab</strong></span> <span class='ocrx_word' id='word_1_171' title='bbox 2518 965 2637 1035; x_wconf 82' lang='lat' dir='ltr'><strong>ipso</strong></span> <span class='ocrx_word' id='word_1_172' title='bbox 2668 963 2907 1020; x_wconf 83' lang='lat' dir='ltr'><strong>Arnobio</strong></span> <span class='ocrx_word' id='word_1_173' title='bbox 2929 961 3258 1017; x_wconf 77' lang='lat' dir='ltr'><strong>confutatum</strong></span> <span class='ocrx_word' id='word_1_174' title='bbox 3287 960 3454 1015; x_wconf 76' lang='lat' dir='ltr'><strong>fuisse</strong></span> 
     </span>
    </p>
   </div>
   <div class='ocr_carea' id='block_1_24' title="bbox 1849 1057 3452 1131">
    <p class='ocr_par' dir='ltr' id='par_1_24' title="bbox 1849 1057 3452 1131">
     <span class='ocr_line' id='line_1_24' title="bbox 1849 1057 3452 1131; baseline -0.002 -17"><span class='ocrx_word' id='word_1_175' title='bbox 1849 1060 2178 1115; x_wconf 80' lang='lat' dir='ltr'><strong>ostendimus</strong></span> <span class='ocrx_word' id='word_1_176' title='bbox 2211 1060 2419 1131; x_wconf 64' lang='grc' dir='ltr'><strong>(δίψη,</strong></span> <span class='ocrx_word' id='word_1_177' title='bbox 2450 1077 2566 1131; x_wconf 82' lang='lat' dir='ltr'><strong>cap.</strong></span> <span class='ocrx_word' id='word_1_178' title='bbox 2593 1060 2647 1124; x_wconf 89' lang='lat'><strong>9,</strong></span> <span class='ocrx_word' id='word_1_179' title='bbox 2674 1068 2775 1112; x_wconf 88' lang='lat' dir='ltr'><strong>art.</strong></span> <span class='ocrx_word' id='word_1_180' title='bbox 2803 1057 2879 1129; x_wconf 79' lang='grc'><strong>1).</strong></span> <span class='ocrx_word' id='word_1_181' title='bbox 2906 1057 3181 1128; x_wconf 87' lang='lat' dir='ltr'><strong>Numquia</strong></span> <span class='ocrx_word' id='word_1_182' title='bbox 3199 1057 3452 1112; x_wconf 87' lang='lat' dir='ltr'><strong>scientias</strong></span> 
     </span>
    </p>
   </div>
   <div class='ocr_carea' id='block_1_25' title="bbox 1850 1147 3453 1220">
    <p class='ocr_par' dir='ltr' id='par_1_25' title="bbox 1850 1147 3453 1220">
     <span class='ocr_line' id='line_1_25' title="bbox 1850 1147 3453 1220; baseline -0.002 -12"><span class='ocrx_word' id='word_1_183' title='bbox 1850 1163 1906 1208; x_wconf 90' lang='lat' dir='ltr'><strong>et</strong></span> <span class='ocrx_word' id='word_1_184' title='bbox 1931 1163 2072 1206; x_wconf 86' lang='lat' dir='ltr'><strong>artes</strong></span> <span class='ocrx_word' id='word_1_185' title='bbox 2114 1153 2296 1207; x_wconf 86' lang='lat' dir='ltr'><strong>labore</strong></span> <span class='ocrx_word' id='word_1_186' title='bbox 2326 1164 2379 1206; x_wconf 86' lang='lat' dir='ltr'><strong>et</strong></span> <span class='ocrx_word' id='word_1_187' title='bbox 2406 1152 2791 1207; x_wconf 78' lang='lat' dir='ltr'><strong>exercitatione</strong></span> <span class='ocrx_word' id='word_1_188' title='bbox 2828 1149 3314 1220; x_wconf 87' lang='lat' dir='ltr'><strong>comparaverunt?</strong></span> <span class='ocrx_word' id='word_1_189' title='bbox 3347 1147 3453 1204; x_wconf 81' lang='lat' dir='ltr'><strong>Ve-</strong></span> 
     </span>
    </p>
   </div>
   <div class='ocr_carea' id='block_1_26' title="bbox 1850 1238 3443 1316">
    <p class='ocr_par' dir='ltr' id='par_1_26' title="bbox 1850 1238 3443 1316">
     <span class='ocr_line' id='line_1_26' title="bbox 1850 1238 3443 1316; baseline -0.002 -17"><span class='ocrx_word' id='word_1_190' title='bbox 1850 1260 1967 1299; x_wconf 88' lang='lat' dir='ltr'><strong>rum</strong></span> <span class='ocrx_word' id='word_1_191' title='bbox 2000 1260 2157 1314; x_wconf 68' lang='lat' dir='ltr'><strong>quam</strong></span> <span class='ocrx_word' id='word_1_192' title='bbox 2189 1245 2377 1316; x_wconf 79' lang='lat' dir='ltr'><strong>exigua</strong></span> <span class='ocrx_word' id='word_1_193' title='bbox 2407 1245 2476 1299; x_wconf 87' lang='lat' dir='ltr'><strong>sit</strong></span> <span class='ocrx_word' id='word_1_194' title='bbox 2501 1246 2586 1298; x_wconf 86' lang='lat' dir='ltr'><strong>illa</strong></span> <span class='ocrx_word' id='word_1_195' title='bbox 2618 1238 2895 1298; x_wconf 86' lang='lat' dir='ltr'><strong>hominum</strong></span> <span class='ocrx_word' id='word_1_196' title='bbox 2924 1242 3168 1307; x_wconf 86' lang='lat' dir='ltr'><strong>scientia,</strong></span> <span class='ocrx_word' id='word_1_197' title='bbox 3190 1240 3316 1297; x_wconf 89' lang='lat' dir='ltr'><strong>inde</strong></span> <span class='ocrx_word' id='word_1_198' title='bbox 3333 1241 3443 1296; x_wconf 86' lang='lat' dir='ltr'><strong>col-</strong></span> 
     </span>
    </p>
   </div>
   <div class='ocr_carea' id='block_1_27' title="bbox 1849 1333 3448 1408">
    <p class='ocr_par' dir='ltr' id='par_1_27' title="bbox 1849 1333 3448 1408">
     <span class='ocr_line' id='line_1_27' title="bbox 1849 1333 3448 1408; baseline 0 -19"><span class='ocrx_word' id='word_1_199' title='bbox 1849 1337 2001 1408; x_wconf 87' lang='lat' dir='ltr'><strong>ligas,</strong></span> <span class='ocrx_word' id='word_1_200' title='bbox 2037 1337 2177 1405; x_wconf 88' lang='lat' dir='ltr'><strong>quod</strong></span> <span class='ocrx_word' id='word_1_201' title='bbox 2202 1347 2320 1405; x_wconf 87' lang='lat' dir='ltr'><strong>post</strong></span> <span class='ocrx_word' id='word_1_202' title='bbox 2348 1346 2423 1390; x_wconf 84' lang='lat' dir='ltr'><strong>tot</strong></span> <span class='ocrx_word' id='word_1_203' title='bbox 2445 1337 2653 1406; x_wconf 86' lang='lat' dir='ltr'><strong>clapsas</strong></span> <span class='ocrx_word' id='word_1_204' title='bbox 2681 1334 2749 1389; x_wconf 90' lang='lat' dir='ltr'><strong>ab</strong></span> <span class='ocrx_word' id='word_1_205' title='bbox 2771 1333 2955 1390; x_wconf 90' lang='lat' dir='ltr'><strong>mundi</strong></span> <span class='ocrx_word' id='word_1_206' title='bbox 2976 1333 3197 1391; x_wconf 87' lang='lat' dir='ltr'><strong>exordio</strong></span> <span class='ocrx_word' id='word_1_207' title='bbox 3215 1344 3404 1389; x_wconf 60' lang='lat' dir='ltr'><strong>aetates</strong></span> <span class='ocrx_word' id='word_1_208' title='bbox 3432 1376 3448 1399; x_wconf 89' lang='lat'><strong>,</strong></span> 
     </span>
    </p>
   </div>
   <div class='ocr_carea' id='block_1_28' title="bbox 1848 1420 3446 1498">
    <p class='ocr_par' dir='ltr' id='par_1_28' title="bbox 1848 1420 3446 1498">
     <span class='ocr_line' id='line_1_28' title="bbox 1848 1420 3446 1498; baseline -0.002 -15"><span class='ocrx_word' id='word_1_209' title='bbox 1848 1443 1956 1483; x_wconf 90' lang='lat' dir='ltr'><strong>non</strong></span> <span class='ocrx_word' id='word_1_210' title='bbox 1989 1428 2154 1481; x_wconf 88' lang='lat' dir='ltr'><strong>multa</strong></span> <span class='ocrx_word' id='word_1_211' title='bbox 2197 1444 2349 1489; x_wconf 83' lang='lat' dir='ltr'><strong>sane.</strong></span> <span class='ocrx_word' id='word_1_212' title='bbox 2390 1428 2484 1483; x_wconf 88' lang='lat' dir='ltr'><strong>sed</strong></span> <span class='ocrx_word' id='word_1_213' title='bbox 2531 1420 2796 1498; x_wconf 78' lang='lat' dir='ltr'><strong>perpauca</strong></span> <span class='ocrx_word' id='word_1_214' title='bbox 2821 1425 3111 1481; x_wconf 84' lang='lat' dir='ltr'><strong>admodum</strong></span> <span class='ocrx_word' id='word_1_215' title='bbox 3159 1437 3309 1481; x_wconf 87' lang='lat' dir='ltr'><strong>certo</strong></span> <span class='ocrx_word' id='word_1_216' title='bbox 3354 1440 3446 1481; x_wconf 88' lang='lat' dir='ltr'><strong>co-</strong></span> 
     </span>
    </p>
   </div>
   <div class='ocr_carea' id='block_1_29' title="bbox 1851 1520 3447 1595">
    <p class='ocr_par' dir='ltr' id='par_1_29' title="bbox 1851 1520 3447 1595">
     <span class='ocr_line' id='line_1_29' title="bbox 1851 1520 3447 1595; baseline 0.001 -18"><span class='ocrx_word' id='word_1_217' title='bbox 1851 1533 2131 1595; x_wconf 83' lang='lat' dir='ltr'><strong>gnoscant.</strong></span> <span class='ocrx_word' id='word_1_218' title='bbox 2170 1520 2361 1578; x_wconf 89' lang='lat' dir='ltr'><strong>Nonne</strong></span> <span class='ocrx_word' id='word_1_219' title='bbox 2401 1522 2546 1578; x_wconf 91' lang='lat' dir='ltr'><strong>enim</strong></span> <span class='ocrx_word' id='word_1_220' title='bbox 2593 1524 2876 1579; x_wconf 69' lang='lat' dir='ltr'><strong>«Socrates</strong></span> <span class='ocrx_word' id='word_1_221' title='bbox 2902 1543 2949 1591; x_wconf 76' lang='grc' dir='ltr'><strong>,ι</strong></span> <span class='ocrx_word' id='word_1_222' title='bbox 2993 1523 3447 1594; x_wconf 84' lang='lat' dir='ltr'><strong>quemadmodum</strong></span> 
     </span>
    </p>
   </div>
   <div class='ocr_carea' id='block_1_30' title="bbox 1851 1617 3450 1689">
    <p class='ocr_par' dir='ltr' id='par_1_30' title="bbox 1851 1617 3450 1689">
     <span class='ocr_line' id='line_1_30' title="bbox 1851 1617 3450 1689; baseline -0.001 -17"><span class='ocrx_word' id='word_1_223' title='bbox 1851 1617 2088 1689; x_wconf 88' lang='lat' dir='ltr'><strong>loquitur</strong></span> <span class='ocrx_word' id='word_1_224' title='bbox 2138 1628 2328 1673; x_wconf 90' lang='lat' dir='ltr'><strong>auctor</strong></span> <span class='ocrx_word' id='word_1_225' title='bbox 2378 1631 2562 1673; x_wconf 88' lang='lat' dir='ltr'><strong>noster</strong></span> <span class='ocrx_word' id='word_1_226' title='bbox 2591 1660 2607 1685; x_wconf 93' lang='lat'><strong>,</strong></span> <span class='ocrx_word' id='word_1_227' title='bbox 2648 1637 2666 1670; x_wconf 87' lang='grc'><strong>‹</strong></span> <span class='ocrx_word' id='word_1_228' title='bbox 2701 1617 3163 1687; x_wconf 83' lang='lat' dir='ltr'><strong>comprehendere</strong></span> <span class='ocrx_word' id='word_1_229' title='bbox 3186 1617 3370 1688; x_wconf 87' lang='lat' dir='ltr'><strong>nequit</strong></span> <span class='ocrx_word' id='word_1_230' title='bbox 3398 1618 3450 1672; x_wconf 90' lang='lat' dir='ltr'><strong>in</strong></span> 
     </span>
    </p>
   </div>
   <div class='ocr_carea' id='block_1_31' title="bbox 1852 1702 3454 1783">
    <p class='ocr_par' dir='ltr' id='par_1_31' title="bbox 1852 1702 3454 1783">
     <span class='ocr_line' id='line_1_31' title="bbox 1852 1702 3454 1783; baseline -0.001 -17"><span class='ocrx_word' id='word_1_231' title='bbox 1852 1711 2114 1767; x_wconf 81' lang='lat' dir='ltr'><strong>Phwdone</strong></span> <span class='ocrx_word' id='word_1_232' title='bbox 2140 1712 2263 1783; x_wconf 81' lang='lat' dir='ltr'><strong>(ms.</strong></span> <span class='ocrx_word' id='word_1_233' title='bbox 2306 1726 2420 1782; x_wconf 84' lang='lat' dir='ltr'><strong>reg.</strong></span> <span class='ocrx_word' id='word_1_234' title='bbox 2452 1708 2649 1783; x_wconf 77' lang='lat' dir='ltr'><strong>Fedro)</strong></span> <span class='ocrx_word' id='word_1_235' title='bbox 2673 1710 2833 1764; x_wconf 87' lang='lat' dir='ltr'><strong>homo</strong></span> <span class='ocrx_word' id='word_1_236' title='bbox 2873 1710 2997 1780; x_wconf 90' lang='lat' dir='ltr'><strong>quid</strong></span> <span class='ocrx_word' id='word_1_237' title='bbox 3038 1711 3138 1778; x_wconf 88' lang='lat' dir='ltr'><strong>sit,</strong></span> <span class='ocrx_word' id='word_1_238' title='bbox 3171 1723 3262 1765; x_wconf 83' lang='lat' dir='ltr'><strong>aut</strong></span> <span class='ocrx_word' id='word_1_239' title='bbox 3312 1702 3454 1765; x_wconf 83' lang='lat' dir='ltr'><strong>unde</strong></span> 
     </span>
    </p>
   </div>
   <div class='ocr_carea' id='block_1_32' title="bbox 1854 1802 3456 1876">
    <p class='ocr_par' dir='ltr' id='par_1_32' title="bbox 1854 1802 3456 1876">
     <span class='ocr_line' id='line_1_32' title="bbox 1854 1802 3456 1876; baseline -0.002 -15"><span class='ocrx_word' id='word_1_240' title='bbox 1854 1807 1944 1873; x_wconf 90' lang='lat' dir='ltr'><strong>sit,</strong></span> <span class='ocrx_word' id='word_1_241' title='bbox 1970 1818 2191 1876; x_wconf 89' lang='lat' dir='ltr'><strong>anceps,</strong></span> <span class='ocrx_word' id='word_1_242' title='bbox 2216 1806 2422 1871; x_wconf 89' lang='lat' dir='ltr'><strong>varius,</strong></span> <span class='ocrx_word' id='word_1_243' title='bbox 2454 1805 2689 1869; x_wconf 86' lang='lat' dir='ltr'><strong>mobilis,</strong></span> <span class='ocrx_word' id='word_1_244' title='bbox 2719 1805 2918 1874; x_wconf 84' lang='lat' dir='ltr'><strong>pellax,</strong></span> <span class='ocrx_word' id='word_1_245' title='bbox 2950 1803 3249 1874; x_wconf 79' lang='lat' dir='ltr'><strong>multiplex,</strong></span> <span class='ocrx_word' id='word_1_246' title='bbox 3274 1802 3456 1857; x_wconf 87' lang='lat' dir='ltr'><strong>multi-</strong></span> 
     </span>
    </p>
   </div>
   <div class='ocr_carea' id='block_1_33' title="bbox 211 1894 3456 1969">
    <p class='ocr_par' dir='ltr' id='par_1_33' title="bbox 211 1894 3456 1969">
     <span class='ocr_line' id='line_1_33' title="bbox 211 1894 3456 1969; baseline -0.001 -14"><span class='ocrx_word' id='word_1_247' title='bbox 211 1895 464 1966; x_wconf 82' lang='lat' dir='ltr'><strong>Denique</strong></span> <span class='ocrx_word' id='word_1_248' title='bbox 492 1897 584 1951; x_wconf 84' lang='lat' dir='ltr'><strong>ille</strong></span> <span class='ocrx_word' id='word_1_249' title='bbox 621 1896 782 1950; x_wconf 78' lang='lat' dir='ltr'><strong>simili</strong></span> <span class='ocrx_word' id='word_1_250' title='bbox 814 1895 977 1966; x_wconf 74' lang='lat' dir='ltr'><strong>plane</strong></span> <span class='ocrx_word' id='word_1_251' title='bbox 1004 1894 1166 1950; x_wconf 84' lang='lat' dir='ltr'><strong>modo</strong></span> <span class='ocrx_word' id='word_1_252' title='bbox 1195 1894 1331 1949; x_wconf 74' lang='lat' dir='ltr'><strong>alios</strong></span> <span class='ocrx_word' id='word_1_253' title='bbox 1354 1894 1605 1949; x_wconf 73' lang='lat' dir='ltr'><strong>BXSibilat</strong></span> <span class='ocrx_word' id='word_1_254' title='bbox 1649 1910 1747 1949; x_wconf 81' lang='lat' dir='ltr'><strong>ex-</strong></span> <span class='ocrx_word' id='word_1_255' title='bbox 1778 1898 1826 1964; x_wconf 84' lang='grc' dir='ltr'>Β</span> <span class='ocrx_word' id='word_1_256' title='bbox 1856 1899 2064 1966; x_wconf 85' lang='lat' dir='ltr'><strong>formis,</strong></span> <span class='ocrx_word' id='word_1_257' title='bbox 2091 1902 2141 1953; x_wconf 92' lang='lat' dir='ltr'><strong>in</strong></span> <span class='ocrx_word' id='word_1_258' title='bbox 2184 1914 2318 1969; x_wconf 92' lang='lat' dir='ltr'><strong>quos</strong></span> <span class='ocrx_word' id='word_1_259' title='bbox 2357 1916 2484 1953; x_wconf 82' lang='lat' dir='ltr'><strong>usus</strong></span> <span class='ocrx_word' id='word_1_260' title='bbox 2528 1901 2766 1969; x_wconf 88' lang='lat' dir='ltr'><strong>prolatus</strong></span> <span class='ocrx_word' id='word_1_261' title='bbox 2806 1899 2908 1961; x_wconf 92' lang='lat' dir='ltr'><strong>sit,</strong></span> <span class='ocrx_word' id='word_1_262' title='bbox 2939 1898 3091 1967; x_wconf 87' lang='lat' dir='ltr'><strong>cujus</strong></span> <span class='ocrx_word' id='word_1_263' title='bbox 3122 1897 3456 1966; x_wconf 81' lang='lat' dir='ltr'><strong>cxcogitatus</strong></span> 
     </span>
    </p>
   </div>
   <div class='ocr_carea' id='block_1_34' title="bbox 144 1984 1745 2061">
    <p class='ocr_par' dir='ltr' id='par_1_34' title="bbox 144 1984 1745 2061">
     <span class='ocr_line' id='line_1_34' title="bbox 144 1984 1745 2061; baseline -0.002 -15"><span class='ocrx_word' id='word_1_264' title='bbox 144 1990 424 2061; x_wconf 84' lang='lat' dir='ltr'><strong>ploditque</strong></span> <span class='ocrx_word' id='word_1_265' title='bbox 468 1989 636 2045; x_wconf 77' lang='lat' dir='ltr'><strong>festos</strong></span> <span class='ocrx_word' id='word_1_266' title='bbox 678 1989 825 2055; x_wconf 83' lang='lat' dir='ltr'><strong>dies,</strong></span> <span class='ocrx_word' id='word_1_267' title='bbox 857 1998 993 2059; x_wconf 88' lang='lat' dir='ltr'><strong>quos</strong></span> <span class='ocrx_word' id='word_1_268' title='bbox 1022 1984 1240 2059; x_wconf 83' lang='lat' dir='ltr'><strong>propter</strong></span> <span class='ocrx_word' id='word_1_269' title='bbox 1265 1988 1490 2044; x_wconf 89' lang='lat' dir='ltr'><strong>deorum</strong></span> <span class='ocrx_word' id='word_1_270' title='bbox 1523 1994 1745 2042; x_wconf 82' lang='lat' dir='ltr'><strong>suorum</strong></span> 
     </span>
    </p>
   </div>
   <div class='ocr_carea' id='block_1_35' title="bbox 142 2074 1731 2143">
    <p class='ocr_par' dir='ltr' id='par_1_35' title="bbox 142 2074 1731 2143">
     <span class='ocr_line' id='line_1_35' title="bbox 142 2074 1731 2143; baseline -0.003 -1"><span class='ocrx_word' id='word_1_271' title='bbox 142 2087 349 2142; x_wconf 80' lang='lat' dir='ltr'><strong>natales</strong></span> <span class='ocrx_word' id='word_1_272' title='bbox 369 2086 645 2143; x_wconf 86' lang='lat' dir='ltr'><strong>celebrare</strong></span> <span class='ocrx_word' id='word_1_273' title='bbox 674 2086 1012 2142; x_wconf 86' lang='lat' dir='ltr'><strong>ethnicorum</strong></span> <span class='ocrx_word' id='word_1_274' title='bbox 1044 2098 1162 2139; x_wconf 89' lang='lat' dir='ltr'><strong>mos</strong></span> <span class='ocrx_word' id='word_1_275' title='bbox 1183 2074 1319 2139; x_wconf 82' lang='lat' dir='ltr'><strong>erat.</strong></span> <span class='ocrx_word' id='word_1_276' title='bbox 1352 2083 1526 2139; x_wconf 89' lang='lat' dir='ltr'><strong>Unico</strong></span> <span class='ocrx_word' id='word_1_277' title='bbox 1549 2078 1731 2138; x_wconf 81' lang='lat' dir='ltr'><strong>autem</strong></span> 
     </span>
    </p>
   </div>
   <div class='ocr_carea' id='block_1_36' title="bbox 144 2172 1745 2249">
    <p class='ocr_par' dir='ltr' id='par_1_36' title="bbox 144 2172 1745 2249">
     <span class='ocr_line' id='line_1_36' title="bbox 144 2172 1745 2249; baseline -0.004 -15"><span class='ocrx_word' id='word_1_278' title='bbox 144 2179 375 2235; x_wconf 83' lang='lat' dir='ltr'><strong>Telluris</strong></span> <span class='ocrx_word' id='word_1_279' title='bbox 404 2179 673 2249; x_wconf 80' lang='lat' dir='ltr'><strong>exemplo,</strong></span> <span class='ocrx_word' id='word_1_280' title='bbox 702 2188 933 2235; x_wconf 64' lang='lat' dir='ltr'><strong>caeteros</strong></span> <span class='ocrx_word' id='word_1_281' title='bbox 955 2188 1145 2232; x_wconf 87' lang='lat' dir='ltr'><strong>omnes</strong></span> <span class='ocrx_word' id='word_1_282' title='bbox 1169 2176 1505 2231; x_wconf 87' lang='lat' dir='ltr'><strong>damnandos</strong></span> <span class='ocrx_word' id='word_1_283' title='bbox 1526 2186 1647 2230; x_wconf 88' lang='lat' dir='ltr'><strong>esse</strong></span> <span class='ocrx_word' id='word_1_284' title='bbox 1675 2172 1745 2228; x_wconf 88' lang='lat' dir='ltr'><strong>ita</strong></span> 
     </span>
    </p>
   </div>
   <div class='ocr_carea' id='block_1_37' title="bbox 146 2264 1747 2327">
    <p class='ocr_par' dir='ltr' id='par_1_37' title="bbox 146 2264 1747 2327">
     <span class='ocr_line' id='line_1_37' title="bbox 146 2264 1747 2327; baseline -0.006 1"><span class='ocrx_word' id='word_1_285' title='bbox 146 2270 381 2327; x_wconf 85' lang='lat' dir='ltr'><strong>ostendit</strong></span> <span class='ocrx_word' id='word_1_286' title='bbox 414 2288 428 2325; x_wconf 88' lang='lat'><strong>:</strong></span> <span class='ocrx_word' id='word_1_287' title='bbox 490 2289 509 2321; x_wconf 77' lang='grc' dir='ltr'><strong><em>ι</em></strong></span> <span class='ocrx_word' id='word_1_288' title='bbox 536 2270 769 2325; x_wconf 83' lang='lat' dir='ltr'><strong>Telluris</strong></span> <span class='ocrx_word' id='word_1_289' title='bbox 817 2270 1008 2325; x_wconf 83' lang='lat' dir='ltr'><strong>natalis</strong></span> <span class='ocrx_word' id='word_1_290' title='bbox 1048 2277 1150 2323; x_wconf 86' lang='lat' dir='ltr'><strong>est.</strong></span> <span class='ocrx_word' id='word_1_291' title='bbox 1190 2268 1269 2321; x_wconf 90' lang='lat' dir='ltr'><strong>Dii</strong></span> <span class='ocrx_word' id='word_1_292' title='bbox 1310 2268 1454 2322; x_wconf 89' lang='lat' dir='ltr'><strong>enim</strong></span> <span class='ocrx_word' id='word_1_293' title='bbox 1481 2282 1548 2321; x_wconf 82' lang='lat' dir='ltr'><strong>ex</strong></span> <span class='ocrx_word' id='word_1_294' title='bbox 1576 2264 1747 2320; x_wconf 82' lang='lat' dir='ltr'><strong>uleris</strong></span> 
     </span>
    </p>
   </div>
   <div class='ocr_carea' id='block_1_38' title="bbox 146 2356 1746 2434">
    <p class='ocr_par' dir='ltr' id='par_1_38' title="bbox 146 2356 1746 2434">
     <span class='ocr_line' id='line_1_38' title="bbox 146 2356 1746 2434; baseline -0.004 -15"><span class='ocrx_word' id='word_1_295' title='bbox 146 2364 434 2434; x_wconf 86' lang='lat' dir='ltr'><strong>prodeunt,</strong></span> <span class='ocrx_word' id='word_1_296' title='bbox 462 2368 521 2419; x_wconf 90' lang='lat' dir='ltr'><strong>et</strong></span> <span class='ocrx_word' id='word_1_297' title='bbox 555 2363 757 2419; x_wconf 84' lang='lat' dir='ltr'><strong>habent</strong></span> <span class='ocrx_word' id='word_1_298' title='bbox 782 2363 898 2419; x_wconf 89' lang='lat' dir='ltr'><strong>dies</strong></span> <span class='ocrx_word' id='word_1_299' title='bbox 916 2363 1088 2424; x_wconf 56' lang='lat' dir='ltr'><strong>lattos,</strong></span> <span class='ocrx_word' id='word_1_300' title='bbox 1118 2356 1317 2431; x_wconf 84' lang='lat' dir='ltr'><strong>quibus</strong></span> <span class='ocrx_word' id='word_1_301' title='bbox 1352 2360 1432 2416; x_wconf 87' lang='lat' dir='ltr'><strong>eis</strong></span> <span class='ocrx_word' id='word_1_302' title='bbox 1452 2362 1746 2429; x_wconf 87' lang='lat' dir='ltr'><strong>ascriptum</strong></span> 
     </span>
    </p>
   </div>
   <div class='ocr_carea' id='block_1_39' title="bbox 144 2453 1744 2526">
    <p class='ocr_par' dir='ltr' id='par_1_39' title="bbox 144 2453 1744 2526">
     <span class='ocr_line' id='line_1_39' title="bbox 144 2453 1744 2526; baseline -0.004 -15"><span class='ocrx_word' id='word_1_303' title='bbox 144 2466 225 2511; x_wconf 82' lang='lat' dir='ltr'><strong>est</strong></span> <span class='ocrx_word' id='word_1_304' title='bbox 252 2472 443 2511; x_wconf 77' lang='lat' dir='ltr'><strong>auram</strong></span> <span class='ocrx_word' id='word_1_305' title='bbox 471 2471 733 2526; x_wconf 85' lang='lat' dir='ltr'><strong>usurpare</strong></span> <span class='ocrx_word' id='word_1_306' title='bbox 775 2455 990 2509; x_wconf 87' lang='lat' dir='ltr'><strong>vitalem</strong></span> <span class='ocrx_word' id='word_1_307' title='bbox 1034 2472 1054 2506; x_wconf 72' lang='grc' dir='ltr'><strong><em>ι</em></strong></span> <span class='ocrx_word' id='word_1_308' title='bbox 1093 2454 1335 2524; x_wconf 84' lang='lat' dir='ltr'><strong>(Arnob.,</strong></span> <span class='ocrx_word' id='word_1_309' title='bbox 1366 2453 1453 2507; x_wconf 94' lang='lat' dir='ltr'><strong>lib.</strong></span> <span class='ocrx_word' id='word_1_310' title='bbox 1491 2466 1592 2517; x_wconf 83' lang='lat' dir='ltr'><strong>vn,</strong></span> <span class='ocrx_word' id='word_1_311' title='bbox 1621 2466 1744 2522; x_wconf 85' lang='lat' dir='ltr'><strong>pag.</strong></span> 
     </span>
    </p>
   </div>
   <div class='ocr_carea' id='block_1_40' title="bbox 142 2542 1745 2620">
    <p class='ocr_par' dir='ltr' id='par_1_40' title="bbox 142 2542 1745 2620">
     <span class='ocr_line' id='line_1_40' title="bbox 142 2542 1745 2620; baseline -0.005 -15"><span class='ocrx_word' id='word_1_312' title='bbox 142 2548 297 2620; x_wconf 77' lang='grc'><strong>258).</strong></span> <span class='ocrx_word' id='word_1_313' title='bbox 320 2548 392 2605; x_wconf 84' lang='lat' dir='ltr'><strong>At</strong></span> <span class='ocrx_word' id='word_1_314' title='bbox 419 2564 525 2603; x_wconf 91' lang='lat' dir='ltr'><strong>non</strong></span> <span class='ocrx_word' id='word_1_315' title='bbox 553 2549 711 2604; x_wconf 90' lang='lat' dir='ltr'><strong>unius</strong></span> <span class='ocrx_word' id='word_1_316' title='bbox 741 2556 944 2603; x_wconf 86' lang='lat' dir='ltr'><strong>tantum</strong></span> <span class='ocrx_word' id='word_1_317' title='bbox 976 2545 1212 2602; x_wconf 87' lang='lat' dir='ltr'><strong>Telluris</strong></span> <span class='ocrx_word' id='word_1_318' title='bbox 1239 2546 1434 2600; x_wconf 88' lang='lat' dir='ltr'><strong>natalis</strong></span> <span class='ocrx_word' id='word_1_319' title='bbox 1459 2544 1575 2598; x_wconf 89' lang='lat' dir='ltr'><strong>dies</strong></span> <span class='ocrx_word' id='word_1_320' title='bbox 1593 2584 1609 2609; x_wconf 95' lang='lat'><strong>,</strong></span> <span class='ocrx_word' id='word_1_321' title='bbox 1651 2542 1745 2597; x_wconf 87' lang='lat' dir='ltr'><strong>sed</strong></span> 
     </span>
    </p>
   </div>
   <div class='ocr_carea' id='block_1_41' title="bbox 142 2636 1743 2711">
    <p class='ocr_par' dir='ltr' id='par_1_41' title="bbox 142 2636 1743 2711">
     <span class='ocr_line' id='line_1_41' title="bbox 142 2636 1743 2711; baseline -0.004 -16"><span class='ocrx_word' id='word_1_322' title='bbox 142 2642 417 2695; x_wconf 82' lang='lat' dir='ltr'><strong>variorum</strong></span> <span class='ocrx_word' id='word_1_323' title='bbox 444 2657 659 2711; x_wconf 85' lang='lat' dir='ltr'><strong>quoque</strong></span> <span class='ocrx_word' id='word_1_324' title='bbox 679 2641 927 2707; x_wconf 85' lang='lat' dir='ltr'><strong>deorum,</strong></span> <span class='ocrx_word' id='word_1_325' title='bbox 952 2641 1024 2695; x_wconf 89' lang='lat' dir='ltr'><strong>uti</strong></span> <span class='ocrx_word' id='word_1_326' title='bbox 1056 2638 1332 2701; x_wconf 81' lang='lat' dir='ltr'><strong>Mercurii,</strong></span> <span class='ocrx_word' id='word_1_327' title='bbox 1360 2636 1614 2691; x_wconf 63' lang='lat' dir='ltr'><strong>Minerva:</strong></span> <span class='ocrx_word' id='word_1_328' title='bbox 1640 2677 1654 2700; x_wconf 93' lang='lat'><strong>,</strong></span> <span class='ocrx_word' id='word_1_329' title='bbox 1686 2644 1743 2688; x_wconf 89' lang='lat' dir='ltr'><strong>et</strong></span> 
     </span>
    </p>
   </div>
   <div class='ocr_carea' id='block_1_42' title="bbox 144 2730 1745 2800">
    <p class='ocr_par' dir='ltr' id='par_1_42' title="bbox 144 2730 1745 2800">
     <span class='ocr_line' id='line_1_42' title="bbox 144 2730 1745 2800; baseline -0.004 -11"><span class='ocrx_word' id='word_1_330' title='bbox 144 2732 292 2789; x_wconf 82' lang='lat' dir='ltr'><strong>Jovis</strong></span> <span class='ocrx_word' id='word_1_331' title='bbox 338 2733 660 2800; x_wconf 81' lang='lat' dir='ltr'><strong>Ammonis,</strong></span> <span class='ocrx_word' id='word_1_332' title='bbox 704 2736 757 2790; x_wconf 93' lang='lat' dir='ltr'><strong>in</strong></span> <span class='ocrx_word' id='word_1_333' title='bbox 807 2734 977 2789; x_wconf 86' lang='lat' dir='ltr'><strong>veteri</strong></span> <span class='ocrx_word' id='word_1_334' title='bbox 1010 2740 1268 2788; x_wconf 88' lang='lat' dir='ltr'><strong>n0tantur</strong></span> <span class='ocrx_word' id='word_1_335' title='bbox 1294 2730 1653 2795; x_wconf 82' lang='lat' dir='ltr'><strong>Kalendario,</strong></span> <span class='ocrx_word' id='word_1_336' title='bbox 1690 2730 1745 2783; x_wconf 91' lang='lat' dir='ltr'><strong>in</strong></span> 
     </span>
    </p>
   </div>
   <div class='ocr_carea' id='block_1_43' title="bbox 146 2820 1746 2898">
    <p class='ocr_par' dir='ltr' id='par_1_43' title="bbox 146 2820 1746 2898">
     <span class='ocr_line' id='line_1_43' title="bbox 146 2820 1746 2898; baseline -0.004 -17"><span class='ocrx_word' id='word_1_337' title='bbox 146 2827 290 2898; x_wconf 87' lang='lat' dir='ltr'><strong>quod</strong></span> <span class='ocrx_word' id='word_1_338' title='bbox 350 2827 622 2883; x_wconf 81' lang='lat' dir='ltr'><strong>Lambecii</strong></span> <span class='ocrx_word' id='word_1_339' title='bbox 662 2836 817 2884; x_wconf 87' lang='lat' dir='ltr'><strong>notas</strong></span> <span class='ocrx_word' id='word_1_340' title='bbox 868 2828 1049 2897; x_wconf 81' lang='lat' dir='ltr'><strong>legere</strong></span> <span class='ocrx_word' id='word_1_341' title='bbox 1079 2825 1304 2897; x_wconf 89' lang='lat' dir='ltr'><strong>poteris.</strong></span> <span class='ocrx_word' id='word_1_342' title='bbox 1336 2823 1489 2881; x_wconf 85' lang='lat' dir='ltr'><strong>Unde</strong></span> <span class='ocrx_word' id='word_1_343' title='bbox 1518 2820 1746 2877; x_wconf 86' lang='lat' dir='ltr'><strong>Lactan-</strong></span> 
     </span>
    </p>
   </div>
   <div class='ocr_carea' id='block_1_44' title="bbox 145 2916 1747 2990">
    <p class='ocr_par' dir='ltr' id='par_1_44' title="bbox 145 2916 1747 2990">
     <span class='ocr_line' id='line_1_44' title="bbox 145 2916 1747 2990; baseline -0.006 -13"><span class='ocrx_word' id='word_1_344' title='bbox 145 2921 252 2977; x_wconf 85' lang='lat' dir='ltr'><strong>tius</strong></span> <span class='ocrx_word' id='word_1_345' title='bbox 282 2939 296 2975; x_wconf 91' lang='lat'><strong>:</strong></span> <span class='ocrx_word' id='word_1_346' title='bbox 337 2939 359 2975; x_wconf 76' lang='grc' dir='ltr'>ί</span> <span class='ocrx_word' id='word_1_347' title='bbox 388 2920 657 2977; x_wconf 84' lang='lat' dir='ltr'><strong>Ludorum</strong></span> <span class='ocrx_word' id='word_1_348' title='bbox 685 2963 700 2987; x_wconf 98' lang='lat'><strong>,</strong></span> <span class='ocrx_word' id='word_1_349' title='bbox 736 2939 757 2987; x_wconf 68' lang='lat' dir='ltr'><strong>i</strong></span> <span class='ocrx_word' id='word_1_350' title='bbox 789 2921 960 2990; x_wconf 89' lang='lat' dir='ltr'><strong>inquit</strong></span> <span class='ocrx_word' id='word_1_351' title='bbox 986 2961 1002 2986; x_wconf 94' lang='lat'><strong>,</strong></span> <span class='ocrx_word' id='word_1_352' title='bbox 1052 2938 1071 2970; x_wconf 69' lang='grc' dir='ltr'><strong><em>ι</em></strong></span> <span class='ocrx_word' id='word_1_353' title='bbox 1100 2916 1494 2973; x_wconf 85' lang='lat' dir='ltr'><strong>celebrationes</strong></span> <span class='ocrx_word' id='word_1_354' title='bbox 1520 2916 1747 2970; x_wconf 89' lang='lat' dir='ltr'><strong>deorum</strong></span> 
     </span>
    </p>
   </div>
   <div class='ocr_carea' id='block_1_45' title="bbox 144 3008 1750 3086">
    <p class='ocr_par' dir='ltr' id='par_1_45' title="bbox 144 3008 1750 3086">
     <span class='ocr_line' id='line_1_45' title="bbox 144 3008 1750 3086; baseline -0.005 -16"><span class='ocrx_word' id='word_1_355' title='bbox 144 3015 283 3074; x_wconf 79' lang='lat' dir='ltr'><strong>festa</strong></span> <span class='ocrx_word' id='word_1_356' title='bbox 328 3026 490 3081; x_wconf 88' lang='lat' dir='ltr'><strong>sunt;</strong></span> <span class='ocrx_word' id='word_1_357' title='bbox 533 3016 798 3086; x_wconf 85' lang='lat' dir='ltr'><strong>siquidem</strong></span> <span class='ocrx_word' id='word_1_358' title='bbox 839 3016 908 3070; x_wconf 92' lang='lat' dir='ltr'><strong>ob</strong></span> <span class='ocrx_word' id='word_1_359' title='bbox 934 3015 1141 3069; x_wconf 85' lang='lat' dir='ltr'><strong>natales</strong></span> <span class='ocrx_word' id='word_1_360' title='bbox 1165 3027 1355 3067; x_wconf 92' lang='lat' dir='ltr'><strong>eorum</strong></span> <span class='ocrx_word' id='word_1_361' title='bbox 1404 3010 1488 3065; x_wconf 86' lang='lat' dir='ltr'><strong>vel</strong></span> <span class='ocrx_word' id='word_1_362' title='bbox 1521 3008 1750 3079; x_wconf 81' lang='lat' dir='ltr'><strong>templo-</strong></span> 
     </span>
    </p>
   </div>
   <div class='ocr_carea' id='block_1_46' title="bbox 142 3101 1750 3171">
    <p class='ocr_par' dir='ltr' id='par_1_46' title="bbox 142 3101 1750 3171">
     <span class='ocr_line' id='line_1_46' title="bbox 142 3101 1750 3171; baseline -0.003 -9"><span class='ocrx_word' id='word_1_363' title='bbox 142 3124 266 3164; x_wconf 87' lang='lat' dir='ltr'><strong>rum</strong></span> <span class='ocrx_word' id='word_1_364' title='bbox 296 3123 562 3163; x_wconf 85' lang='lat' dir='ltr'><strong>novorum</strong></span> <span class='ocrx_word' id='word_1_365' title='bbox 616 3107 981 3163; x_wconf 86' lang='lat' dir='ltr'><strong>dedicationes</strong></span> <span class='ocrx_word' id='word_1_366' title='bbox 1021 3116 1147 3161; x_wconf 90' lang='lat' dir='ltr'><strong>sunt</strong></span> <span class='ocrx_word' id='word_1_367' title='bbox 1199 3104 1476 3160; x_wconf 83' lang='lat' dir='ltr'><strong>constituti</strong></span> <span class='ocrx_word' id='word_1_368' title='bbox 1523 3120 1542 3155; x_wconf 76' lang='grc' dir='ltr'><strong>ι</strong></span> <span class='ocrx_word' id='word_1_369' title='bbox 1592 3101 1750 3171; x_wconf 85' lang='lat' dir='ltr'><strong>(Lac-</strong></span> 
     </span>
    </p>
   </div>
   <div class='ocr_carea' id='block_1_47' title="bbox 142 3199 1108 3273">
    <p class='ocr_par' dir='ltr' id='par_1_47' title="bbox 142 3199 1108 3273">
     <span class='ocr_line' id='line_1_47' title="bbox 142 3199 1108 3273; baseline -0.006 -15"><span class='ocrx_word' id='word_1_370' title='bbox 142 3212 304 3271; x_wconf 69' lang='lat' dir='ltr'><strong>tanL,</strong></span> <span class='ocrx_word' id='word_1_371' title='bbox 325 3202 416 3257; x_wconf 85' lang='lat' dir='ltr'><strong>lib.</strong></span> <span class='ocrx_word' id='word_1_372' title='bbox 438 3218 515 3270; x_wconf 78' lang='grc' dir='ltr'><strong>γι,</strong></span> <span class='ocrx_word' id='word_1_373' title='bbox 541 3218 657 3273; x_wconf 83' lang='lat' dir='ltr'><strong>cap.</strong></span> <span class='ocrx_word' id='word_1_374' title='bbox 686 3203 777 3266; x_wconf 72' lang='grc'><strong>19,</strong></span> <span class='ocrx_word' id='word_1_375' title='bbox 805 3217 926 3272; x_wconf 86' lang='lat' dir='ltr'><strong>pag.</strong></span> <span class='ocrx_word' id='word_1_376' title='bbox 956 3199 1108 3271; x_wconf 69' lang='grc'><strong>621).</strong></span> 
     </span>
    </p>
   </div>
   <div class='ocr_carea' id='block_1_48' title="bbox 1856 1990 3454 2062">
    <p class='ocr_par' dir='ltr' id='par_1_48' title="bbox 1856 1990 3454 2062">
     <span class='ocr_line' id='line_1_48' title="bbox 1856 1990 3454 2062; baseline -0.002 -16"><span class='ocrx_word' id='word_1_377' title='bbox 1856 1993 2094 2062; x_wconf 80' lang='lat' dir='ltr'><strong>ingenio,</strong></span> <span class='ocrx_word' id='word_1_378' title='bbox 2120 1992 2244 2062; x_wconf 88' lang='lat' dir='ltr'><strong>quid</strong></span> <span class='ocrx_word' id='word_1_379' title='bbox 2265 1992 2319 2045; x_wconf 93' lang='lat' dir='ltr'><strong>in</strong></span> <span class='ocrx_word' id='word_1_380' title='bbox 2343 1991 2542 2045; x_wconf 90' lang='lat' dir='ltr'><strong>mundo</strong></span> <span class='ocrx_word' id='word_1_381' title='bbox 2565 1991 2743 2055; x_wconf 80' lang='lat' dir='ltr'><strong>iaciat,</strong></span> <span class='ocrx_word' id='word_1_382' title='bbox 2775 2005 2873 2045; x_wconf 89' lang='lat' dir='ltr'><strong>cur</strong></span> <span class='ocrx_word' id='word_1_383' title='bbox 2900 1990 3168 2045; x_wconf 83' lang='lat' dir='ltr'><strong>malorum</strong></span> <span class='ocrx_word' id='word_1_384' title='bbox 3198 1998 3344 2042; x_wconf 87' lang='lat' dir='ltr'><strong>tanta</strong></span> <span class='ocrx_word' id='word_1_385' title='bbox 3360 2002 3454 2043; x_wconf 83' lang='lat' dir='ltr'><strong>ex-</strong></span> 
     </span>
    </p>
   </div>
   <div class='ocr_carea' id='block_1_49' title="bbox 1855 2082 3459 2158">
    <p class='ocr_par' dir='ltr' id='par_1_49' title="bbox 1855 2082 3459 2158">
     <span class='ocr_line' id='line_1_49' title="bbox 1855 2082 3459 2158; baseline -0.002 -16"><span class='ocrx_word' id='word_1_386' title='bbox 1855 2090 2096 2158; x_wconf 84' lang='lat' dir='ltr'><strong>periatur</strong></span> <span class='ocrx_word' id='word_1_387' title='bbox 2138 2085 2426 2142; x_wconf 81' lang='lat' dir='ltr'><strong>examina?</strong></span> <span class='ocrx_word' id='word_1_388' title='bbox 2457 2103 2474 2137; x_wconf 74' lang='grc' dir='ltr'><strong><em>ι</em></strong></span> <span class='ocrx_word' id='word_1_389' title='bbox 2509 2084 2706 2158; x_wconf 84' lang='lat' dir='ltr'><strong>(Ibid.,</strong></span> <span class='ocrx_word' id='word_1_390' title='bbox 2741 2102 2791 2155; x_wconf 90' lang='lat' dir='ltr'><strong>p.</strong></span> <span class='ocrx_word' id='word_1_391' title='bbox 2824 2082 2956 2156; x_wconf 69' lang='grc'><strong>46.)</strong></span> <span class='ocrx_word' id='word_1_392' title='bbox 3008 2082 3208 2139; x_wconf 81' lang='lat' dir='ltr'><strong>Verum</strong></span> <span class='ocrx_word' id='word_1_393' title='bbox 3254 2097 3351 2138; x_wconf 90' lang='lat' dir='ltr'><strong>cur</strong></span> <span class='ocrx_word' id='word_1_394' title='bbox 3384 2082 3459 2139; x_wconf 88' lang='lat' dir='ltr'><strong>ibi</strong></span> 
     </span>
    </p>
   </div>
   <div class='ocr_carea' id='block_1_50' title="bbox 1854 2177 3454 2252">
    <p class='ocr_par' dir='ltr' id='par_1_50' title="bbox 1854 2177 3454 2252">
     <span class='ocr_line' id='line_1_50' title="bbox 1854 2177 3454 2252; baseline -0.003 -16"><span class='ocrx_word' id='word_1_395' title='bbox 1854 2196 1954 2252; x_wconf 89' lang='lat' dir='ltr'><strong>pro</strong></span> <span class='ocrx_word' id='word_1_396' title='bbox 1992 2179 2248 2245; x_wconf 76' lang='lat' dir='ltr'><strong>Pliwdro,</strong></span> <span class='ocrx_word' id='word_1_397' title='bbox 2280 2180 2332 2237; x_wconf 90' lang='lat' dir='ltr'><strong>in</strong></span> <span class='ocrx_word' id='word_1_398' title='bbox 2386 2178 2543 2235; x_wconf 87' lang='lat' dir='ltr'><strong>editis</strong></span> <span class='ocrx_word' id='word_1_399' title='bbox 2586 2179 2820 2248; x_wconf 87' lang='lat' dir='ltr'><strong>positum</strong></span> <span class='ocrx_word' id='word_1_400' title='bbox 2860 2180 2930 2235; x_wconf 88' lang='lat' dir='ltr'><strong>sit</strong></span> <span class='ocrx_word' id='word_1_401' title='bbox 2976 2178 3239 2233; x_wconf 70' lang='lat' dir='ltr'><strong>Pliwdone</strong></span> <span class='ocrx_word' id='word_1_402' title='bbox 3262 2219 3276 2243; x_wconf 95' lang='lat'><strong>,</strong></span> <span class='ocrx_word' id='word_1_403' title='bbox 3307 2177 3454 2232; x_wconf 89' lang='lat' dir='ltr'><strong>nulla</strong></span> 
     </span>
    </p>
   </div>
   <div class='ocr_carea' id='block_1_51' title="bbox 1854 2268 3455 2344">
    <p class='ocr_par' dir='ltr' id='par_1_51' title="bbox 1854 2268 3455 2344">
     <span class='ocr_line' id='line_1_51' title="bbox 1854 2268 3455 2344; baseline -0.002 -16"><span class='ocrx_word' id='word_1_404' title='bbox 1854 2289 2031 2344; x_wconf 91' lang='lat' dir='ltr'><strong>neque</strong></span> <span class='ocrx_word' id='word_1_405' title='bbox 2070 2275 2121 2327; x_wconf 91' lang='lat' dir='ltr'><strong>in</strong></span> <span class='ocrx_word' id='word_1_406' title='bbox 2153 2273 2507 2340; x_wconf 89' lang='lat' dir='ltr'><strong>editionibus,</strong></span> <span class='ocrx_word' id='word_1_407' title='bbox 2544 2288 2717 2344; x_wconf 87' lang='lat' dir='ltr'><strong>neque</strong></span> <span class='ocrx_word' id='word_1_408' title='bbox 2750 2272 2802 2327; x_wconf 92' lang='lat' dir='ltr'><strong>in</strong></span> <span class='ocrx_word' id='word_1_409' title='bbox 2849 2268 3287 2326; x_wconf 89' lang='lat' dir='ltr'><strong>adnotationibus</strong></span> <span class='ocrx_word' id='word_1_410' title='bbox 3313 2270 3455 2325; x_wconf 90' lang='lat' dir='ltr'><strong>ratio</strong></span> 
     </span>
    </p>
   </div>
   <div class='ocr_carea' id='block_1_52' title="bbox 1856 2363 3459 2423">
    <p class='ocr_par' dir='ltr' id='par_1_52' title="bbox 1856 2363 3459 2423">
     <span class='ocr_line' id='line_1_52' title="bbox 1856 2363 3459 2423; baseline -0.002 -2"><span class='ocrx_word' id='word_1_411' title='bbox 1856 2367 2099 2423; x_wconf 74' lang='lat' dir='ltr'><strong>affertur.</strong></span> <span class='ocrx_word' id='word_1_412' title='bbox 2129 2365 2186 2421; x_wconf 84' lang='lat' dir='ltr'><strong>In</strong></span> <span class='ocrx_word' id='word_1_413' title='bbox 2214 2366 2452 2422; x_wconf 90' lang='lat' dir='ltr'><strong>Platonis</strong></span> <span class='ocrx_word' id='word_1_414' title='bbox 2492 2377 2669 2422; x_wconf 80' lang='lat' dir='ltr'><strong>tanton</strong></span> <span class='ocrx_word' id='word_1_415' title='bbox 2701 2365 2930 2422; x_wconf 74' lang='lat' dir='ltr'><strong>szcdro</strong></span> <span class='ocrx_word' id='word_1_416' title='bbox 2964 2365 3214 2423; x_wconf 88' lang='lat' dir='ltr'><strong>Socrates</strong></span> <span class='ocrx_word' id='word_1_417' title='bbox 3243 2363 3459 2419; x_wconf 90' lang='lat' dir='ltr'><strong>induci-</strong></span> 
     </span>
    </p>
   </div>
   <div class='ocr_carea' id='block_1_53' title="bbox 1858 2459 3458 2533">
    <p class='ocr_par' dir='ltr' id='par_1_53' title="bbox 1858 2459 3458 2533">
     <span class='ocr_line' id='line_1_53' title="bbox 1858 2459 3458 2533; baseline -0.003 -17"><span class='ocrx_word' id='word_1_418' title='bbox 1858 2472 1943 2518; x_wconf 91' lang='lat' dir='ltr'><strong>tur</strong></span> <span class='ocrx_word' id='word_1_419' title='bbox 1963 2460 2142 2533; x_wconf 82' lang='lat' dir='ltr'><strong>(Plato</strong></span> <span class='ocrx_word' id='word_1_420' title='bbox 2168 2463 2223 2514; x_wconf 86' lang='lat' dir='ltr'><strong>in</strong></span> <span class='ocrx_word' id='word_1_421' title='bbox 2254 2459 2493 2528; x_wconf 73' lang='lat' dir='ltr'><strong>Phwdr.,</strong></span> <span class='ocrx_word' id='word_1_422' title='bbox 2518 2472 2641 2516; x_wconf 89' lang='lat' dir='ltr'><strong>tam.</strong></span> <span class='ocrx_word' id='word_1_423' title='bbox 2668 2477 2746 2525; x_wconf 86' lang='lat' dir='ltr'><strong>lii,</strong></span> <span class='ocrx_word' id='word_1_424' title='bbox 2775 2479 2827 2531; x_wconf 91' lang='lat' dir='ltr'><strong>p.</strong></span> <span class='ocrx_word' id='word_1_425' title='bbox 2857 2459 3014 2530; x_wconf 75' lang='lat'><strong>230),</strong></span> <span class='ocrx_word' id='word_1_426' title='bbox 3047 2475 3107 2514; x_wconf 92' lang='lat' dir='ltr'><strong>se</strong></span> <span class='ocrx_word' id='word_1_427' title='bbox 3134 2459 3305 2528; x_wconf 90' lang='lat' dir='ltr'><strong>ipsum</strong></span> <span class='ocrx_word' id='word_1_428' title='bbox 3329 2472 3458 2512; x_wconf 88' lang='lat' dir='ltr'><strong>con-</strong></span> 
     </span>
    </p>
   </div>
   <div class='ocr_carea' id='block_1_54' title="bbox 1856 2540 3454 2624">
    <p class='ocr_par' dir='ltr' id='par_1_54' title="bbox 1856 2540 3454 2624">
     <span class='ocr_line' id='line_1_54' title="bbox 1856 2540 3454 2624; baseline -0.002 -15"><span class='ocrx_word' id='word_1_429' title='bbox 1856 2554 2163 2619; x_wconf 86' lang='lat' dir='ltr'><strong>siderando,</strong></span> <span class='ocrx_word' id='word_1_430' title='bbox 2195 2555 2465 2624; x_wconf 90' lang='lat' dir='ltr'><strong>inquirere</strong></span> <span class='ocrx_word' id='word_1_431' title='bbox 2482 2564 2659 2609; x_wconf 87' lang='lat' dir='ltr'><strong>utrum</strong></span> <span class='ocrx_word' id='word_1_432' title='bbox 2686 2555 2755 2608; x_wconf 91' lang='lat' dir='ltr'><strong>sit</strong></span> <span class='ocrx_word' id='word_1_433' title='bbox 2786 2553 2984 2621; x_wconf 87' lang='lat' dir='ltr'><strong>bellua,</strong></span> <span class='ocrx_word' id='word_1_434' title='bbox 3009 2550 3270 2624; x_wconf 82' lang='lat' dir='ltr'><strong>Typhone</strong></span> <span class='ocrx_word' id='word_1_435' title='bbox 3286 2540 3454 2622; x_wconf 78' lang='lat' dir='ltr'><strong>magis</strong></span> 
     </span>
    </p>
   </div>
   <div class='ocr_carea' id='block_1_55' title="bbox 1856 2642 3453 2718">
    <p class='ocr_par' dir='ltr' id='par_1_55' title="bbox 1856 2642 3453 2718">
     <span class='ocr_line' id='line_1_55' title="bbox 1856 2642 3453 2718; baseline -0.002 -17"><span class='ocrx_word' id='word_1_436' title='bbox 1856 2648 2137 2718; x_wconf 81' lang='lat' dir='ltr'><strong>multiplex</strong></span> <span class='ocrx_word' id='word_1_437' title='bbox 2157 2689 2173 2714; x_wconf 93' lang='lat'><strong>,</strong></span> <span class='ocrx_word' id='word_1_438' title='bbox 2200 2648 2452 2715; x_wconf 89' lang='lat' dir='ltr'><strong>demens,</strong></span> <span class='ocrx_word' id='word_1_439' title='bbox 2486 2656 2539 2701; x_wconf 92' lang='lat' dir='ltr'><strong>et</strong></span> <span class='ocrx_word' id='word_1_440' title='bbox 2577 2647 2773 2702; x_wconf 81' lang='lat' dir='ltr'><strong>furiosa</strong></span> <span class='ocrx_word' id='word_1_441' title='bbox 2800 2662 2816 2711; x_wconf 90' lang='lat'>;</span> <span class='ocrx_word' id='word_1_442' title='bbox 2845 2646 2930 2702; x_wconf 89' lang='lat' dir='ltr'><strong>vel</strong></span> <span class='ocrx_word' id='word_1_443' title='bbox 2957 2645 3225 2716; x_wconf 89' lang='lat' dir='ltr'><strong>quoddam</strong></span> <span class='ocrx_word' id='word_1_444' title='bbox 3254 2642 3453 2699; x_wconf 87' lang='lat' dir='ltr'><strong>animal</strong></span> 
     </span>
    </p>
   </div>
   <div class='ocr_carea' id='block_1_56' title="bbox 1855 2734 3454 2811">
    <p class='ocr_par' dir='ltr' id='par_1_56' title="bbox 1855 2734 3454 2811">
     <span class='ocr_line' id='line_1_56' title="bbox 1855 2734 3454 2811; baseline -0.001 -17"><span class='ocrx_word' id='word_1_445' title='bbox 1855 2740 2187 2794; x_wconf 76' lang='lat' dir='ltr'><strong>mansuetius</strong></span> <span class='ocrx_word' id='word_1_446' title='bbox 2219 2748 2379 2811; x_wconf 83' lang='lat' dir='ltr'><strong>atque</strong></span> <span class='ocrx_word' id='word_1_447' title='bbox 2408 2740 2725 2809; x_wconf 83' lang='lat' dir='ltr'><strong>simplicius,</strong></span> <span class='ocrx_word' id='word_1_448' title='bbox 2750 2738 2945 2793; x_wconf 71' lang='lat' dir='ltr'><strong>divina:</strong></span> <span class='ocrx_word' id='word_1_449' title='bbox 2973 2737 3272 2808; x_wconf 84' lang='lat' dir='ltr'><strong>cujusdam,</strong></span> <span class='ocrx_word' id='word_1_450' title='bbox 3305 2750 3359 2792; x_wconf 87' lang='lat' dir='ltr'><strong>et</strong></span> <span class='ocrx_word' id='word_1_451' title='bbox 3385 2734 3454 2792; x_wconf 90' lang='lat' dir='ltr'><strong>ab</strong></span> 
     </span>
    </p>
   </div>
   <div class='ocr_carea' id='block_1_57' title="bbox 1856 2829 3458 2900">
    <p class='ocr_par' dir='ltr' id='par_1_57' title="bbox 1856 2829 3458 2900">
     <span class='ocr_line' id='line_1_57' title="bbox 1856 2829 3458 2900; baseline -0.001 -15"><span class='ocrx_word' id='word_1_452' title='bbox 1856 2832 2000 2885; x_wconf 90' lang='lat' dir='ltr'><strong>omni</strong></span> <span class='ocrx_word' id='word_1_453' title='bbox 2021 2832 2156 2886; x_wconf 77' lang='lat' dir='ltr'><strong>fastu</strong></span> <span class='ocrx_word' id='word_1_454' title='bbox 2180 2841 2233 2886; x_wconf 90' lang='lat' dir='ltr'><strong>et</strong></span> <span class='ocrx_word' id='word_1_455' title='bbox 2261 2832 2548 2888; x_wconf 83' lang='lat' dir='ltr'><strong>insolentia</strong></span> <span class='ocrx_word' id='word_1_456' title='bbox 2577 2832 2768 2887; x_wconf 70' lang='lat' dir='ltr'><strong>aliena:</strong></span> <span class='ocrx_word' id='word_1_457' title='bbox 2791 2832 2955 2887; x_wconf 84' lang='lat' dir='ltr'><strong>sortis</strong></span> <span class='ocrx_word' id='word_1_458' title='bbox 2979 2848 3042 2887; x_wconf 87' lang='lat' dir='ltr'><strong>ac</strong></span> <span class='ocrx_word' id='word_1_459' title='bbox 3070 2840 3274 2886; x_wconf 55' lang='lat' dir='ltr'><strong>natura</strong></span> <span class='ocrx_word' id='word_1_460' title='bbox 3294 2829 3458 2900; x_wconf 86' lang='lat' dir='ltr'><strong>parti-</strong></span> 
     </span>
    </p>
   </div>
   <div class='ocr_carea' id='block_1_58' title="bbox 1855 2922 3451 2993">
    <p class='ocr_par' dir='ltr' id='par_1_58' title="bbox 1855 2922 3451 2993">
     <span class='ocr_line' id='line_1_58' title="bbox 1855 2922 3451 2993; baseline -0.003 -13"><span class='ocrx_word' id='word_1_461' title='bbox 1855 2938 2003 2993; x_wconf 88' lang='lat' dir='ltr'><strong>ceps.</strong></span> <span class='ocrx_word' id='word_1_462' title='bbox 2034 2923 2220 2980; x_wconf 90' lang='lat' dir='ltr'><strong>Utrum</strong></span> <span class='ocrx_word' id='word_1_463' title='bbox 2254 2939 2382 2978; x_wconf 86' lang='lat' dir='ltr'><strong>vero</strong></span> <span class='ocrx_word' id='word_1_464' title='bbox 2409 2933 2596 2979; x_wconf 89' lang='lat' dir='ltr'><strong>auctor</strong></span> <span class='ocrx_word' id='word_1_465' title='bbox 2626 2934 2808 2978; x_wconf 89' lang='lat' dir='ltr'><strong>noster</strong></span> <span class='ocrx_word' id='word_1_466' title='bbox 2836 2923 2978 2977; x_wconf 88' lang='lat' dir='ltr'><strong>hunc</strong></span> <span class='ocrx_word' id='word_1_467' title='bbox 3008 2923 3247 2978; x_wconf 89' lang='lat' dir='ltr'><strong>Platonis</strong></span> <span class='ocrx_word' id='word_1_468' title='bbox 3274 2922 3451 2976; x_wconf 84' lang='lat' dir='ltr'><strong>locum</strong></span> 
     </span>
    </p>
   </div>
   <div class='ocr_carea' id='block_1_59' title="bbox 1855 3017 3454 3094">
    <p class='ocr_par' dir='ltr' id='par_1_59' title="bbox 1855 3017 3454 3094">
     <span class='ocr_line' id='line_1_59' title="bbox 1855 3017 3454 3094; baseline -0.004 -20"><span class='ocrx_word' id='word_1_469' title='bbox 1855 3024 2289 3094; x_wconf 78' lang='grc' dir='ltr'><strong>παραφραστικῶς</strong></span> <span class='ocrx_word' id='word_1_470' title='bbox 2311 3019 2640 3087; x_wconf 81' lang='lat' dir='ltr'><strong>exposuerit,</strong></span> <span class='ocrx_word' id='word_1_471' title='bbox 2691 3017 2775 3073; x_wconf 89' lang='lat' dir='ltr'><strong>vel</strong></span> <span class='ocrx_word' id='word_1_472' title='bbox 2825 3018 2987 3071; x_wconf 91' lang='lat' dir='ltr'><strong>alium</strong></span> <span class='ocrx_word' id='word_1_473' title='bbox 3007 3017 3295 3084; x_wconf 87' lang='lat' dir='ltr'><strong>citaverit,</strong></span> <span class='ocrx_word' id='word_1_474' title='bbox 3351 3029 3454 3068; x_wconf 78' lang='lat' dir='ltr'><strong>ex-</strong></span> 
     </span>
    </p>
   </div>
   <div class='ocr_carea' id='block_1_60' title="bbox 1854 3111 2706 3181">
    <p class='ocr_par' dir='ltr' id='par_1_60' title="bbox 1854 3111 2706 3181">
     <span class='ocr_line' id='line_1_60' title="bbox 1854 3111 2706 3181; baseline -0.004 -16"><span class='ocrx_word' id='word_1_475' title='bbox 1854 3111 2050 3181; x_wconf 86' lang='lat' dir='ltr'><strong>pende,</strong></span> <span class='ocrx_word' id='word_1_476' title='bbox 2084 3126 2288 3181; x_wconf 74' lang='lat' dir='ltr'><strong>qutcso,</strong></span> <span class='ocrx_word' id='word_1_477' title='bbox 2317 3121 2369 3165; x_wconf 86' lang='lat' dir='ltr'><strong>et</strong></span> <span class='ocrx_word' id='word_1_478' title='bbox 2401 3112 2706 3180; x_wconf 90' lang='lat' dir='ltr'><strong>pronuntia.</strong></span> 
     </span>
    </p>
   </div>
   <div class='ocr_carea' id='block_1_61' title="bbox 1928 3203 3455 3277">
    <p class='ocr_par' dir='ltr' id='par_1_61' title="bbox 1928 3203 3455 3277">
     <span class='ocr_line' id='line_1_61' title="bbox 1928 3203 3455 3277; baseline 0.003 -22"><span class='ocrx_word' id='word_1_479' title='bbox 1928 3204 2067 3271; x_wconf 86' lang='lat' dir='ltr'><strong>Quid</strong></span> <span class='ocrx_word' id='word_1_480' title='bbox 2096 3219 2240 3269; x_wconf 88' lang='lat' dir='ltr'><strong>vero,</strong></span> <span class='ocrx_word' id='word_1_481' title='bbox 2274 3206 2415 3271; x_wconf 88' lang='lat' dir='ltr'><strong>quod</strong></span> <span class='ocrx_word' id='word_1_482' title='bbox 2446 3206 2605 3260; x_wconf 90' lang='lat' dir='ltr'><strong>homo</strong></span> <span class='ocrx_word' id='word_1_483' title='bbox 2627 3219 2732 3260; x_wconf 87' lang='lat' dir='ltr'><strong>non</strong></span> <span class='ocrx_word' id='word_1_484' title='bbox 2761 3205 2933 3260; x_wconf 90' lang='lat' dir='ltr'><strong>solum</strong></span> <span class='ocrx_word' id='word_1_485' title='bbox 2957 3203 3074 3258; x_wconf 83' lang='lat' dir='ltr'><strong>haec</strong></span> <span class='ocrx_word' id='word_1_486' title='bbox 3102 3206 3334 3277; x_wconf 81' lang='lat' dir='ltr'><strong>ignorat,</strong></span> <span class='ocrx_word' id='word_1_487' title='bbox 3358 3203 3455 3259; x_wconf 88' lang='lat' dir='ltr'><strong>sed</strong></span> 
     </span>
    </p>
   </div>
   <div class='ocr_carea' id='block_1_62' title="bbox 215 3291 3453 3369">
    <p class='ocr_par' dir='ltr' id='par_1_62' title="bbox 215 3291 3453 3369">
     <span class='ocr_line' id='line_1_62' title="bbox 215 3291 3453 3369; baseline 0.003 -26"><span class='ocrx_word' id='word_1_488' title='bbox 215 3297 387 3354; x_wconf 71' lang='lat' dir='ltr'><strong>Recte</strong></span> <span class='ocrx_word' id='word_1_489' title='bbox 439 3312 570 3367; x_wconf 66' lang='lat' dir='ltr'><strong>ergo</strong></span> <span class='ocrx_word' id='word_1_490' title='bbox 613 3295 884 3353; x_wconf 74' lang='lat' dir='ltr'><strong>Arnobius</strong></span> <span class='ocrx_word' id='word_1_491' title='bbox 916 3291 1336 3349; x_wconf 84' lang='lat' dir='ltr'><strong>insulsissimum</strong></span> <span class='ocrx_word' id='word_1_492' title='bbox 1390 3291 1542 3346; x_wconf 91' lang='lat' dir='ltr'><strong>illum</strong></span> <span class='ocrx_word' id='word_1_493' title='bbox 1569 3292 1747 3362; x_wconf 55' lang='lat' dir='ltr'><strong>genti-</strong></span> <span class='ocrx_word' id='word_1_494' title='bbox 1780 3294 1826 3361; x_wconf 82' lang='lat' dir='ltr'>C</span> <span class='ocrx_word' id='word_1_495' title='bbox 1857 3299 2050 3369; x_wconf 87' lang='lat' dir='ltr'><strong>quibus</strong></span> <span class='ocrx_word' id='word_1_496' title='bbox 2074 3298 2234 3353; x_wconf 88' lang='lat' dir='ltr'><strong>etiam</strong></span> <span class='ocrx_word' id='word_1_497' title='bbox 2269 3297 2472 3366; x_wconf 75' lang='lat' dir='ltr'><strong>modis,</strong></span> <span class='ocrx_word' id='word_1_498' title='bbox 2516 3298 2681 3354; x_wconf 89' lang='lat' dir='ltr'><strong>verba</strong></span> <span class='ocrx_word' id='word_1_499' title='bbox 2731 3308 2856 3353; x_wconf 84' lang='lat' dir='ltr'><strong>sum.</strong></span> <span class='ocrx_word' id='word_1_500' title='bbox 2881 3297 3124 3365; x_wconf 86' lang='lat' dir='ltr'><strong>Arnobii,</strong></span> <span class='ocrx_word' id='word_1_501' title='bbox 3165 3314 3183 3350; x_wconf 83' lang='lat' dir='ltr'><strong>t</strong></span> <span class='ocrx_word' id='word_1_502' title='bbox 3216 3297 3346 3351; x_wconf 84' lang='lat' dir='ltr'><strong>ﬁant</strong></span> <span class='ocrx_word' id='word_1_503' title='bbox 3368 3299 3453 3352; x_wconf 88' lang='lat' dir='ltr'><strong>in-</strong></span> 
     </span>
    </p>
   </div>
   <div class='ocr_carea' id='block_1_63' title="bbox 145 3389 1747 3448">
    <p class='ocr_par' dir='ltr' id='par_1_63' title="bbox 145 3389 1747 3448">
     <span class='ocr_line' id='line_1_63' title="bbox 145 3389 1747 3448; baseline -0.004 -1"><span class='ocrx_word' id='word_1_504' title='bbox 145 3393 280 3448; x_wconf 86' lang='lat' dir='ltr'><strong>lium</strong></span> <span class='ocrx_word' id='word_1_505' title='bbox 323 3407 534 3447; x_wconf 86' lang='lat' dir='ltr'><strong>morem</strong></span> <span class='ocrx_word' id='word_1_506' title='bbox 589 3407 696 3447; x_wconf 90' lang='lat' dir='ltr'><strong>non</strong></span> <span class='ocrx_word' id='word_1_507' title='bbox 742 3391 862 3446; x_wconf 88' lang='lat' dir='ltr'><strong>sine</strong></span> <span class='ocrx_word' id='word_1_508' title='bbox 908 3391 1101 3447; x_wconf 83' lang='lat' dir='ltr'><strong>merita</strong></span> <span class='ocrx_word' id='word_1_509' title='bbox 1151 3389 1403 3444; x_wconf 89' lang='lat' dir='ltr'><strong>irrisione</strong></span> <span class='ocrx_word' id='word_1_510' title='bbox 1437 3389 1747 3444; x_wconf 83' lang='lat' dir='ltr'><strong>insectatur.</strong></span> 
     </span>
    </p>
   </div>
   <div class='ocr_carea' id='block_1_64' title="bbox 142 3481 1754 3556">
    <p class='ocr_par' dir='ltr' id='par_1_64' title="bbox 142 3481 1754 3556">
     <span class='ocr_line' id='line_1_64' title="bbox 142 3481 1754 3556; baseline -0.003 -15"><span class='ocrx_word' id='word_1_511' title='bbox 142 3484 281 3541; x_wconf 81' lang='lat' dir='ltr'><strong>Nam</strong></span> <span class='ocrx_word' id='word_1_512' title='bbox 308 3486 401 3556; x_wconf 89' lang='lat' dir='ltr'><strong>qui</strong></span> <span class='ocrx_word' id='word_1_513' title='bbox 430 3483 560 3539; x_wconf 88' lang='lat' dir='ltr'><strong>deos</strong></span> <span class='ocrx_word' id='word_1_514' title='bbox 580 3484 888 3555; x_wconf 89' lang='lat' dir='ltr'><strong>aliquando,</strong></span> <span class='ocrx_word' id='word_1_515' title='bbox 913 3484 1091 3539; x_wconf 86' lang='lat' dir='ltr'><strong>aiebat</strong></span> <span class='ocrx_word' id='word_1_516' title='bbox 1112 3483 1222 3548; x_wconf 90' lang='lat' dir='ltr'><strong>ille,</strong></span> <span class='ocrx_word' id='word_1_517' title='bbox 1241 3496 1347 3537; x_wconf 91' lang='lat' dir='ltr'><strong>non</strong></span> <span class='ocrx_word' id='word_1_518' title='bbox 1368 3481 1638 3536; x_wconf 83' lang='lat' dir='ltr'><strong>exstitisse</strong></span> <span class='ocrx_word' id='word_1_519' title='bbox 1660 3522 1675 3545; x_wconf 93' lang='lat'><strong>,</strong></span> <span class='ocrx_word' id='word_1_520' title='bbox 1698 3491 1754 3536; x_wconf 84' lang='lat' dir='ltr'><strong>et</strong></span> 
     </span>
    </p>
   </div>
   <div class='ocr_carea' id='block_1_65' title="bbox 144 3575 1753 3643">
    <p class='ocr_par' dir='ltr' id='par_1_65' title="bbox 144 3575 1753 3643">
     <span class='ocr_line' id='line_1_65' title="bbox 144 3575 1753 3643; baseline -0.004 -8"><span class='ocrx_word' id='word_1_521' title='bbox 144 3594 217 3635; x_wconf 78' lang='lat' dir='ltr'><strong>ex</strong></span> <span class='ocrx_word' id='word_1_522' title='bbox 258 3578 381 3634; x_wconf 86' lang='lat' dir='ltr'><strong>aliis</strong></span> <span class='ocrx_word' id='word_1_523' title='bbox 415 3589 565 3635; x_wconf 85' lang='lat' dir='ltr'><strong>ortos</strong></span> <span class='ocrx_word' id='word_1_524' title='bbox 596 3577 867 3643; x_wconf 84' lang='lat' dir='ltr'><strong>dicebant,</strong></span> <span class='ocrx_word' id='word_1_525' title='bbox 900 3578 955 3631; x_wconf 87' lang='lat' dir='ltr'><strong>hi</strong></span> <span class='ocrx_word' id='word_1_526' title='bbox 980 3576 1232 3642; x_wconf 84' lang='lat' dir='ltr'><strong>eosdem,</strong></span> <span class='ocrx_word' id='word_1_527' title='bbox 1269 3588 1327 3630; x_wconf 90' lang='lat' dir='ltr'><strong>ut</strong></span> <span class='ocrx_word' id='word_1_528' title='bbox 1345 3575 1472 3629; x_wconf 85' lang='lat' dir='ltr'><strong>alibi</strong></span> <span class='ocrx_word' id='word_1_529' title='bbox 1502 3589 1624 3631; x_wconf 89' lang='lat' dir='ltr'><strong>cum</strong></span> <span class='ocrx_word' id='word_1_530' title='bbox 1655 3589 1753 3629; x_wconf 86' lang='lat' dir='ltr'><strong>eo-</strong></span> 
     </span>
    </p>
   </div>
   <div class='ocr_carea' id='block_1_66' title="bbox 144 3671 1750 3735">
    <p class='ocr_par' dir='ltr' id='par_1_66' title="bbox 144 3671 1750 3735">
     <span class='ocr_line' id='line_1_66' title="bbox 144 3671 1750 3735; baseline -0.003 -5"><span class='ocrx_word' id='word_1_531' title='bbox 144 3673 276 3730; x_wconf 82' lang='lat' dir='ltr'><strong>dem</strong></span> <span class='ocrx_word' id='word_1_532' title='bbox 321 3676 548 3728; x_wconf 84' lang='lat' dir='ltr'><strong>auctore</strong></span> <span class='ocrx_word' id='word_1_533' title='bbox 585 3682 774 3728; x_wconf 89' lang='lat' dir='ltr'><strong>nostro</strong></span> <span class='ocrx_word' id='word_1_534' title='bbox 819 3671 1176 3729; x_wconf 87' lang='lat' dir='ltr'><strong>invictissime</strong></span> <span class='ocrx_word' id='word_1_535' title='bbox 1213 3671 1707 3727; x_wconf 84' lang='lat' dir='ltr'><strong>demonstravimus</strong></span> <span class='ocrx_word' id='word_1_536' title='bbox 1735 3712 1750 3735; x_wconf 93' lang='lat'><strong>,</strong></span> 
     </span>
    </p>
   </div>
   <div class='ocr_carea' id='block_1_67' title="bbox 146 3767 1749 3837">
    <p class='ocr_par' dir='ltr' id='par_1_67' title="bbox 146 3767 1749 3837">
     <span class='ocr_line' id='line_1_67' title="bbox 146 3767 1749 3837; baseline -0.003 -12"><span class='ocrx_word' id='word_1_537' title='bbox 146 3787 255 3827; x_wconf 86' lang='lat' dir='ltr'><strong>non</strong></span> <span class='ocrx_word' id='word_1_538' title='bbox 285 3784 466 3835; x_wconf 84' lang='lat' dir='ltr'><strong>veros,</strong></span> <span class='ocrx_word' id='word_1_539' title='bbox 486 3770 584 3825; x_wconf 83' lang='lat' dir='ltr'><strong>sed</strong></span> <span class='ocrx_word' id='word_1_540' title='bbox 609 3768 795 3834; x_wconf 80' lang='lat' dir='ltr'><strong>falsos,</strong></span> <span class='ocrx_word' id='word_1_541' title='bbox 826 3769 1331 3837; x_wconf 81' lang='lat' dir='ltr'><strong>commentitiosque</strong></span> <span class='ocrx_word' id='word_1_542' title='bbox 1354 3767 1488 3821; x_wconf 78' lang='lat' dir='ltr'><strong>deos</strong></span> <span class='ocrx_word' id='word_1_543' title='bbox 1506 3780 1625 3821; x_wconf 89' lang='lat' dir='ltr'><strong>esse</strong></span> <span class='ocrx_word' id='word_1_544' title='bbox 1649 3781 1749 3821; x_wconf 89' lang='lat' dir='ltr'><strong>ne-</strong></span> 
     </span>
    </p>
   </div>
   <div class='ocr_carea' id='block_1_68' title="bbox 144 3858 1753 3930">
    <p class='ocr_par' dir='ltr' id='par_1_68' title="bbox 144 3858 1753 3930">
     <span class='ocr_line' id='line_1_68' title="bbox 144 3858 1753 3930; baseline -0.004 -12"><span class='ocrx_word' id='word_1_545' title='bbox 144 3863 391 3918; x_wconf 84' lang='lat' dir='ltr'><strong>cessario</strong></span> <span class='ocrx_word' id='word_1_546' title='bbox 410 3859 832 3917; x_wconf 79' lang='lat' dir='ltr'><strong>conﬁtebantur.</strong></span> <span class='ocrx_word' id='word_1_547' title='bbox 865 3860 997 3928; x_wconf 86' lang='lat' dir='ltr'><strong>Quis</strong></span> <span class='ocrx_word' id='word_1_548' title='bbox 1027 3861 1188 3930; x_wconf 81' lang='lat' dir='ltr'><strong>igitur</strong></span> <span class='ocrx_word' id='word_1_549' title='bbox 1213 3859 1277 3914; x_wconf 90' lang='lat' dir='ltr'><strong>iis</strong></span> <span class='ocrx_word' id='word_1_550' title='bbox 1313 3858 1566 3913; x_wconf 91' lang='lat' dir='ltr'><strong>omnibus</strong></span> <span class='ocrx_word' id='word_1_551' title='bbox 1592 3900 1605 3923; x_wconf 92' lang='lat'><strong>,</strong></span> <span class='ocrx_word' id='word_1_552' title='bbox 1633 3862 1753 3928; x_wconf 68' lang='lat' dir='ltr'><strong>quae</strong></span> 
     </span>
    </p>
   </div>
   <div class='ocr_carea' id='block_1_69' title="bbox 144 3952 1752 4025">
    <p class='ocr_par' dir='ltr' id='par_1_69' title="bbox 144 3952 1752 4025">
     <span class='ocr_line' id='line_1_69' title="bbox 144 3952 1752 4025; baseline -0.002 -14"><span class='ocrx_word' id='word_1_553' title='bbox 144 3956 417 4011; x_wconf 88' lang='lat' dir='ltr'><strong>hactenus</strong></span> <span class='ocrx_word' id='word_1_554' title='bbox 448 3956 890 4025; x_wconf 55' lang='lat' dir='ltr'><strong>disputatrsunt,</strong></span> <span class='ocrx_word' id='word_1_555' title='bbox 917 3954 1018 4009; x_wconf 90' lang='lat' dir='ltr'><strong>rite</strong></span> <span class='ocrx_word' id='word_1_556' title='bbox 1039 3954 1293 4024; x_wconf 82' lang='lat' dir='ltr'><strong>expensis</strong></span> <span class='ocrx_word' id='word_1_557' title='bbox 1313 3995 1326 4015; x_wconf 89' lang='lat'><strong>,</strong></span> <span class='ocrx_word' id='word_1_558' title='bbox 1350 3954 1491 4007; x_wconf 88' lang='lat' dir='ltr'><strong>uitro</strong></span> <span class='ocrx_word' id='word_1_559' title='bbox 1523 3967 1628 4007; x_wconf 92' lang='lat' dir='ltr'><strong>nou</strong></span> <span class='ocrx_word' id='word_1_560' title='bbox 1673 3952 1752 4007; x_wconf 71' lang='lat' dir='ltr'><strong>fa—</strong></span> 
     </span>
    </p>
   </div>
   <div class='ocr_carea' id='block_1_70' title="bbox 148 4047 1752 4118">
    <p class='ocr_par' dir='ltr' id='par_1_70' title="bbox 148 4047 1752 4118">
     <span class='ocr_line' id='line_1_70' title="bbox 148 4047 1752 4118; baseline -0.004 -14"><span class='ocrx_word' id='word_1_561' title='bbox 148 4050 352 4106; x_wconf 90' lang='lat' dir='ltr'><strong>tebitur</strong></span> <span class='ocrx_word' id='word_1_562' title='bbox 376 4049 709 4104; x_wconf 88' lang='lat' dir='ltr'><strong>soleumibus</strong></span> <span class='ocrx_word' id='word_1_563' title='bbox 734 4049 1013 4118; x_wconf 78' lang='lat' dir='ltr'><strong>gentilium</strong></span> <span class='ocrx_word' id='word_1_564' title='bbox 1041 4047 1215 4112; x_wconf 75' lang='lat' dir='ltr'><strong>festis,</strong></span> <span class='ocrx_word' id='word_1_565' title='bbox 1265 4048 1438 4101; x_wconf 88' lang='lat' dir='ltr'><strong>sacris</strong></span> <span class='ocrx_word' id='word_1_566' title='bbox 1463 4053 1519 4101; x_wconf 89' lang='lat' dir='ltr'><strong>et</strong></span> <span class='ocrx_word' id='word_1_567' title='bbox 1547 4053 1752 4115; x_wconf 82' lang='lat' dir='ltr'><strong>myste-</strong></span> 
     </span>
    </p>
   </div>
   <div class='ocr_carea' id='block_1_71' title="bbox 148 4139 1752 4208">
    <p class='ocr_par' dir='ltr' id='par_1_71' title="bbox 148 4139 1752 4208">
     <span class='ocr_line' id='line_1_71' title="bbox 148 4139 1752 4208; baseline -0.006 -8"><span class='ocrx_word' id='word_1_568' title='bbox 148 4144 247 4200; x_wconf 83' lang='lat' dir='ltr'><strong>riis</strong></span> <span class='ocrx_word' id='word_1_569' title='bbox 277 4143 517 4198; x_wconf 78' lang='lat' dir='ltr'><strong>funditus</strong></span> <span class='ocrx_word' id='word_1_570' title='bbox 547 4142 721 4198; x_wconf 85' lang='lat' dir='ltr'><strong>everti</strong></span> <span class='ocrx_word' id='word_1_571' title='bbox 751 4142 963 4197; x_wconf 88' lang='lat' dir='ltr'><strong>illorum</strong></span> <span class='ocrx_word' id='word_1_572' title='bbox 988 4142 1229 4195; x_wconf 90' lang='lat' dir='ltr'><strong>omnium</strong></span> <span class='ocrx_word' id='word_1_573' title='bbox 1263 4179 1278 4201; x_wconf 85' lang='lat'><strong>,</strong></span> <span class='ocrx_word' id='word_1_574' title='bbox 1327 4141 1379 4192; x_wconf 91' lang='lat' dir='ltr'><strong>in</strong></span> <span class='ocrx_word' id='word_1_575' title='bbox 1400 4148 1628 4208; x_wconf 87' lang='lat' dir='ltr'><strong>quorum</strong></span> <span class='ocrx_word' id='word_1_576' title='bbox 1653 4139 1752 4191; x_wconf 84' lang='lat' dir='ltr'><strong>lto-</strong></span> 
     </span>
    </p>
   </div>
   <div class='ocr_carea' id='block_1_72' title="bbox 146 4232 1755 4307">
    <p class='ocr_par' dir='ltr' id='par_1_72' title="bbox 146 4232 1755 4307">
     <span class='ocr_line' id='line_1_72' title="bbox 146 4232 1755 4307; baseline -0.004 -13"><span class='ocrx_word' id='word_1_577' title='bbox 146 4252 343 4294; x_wconf 87' lang='lat' dir='ltr'><strong>norem</strong></span> <span class='ocrx_word' id='word_1_578' title='bbox 376 4238 672 4307; x_wconf 84' lang='lat' dir='ltr'><strong>agebantur</strong></span> <span class='ocrx_word' id='word_1_579' title='bbox 693 4276 708 4303; x_wconf 91' lang='lat'><strong>,</strong></span> <span class='ocrx_word' id='word_1_580' title='bbox 736 4236 1034 4306; x_wconf 83' lang='lat' dir='ltr'><strong>jactitatam</strong></span> <span class='ocrx_word' id='word_1_581' title='bbox 1061 4237 1132 4290; x_wconf 88' lang='lat' dir='ltr'><strong>ab</strong></span> <span class='ocrx_word' id='word_1_582' title='bbox 1151 4234 1341 4290; x_wconf 87' lang='lat' dir='ltr'><strong>iisdem</strong></span> <span class='ocrx_word' id='word_1_583' title='bbox 1358 4232 1647 4305; x_wconf 88' lang='lat' dir='ltr'><strong>gentilibus</strong></span> <span class='ocrx_word' id='word_1_584' title='bbox 1674 4232 1755 4288; x_wconf 86' lang='lat' dir='ltr'><strong>di-</strong></span> 
     </span>
    </p>
   </div>
   <div class='ocr_carea' id='block_1_73' title="bbox 149 4331 474 4388">
    <p class='ocr_par' dir='ltr' id='par_1_73' title="bbox 149 4331 474 4388">
     <span class='ocr_line' id='line_1_73' title="bbox 149 4331 474 4388; baseline -0.009 -1"><span class='ocrx_word' id='word_1_585' title='bbox 149 4332 434 4388; x_wconf 79' lang='lat' dir='ltr'><strong>vinitatem</strong></span> <span class='ocrx_word' id='word_1_586' title='bbox 452 4331 474 4384; x_wconf 85' lang='lat'><strong>?</strong></span> 
     </span>
    </p>
   </div>
   <div class='ocr_carea' id='block_1_74' title="bbox 738 4422 1157 4479">
    <p class='ocr_par' dir='ltr' id='par_1_74' title="bbox 738 4422 1157 4479">
     <span class='ocr_line' id='line_1_74' title="bbox 738 4422 1157 4479; baseline -0.007 0"><span class='ocrx_word' id='word_1_587' title='bbox 738 4423 963 4479; x_wconf 83' lang='lat' dir='ltr'><strong>CAPUT</strong></span> <span class='ocrx_word' id='word_1_588' title='bbox 991 4422 1157 4479; x_wconf 77' lang='lat' dir='ltr'><strong>XXV.</strong></span> 
     </span>
    </p>
   </div>
   <div class='ocr_carea' id='block_1_75' title="bbox 320 4534 1583 4611">
    <p class='ocr_par' dir='ltr' id='par_1_75' title="bbox 320 4534 1583 4611">
     <span class='ocr_line' id='line_1_75' title="bbox 320 4534 1583 4611; baseline -0.007 -17"><span class='ocrx_word' id='word_1_589' title='bbox 320 4541 492 4607; x_wconf 83' lang='lat' dir='ltr'><strong>Quam</strong></span> <span class='ocrx_word' id='word_1_590' title='bbox 520 4542 703 4611; x_wconf 75' lang='lat' dir='ltr'><strong>exigua</strong></span> <span class='ocrx_word' id='word_1_591' title='bbox 733 4550 777 4594; x_wconf 87' lang='lat' dir='ltr'><strong>et</strong></span> <span class='ocrx_word' id='word_1_592' title='bbox 807 4538 953 4593; x_wconf 72' lang='lat' dir='ltr'><strong>exilis</strong></span> <span class='ocrx_word' id='word_1_593' title='bbox 979 4538 1044 4593; x_wconf 84' lang='lat' dir='ltr'><strong>sit</strong></span> <span class='ocrx_word' id='word_1_594' title='bbox 1076 4534 1333 4592; x_wconf 81' lang='lat' dir='ltr'><strong>hominum</strong></span> <span class='ocrx_word' id='word_1_595' title='bbox 1362 4537 1583 4591; x_wconf 80' lang='lat' dir='ltr'><strong>scientia.</strong></span> 
     </span>
    </p>
   </div>
   <div class='ocr_carea' id='block_1_76' title="bbox 695 4667 1219 4709">
    <p class='ocr_par' dir='ltr' id='par_1_76' title="bbox 695 4667 1219 4709">
     <span class='ocr_line' id='line_1_76' title="bbox 695 4667 1219 4709; baseline -0.004 -1"><span class='ocrx_word' id='word_1_596' title='bbox 695 4669 984 4709; x_wconf 74' lang='lat' dir='ltr'><strong>ARTICULUS</strong></span> <span class='ocrx_word' id='word_1_597' title='bbox 1014 4667 1219 4707; x_wconf 68' lang='lat' dir='ltr'><strong>PRIMUS.</strong></span> 
     </span>
    </p>
   </div>
   <div class='ocr_carea' id='block_1_77' title="bbox 153 4766 1758 4837">
    <p class='ocr_par' dir='ltr' id='par_1_77' title="bbox 153 4766 1758 4837">
     <span class='ocr_line' id='line_1_77' title="bbox 153 4766 1758 4837; baseline -0.004 -15"><span class='ocrx_word' id='word_1_598' title='bbox 153 4772 312 4834; x_wconf 78' lang='lat' dir='ltr'><strong>Quam</strong></span> <span class='ocrx_word' id='word_1_599' title='bbox 333 4783 486 4837; x_wconf 87' lang='lat' dir='ltr'><strong>pauca</strong></span> <span class='ocrx_word' id='word_1_600' title='bbox 510 4771 654 4837; x_wconf 80' lang='lat' dir='ltr'><strong>homo</strong></span> <span class='ocrx_word' id='word_1_601' title='bbox 673 4771 817 4837; x_wconf 67' lang='lat' dir='ltr'><strong>sciat,</strong></span> <span class='ocrx_word' id='word_1_602' title='bbox 834 4772 989 4837; x_wconf 76' lang='lat' dir='ltr'><strong>eique</strong></span> <span class='ocrx_word' id='word_1_603' title='bbox 1005 4781 1113 4815; x_wconf 80' lang='lat' dir='ltr'><strong>esse</strong></span> <span class='ocrx_word' id='word_1_604' title='bbox 1136 4769 1491 4837; x_wconf 79' lang='lat' dir='ltr'><strong>incompertum</strong></span> <span class='ocrx_word' id='word_1_605' title='bbox 1512 4766 1628 4837; x_wconf 73' lang='lat' dir='ltr'><strong>quid</strong></span> <span class='ocrx_word' id='word_1_606' title='bbox 1650 4768 1758 4837; x_wconf 79' lang='lat' dir='ltr'><strong>ipse</strong></span> 
     </span>
    </p>
   </div>
   <div class='ocr_carea' id='block_1_78' title="bbox 218 4829 1757 4899">
    <p class='ocr_par' dir='ltr' id='par_1_78' title="bbox 218 4829 1757 4899">
     <span class='ocr_line' id='line_1_78' title="bbox 218 4829 1757 4899; baseline -0.006 -13"><span class='ocrx_word' id='word_1_607' title='bbox 218 4840 303 4893; x_wconf 88' lang='lat' dir='ltr'><strong>sit,</strong></span> <span class='ocrx_word' id='word_1_608' title='bbox 323 4829 566 4899; x_wconf 79' lang='lat' dir='ltr'><strong>quomodo</strong></span> <span class='ocrx_word' id='word_1_609' title='bbox 585 4832 850 4899; x_wconf 15' lang='lat' dir='ltr'><strong>etrquando</strong></span> <span class='ocrx_word' id='word_1_610' title='bbox 866 4829 1213 4899; x_wconf 50' lang='lat' dir='ltr'><strong>siueinsomnia</strong></span> <span class='ocrx_word' id='word_1_611' title='bbox 1234 4843 1247 4883; x_wconf 86' lang='lat'><strong>;</strong></span> <span class='ocrx_word' id='word_1_612' title='bbox 1268 4829 1507 4899; x_wconf 79' lang='lat' dir='ltr'><strong>quonme</strong></span> <span class='ocrx_word' id='word_1_613' title='bbox 1521 4829 1757 4899; x_wconf 69' lang='lat' dir='ltr'><strong>liat_viSio,</strong></span> 
     </span>
    </p>
   </div>
   <div class='ocr_carea' id='block_1_79' title="bbox 218 4891 1759 4959">
    <p class='ocr_par' dir='ltr' id='par_1_79' title="bbox 218 4891 1759 4959">
     <span class='ocr_line' id='line_1_79' title="bbox 218 4891 1759 4959; baseline -0.008 -11"><span class='ocrx_word' id='word_1_614' title='bbox 218 4908 274 4949; x_wconf 86' lang='lat' dir='ltr'><strong>et</strong></span> <span class='ocrx_word' id='word_1_615' title='bbox 296 4891 444 4958; x_wconf 59' lang='lat' dir='ltr'><strong>sa&#39;iror</strong></span> <span class='ocrx_word' id='word_1_616' title='bbox 471 4891 796 4959; x_wconf 77' lang='lat' dir='ltr'><strong>percipiatur;</strong></span> <span class='ocrx_word' id='word_1_617' title='bbox 821 4908 907 4945; x_wconf 80' lang='lat' dir='ltr'><strong>cur</strong></span> <span class='ocrx_word' id='word_1_618' title='bbox 935 4893 1016 4959; x_wconf 79' lang='lat' dir='ltr'><strong>pili</strong></span> <span class='ocrx_word' id='word_1_619' title='bbox 1039 4898 1315 4959; x_wconf 79' lang='lat' dir='ltr'><strong>canescant,</strong></span> <span class='ocrx_word' id='word_1_620' title='bbox 1341 4897 1392 4959; x_wconf 82' lang='lat' dir='ltr'><strong>et</strong></span> <span class='ocrx_word' id='word_1_621' title='bbox 1414 4891 1578 4959; x_wconf 85' lang='lat' dir='ltr'><strong>oleum</strong></span> <span class='ocrx_word' id='word_1_622' title='bbox 1605 4892 1759 4959; x_wconf 77' lang='lat' dir='ltr'><strong>liquo-</strong></span> 
     </span>
    </p>
   </div>
   <div class='ocr_carea' id='block_1_80' title="bbox 219 4953 1759 5013">
    <p class='ocr_par' dir='ltr' id='par_1_80' title="bbox 219 4953 1759 5013">
     <span class='ocr_line' id='line_1_80' title="bbox 219 4953 1759 5013; baseline -0.007 -2"><span class='ocrx_word' id='word_1_623' title='bbox 219 4953 364 5011; x_wconf 45' lang='lat' dir='ltr'><strong>ribus&#39;</strong></span> <span class='ocrx_word' id='word_1_624' title='bbox 384 4953 480 5008; x_wconf 80' lang='lat' dir='ltr'><strong>non</strong></span> <span class='ocrx_word' id='word_1_625' title='bbox 503 4953 791 5009; x_wconf 71' lang='lat' dir='ltr'><strong>ntisceatut‘i</strong></span> <span class='ocrx_word' id='word_1_626' title='bbox 818 4969 903 5005; x_wconf 90' lang='lat' dir='ltr'><strong>cur</strong></span> <span class='ocrx_word' id='word_1_627' title='bbox 928 4953 1117 5002; x_wconf 82' lang='lat' dir='ltr'><strong>animus</strong></span> <span class='ocrx_word' id='word_1_628' title='bbox 1158 4955 1203 5000; x_wconf 80' lang='lat' dir='ltr'><strong>in</strong></span> <span class='ocrx_word' id='word_1_629' title='bbox 1242 4954 1390 5013; x_wconf 62' lang='lat' dir='ltr'><strong>{tigris</strong></span> <span class='ocrx_word' id='word_1_630' title='bbox 1428 4956 1490 4999; x_wconf 80' lang='lat' dir='ltr'><strong>sit</strong></span> <span class='ocrx_word' id='word_1_631' title='bbox 1525 4965 1680 5013; x_wconf 79' lang='lat' dir='ltr'><strong>:eger,</strong></span> <span class='ocrx_word' id='word_1_632' title='bbox 1707 4953 1759 5001; x_wconf 86' lang='lat' dir='ltr'><strong>iu</strong></span> 
     </span>
    </p>
   </div>
   <div class='ocr_carea' id='block_1_81' title="bbox 216 5017 1758 5080">
    <p class='ocr_par' dir='ltr' id='par_1_81' title="bbox 216 5017 1758 5080">
     <span class='ocr_line' id='line_1_81' title="bbox 216 5017 1758 5080; baseline -0.007 -5"><span class='ocrx_word' id='word_1_633' title='bbox 216 5025 333 5074; x_wconf 72' lang='lat' dir='ltr'><strong>aliis</strong></span> <span class='ocrx_word' id='word_1_634' title='bbox 354 5022 577 5080; x_wconf 81' lang='lat' dir='ltr'><strong>stolidus,</strong></span> <span class='ocrx_word' id='word_1_635' title='bbox 606 5028 687 5069; x_wconf 78' lang='lat' dir='ltr'><strong>aut</strong></span> <span class='ocrx_word' id='word_1_636' title='bbox 712 5021 928 5076; x_wconf 83' lang='lat' dir='ltr'><strong>delirus;</strong></span> <span class='ocrx_word' id='word_1_637' title='bbox 956 5024 1007 5065; x_wconf 89' lang='lat' dir='ltr'><strong>et</strong></span> <span class='ocrx_word' id='word_1_638' title='bbox 1028 5018 1139 5078; x_wconf 88' lang='lat' dir='ltr'><strong>quis</strong></span> <span class='ocrx_word' id='word_1_639' title='bbox 1160 5017 1372 5080; x_wconf 84' lang='lat' dir='ltr'><strong>partium</strong></span> <span class='ocrx_word' id='word_1_640' title='bbox 1405 5018 1558 5063; x_wconf 80' lang='lat' dir='ltr'><strong>nostri</strong></span> <span class='ocrx_word' id='word_1_641' title='bbox 1582 5024 1758 5075; x_wconf 85' lang='lat' dir='ltr'><strong>corpo-</strong></span> 
     </span>
    </p>
   </div>
   <div class='ocr_carea' id='block_1_82' title="bbox 221 5079 1405 5146">
    <p class='ocr_par' dir='ltr' id='par_1_82' title="bbox 221 5079 1405 5146">
     <span class='ocr_line' id='line_1_82' title="bbox 221 5079 1405 5146; baseline -0.01 -9"><span class='ocrx_word' id='word_1_642' title='bbox 221 5089 292 5137; x_wconf 86' lang='lat' dir='ltr'><strong>ris</strong></span> <span class='ocrx_word' id='word_1_643' title='bbox 313 5088 455 5143; x_wconf 84' lang='lat' dir='ltr'><strong>situs,</strong></span> <span class='ocrx_word' id='word_1_644' title='bbox 480 5096 537 5131; x_wconf 77' lang='lat' dir='ltr'><strong>ac</strong></span> <span class='ocrx_word' id='word_1_645' title='bbox 553 5097 780 5146; x_wconf 85' lang='lat' dir='ltr'><strong>quorsum</strong></span> <span class='ocrx_word' id='word_1_646' title='bbox 810 5082 917 5131; x_wconf 70' lang='lat' dir='ltr'><strong>haec</strong></span> <span class='ocrx_word' id='word_1_647' title='bbox 940 5080 1189 5129; x_wconf 79' lang='lat' dir='ltr'><strong>Arnobius</strong></span> <span class='ocrx_word' id='word_1_648' title='bbox 1206 5079 1405 5128; x_wconf 82' lang='lat' dir='ltr'><strong>dixerit.</strong></span> 
     </span>
    </p>
   </div>
   <div class='ocr_carea' id='block_1_83' title="bbox 233 5180 1760 5254">
    <p class='ocr_par' dir='ltr' id='par_1_83' title="bbox 233 5180 1760 5254">
     <span class='ocr_line' id='line_1_83' title="bbox 233 5180 1760 5254; baseline -0.007 -7"><span class='ocrx_word' id='word_1_649' title='bbox 233 5188 312 5247; x_wconf 84' lang='lat' dir='ltr'><strong>Ea</strong></span> <span class='ocrx_word' id='word_1_650' title='bbox 338 5199 456 5245; x_wconf 86' lang='lat' dir='ltr'><strong>erat</strong></span> <span class='ocrx_word' id='word_1_651' title='bbox 479 5188 817 5245; x_wconf 80' lang='lat' dir='ltr'><strong>ethnicorum</strong></span> <span class='ocrx_word' id='word_1_652' title='bbox 842 5185 1041 5241; x_wconf 83' lang='lat' dir='ltr'><strong>insulsa</strong></span> <span class='ocrx_word' id='word_1_653' title='bbox 1066 5184 1221 5254; x_wconf 81' lang='lat' dir='ltr'><strong>plane</strong></span> <span class='ocrx_word' id='word_1_654' title='bbox 1241 5180 1442 5252; x_wconf 87' lang='lat' dir='ltr'><strong>opinio,</strong></span> <span class='ocrx_word' id='word_1_655' title='bbox 1467 5198 1567 5252; x_wconf 85' lang='lat' dir='ltr'><strong>qua</strong></span> <span class='ocrx_word' id='word_1_656' title='bbox 1590 5181 1760 5236; x_wconf 81' lang='lat' dir='ltr'><strong>chris-</strong></span> 
     </span>
    </p>
   </div>
   <div class='ocr_carea' id='block_1_84' title="bbox 162 5274 1761 5342">
    <p class='ocr_par' dir='ltr' id='par_1_84' title="bbox 162 5274 1761 5342">
     <span class='ocr_line' id='line_1_84' title="bbox 162 5274 1761 5342; baseline -0.008 -3"><span class='ocrx_word' id='word_1_657' title='bbox 162 5285 341 5340; x_wconf 85' lang='lat' dir='ltr'><strong>tianos</strong></span> <span class='ocrx_word' id='word_1_658' title='bbox 382 5294 570 5336; x_wconf 88' lang='lat' dir='ltr'><strong>omnes</strong></span> <span class='ocrx_word' id='word_1_659' title='bbox 615 5276 860 5333; x_wconf 85' lang='lat' dir='ltr'><strong>indoctos</strong></span> <span class='ocrx_word' id='word_1_660' title='bbox 885 5278 1105 5331; x_wconf 87' lang='lat' dir='ltr'><strong>omnino</strong></span> <span class='ocrx_word' id='word_1_661' title='bbox 1134 5317 1147 5340; x_wconf 91' lang='lat'><strong>,</strong></span> <span class='ocrx_word' id='word_1_662' title='bbox 1184 5274 1378 5330; x_wconf 83' lang='lat' dir='ltr'><strong>idiotas</strong></span> <span class='ocrx_word' id='word_1_663' title='bbox 1403 5318 1417 5342; x_wconf 91' lang='lat'><strong>,</strong></span> <span class='ocrx_word' id='word_1_664' title='bbox 1450 5285 1503 5328; x_wconf 90' lang='lat' dir='ltr'><strong>et</strong></span> <span class='ocrx_word' id='word_1_665' title='bbox 1532 5274 1761 5328; x_wconf 82' lang='lat' dir='ltr'><strong>illitera-</strong></span> 
     </span>
    </p>
   </div>
   <div class='ocr_carea' id='block_1_85' title="bbox 163 5366 1761 5447">
    <p class='ocr_par' dir='ltr' id='par_1_85' title="bbox 163 5366 1761 5447">
     <span class='ocr_line' id='line_1_85' title="bbox 163 5366 1761 5447; baseline -0.006 -14"><span class='ocrx_word' id='word_1_666' title='bbox 163 5386 273 5447; x_wconf 84' lang='lat' dir='ltr'><strong>tos,</strong></span> <span class='ocrx_word' id='word_1_667' title='bbox 324 5382 385 5430; x_wconf 90' lang='lat' dir='ltr'><strong>ut</strong></span> <span class='ocrx_word' id='word_1_668' title='bbox 436 5374 666 5429; x_wconf 88' lang='lat' dir='ltr'><strong>vidimus</strong></span> <span class='ocrx_word' id='word_1_669' title='bbox 688 5371 931 5444; x_wconf 76' lang='lat' dir='ltr'><strong>(Dissert.</strong></span> <span class='ocrx_word' id='word_1_670' title='bbox 958 5372 1012 5424; x_wconf 82' lang='lat' dir='ltr'><strong>in</strong></span> <span class='ocrx_word' id='word_1_671' title='bbox 1035 5366 1257 5434; x_wconf 52' lang='lat' dir='ltr'><strong>Minue,</strong></span> <span class='ocrx_word' id='word_1_672' title='bbox 1288 5386 1404 5437; x_wconf 86' lang='lat' dir='ltr'><strong>cap.</strong></span> <span class='ocrx_word' id='word_1_673' title='bbox 1432 5368 1486 5434; x_wconf 75' lang='lat'><strong>5,</strong></span> <span class='ocrx_word' id='word_1_674' title='bbox 1518 5379 1617 5421; x_wconf 85' lang='lat' dir='ltr'><strong>art.</strong></span> <span class='ocrx_word' id='word_1_675' title='bbox 1650 5368 1716 5439; x_wconf 76' lang='grc'><strong>1)</strong></span> <span class='ocrx_word' id='word_1_676' title='bbox 1746 5409 1761 5434; x_wconf 87' lang='grc'><em>,</em></span> 
     </span>
    </p>
   </div>
   <div class='ocr_carea' id='block_1_86' title="bbox 159 5462 1763 5535">
    <p class='ocr_par' dir='ltr' id='par_1_86' title="bbox 159 5462 1763 5535">
     <span class='ocr_line' id='line_1_86' title="bbox 159 5462 1763 5535; baseline -0.006 -9"><span class='ocrx_word' id='word_1_677' title='bbox 159 5485 228 5526; x_wconf 78' lang='lat' dir='ltr'><strong>se</strong></span> <span class='ocrx_word' id='word_1_678' title='bbox 275 5483 407 5525; x_wconf 86' lang='lat' dir='ltr'><strong>vero</strong></span> <span class='ocrx_word' id='word_1_679' title='bbox 456 5468 605 5523; x_wconf 90' lang='lat' dir='ltr'><strong>omni</strong></span> <span class='ocrx_word' id='word_1_680' title='bbox 669 5464 1012 5521; x_wconf 87' lang='lat' dir='ltr'><strong>scientiarum</strong></span> <span class='ocrx_word' id='word_1_681' title='bbox 1066 5478 1265 5535; x_wconf 87' lang='lat' dir='ltr'><strong>genere</strong></span> <span class='ocrx_word' id='word_1_682' title='bbox 1319 5462 1763 5517; x_wconf 74' lang='lat' dir='ltr'><strong>insnuctissimos</strong></span> 
     </span>
    </p>
   </div>
   <div class='ocr_carea' id='block_1_87' title="bbox 166 5555 1764 5630">
    <p class='ocr_par' dir='ltr' id='par_1_87' title="bbox 166 5555 1764 5630">
     <span class='ocr_line' id='line_1_87' title="bbox 166 5555 1764 5630; baseline -0.006 -10"><span class='ocrx_word' id='word_1_683' title='bbox 166 5580 293 5620; x_wconf 87' lang='lat' dir='ltr'><strong>esse</strong></span> <span class='ocrx_word' id='word_1_684' title='bbox 341 5575 447 5617; x_wconf 89' lang='lat' dir='ltr'><strong>tam</strong></span> <span class='ocrx_word' id='word_1_685' title='bbox 496 5556 632 5616; x_wconf 75' lang='lat' dir='ltr'><strong>falso</strong></span> <span class='ocrx_word' id='word_1_686' title='bbox 661 5602 676 5627; x_wconf 89' lang='lat'><strong>,</strong></span> <span class='ocrx_word' id='word_1_687' title='bbox 721 5576 880 5630; x_wconf 89' lang='lat' dir='ltr'><strong>quam</strong></span> <span class='ocrx_word' id='word_1_688' title='bbox 908 5556 1165 5617; x_wconf 79' lang='lat' dir='ltr'><strong>audacter</strong></span> <span class='ocrx_word' id='word_1_689' title='bbox 1192 5556 1556 5612; x_wconf 85' lang='lat' dir='ltr'><strong>venditabant.</strong></span> <span class='ocrx_word' id='word_1_690' title='bbox 1588 5555 1764 5612; x_wconf 74' lang='lat' dir='ltr'><strong>Variis</strong></span> 
     </span>
    </p>
   </div>
   <div class='ocr_carea' id='block_1_88' title="bbox 169 5650 1764 5728">
    <p class='ocr_par' dir='ltr' id='par_1_88' title="bbox 169 5650 1764 5728">
     <span class='ocr_line' id='line_1_88' title="bbox 169 5650 1764 5728; baseline -0.007 -13"><span class='ocrx_word' id='word_1_691' title='bbox 169 5657 355 5728; x_wconf 76' lang='lat' dir='ltr'><strong>itaque</strong></span> <span class='ocrx_word' id='word_1_692' title='bbox 410 5656 678 5711; x_wconf 82' lang='lat' dir='ltr'><strong>rationum</strong></span> <span class='ocrx_word' id='word_1_693' title='bbox 719 5652 1074 5708; x_wconf 77' lang='lat' dir='ltr'><strong>firmamentis</strong></span> <span class='ocrx_word' id='word_1_694' title='bbox 1100 5667 1290 5705; x_wconf 88' lang='lat' dir='ltr'><strong>vanam</strong></span> <span class='ocrx_word' id='word_1_695' title='bbox 1339 5652 1483 5705; x_wconf 88' lang='lat' dir='ltr'><strong>illam</strong></span> <span class='ocrx_word' id='word_1_696' title='bbox 1527 5650 1764 5704; x_wconf 85' lang='lat' dir='ltr'><strong>ostenta-</strong></span> 
     </span>
    </p>
   </div>
   <div class='ocr_carea' id='block_1_89' title="bbox 174 5743 1762 5817">
    <p class='ocr_par' dir='ltr' id='par_1_89' title="bbox 174 5743 1762 5817">
     <span class='ocr_line' id='line_1_89' title="bbox 174 5743 1762 5817; baseline -0.005 -12"><span class='ocrx_word' id='word_1_697' title='bbox 174 5751 377 5805; x_wconf 81' lang='lat' dir='ltr'><strong>tionem</strong></span> <span class='ocrx_word' id='word_1_698' title='bbox 409 5749 676 5805; x_wconf 76' lang='lat' dir='ltr'><strong>Arnobius</strong></span> <span class='ocrx_word' id='word_1_699' title='bbox 708 5753 893 5801; x_wconf 91' lang='lat' dir='ltr'><strong>noster</strong></span> <span class='ocrx_word' id='word_1_700' title='bbox 925 5744 1159 5800; x_wconf 87' lang='lat' dir='ltr'><strong>retundit</strong></span> <span class='ocrx_word' id='word_1_701' title='bbox 1180 5743 1421 5817; x_wconf 67' lang='lat' dir='ltr'><strong>(Arnob,</strong></span> <span class='ocrx_word' id='word_1_702' title='bbox 1441 5743 1529 5797; x_wconf 88' lang='lat' dir='ltr'><strong>lib.</strong></span> <span class='ocrx_word' id='word_1_703' title='bbox 1561 5758 1618 5808; x_wconf 86' lang='grc' dir='ltr'><strong>ιι,</strong></span> <span class='ocrx_word' id='word_1_704' title='bbox 1646 5758 1762 5813; x_wconf 80' lang='lat' dir='ltr'><strong>pug.</strong></span> 
     </span>
    </p>
   </div>
   <div class='ocr_carea' id='block_1_90' title="bbox 171 5837 1765 5917">
    <p class='ocr_par' dir='ltr' id='par_1_90' title="bbox 171 5837 1765 5917">
     <span class='ocr_line' id='line_1_90' title="bbox 171 5837 1765 5917; baseline -0.006 -17"><span class='ocrx_word' id='word_1_705' title='bbox 171 5844 269 5917; x_wconf 68' lang='grc'><strong>45)</strong></span> <span class='ocrx_word' id='word_1_706' title='bbox 296 5887 310 5911; x_wconf 84' lang='grc'><em>,</em></span> <span class='ocrx_word' id='word_1_707' title='bbox 339 5860 403 5899; x_wconf 86' lang='lat' dir='ltr'><strong>ac</strong></span> <span class='ocrx_word' id='word_1_708' title='bbox 434 5842 677 5913; x_wconf 81' lang='lat' dir='ltr'><strong>proterit.</strong></span> <span class='ocrx_word' id='word_1_709' title='bbox 708 5839 860 5896; x_wconf 79' lang='lat' dir='ltr'><strong>Unde</strong></span> <span class='ocrx_word' id='word_1_710' title='bbox 909 5838 1051 5894; x_wconf 89' lang='lat' dir='ltr'><strong>enim</strong></span> <span class='ocrx_word' id='word_1_711' title='bbox 1078 5882 1092 5906; x_wconf 94' lang='lat'><strong>,</strong></span> <span class='ocrx_word' id='word_1_712' title='bbox 1128 5839 1298 5909; x_wconf 90' lang='lat' dir='ltr'><strong>inquit</strong></span> <span class='ocrx_word' id='word_1_713' title='bbox 1324 5880 1338 5904; x_wconf 95' lang='lat'><strong>,</strong></span> <span class='ocrx_word' id='word_1_714' title='bbox 1373 5838 1460 5893; x_wconf 89' lang='lat' dir='ltr'><strong>illa</strong></span> <span class='ocrx_word' id='word_1_715' title='bbox 1489 5838 1714 5907; x_wconf 82' lang='lat' dir='ltr'><strong>gloratio</strong></span> <span class='ocrx_word' id='word_1_716' title='bbox 1740 5837 1765 5890; x_wconf 64' lang='grc' dir='ltr'>ἵ</span> 
     </span>
    </p>
   </div>
   <div class='ocr_carea' id='block_1_91' title="bbox 174 5924 1763 6008">
    <p class='ocr_par' dir='ltr' id='par_1_91' title="bbox 174 5924 1763 6008">
     <span class='ocr_line' id='line_1_91' title="bbox 174 5924 1763 6008; baseline -0.006 -14"><span class='ocrx_word' id='word_1_717' title='bbox 174 5938 319 5995; x_wconf 75' lang='lat' dir='ltr'><strong>Num</strong></span> <span class='ocrx_word' id='word_1_718' title='bbox 344 5937 467 6008; x_wconf 83' lang='lat' dir='ltr'><strong>quia</strong></span> <span class='ocrx_word' id='word_1_719' title='bbox 487 5924 650 5993; x_wconf 83' lang='lat' dir='ltr'><strong>verba</strong></span> <span class='ocrx_word' id='word_1_720' title='bbox 678 5932 731 5991; x_wconf 85' lang='lat' dir='ltr'><strong>et</strong></span> <span class='ocrx_word' id='word_1_721' title='bbox 779 5930 993 5987; x_wconf 83' lang='lat' dir='ltr'><strong>nomina</strong></span> <span class='ocrx_word' id='word_1_722' title='bbox 1018 5947 1112 6001; x_wconf 88' lang='lat' dir='ltr'><strong>per</strong></span> <span class='ocrx_word' id='word_1_723' title='bbox 1128 5945 1285 5987; x_wconf 85' lang='lat' dir='ltr'><strong>casus</strong></span> <span class='ocrx_word' id='word_1_724' title='bbox 1314 5945 1377 5987; x_wconf 89' lang='lat' dir='ltr'><strong>ac</strong></span> <span class='ocrx_word' id='word_1_725' title='bbox 1398 5941 1637 6000; x_wconf 88' lang='lat' dir='ltr'><strong>tempora</strong></span> <span class='ocrx_word' id='word_1_726' title='bbox 1665 5924 1763 5985; x_wconf 85' lang='lat' dir='ltr'><strong>de-</strong></span> 
     </span>
    </p>
   </div>
   <div class='ocr_carea' id='block_1_92' title="bbox 1858 3388 3450 3463">
    <p class='ocr_par' dir='ltr' id='par_1_92' title="bbox 1858 3388 3450 3463">
     <span class='ocr_line' id='line_1_92' title="bbox 1858 3388 3450 3463; baseline 0.001 -19"><span class='ocrx_word' id='word_1_727' title='bbox 1858 3390 2100 3456; x_wconf 89' lang='lat' dir='ltr'><strong>somuia;</strong></span> <span class='ocrx_word' id='word_1_728' title='bbox 2141 3409 2159 3442; x_wconf 76' lang='grc' dir='ltr'><strong><em>ι</em></strong></span> <span class='ocrx_word' id='word_1_729' title='bbox 2225 3390 2390 3445; x_wconf 89' lang='lat' dir='ltr'><strong>immo</strong></span> <span class='ocrx_word' id='word_1_730' title='bbox 2443 3389 2706 3461; x_wconf 73' lang='lat' dir='ltr'><strong>rambigit</strong></span> <span class='ocrx_word' id='word_1_731' title='bbox 2755 3390 2808 3445; x_wconf 92' lang='lat' dir='ltr'><strong>in</strong></span> <span class='ocrx_word' id='word_1_732' title='bbox 2852 3389 3104 3444; x_wconf 62' lang='lat' dir='ltr'><strong>Theaeteto</strong></span> <span class='ocrx_word' id='word_1_733' title='bbox 3148 3390 3274 3463; x_wconf 92' lang='lat' dir='ltr'><strong>(ms.</strong></span> <span class='ocrx_word' id='word_1_734' title='bbox 3325 3388 3450 3446; x_wconf 90' lang='lat' dir='ltr'><strong>cod.</strong></span> 
     </span>
    </p>
   </div>
   <div class='ocr_carea' id='block_1_93' title="bbox 1859 3482 3453 3555">
    <p class='ocr_par' dir='ltr' id='par_1_93' title="bbox 1859 3482 3453 3555">
     <span class='ocr_line' id='line_1_93' title="bbox 1859 3482 3453 3555; baseline -0.001 -16"><span class='ocrx_word' id='word_1_735' title='bbox 1859 3484 2134 3539; x_wconf 73' lang='lat' dir='ltr'><strong>Thurtone</strong></span> <span class='ocrx_word' id='word_1_736' title='bbox 2156 3526 2171 3553; x_wconf 96' lang='lat'><strong>,</strong></span> <span class='ocrx_word' id='word_1_737' title='bbox 2198 3483 2353 3539; x_wconf 91' lang='lat' dir='ltr'><strong>vides</strong></span> <span class='ocrx_word' id='word_1_738' title='bbox 2378 3498 2538 3555; x_wconf 90' lang='lat' dir='ltr'><strong>quam</strong></span> <span class='ocrx_word' id='word_1_739' title='bbox 2561 3482 2838 3552; x_wconf 87' lang='lat' dir='ltr'><strong>corrupte)</strong></span> <span class='ocrx_word' id='word_1_740' title='bbox 2868 3484 3018 3539; x_wconf 88' lang='lat' dir='ltr'><strong>Plato</strong></span> <span class='ocrx_word' id='word_1_741' title='bbox 3048 3484 3326 3555; x_wconf 83' lang='lat' dir='ltr'><strong>vigilemus</strong></span> <span class='ocrx_word' id='word_1_742' title='bbox 3356 3482 3453 3537; x_wconf 86' lang='lat' dir='ltr'><strong>ali-</strong></span> 
     </span>
    </p>
   </div>
   <div class='ocr_carea' id='block_1_94' title="bbox 1858 3575 3455 3649">
    <p class='ocr_par' dir='ltr' id='par_1_94' title="bbox 1858 3575 3455 3649">
     <span class='ocr_line' id='line_1_94' title="bbox 1858 3575 3455 3649; baseline -0.002 -16"><span class='ocrx_word' id='word_1_743' title='bbox 1858 3580 2096 3649; x_wconf 90' lang='lat' dir='ltr'><strong>quando,</strong></span> <span class='ocrx_word' id='word_1_744' title='bbox 2127 3579 2389 3649; x_wconf 85' lang='lat' dir='ltr'><strong>anipsum</strong></span> <span class='ocrx_word' id='word_1_745' title='bbox 2413 3575 2659 3648; x_wconf 86' lang='lat' dir='ltr'><strong>vigilare,</strong></span> <span class='ocrx_word' id='word_1_746' title='bbox 2691 3576 2834 3647; x_wconf 90' lang='lat' dir='ltr'><strong>quod</strong></span> <span class='ocrx_word' id='word_1_747' title='bbox 2870 3577 3067 3631; x_wconf 88' lang='lat' dir='ltr'><strong>dicitur</strong></span> <span class='ocrx_word' id='word_1_748' title='bbox 3099 3618 3113 3643; x_wconf 91' lang='lat'><strong>,</strong></span> <span class='ocrx_word' id='word_1_749' title='bbox 3163 3577 3356 3631; x_wconf 90' lang='lat' dir='ltr'><strong>summi</strong></span> <span class='ocrx_word' id='word_1_750' title='bbox 3385 3576 3455 3631; x_wconf 85' lang='lat' dir='ltr'><strong>sit</strong></span> 
     </span>
    </p>
   </div>
   <div class='ocr_carea' id='block_1_95' title="bbox 1860 3669 3455 3743">
    <p class='ocr_par' dir='ltr' id='par_1_95' title="bbox 1860 3669 3455 3743">
     <span class='ocr_line' id='line_1_95' title="bbox 1860 3669 3455 3743; baseline -0.003 -14"><span class='ocrx_word' id='word_1_751' title='bbox 1860 3673 2107 3743; x_wconf 82' lang='lat' dir='ltr'><strong>perpetui</strong></span> <span class='ocrx_word' id='word_1_752' title='bbox 2140 3673 2334 3741; x_wconf 90' lang='lat' dir='ltr'><strong>portio,</strong></span> <span class='ocrx_word' id='word_1_753' title='bbox 2360 3681 2413 3727; x_wconf 91' lang='lat' dir='ltr'><strong>ct</strong></span> <span class='ocrx_word' id='word_1_754' title='bbox 2433 3671 2559 3742; x_wconf 90' lang='lat' dir='ltr'><strong>quid</strong></span> <span class='ocrx_word' id='word_1_755' title='bbox 2596 3686 2754 3740; x_wconf 74' lang='lat' dir='ltr'><strong>agerc</strong></span> <span class='ocrx_word' id='word_1_756' title='bbox 2778 3669 3094 3733; x_wconf 84' lang='lat' dir='ltr'><strong>videamur,</strong></span> <span class='ocrx_word' id='word_1_757' title='bbox 3128 3670 3455 3725; x_wconf 89' lang='lat' dir='ltr'><strong>insomnium</strong></span> 
     </span>
    </p>
   </div>
   <div class='ocr_carea' id='block_1_96' title="bbox 1859 3761 3460 3834">
    <p class='ocr_par' dir='ltr' id='par_1_96' title="bbox 1859 3761 3460 3834">
     <span class='ocr_line' id='line_1_96' title="bbox 1859 3761 3460 3834; baseline -0.002 -13"><span class='ocrx_word' id='word_1_758' title='bbox 1859 3780 1982 3821; x_wconf 87' lang='lat' dir='ltr'><strong>cum</strong></span> <span class='ocrx_word' id='word_1_759' title='bbox 2012 3765 2195 3821; x_wconf 89' lang='lat' dir='ltr'><strong>videre</strong></span> <span class='ocrx_word' id='word_1_760' title='bbox 2226 3778 2326 3817; x_wconf 92' lang='lat' dir='ltr'><strong>nos</strong></span> <span class='ocrx_word' id='word_1_761' title='bbox 2355 3763 2605 3818; x_wconf 89' lang='lat' dir='ltr'><strong>dicimus.</strong></span> <span class='ocrx_word' id='word_1_762' title='bbox 2638 3781 2656 3813; x_wconf 72' lang='grc' dir='ltr'><strong>ι</strong></span> <span class='ocrx_word' id='word_1_763' title='bbox 2691 3762 2930 3833; x_wconf 63' lang='grc' dir='ltr'><strong>(Ανηυῡη</strong></span> <span class='ocrx_word' id='word_1_764' title='bbox 2962 3761 3051 3816; x_wconf 88' lang='lat' dir='ltr'><strong>lib.</strong></span> <span class='ocrx_word' id='word_1_765' title='bbox 3084 3777 3142 3831; x_wconf 85' lang='grc' dir='ltr'><strong>ιι,</strong></span> <span class='ocrx_word' id='word_1_766' title='bbox 3173 3781 3227 3833; x_wconf 76' lang='lat' dir='ltr'><strong>p.</strong></span> <span class='ocrx_word' id='word_1_767' title='bbox 3251 3761 3367 3834; x_wconf 73' lang='grc'><strong>46).</strong></span> <span class='ocrx_word' id='word_1_768' title='bbox 3392 3762 3460 3818; x_wconf 85' lang='lat' dir='ltr'><strong>Et</strong></span> 
     </span>
    </p>
   </div>
   <div class='ocr_carea' id='block_1_97' title="bbox 1859 3861 3460 3935">
    <p class='ocr_par' dir='ltr' id='par_1_97' title="bbox 1859 3861 3460 3935">
     <span class='ocr_line' id='line_1_97' title="bbox 1859 3861 3460 3935; baseline 0.001 -19"><span class='ocrx_word' id='word_1_769' title='bbox 1859 3877 1922 3917; x_wconf 90' lang='lat' dir='ltr'><strong>re</strong></span> <span class='ocrx_word' id='word_1_770' title='bbox 1944 3862 2158 3932; x_wconf 89' lang='lat' dir='ltr'><strong>quidem</strong></span> <span class='ocrx_word' id='word_1_771' title='bbox 2186 3879 2309 3919; x_wconf 89' lang='lat' dir='ltr'><strong>vera</strong></span> <span class='ocrx_word' id='word_1_772' title='bbox 2337 3865 2427 3921; x_wconf 91' lang='lat' dir='ltr'><strong>ille</strong></span> <span class='ocrx_word' id='word_1_773' title='bbox 2473 3863 2913 3935; x_wconf 85' lang='lat' dir='ltr'><strong>philosophorum</strong></span> <span class='ocrx_word' id='word_1_774' title='bbox 2960 3864 3282 3934; x_wconf 70' lang='lat' dir='ltr'><strong>coryphmus</strong></span> <span class='ocrx_word' id='word_1_775' title='bbox 3311 3864 3362 3917; x_wconf 94' lang='lat' dir='ltr'><strong>in</strong></span> <span class='ocrx_word' id='word_1_776' title='bbox 3390 3861 3460 3919; x_wconf 74' lang='lat' dir='ltr'><strong>li-</strong></span> 
     </span>
    </p>
   </div>
   <div class='ocr_carea' id='block_1_98' title="bbox 1862 3956 3453 4030">
    <p class='ocr_par' dir='ltr' id='par_1_98' title="bbox 1862 3956 3453 4030">
     <span class='ocr_line' id='line_1_98' title="bbox 1862 3956 3453 4030; baseline 0.002 -20"><span class='ocrx_word' id='word_1_777' title='bbox 1862 3956 1960 4012; x_wconf 91' lang='lat' dir='ltr'><strong>bro</strong></span> <span class='ocrx_word' id='word_1_778' title='bbox 2008 3959 2172 4013; x_wconf 88' lang='lat' dir='ltr'><strong>citato</strong></span> <span class='ocrx_word' id='word_1_779' title='bbox 2216 3960 2435 4030; x_wconf 88' lang='lat' dir='ltr'><strong>scripsit</strong></span> <span class='ocrx_word' id='word_1_780' title='bbox 2484 3962 2864 4030; x_wconf 82' lang='lat' dir='ltr'><strong>perobscuram</strong></span> <span class='ocrx_word' id='word_1_781' title='bbox 2896 3975 3018 4016; x_wconf 89' lang='lat' dir='ltr'><strong>esse</strong></span> <span class='ocrx_word' id='word_1_782' title='bbox 3054 3960 3409 4030; x_wconf 69' lang='lat' dir='ltr'><strong>quaestionem</strong></span> <span class='ocrx_word' id='word_1_783' title='bbox 3437 4000 3453 4025; x_wconf 95' lang='lat'><strong>,</strong></span> 
     </span>
    </p>
   </div>
   <div class='ocr_carea' id='block_1_99' title="bbox 1861 4055 3459 4127">
    <p class='ocr_par' dir='ltr' id='par_1_99' title="bbox 1861 4055 3459 4127">
     <span class='ocr_line' id='line_1_99' title="bbox 1861 4055 3459 4127; baseline 0 -20"><span class='ocrx_word' id='word_1_784' title='bbox 1861 4061 2039 4108; x_wconf 88' lang='lat' dir='ltr'><strong>utrum</strong></span> <span class='ocrx_word' id='word_1_785' title='bbox 2073 4055 2340 4125; x_wconf 85' lang='lat' dir='ltr'><strong>vigilando</strong></span> <span class='ocrx_word' id='word_1_786' title='bbox 2370 4057 2725 4124; x_wconf 89' lang='lat' dir='ltr'><strong>dormiamus,</strong></span> <span class='ocrx_word' id='word_1_787' title='bbox 2768 4067 2860 4111; x_wconf 88' lang='lat' dir='ltr'><strong>aut</strong></span> <span class='ocrx_word' id='word_1_788' title='bbox 2906 4055 3194 4127; x_wconf 85' lang='lat' dir='ltr'><strong>cogitando</strong></span> <span class='ocrx_word' id='word_1_789' title='bbox 3222 4056 3459 4110; x_wconf 86' lang='lat' dir='ltr'><strong>somnie-</strong></span> 
     </span>
    </p>
   </div>
   <div class='ocr_carea' id='block_1_100' title="bbox 1862 4142 3462 4224">
    <p class='ocr_par' dir='ltr' id='par_1_100' title="bbox 1862 4142 3462 4224">
     <span class='ocr_line' id='line_1_100' title="bbox 1862 4142 3462 4224; baseline 0.003 -26"><span class='ocrx_word' id='word_1_790' title='bbox 1862 4161 2001 4200; x_wconf 88' lang='lat' dir='ltr'><strong>mus.</strong></span> <span class='ocrx_word' id='word_1_791' title='bbox 2027 4145 2180 4224; x_wconf 79' lang='grc' dir='ltr'><em>Ὀρᾷς</em></span> <span class='ocrx_word' id='word_1_792' title='bbox 2202 4142 2290 4204; x_wconf 71' lang='grc' dir='ltr'><strong>οὖν</strong></span> <span class='ocrx_word' id='word_1_793' title='bbox 2311 4146 2389 4205; x_wconf 83' lang='grc' dir='ltr'><strong>ὅτι</strong></span> <span class='ocrx_word' id='word_1_794' title='bbox 2409 4150 2467 4206; x_wconf 82' lang='grc' dir='ltr'><strong>τό</strong></span> <span class='ocrx_word' id='word_1_795' title='bbox 2494 4171 2550 4221; x_wconf 78' lang='grc' dir='ltr'><strong>γε</strong></span> <span class='ocrx_word' id='word_1_796' title='bbox 2579 4151 2968 4224; x_wconf 75' lang='grc' dir='ltr'><strong>ἀμφισϐητῆσαι</strong></span> <span class='ocrx_word' id='word_1_797' title='bbox 3005 4151 3062 4203; x_wconf 81' lang='grc' dir='ltr'>οὐ</span> <span class='ocrx_word' id='word_1_798' title='bbox 3096 4150 3345 4221; x_wconf 78' lang='grc' dir='ltr'>χαλεπὸν,</span> <span class='ocrx_word' id='word_1_799' title='bbox 3379 4147 3462 4203; x_wconf 80' lang='grc' dir='ltr'><strong>ὅτε</strong></span> 
     </span>
    </p>
   </div>
   <div class='ocr_carea' id='block_1_101' title="bbox 1862 4239 3459 4322">
    <p class='ocr_par' dir='ltr' id='par_1_101' title="bbox 1862 4239 3459 4322">
     <span class='ocr_line' id='line_1_101' title="bbox 1862 4239 3459 4322; baseline 0.004 -29"><span class='ocrx_word' id='word_1_800' title='bbox 1862 4243 1943 4294; x_wconf 79' lang='grc' dir='ltr'><strong>καὶ</strong></span> <span class='ocrx_word' id='word_1_801' title='bbox 1988 4241 2204 4313; x_wconf 80' lang='grc' dir='ltr'><strong>πότερόν</strong></span> <span class='ocrx_word' id='word_1_802' title='bbox 2233 4242 2387 4311; x_wconf 53' lang='grc' dir='ltr'><strong>ἐστιὴ</strong></span> <span class='ocrx_word' id='word_1_803' title='bbox 2412 4241 2554 4318; x_wconf 80' lang='grc' dir='ltr'><strong>ὕπαρ</strong></span> <span class='ocrx_word' id='word_1_804' title='bbox 2589 4240 2619 4302; x_wconf 78' lang='grc' dir='ltr'><strong>ἣ</strong></span> <span class='ocrx_word' id='word_1_805' title='bbox 2658 4239 2777 4322; x_wconf 69' lang='grc' dir='ltr'><strong>ὄναρ</strong></span> <span class='ocrx_word' id='word_1_806' title='bbox 2819 4242 3231 4318; x_wconf 72' lang='grc' dir='ltr'><strong>ἀμφισϐητεῖται·</strong></span> <span class='ocrx_word' id='word_1_807' title='bbox 3267 4244 3353 4296; x_wconf 79' lang='grc' dir='ltr'><strong>καὶ</strong></span> <span class='ocrx_word' id='word_1_808' title='bbox 3397 4240 3459 4300; x_wconf 74' lang='grc' dir='ltr'><em>δή</em></span> 
     </span>
    </p>
   </div>
   <div class='ocr_carea' id='block_1_102' title="bbox 1862 4329 3454 4413">
    <p class='ocr_par' dir='ltr' id='par_1_102' title="bbox 1862 4329 3454 4413">
     <span class='ocr_line' id='line_1_102' title="bbox 1862 4329 3454 4413; baseline 0.001 -26"><span class='ocrx_word' id='word_1_809' title='bbox 1862 4332 1980 4388; x_wconf 77' lang='grc' dir='ltr'>ἴσου</span> <span class='ocrx_word' id='word_1_810' title='bbox 2007 4329 2150 4395; x_wconf 75' lang='grc' dir='ltr'>ὄντος</span> <span class='ocrx_word' id='word_1_811' title='bbox 2183 4342 2275 4391; x_wconf 82' lang='grc' dir='ltr'>τοῦ</span> <span class='ocrx_word' id='word_1_812' title='bbox 2307 4337 2499 4413; x_wconf 78' lang='grc' dir='ltr'>χρόνον</span> <span class='ocrx_word' id='word_1_813' title='bbox 2531 4332 2585 4390; x_wconf 80' lang='grc' dir='ltr'>ὃν</span> <span class='ocrx_word' id='word_1_814' title='bbox 2616 4334 2936 4409; x_wconf 77' lang='grc' dir='ltr'><strong>καθεύδομεν,</strong></span> <span class='ocrx_word' id='word_1_815' title='bbox 2981 4330 3022 4408; x_wconf 81' lang='grc' dir='ltr'><strong><em>ᾧ</em></strong></span> <span class='ocrx_word' id='word_1_816' title='bbox 3058 4336 3407 4412; x_wconf 69' lang='grc' dir='ltr'><strong>ἐγρηγόραμεν</strong></span> <span class='ocrx_word' id='word_1_817' title='bbox 3438 4375 3454 4401; x_wconf 91' lang='grc'><strong><em>,</em></strong></span> 
     </span>
    </p>
   </div>
   <div class='ocr_carea' id='block_1_103' title="bbox 1863 4427 3460 4504">
    <p class='ocr_par' dir='ltr' id='par_1_103' title="bbox 1863 4427 3460 4504">
     <span class='ocr_line' id='line_1_103' title="bbox 1863 4427 3460 4504; baseline 0.003 -25"><span class='ocrx_word' id='word_1_818' title='bbox 1863 4428 1911 4479; x_wconf 87' lang='grc' dir='ltr'>ἐν</span> <span class='ocrx_word' id='word_1_819' title='bbox 1957 4427 2181 4504; x_wconf 79' lang='grc' dir='ltr'><strong>ἑκατέρῳ</strong></span> <span class='ocrx_word' id='word_1_820' title='bbox 2220 4427 2538 4503; x_wconf 79' lang='grc' dir='ltr'><strong>διαμάχεται</strong></span> <span class='ocrx_word' id='word_1_821' title='bbox 2583 4432 2721 4500; x_wconf 78' lang='grc' dir='ltr'><strong>ἡμῶν</strong></span> <span class='ocrx_word' id='word_1_822' title='bbox 2748 4431 2778 4488; x_wconf 80' lang='grc' dir='ltr'>ἡ</span> <span class='ocrx_word' id='word_1_823' title='bbox 2808 4427 2994 4501; x_wconf 72' lang='grc' dir='ltr'><strong>ψυχὴ,</strong></span> <span class='ocrx_word' id='word_1_824' title='bbox 3025 4431 3090 4484; x_wconf 84' lang='grc' dir='ltr'><strong><em>τὰ</em></strong></span> <span class='ocrx_word' id='word_1_825' title='bbox 3126 4430 3460 4501; x_wconf 74' lang='grc' dir='ltr'><strong>ἀεὶπαρόντα</strong></span> 
     </span>
    </p>
   </div>
   <div class='ocr_carea' id='block_1_104' title="bbox 1863 4518 3461 4596">
    <p class='ocr_par' dir='ltr' id='par_1_104' title="bbox 1863 4518 3461 4596">
     <span class='ocr_line' id='line_1_104' title="bbox 1863 4518 3461 4596; baseline 0.001 -21"><span class='ocrx_word' id='word_1_826' title='bbox 1863 4518 2093 4594; x_wconf 75' lang='grc' dir='ltr'><strong>δόγματα</strong></span> <span class='ocrx_word' id='word_1_827' title='bbox 2117 4525 2309 4586; x_wconf 79' lang='grc' dir='ltr'><strong>παντὸς</strong></span> <span class='ocrx_word' id='word_1_828' title='bbox 2335 4524 2519 4595; x_wconf 82' lang='grc' dir='ltr'>μᾶλλον</span> <span class='ocrx_word' id='word_1_829' title='bbox 2543 4518 2669 4578; x_wconf 77' lang='grc' dir='ltr'>εἶναι</span> <span class='ocrx_word' id='word_1_830' title='bbox 2697 4523 2867 4581; x_wconf 78' lang='grc' dir='ltr'><strong>ἀληθῆ·</strong></span> <span class='ocrx_word' id='word_1_831' title='bbox 2911 4524 3037 4582; x_wconf 76' lang='grc' dir='ltr'><strong>ὦςτε</strong></span> <span class='ocrx_word' id='word_1_832' title='bbox 3061 4519 3175 4576; x_wconf 74' lang='grc' dir='ltr'>ἴσον</span> <span class='ocrx_word' id='word_1_833' title='bbox 3201 4525 3291 4593; x_wconf 71' lang='grc' dir='ltr'><strong>μὲν</strong></span> <span class='ocrx_word' id='word_1_834' title='bbox 3324 4523 3461 4596; x_wconf 78' lang='grc' dir='ltr'><strong>χρό-</strong></span> 
     </span>
    </p>
   </div>
   <div class='ocr_carea' id='block_1_105' title="bbox 1862 4610 3463 4689">
    <p class='ocr_par' dir='ltr' id='par_1_105' title="bbox 1862 4610 3463 4689">
     <span class='ocr_line' id='line_1_105' title="bbox 1862 4610 3463 4689; baseline 0.001 -22"><span class='ocrx_word' id='word_1_835' title='bbox 1862 4636 1944 4668; x_wconf 89' lang='grc' dir='ltr'><strong>νον</strong></span> <span class='ocrx_word' id='word_1_836' title='bbox 1984 4613 2104 4670; x_wconf 81' lang='grc' dir='ltr'>τάδε</span> <span class='ocrx_word' id='word_1_837' title='bbox 2162 4619 2317 4689; x_wconf 72' lang='grc' dir='ltr'><strong>φαμὲν</strong></span> <span class='ocrx_word' id='word_1_838' title='bbox 2364 4612 2486 4670; x_wconf 74' lang='grc' dir='ltr'>ὅντα</span> <span class='ocrx_word' id='word_1_839' title='bbox 2524 4610 2664 4683; x_wconf 83' lang='grc' dir='ltr'><strong>εἶναι,</strong></span> <span class='ocrx_word' id='word_1_840' title='bbox 2698 4612 2810 4670; x_wconf 82' lang='grc' dir='ltr'>ἴσον</span> <span class='ocrx_word' id='word_1_841' title='bbox 2854 4612 2907 4667; x_wconf 80' lang='grc' dir='ltr'><strong>δὲ</strong></span> <span class='ocrx_word' id='word_1_842' title='bbox 2946 4615 3119 4667; x_wconf 79' lang='grc' dir='ltr'><strong>ἐκεῖνα·</strong></span> <span class='ocrx_word' id='word_1_843' title='bbox 3154 4617 3238 4667; x_wconf 77' lang='grc' dir='ltr'><strong>καὶ</strong></span> <span class='ocrx_word' id='word_1_844' title='bbox 3277 4613 3463 4685; x_wconf 81' lang='grc' dir='ltr'><strong>ὁμοίως</strong></span> 
     </span>
    </p>
   </div>
   <div class='ocr_carea' id='block_1_106' title="bbox 1787 4684 3458 4783">
    <p class='ocr_par' dir='ltr' id='par_1_106' title="bbox 1787 4684 3458 4783">
     <span class='ocr_line' id='line_1_106' title="bbox 1787 4684 3458 4783; baseline 0.002 -26"><span class='ocrx_word' id='word_1_845' title='bbox 1787 4684 1842 4757; x_wconf 84' lang='grc' dir='ltr'><strong>Ῐ)</strong></span> <span class='ocrx_word' id='word_1_846' title='bbox 1867 4707 1937 4780; x_wconf 76' lang='grc' dir='ltr'><strong>ἐφ’</strong></span> <span class='ocrx_word' id='word_1_847' title='bbox 1961 4684 2238 4783; x_wconf 41' lang='grc' dir='ltr'><strong>ἑκατέροὶς-</strong></span> <span class='ocrx_word' id='word_1_848' title='bbox 2261 4702 2691 4782; x_wconf 79' lang='grc' dir='ltr'><strong>διϊσχυριζόμεθα</strong></span> <span class='ocrx_word' id='word_1_849' title='bbox 2726 4702 2902 4775; x_wconf 81' lang='lat' dir='ltr'><strong>(Plato</strong></span> <span class='ocrx_word' id='word_1_850' title='bbox 2929 4704 2982 4757; x_wconf 75' lang='lat' dir='ltr'><strong>in</strong></span> <span class='ocrx_word' id='word_1_851' title='bbox 3010 4702 3229 4770; x_wconf 54' lang='lat' dir='ltr'><strong>Thema,</strong></span> <span class='ocrx_word' id='word_1_852' title='bbox 3266 4684 3389 4759; x_wconf 72' lang='lat' dir='ltr'><strong>tam.</strong></span> <span class='ocrx_word' id='word_1_853' title='bbox 3419 4721 3458 4773; x_wconf 88' lang='grc' dir='ltr'><strong>ῐ,</strong></span> 
     </span>
    </p>
   </div>
   <div class='ocr_carea' id='block_1_107' title="bbox 1866 4795 3462 4869">
    <p class='ocr_par' dir='ltr' id='par_1_107' title="bbox 1866 4795 3462 4869">
     <span class='ocr_line' id='line_1_107' title="bbox 1866 4795 3462 4869; baseline 0.001 -18"><span class='ocrx_word' id='word_1_854' title='bbox 1866 4817 1917 4869; x_wconf 80' lang='lat' dir='ltr'><strong>p.</strong></span> <span class='ocrx_word' id='word_1_855' title='bbox 1942 4798 2082 4869; x_wconf 66' lang='grc'><strong>158).</strong></span> <span class='ocrx_word' id='word_1_856' title='bbox 2116 4798 2263 4851; x_wconf 81' lang='lat' dir='ltr'><strong>Vides</strong></span> <span class='ocrx_word' id='word_1_857' title='bbox 2279 4814 2398 4867; x_wconf 87' lang='lat' dir='ltr'><strong>ergo</strong></span> <span class='ocrx_word' id='word_1_858' title='bbox 2420 4814 2570 4867; x_wconf 81' lang='lat' dir='ltr'><strong>quant</strong></span> <span class='ocrx_word' id='word_1_859' title='bbox 2594 4814 2692 4850; x_wconf 84' lang='lat' dir='ltr'><strong>non</strong></span> <span class='ocrx_word' id='word_1_860' title='bbox 2717 4797 2800 4867; x_wconf 80' lang='lat' dir='ltr'><strong>dif</strong></span> <span class='ocrx_word' id='word_1_861' title='bbox 2798 4798 2881 4863; x_wconf 80' lang='lat' dir='ltr'><strong>ﬁci</strong></span> <span class='ocrx_word' id='word_1_862' title='bbox 2888 4795 2931 4850; x_wconf 85' lang='lat' dir='ltr'><strong>le</strong></span> <span class='ocrx_word' id='word_1_863' title='bbox 2946 4797 3011 4850; x_wconf 83' lang='lat' dir='ltr'><strong>sit</strong></span> <span class='ocrx_word' id='word_1_864' title='bbox 3035 4796 3128 4849; x_wconf 82' lang='lat' dir='ltr'><strong>hac</strong></span> <span class='ocrx_word' id='word_1_865' title='bbox 3146 4796 3208 4850; x_wconf 85' lang='lat' dir='ltr'><strong>de</strong></span> <span class='ocrx_word' id='word_1_866' title='bbox 3226 4813 3280 4851; x_wconf 90' lang='lat' dir='ltr'><strong>re</strong></span> <span class='ocrx_word' id='word_1_867' title='bbox 3300 4797 3462 4853; x_wconf 81' lang='lat' dir='ltr'><strong>ambi-</strong></span> 
     </span>
    </p>
   </div>
   <div class='ocr_carea' id='block_1_108' title="bbox 1865 4880 3460 4963">
    <p class='ocr_par' dir='ltr' id='par_1_108' title="bbox 1865 4880 3460 4963">
     <span class='ocr_line' id='line_1_108' title="bbox 1865 4880 3460 4963; baseline 0.001 -18"><span class='ocrx_word' id='word_1_868' title='bbox 1865 4904 1998 4963; x_wconf 75' lang='lat' dir='ltr'><strong>gere,</strong></span> <span class='ocrx_word' id='word_1_869' title='bbox 2028 4893 2230 4959; x_wconf 84' lang='lat' dir='ltr'><strong>quando</strong></span> <span class='ocrx_word' id='word_1_870' title='bbox 2254 4890 2454 4961; x_wconf 81' lang='lat' dir='ltr'><strong>quidem</strong></span> <span class='ocrx_word' id='word_1_871' title='bbox 2482 4889 2614 4944; x_wconf 83' lang='lat' dir='ltr'><strong>illud</strong></span> <span class='ocrx_word' id='word_1_872' title='bbox 2638 4890 2912 4962; x_wconf 77' lang='lat' dir='ltr'><strong>ambigitur</strong></span> <span class='ocrx_word' id='word_1_873' title='bbox 2934 4880 3105 4944; x_wconf 70' lang='lat' dir='ltr'><strong>utrum</strong></span> <span class='ocrx_word' id='word_1_874' title='bbox 3128 4908 3207 4944; x_wconf 80' lang='lat' dir='ltr'><strong>res</strong></span> <span class='ocrx_word' id='word_1_875' title='bbox 3237 4907 3353 4945; x_wconf 82' lang='lat' dir='ltr'><strong>vera</strong></span> <span class='ocrx_word' id='word_1_876' title='bbox 3373 4892 3460 4961; x_wconf 75' lang='lat' dir='ltr'><strong>sit,</strong></span> 
     </span>
    </p>
   </div>
   <div class='ocr_carea' id='block_1_109' title="bbox 1865 4982 3464 5057">
    <p class='ocr_par' dir='ltr' id='par_1_109' title="bbox 1865 4982 3464 5057">
     <span class='ocr_line' id='line_1_109' title="bbox 1865 4982 3464 5057; baseline 0.002 -19"><span class='ocrx_word' id='word_1_877' title='bbox 1865 5002 1931 5038; x_wconf 88' lang='lat' dir='ltr'><strong>an</strong></span> <span class='ocrx_word' id='word_1_878' title='bbox 1968 4985 2275 5038; x_wconf 82' lang='lat' dir='ltr'><strong>insomnium</strong></span> <span class='ocrx_word' id='word_1_879' title='bbox 2300 4994 2390 5052; x_wconf 81' lang='lat' dir='ltr'><strong>;,et</strong></span> <span class='ocrx_word' id='word_1_880' title='bbox 2411 5000 2523 5038; x_wconf 87' lang='lat' dir='ltr'><strong>cum</strong></span> <span class='ocrx_word' id='word_1_881' title='bbox 2551 4986 2745 5056; x_wconf 66' lang='lat' dir='ltr'><strong>ecquale</strong></span> <span class='ocrx_word' id='word_1_882' title='bbox 2768 4985 2833 5038; x_wconf 83' lang='lat' dir='ltr'><strong>sit</strong></span> <span class='ocrx_word' id='word_1_883' title='bbox 2871 4994 3071 5057; x_wconf 88' lang='lat' dir='ltr'><strong>tempus</strong></span> <span class='ocrx_word' id='word_1_884' title='bbox 3092 5027 3106 5047; x_wconf 95' lang='lat'><strong>,</strong></span> <span class='ocrx_word' id='word_1_885' title='bbox 3139 5002 3239 5052; x_wconf 86' lang='lat' dir='ltr'><strong>quo</strong></span> <span class='ocrx_word' id='word_1_886' title='bbox 3270 4982 3464 5041; x_wconf 84' lang='lat' dir='ltr'><strong>dormi-</strong></span> 
     </span>
    </p>
   </div>
   <div class='ocr_carea' id='block_1_110' title="bbox 1868 5076 3458 5148">
    <p class='ocr_par' dir='ltr' id='par_1_110' title="bbox 1868 5076 3458 5148">
     <span class='ocr_line' id='line_1_110' title="bbox 1868 5076 3458 5148; baseline 0.002 -19"><span class='ocrx_word' id='word_1_887' title='bbox 1868 5094 1999 5138; x_wconf 84' lang='lat' dir='ltr'><strong>mus,</strong></span> <span class='ocrx_word' id='word_1_888' title='bbox 2020 5078 2066 5130; x_wconf 88' lang='lat' dir='ltr'><strong>ei</strong></span> <span class='ocrx_word' id='word_1_889' title='bbox 2086 5092 2183 5146; x_wconf 86' lang='lat' dir='ltr'><strong>quo</strong></span> <span class='ocrx_word' id='word_1_890' title='bbox 2200 5076 2487 5147; x_wconf 83' lang='lat' dir='ltr'><strong>vigilamus,</strong></span> <span class='ocrx_word' id='word_1_891' title='bbox 2504 5077 2556 5131; x_wconf 87' lang='lat' dir='ltr'><strong>in</strong></span> <span class='ocrx_word' id='word_1_892' title='bbox 2573 5089 2785 5147; x_wconf 85' lang='lat' dir='ltr'><strong>utroque</strong></span> <span class='ocrx_word' id='word_1_893' title='bbox 2812 5079 3012 5132; x_wconf 87' lang='lat' dir='ltr'><strong>animus</strong></span> <span class='ocrx_word' id='word_1_894' title='bbox 3030 5089 3200 5132; x_wconf 82' lang='lat' dir='ltr'><strong>noster</strong></span> <span class='ocrx_word' id='word_1_895' title='bbox 3215 5079 3458 5148; x_wconf 85' lang='lat' dir='ltr'><strong>decertat,</strong></span> 
     </span>
    </p>
   </div>
   <div class='ocr_carea' id='block_1_111' title="bbox 1870 5169 3470 5241">
    <p class='ocr_par' dir='ltr' id='par_1_111' title="bbox 1870 5169 3470 5241">
     <span class='ocr_line' id='line_1_111' title="bbox 1870 5169 3470 5241; baseline 0.002 -18"><span class='ocrx_word' id='word_1_896' title='bbox 1870 5179 2140 5238; x_wconf 66' lang='lat' dir='ltr'><strong>prementes</strong></span> <span class='ocrx_word' id='word_1_897' title='bbox 2165 5169 2442 5224; x_wconf 80' lang='lat' dir='ltr'><strong>sententias</strong></span> <span class='ocrx_word' id='word_1_898' title='bbox 2484 5173 2693 5226; x_wconf 83' lang='lat' dir='ltr'><strong>omnino</strong></span> <span class='ocrx_word' id='word_1_899' title='bbox 2721 5188 2866 5226; x_wconf 86' lang='lat' dir='ltr'><strong>veras</strong></span> <span class='ocrx_word' id='word_1_900' title='bbox 2907 5188 3014 5226; x_wconf 77' lang='lat' dir='ltr'><strong>esse</strong></span> <span class='ocrx_word' id='word_1_901' title='bbox 3042 5187 3060 5225; x_wconf 92' lang='lat'><strong><em>:</em></strong></span> <span class='ocrx_word' id='word_1_902' title='bbox 3090 5187 3253 5240; x_wconf 84' lang='lat' dir='ltr'><strong>quare</strong></span> <span class='ocrx_word' id='word_1_903' title='bbox 3285 5171 3470 5241; x_wconf 74' lang='lat' dir='ltr'><strong>wquali</strong></span> 
     </span>
    </p>
   </div>
   <div class='ocr_carea' id='block_1_112' title="bbox 1868 5263 3463 5336">
    <p class='ocr_par' dir='ltr' id='par_1_112' title="bbox 1868 5263 3463 5336">
     <span class='ocr_line' id='line_1_112' title="bbox 1868 5263 3463 5336; baseline 0.001 -18"><span class='ocrx_word' id='word_1_904' title='bbox 1868 5278 2088 5336; x_wconf 86' lang='lat' dir='ltr'><strong>tempore</strong></span> <span class='ocrx_word' id='word_1_905' title='bbox 2110 5268 2216 5319; x_wconf 67' lang='lat' dir='ltr'><strong>haec</strong></span> <span class='ocrx_word' id='word_1_906' title='bbox 2235 5280 2342 5318; x_wconf 82' lang='lat' dir='ltr'><strong>esse</strong></span> <span class='ocrx_word' id='word_1_907' title='bbox 2357 5265 2755 5335; x_wconf 78' lang='lat' dir='ltr'><strong>afﬁrmabimus,</strong></span> <span class='ocrx_word' id='word_1_908' title='bbox 2785 5264 2970 5335; x_wconf 75' lang='lat' dir='ltr'><strong>wquali</strong></span> <span class='ocrx_word' id='word_1_909' title='bbox 2995 5279 3110 5317; x_wconf 85' lang='lat' dir='ltr'><strong>vero</strong></span> <span class='ocrx_word' id='word_1_910' title='bbox 3138 5263 3251 5330; x_wconf 84' lang='lat' dir='ltr'><strong>illa,</strong></span> <span class='ocrx_word' id='word_1_911' title='bbox 3271 5273 3318 5317; x_wconf 88' lang='lat' dir='ltr'><strong>et</strong></span> <span class='ocrx_word' id='word_1_912' title='bbox 3345 5281 3463 5335; x_wconf 85' lang='lat' dir='ltr'><strong>per-</strong></span> 
     </span>
    </p>
   </div>
   <div class='ocr_carea' id='block_1_113' title="bbox 1864 5354 2889 5427">
    <p class='ocr_par' dir='ltr' id='par_1_113' title="bbox 1864 5354 2889 5427">
     <span class='ocr_line' id='line_1_113' title="bbox 1864 5354 2889 5427; baseline -0.003 -16"><span class='ocrx_word' id='word_1_913' title='bbox 1864 5371 2006 5427; x_wconf 66' lang='lat' dir='ltr'><strong>aeque</strong></span> <span class='ocrx_word' id='word_1_914' title='bbox 2034 5354 2097 5410; x_wconf 85' lang='lat' dir='ltr'><strong>de</strong></span> <span class='ocrx_word' id='word_1_915' title='bbox 2117 5357 2341 5422; x_wconf 85' lang='lat' dir='ltr'><strong>utrisque</strong></span> <span class='ocrx_word' id='word_1_916' title='bbox 2369 5374 2476 5411; x_wconf 87' lang='lat' dir='ltr'><strong>rem</strong></span> <span class='ocrx_word' id='word_1_917' title='bbox 2506 5359 2889 5412; x_wconf 78' lang='lat' dir='ltr'><strong>constituemus.</strong></span> 
     </span>
    </p>
   </div>
   <div class='ocr_carea' id='block_1_114' title="bbox 1938 5449 3462 5520">
    <p class='ocr_par' dir='ltr' id='par_1_114' title="bbox 1938 5449 3462 5520">
     <span class='ocr_line' id='line_1_114' title="bbox 1938 5449 3462 5520; baseline 0.005 -16"><span class='ocrx_word' id='word_1_918' title='bbox 1938 5449 2120 5520; x_wconf 86' lang='lat' dir='ltr'><strong>Neque</strong></span> <span class='ocrx_word' id='word_1_919' title='bbox 2142 5452 2310 5520; x_wconf 83' lang='lat' dir='ltr'><strong>magis</strong></span> <span class='ocrx_word' id='word_1_920' title='bbox 2334 5460 2519 5507; x_wconf 89' lang='lat' dir='ltr'><strong>notum</strong></span> <span class='ocrx_word' id='word_1_921' title='bbox 2543 5460 2646 5518; x_wconf 89' lang='lat' dir='ltr'><strong>est,</strong></span> <span class='ocrx_word' id='word_1_922' title='bbox 2672 5451 2745 5506; x_wconf 85' lang='lat' dir='ltr'><strong>ait</strong></span> <span class='ocrx_word' id='word_1_923' title='bbox 2769 5450 3061 5517; x_wconf 78' lang='lat' dir='ltr'><strong>Arnobius,</strong></span> <span class='ocrx_word' id='word_1_924' title='bbox 3093 5459 3270 5507; x_wconf 91' lang='lat' dir='ltr'><strong>utrum</strong></span> <span class='ocrx_word' id='word_1_925' title='bbox 3304 5472 3322 5506; x_wconf 77' lang='grc' dir='ltr'><strong>ι</strong></span> <span class='ocrx_word' id='word_1_926' title='bbox 3352 5452 3462 5511; x_wconf 82' lang='lat' dir='ltr'><strong>Ra-</strong></span> 
     </span>
    </p>
   </div>
   <div class='ocr_carea' id='block_1_115' title="bbox 1869 5542 3463 5612">
    <p class='ocr_par' dir='ltr' id='par_1_115' title="bbox 1869 5542 3463 5612">
     <span class='ocr_line' id='line_1_115' title="bbox 1869 5542 3463 5612; baseline 0.004 -14"><span class='ocrx_word' id='word_1_927' title='bbox 1869 5543 2080 5599; x_wconf 89' lang='lat' dir='ltr'><strong>diorum</strong></span> <span class='ocrx_word' id='word_1_928' title='bbox 2129 5554 2184 5599; x_wconf 91' lang='lat' dir='ltr'><strong>et</strong></span> <span class='ocrx_word' id='word_1_929' title='bbox 2226 5544 2447 5602; x_wconf 91' lang='lat' dir='ltr'><strong>luminis</strong></span> <span class='ocrx_word' id='word_1_930' title='bbox 2479 5545 2778 5601; x_wconf 90' lang='lat' dir='ltr'><strong>intentione</strong></span> <span class='ocrx_word' id='word_1_931' title='bbox 2808 5542 3124 5612; x_wconf 87' lang='lat' dir='ltr'><strong>videamus,</strong></span> <span class='ocrx_word' id='word_1_932' title='bbox 3164 5560 3232 5600; x_wconf 88' lang='lat' dir='ltr'><strong>an</strong></span> <span class='ocrx_word' id='word_1_933' title='bbox 3280 5562 3463 5604; x_wconf 91' lang='lat' dir='ltr'><strong>rerum</strong></span> 
     </span>
    </p>
   </div>
   <div class='ocr_carea' id='block_1_116' title="bbox 1870 5634 3458 5707">
    <p class='ocr_par' dir='ltr' id='par_1_116' title="bbox 1870 5634 3458 5707">
     <span class='ocr_line' id='line_1_116' title="bbox 1870 5634 3458 5707; baseline 0.004 -17"><span class='ocrx_word' id='word_1_934' title='bbox 1870 5634 2131 5707; x_wconf 73' lang='lat' dir='ltr'><strong>imagines</strong></span> <span class='ocrx_word' id='word_1_935' title='bbox 2185 5638 2476 5705; x_wconf 88' lang='lat' dir='ltr'><strong>advolent,</strong></span> <span class='ocrx_word' id='word_1_936' title='bbox 2533 5647 2587 5692; x_wconf 90' lang='lat' dir='ltr'><strong>et</strong></span> <span class='ocrx_word' id='word_1_937' title='bbox 2626 5637 2827 5691; x_wconf 89' lang='lat' dir='ltr'><strong>nostris</strong></span> <span class='ocrx_word' id='word_1_938' title='bbox 2867 5635 2921 5689; x_wconf 91' lang='lat' dir='ltr'><strong>in</strong></span> <span class='ocrx_word' id='word_1_939' title='bbox 2966 5635 3181 5707; x_wconf 90' lang='lat' dir='ltr'><strong>pupillis</strong></span> <span class='ocrx_word' id='word_1_940' title='bbox 3223 5638 3399 5697; x_wconf 88' lang='lat' dir='ltr'><strong>sidant</strong></span> <span class='ocrx_word' id='word_1_941' title='bbox 3437 5662 3458 5696; x_wconf 75' lang='grc' dir='ltr'><strong><em>ι</em></strong></span> 
     </span>
    </p>
   </div>
   <div class='ocr_carea' id='block_1_117' title="bbox 1871 5727 3466 5803">
    <p class='ocr_par' dir='ltr' id='par_1_117' title="bbox 1871 5727 3466 5803">
     <span class='ocr_line' id='line_1_117' title="bbox 1871 5727 3466 5803; baseline 0.004 -20"><span class='ocrx_word' id='word_1_942' title='bbox 1871 5729 2110 5801; x_wconf 55' lang='lat' dir='ltr'><strong>(Ai-nom,</strong></span> <span class='ocrx_word' id='word_1_943' title='bbox 2135 5730 2307 5803; x_wconf 84' lang='lat' dir='ltr'><strong>ibid.).</strong></span> <span class='ocrx_word' id='word_1_944' title='bbox 2339 5728 2634 5786; x_wconf 76' lang='lat' dir='ltr'><strong>Variabant</strong></span> <span class='ocrx_word' id='word_1_945' title='bbox 2655 5728 2932 5783; x_wconf 83' lang='lat' dir='ltr'><strong>enimvero</strong></span> <span class='ocrx_word' id='word_1_946' title='bbox 2955 5741 3017 5783; x_wconf 88' lang='lat' dir='ltr'><strong>ea</strong></span> <span class='ocrx_word' id='word_1_947' title='bbox 3041 5727 3108 5784; x_wconf 91' lang='lat' dir='ltr'><strong>de</strong></span> <span class='ocrx_word' id='word_1_948' title='bbox 3137 5743 3196 5784; x_wconf 89' lang='lat' dir='ltr'><strong>re</strong></span> <span class='ocrx_word' id='word_1_949' title='bbox 3227 5730 3466 5801; x_wconf 80' lang='lat' dir='ltr'><strong>philoso-</strong></span> 
     </span>
    </p>
   </div>
   <div class='ocr_carea' id='block_1_118' title="bbox 1872 5818 3465 5897">
    <p class='ocr_par' dir='ltr' id='par_1_118' title="bbox 1872 5818 3465 5897">
     <span class='ocr_line' id='line_1_118' title="bbox 1872 5818 3465 5897; baseline 0.003 -17"><span class='ocrx_word' id='word_1_950' title='bbox 1872 5825 2097 5897; x_wconf 86' lang='lat' dir='ltr'><strong>phorum</strong></span> <span class='ocrx_word' id='word_1_951' title='bbox 2120 5826 2422 5891; x_wconf 72' lang='lat' dir='ltr'><strong>sententiae,</strong></span> <span class='ocrx_word' id='word_1_952' title='bbox 2446 5838 2581 5897; x_wconf 90' lang='lat' dir='ltr'><strong>quas</strong></span> <span class='ocrx_word' id='word_1_953' title='bbox 2603 5823 2670 5880; x_wconf 89' lang='lat' dir='ltr'><strong>A.</strong></span> <span class='ocrx_word' id='word_1_954' title='bbox 2699 5818 2905 5878; x_wconf 88' lang='lat' dir='ltr'><strong>Gellius</strong></span> <span class='ocrx_word' id='word_1_955' title='bbox 2926 5825 3207 5892; x_wconf 88' lang='lat' dir='ltr'><strong>perspicue</strong></span> <span class='ocrx_word' id='word_1_956' title='bbox 3236 5825 3319 5883; x_wconf 89' lang='lat' dir='ltr'><strong>his</strong></span> <span class='ocrx_word' id='word_1_957' title='bbox 3346 5830 3465 5884; x_wconf 80' lang='lat' dir='ltr'><strong>ver-</strong></span> 
     </span>
    </p>
   </div>
   <div class='ocr_carea' id='block_1_119' title="bbox 1872 5918 3475 5994">
    <p class='ocr_par' dir='ltr' id='par_1_119' title="bbox 1872 5918 3475 5994">
     <span class='ocr_line' id='line_1_119' title="bbox 1872 5918 3475 5994; baseline -0.001 -14"><span class='ocrx_word' id='word_1_958' title='bbox 1872 5923 1955 5980; x_wconf 84' lang='lat' dir='ltr'><strong>bis</strong></span> <span class='ocrx_word' id='word_1_959' title='bbox 1984 5939 2045 5980; x_wconf 82' lang='lat' dir='ltr'><strong>cx</strong></span> <span class='ocrx_word' id='word_1_960' title='bbox 2055 5923 2215 5994; x_wconf 85' lang='lat' dir='ltr'><strong>plicat</strong></span> <span class='ocrx_word' id='word_1_961' title='bbox 2243 5936 2263 5976; x_wconf 89' lang='lat'><strong><em>:</em></strong></span> <span class='ocrx_word' id='word_1_962' title='bbox 2294 5936 2313 5973; x_wconf 81' lang='lat' dir='ltr'><strong>t</strong></span> <span class='ocrx_word' id='word_1_963' title='bbox 2347 5920 2517 5977; x_wconf 88' lang='lat' dir='ltr'><strong>Stoici</strong></span> <span class='ocrx_word' id='word_1_964' title='bbox 2535 5920 2724 5977; x_wconf 84' lang='lat' dir='ltr'><strong>cauSas</strong></span> <span class='ocrx_word' id='word_1_965' title='bbox 2749 5918 2962 5977; x_wconf 85' lang='lat' dir='ltr'><strong>videndi</strong></span> <span class='ocrx_word' id='word_1_966' title='bbox 2993 5918 3090 5978; x_wconf 85' lang='lat' dir='ltr'><strong>has</strong></span> <span class='ocrx_word' id='word_1_967' title='bbox 3111 5935 3228 5979; x_wconf 85' lang='lat' dir='ltr'><strong>esse</strong></span> <span class='ocrx_word' id='word_1_968' title='bbox 3249 5921 3475 5993; x_wconf 84' lang='lat' dir='ltr'><strong>dicunt,</strong></span> 
     </span>
    </p>
   </div>
  </div>
