3978 6316
471 360 576 419 (itii;
1731 358 2144 419 DISSERTATI

2265 359 2503 419 ’BAVIA
3694 362 3805 423 661

470 473 749 532 radiorqu
775 487 839 528 ex
878 470 1047 529 oculis
1087 471 1142 526 in
1172 484 1256 535 ea,
1290 485 1411 543 qua:
1439 471 1610 529 videri
1631 484 1843 545 queunt
1866 517 1882 540 ,
1914 474 2078 530 emis—
2105 478 2161 538 Α
2184 474 2332 548 (tam.
2362 490 2382 531 t
2415 474 2692 547 Apparat.,
2734 476 2826 531 lib.
2857 492 2938 544 ιιι,
2965 477 3171 534 dissert.
3200 476 3259 542 2,
3302 493 3420 548 cap.
3462 477 3560 543 12,
3594 489 3700 535 art.
3739 482 3800 553 1,

479 569 712 636 sionem,
735 567 981 636 aerisque
1004 564 1165 621 simul
1194 564 1572 622 intentionem.
1608 566 1871 637 Epicurus
1898 576 2081 623 autem
2190 589 2245 643 p.
2278 569 2431 637 788).
2456 567 2565 625 Cur
2584 578 2763 626 autem
2790 571 2968 627 oleum
3008 571 3129 627 aliis
3172 571 3474 643 liquoribus
3523 588 3803 642 nunquam

479 664 708 720 afﬂuere
759 677 975 731 semper
1014 676 1079 717 ex
1130 661 1381 716 omnibus
1429 663 1748 731 corporibus
1797 662 2083 719 simulacra
2194 662 2514 730 misceatur,
2549 663 2810 719 rationem
2841 663 3158 720 Plutarchus
3188 664 3386 731 reddit,
3413 665 3536 735 quia
3568 665 3806 722 maxime

489 759 734 832 quaedam
787 774 1074 827 corporum
1127 758 1395 827 ipsorum,
1436 774 1606 829 eaque
1628 776 1686 814 se
1717 760 1770 813 in
1789 759 1974 814 oculos
2006 759 2088 814 in~
2195 757 2474 812 humidum
2527 768 2629 820 est.
2684 774 2783 813 nec
2835 757 2969 813 ullas
3016 759 3189 814 siccas
3245 768 3447 827 partes,
3508 774 3609 814 nec
3667 758 3806 815 ullos

486 851 652 917 ferre,
682 860 842 921 atque
890 851 957 905 ita
1020 849 1136 904 fieri
1164 865 1380 904 sensum
1429 861 1593 917 putat.
1633 851 1785 907 Plato
1819 852 2091 907 exiStimat
2198 850 2427 919 proinde
2468 849 2629 906 habet
2671 858 2902 918 meatus,
2946 861 3039 905 aut
3079 850 3185 904 ulla
3230 855 3423 920 spatia,
3466 852 3663 922 quibus
3703 849 3808 905 alia

485 964 656 1021 genus
703 945 969 1017 quoddam
1004 945 1138 1014 ignis
1161 944 1398 1015 lucisque
1420 945 1487 1000 de
1518 946 1688 999 oculis
1712 945 1897 1010 exire;
1931 944 2093 1014 idque
2199 942 2401 1012 liquida
2444 958 2673 1013 corpora
2713 944 2980 1000 admittat.
3022 944 3167 1003 Alibi
3203 954 3385 1001 tamen
3430 948 3669 1001 monitos
3710 958 3810 1000 nos

487 1043 838 1112 conjunctum
861 1041 1338 1108 continuatumque
1369 1057 1488 1096 cum
1523 1040 1638 1095 luce
1664 1037 1827 1104 Solis,
1860 1040 1944 1094 vel
1968 1054 2092 1095 cum
2200 1050 2323 1091 eSse
2353 1037 2524 1091 voluit
2568 1036 2620 1091 id
2661 1039 2731 1091 ab
2757 1037 2876 1093 aliis
2899 1037 3044 1092 illius
3074 1037 3327 1094 densitati
3349 1039 3573 1107 ascribi,
3596 1040 3815 1096 tametsi

487 1136 710 1191 alterius
753 1136 886 1202 ignis
925 1133 1128 1188 lumine
1158 1148 1253 1186 sua
1298 1134 1350 1187 vi
1390 1144 1445 1188 et
1498 1143 1718 1187 externa
1756 1130 1938 1185 nixum
1978 1132 2099 1187 ειη-
2204 1129 2290 1184 his
2316 1130 2634 1186 Aristoteles
2666 1131 2967 1204 refragetur
2993 1132 3319 1204 (Platarch.,
3344 1133 3429 1189 lib.
3458 1151 3511 1190 vt
3537 1133 3811 1208 Sympos.,

490 1244 635 1295 cere,
665 1238 724 1284 ut
762 1243 1115 1299 qumcumque
1135 1227 1419 1284 oll'enderit
1443 1228 1900 1297 illustraveritque
1922 1267 1939 1293 ,
1973 1243 2097 1283 cer-
2204 1234 2387 1296 quwsl.
2423 1225 2509 1288 10,
2541 1242 2594 1294 p.
2624 1224 2766 1290 096;
2795 1227 2885 1281 lib.
2917 1242 3010 1293 vtt,
3046 1237 3228 1299 quam.
3263 1229 3316 1293 5,
3341 1246 3393 1300 p.
3437 1226 3588 1302 702).

493 1340 685 1380 namus
724 1345 742 1378 ›
778 1322 959 1397 (Gell..
990 1323 1079 1377 lib.
1110 1340 1143 1377 v
1181 1322 1333 1377 Nort.
1361 1324 1492 1386 Att.,
1525 1339 1643 1389 cap.
1680 1322 1790 1394 l6).
1820 1320 1927 1376 Has
1965 1338 2104 1393 quo-

494 1434 598 1489 que
641 1428 695 1473 et
737 1419 868 1472 alias
901 1414 1343 1487 philosOphorum
1375 1415 1440 1470 de
1471 1414 1684 1470 videndi
1711 1430 1868 1468 causa
1893 1414 2103 1483 opinio-

496 1528 593 1566 nes
629 1510 940 1566 Plutarchus
976 1518 1221 1566 recenset
1265 1508 1586 1578 (Plutarch..
1615 1506 1703 1562 lib.
1735 1523 1786 1562 tv
1819 1506 1881 1562 de
1906 1506 2101 1563 Placit.

502 1603 821 1674 philosopli.,
867 1619 982 1672 cap.
1037 1603 1135 1668 i5,
1188 1620 1241 1672 p.
1292 1600 1446 1672 901).
1496 1600 1744 1655 Laertius
1790 1615 1919 1654 vero
1958 1600 2105 1657 Stoi-

503 1711 687 1751 corum
711 1712 773 1750 ac
807 1696 1123 1766 Pythagora:
1144 1693 1321 1767 Laert
1350 1736 1363 1757 ,
1391 1694 1455 1748 de
1484 1691 1587 1749 Vit.
1619 1704 1665 1748 et
1692 1694 1865 1763 dogm.
1893 1694 2106 1763 philos.,

504 1787 590 1842 lib.
620 1804 717 1854 vu,
765 1787 794 1860 §
842 1787 967 1853 157,
994 1798 1038 1841 et
1069 1787 1157 1842 lib.
1190 1804 1299 1851 vui,
1334 1787 1362 1859 δ
1391 1785 1486 1860 ‘29)
1512 1828 1528 1854 ,
1581 1794 1637 1843 et
1682 1785 2109 1859 LucretiusEpi-

2281 1318 2409 1374 Post
2456 1320 2570 1375 haec
2612 1336 2742 1375 vero
2780 1320 3052 1379 Arnobius
3080 1322 3286 1378 addidit
3309 1338 3424 1384 eos,
3453 1324 3544 1395 qui
3571 1323 3817 1380 animum

2212 1415 2507 1470 humanum
2567 1416 2927 1472 immortalem
2981 1424 3036 1472 et
3091 1416 3260 1473 Deum
3314 1432 3435 1473 esse
3485 1417 3813 1486 docuerunt,

2213 1525 2472 1565 enarrare
2502 1509 2655 1565 nobis
2687 1527 2792 1565 non
2823 1526 3002 1581 posse,
3030 1526 3128 1567 cur
3163 1511 3255 1567 ille
3282 1512 3336 1567 in
3362 1511 3522 1582 aegris
3549 1527 3697 1583 aeger
3726 1513 3820 1582 sit,

2215 1604 2269 1659 in
2300 1603 2594 1660 infantibus
2617 1604 2868 1670 stolidus,
2898 1621 2962 1660 ac
2989 1604 3042 1659 in
3066 1603 3234 1660 delira
3265 1605 3511 1672 corporis
3538 1613 3826 1661 senectute

2216 1707 2272 1755 et
2292 1698 2407 1767 ipse
2435 1697 2629 1753 deliret
2651 1698 2894 1768 (Arnob.,
2920 1696 3009 1752 lib.
3038 1712 3133 1763 vn,
3160 1715 3278 1771 pag.
3308 1696 3424 1769 47).
3450 1696 3622 1753 Nemo
3641 1707 3825 1754 autem

2219 1790 2470 1845 dubitare
2499 1799 2674 1859 potest
2697 1790 2838 1846 hanc
2860 1790 3252 1862 ignorationem
3279 1801 3453 1846 ortam
3483 1805 3609 1846 esse
3637 1807 3703 1845 ex
3732 1805 3831 1845 va-

509 1896 793 1937 cureorum
823 1880 905 1936 bis
929 1882 1175 1936 versibus
1202 1881 1390 1936 retulit
1420 1899 1435 1936 :
2154 1873 2202 1937 Β
2229 1882 2324 1939 riis
2363 1883 2705 1953 opinionibus
2735 1883 2803 1938 de
2832 1883 3028 1937 anima:
3060 1893 3271 1946 natura.
3302 1890 3359 1938 et
3398 1883 3827 1951 immortalitate,

2226 1990 2360 2049 quas
2395 1985 2680 2033 recensent
2718 1975 2928 2042 Cicero,
2959 1976 3298 2044 Plutarchus,
3344 1975 3741 2042 Theodoretus,
3770 1985 3834 2032 et

2227 2068 2319 2125 alii
2369 2067 2585 2142 (Cicer.,
2634 2069 2721 2124 lib.
2770 2085 2787 2124 ι
2833 2069 3045 2124 Tuscul.
3091 2081 3296 2142 quiem,
3342 2089 3395 2141 p.
3442 2068 3544 2125 123
3576 2081 3623 2124 et
3653 2086 3833 2142 eeqq.;

2228 2161 2531 2228 Plutarch.,
2555 2162 2646 2218 lib.
2673 2179 2725 2217 tv
2744 2162 2808 2217 de
2831 2161 3022 2219 Placit.
3052 2163 3375 2235 ρΙιὶιωορΙι.⁷
3397 2179 3514 2235 cap.
3533 2162 3570 2217 2
3596 2174 3642 2217 et
3665 2178 3835 2234 ιαμ,

2230 2272 2284 2327 p.
2326 2254 2432 2312 898
2472 2265 2519 2311 et
2562 2273 2736 2326 seqq;
2780 2254 3067 2323 Theodor.,
3107 2273 3260 2311 term.
3286 2257 3351 2323 5,
3386 2258 3448 2311 de
3489 2255 3619 2310 Nat.
3662 2256 3838 2322 lum,

2232 2367 2286 2420 p.
2314 2348 2417 2405 536
2444 2359 2489 2404 ct
2512 2347 2699 2421 seqq).
2730 2348 2900 2405 Tanta
2930 2358 3131 2417 autem,
3162 2360 3220 2405 ut
3245 2350 3322 2405 ait
3341 2348 3587 2405 Justinus
3606 2358 3840 2422 martyr,

2234 2451 2319 2501 est
2354 2457 2545 2498 eorum
2593 2442 2884 2510 dissensio,
2932 2452 2991 2497 ut
3029 2444 3082 2498 in
3128 2442 3233 2497 hoc
3277 2457 3386 2497 uno
3424 2441 3737 2498 consentire
3764 2442 3848 2495 vi.

2235 2536 2485 2599 deantur.
2518 2535 2659 2606 quod
2688 2552 2745 2592 se
2767 2536 2916 2605 ipsos
2939 2536 3235 2608 decipiant,
3265 2536 3575 2607 errorisque
3599 2535 3845 2590 vicissim

2236 2639 2465 2700 arguant
2490 2644 2552 2684 ac
2581 2629 2929 2684 convincam.
2967 2627 3073 2686 Sed
3113 2629 3182 2685 de
3224 2629 3307 2683 his
3344 2643 3445 2684 nos
3478 2643 3664 2698 supra.
3695 2637 3753 2684 et
3790 2628 3849 2682 in

2239 2722 2590 2794 subsequenti
2616 2722 2995 2778 dissertatione
3024 2721 3265 2792 (lusum.
3293 2722 3492 2777 cohort.
3534 2722 3602 2776 ad
3646 2719 3845 2787 (ima,

2243 2834 2297 2887 p.
2324 2816 2355 2872 7
2378 2827 2426 2872 ct
2452 2817 2517 2881 8;
2548 2833 2693 2887 supr.
2721 2860 2736 2880 ,
2762 2834 2879 2887 cap.
2909 2816 2963 2881 7,
2995 2826 3095 2870 art.
3129 2816 3205 2886 l).
3240 2814 3409 2870 Porro
3428 2825 3606 2870 autem
3630 2812 3849 2879 Cicero,

2244 2911 2402 2968 sicuti
2441 2925 2631 2968 auctor
2676 2922 2861 2967 noster
2901 2912 2995 2978 ait,
3041 2919 3148 2965 tam
3188 2911 3435 2982 exiguam
3465 2925 3587 2966 esse
3614 2908 3854 2964 hominis

2245 3006 2546 3071 scientiam,
2592 3006 2885 3076 omniaque
2921 3005 3059 3061 adeo
3101 3006 3298 3061 crassis
3336 3006 3603 3063 occultata
3646 3016 3701 3059 et
3741 3006 3853 3060 cir-

538 3113 659 3168 nior
698 3113 911 3168 dabitur
956 3110 1199 3185 (Disserl.
1242 3113 1295 3165 in
1343 3110 1605 3177 Lactant.,
1640 3127 1754 3181 cap.
1802 3110 1893 3171 40.
1922 3121 2024 3166 art.
2057 3111 2139 3182 2).

2265 3096 2491 3153 :umfnsa
2515 3098 2749 3154 tenebris
2772 3098 3002 3163 fatetur;
3031 3110 3089 3151 ut
3113 3113 3232 3165 qum
3254 3098 3363 3152 sint
3381 3112 3609 3167 corpora
3638 3104 3853 3163 nostra,

613 3209 876 3265 Incertum
917 3207 1094 3262 adhuc
1137 3214 1326 3261 auctor
1367 3216 1550 3262 noster
1596 3221 1719 3262 esse
1759 3214 2094 3262 contestatur
2122 3222 2136 3261 :
2250 3194 2341 3265 qui
2370 3194 2508 3250 Silus
2535 3194 2785 3261 Pallium.
2814 3208 2880 3248 ac
2908 3207 3069 3263 quam
3102 3193 3209 3246 Vim
3242 3207 3578 3263 ιιηαψιεειιιιε
3603 3206 3731 3262 Pars
3762 3191 3859 3245 ha"

543 3323 564 3358 ι
595 3302 783 3360 Utrum
807 3316 967 3373 sapor
986 3300 1042 3356 in
1064 3300 1227 3355 rebus
1255 3301 1343 3367 sit,
1368 3316 1434 3354 an
1462 3299 1619 3367 palati
1645 3298 2078 3368 contagionibus,
2111 3318 2131 3350 ι

2265 3297 2385 3349 teat.
2418 3287 2722 3357 ignoremus
2753 3283 2938 3356 (Cicer.
2961 3327 2976 3348 .
3005 3284 3092 3339 lib.
3124 3300 3177 3341 tv
3205 3284 3368 3339 Acad.
3398 3295 3577 3357 quiest.
3605 3327 3620 3349 ,
3655 3303 3709 3355 p.
3737 3284 3857 3356 32).

539 3415 633 3454 seu
672 3398 829 3469 palati
876 3404 1129 3452 contactu
1161 3414 1180 3448 ι
1213 3396 1304 3449 fiat
1335 3413 1353 3446 ι
1389 3394 1631 3457 (Arnob,
1662 3394 1753 3451 lib.
1785 3410 1845 3459 tt,
1879 3410 1999 3466 pag.
2029 3391 2146 3466 46).
2325 3383 2691 3445 ᾹισῑυθΓδυίην
2717 3378 2945 3449 "illum:
2974 3378 3320 3450 Speculum“
3348 3377 3465 3434 hil’c
3497 3376 3736 3433 ΑΓποὺίί
3759 3392 3861 3432 "0“

543 3496 613 3552 Αι
647 3495 758 3548 Ιιεῃε
798 3492 1036 3548 ερρυηιιδ
1073 3490 1256 3560 opinio
1294 3489 1679 3560 Epicureorum
1714 3490 1831 3556 fuit,
1860 3505 1924 3545 ex
1955 3489 2150 3543 atomis
2253 3475 2353 3533 ειτί
2376 3474 2443 3529 de
2471 3475 2750 3528 hominum
2777 3473 3100 3543 ignorantia.
3125 3472 3463 3541 disputatio?
3490 3470 3563 3528 Ui.
3593 3470 3853 3526 nimirum

547 3588 751 3644 scilicet
777 3587 1041 3651 bevigatis
1062 3592 1116 3638 et
1138 3584 1384 3638 rotundis
1411 3583 1667 3651 palatum,
1691 3582 1817 3638 dum
1848 3590 2148 3649 transeunt,
2256 3568 2507 3624 omnibus
2525 3565 2862 3621 άθιηοηεινυι
2881 3564 3299 3621 Christianorum
3327 3566 3508 3629 ﬁdem.
3526 3578 3583 3620 θι
3605 3566 3711 3631 ίιῖεο
3729 3580 3853 3637 qui“

545 3682 782 3753 jucunde
825 3679 1225 3747 animantibus,
1255 3693 1504 3748 saporem
1546 3687 1756 3748 gramm
1796 3691 1860 3731 ac
1893 3691 2148 3743 suavem,
2257 3659 2504 3716 Christus
2531 3658 2808 3725 docuerat,
2847 3657 3106 3713 credendi
3155 3656 3468 3713 facilitatem
3515 3657 3584 3713 ab
3610 3659 3848 3714 ethnicis

551 3786 711 3844 atque
733 3790 797 3829 ex
824 3773 1051 3828 hamatis
1078 3783 1131 3829 et
1160 3771 1390 3836 aSperis,
1420 3787 1539 3840 quae
1569 3772 1800 3841 linguam
1830 3785 1893 3826 ac
1916 3772 2144 3840 palatum

2265 3753 2530 3809 immerito
2559 3766 2781 3822 prorsus
2826 3750 3061 3807 irrideri.
3096 3753 3173 3806 lix
3201 3753 3462 3807 hactenus
3486 3750 3629 3808 enim
3669 3752 3858 3822 dispu-

556 3867 778 3932 lmdnnt,
806 3868 1082 3933 insuavem
1108 3876 1163 3921 et
1186 3865 1533 3937 injucuudum
1566 3881 1812 3935 saporem
1844 3865 1996 3920 oriri.
2024 3865 2144 3933 Qua:

2265 3848 2384 3902 tatis
2414 3857 2560 3903 recte
2594 3844 2873 3901 concludit
2900 3859 3000 3900 nos
3044 3844 3177 3899 nihil
3200 3844 3334 3900 certi
3377 3844 3599 3899 omnino
3628 3853 3688 3898 et
3711 3859 3860 3899 cum-

557 3961 770 4032 quidem
824 3961 1119 4031 discipulus
1167 3960 1386 4031 Epicuri
1439 3958 1722 4018 Lucretius
1773 3959 1857 4013 bis
1913 3958 2144 4015 versibus

2265 3941 2403 4014 perii
2431 3941 2651 4007 habere,
2687 3941 2787 3997 nisi
2820 3940 2964 4011 quod
3003 3939 3071 3995 ab
3121 3939 3314 3996 eodem
3343 3938 3559 3995 Christo
3588 3938 3688 3995 Dei
3726 3938 3857 4006 lilio,

556 4056 868 4128 expressit:
2261 4044 2317 4091 et
2349 4037 2459 4090 Deo
2489 4036 2607 4104 ipso
2633 4033 2792 4089 nobis
2816 4032 3069 4089 traditum
3097 4043 3201 4088 cst.

2336 4127 2523 4198 Neque
2555 4140 2732 4183 tamen
2765 4128 2818 4181 in
2850 4128 3088 4181 animum
3119 4126 3360 4205 inducas
3415 4125 3716 4182 Arnobium
3760 4143 3859 4183 ne-

2265 4238 2422 4294 gaSse
2446 4221 2726 4277 scientiam
2751 4221 2819 4275 ab
2842 4219 3151 4275 hominibus
3167 4219 3372 4287 labore,
3390 4228 3449 4276 et
3471 4218 3862 4275 exercitatione

2266 4316 2568 4387 camparari
2596 4333 2612 4382 ;
2640 4313 2734 4371 sed
2764 4330 2884 4371 eam
2938 4315 3076 4368 adeo
3106 4314 3302 4370 exilem
3332 4329 3476 4376 esse,
3504 4329 3568 4369 ac
3595 4326 3816 4371 tenuem
3843 4332 3858 4379 ;

2268 4420 2328 4465 ut
2358 4410 2499 4465 nulla
2540 4409 2774 4465 ethnicis
2812 4407 2937 4465 inde
2980 4407 3246 4477 gloriandi
3303 4407 3473 4477 possit
3508 4421 3632 4463 esse
3676 4422 3859 4462 causa.

2267 4502 2406 4559 Nihil
2438 4517 2669 4572 namque
2701 4510 2809 4554 tam
2846 4506 3052 4555 certum
3088 4498 3538 4571 perSpicuumque
3576 4507 3685 4565 est,
3719 4498 3863 4570 quod

2270 4595 2346 4651 illi
2365 4594 2726 4650 contentionis
2753 4592 2953 4657 studio,
2971 4608 3035 4648 ac
3047 4591 3286 4647 dissidiis
3309 4592 3422 4646 suis
3436 4591 3658 4647 dubium
3690 4595 3865 4647 incer-

2193 4684 2493 4760 Dtutuqtte
2548 4701 2653 4742 non
2703 4685 2951 4743 fecerint.
2982 4684 3135 4755 Quod
3184 4684 3404 4757 quidem
3455 4683 3635 4741 adhuc
3669 4683 3867 4741 exarui.

2273 4782 2507 4840 nandum
2530 4791 2634 4838 est.

602 2018 728 2085 pica
751 2020 898 2085 igitur
919 2033 1086 2085 rerum
1112 2019 1611 2085 eﬁigies‘tenuesque
1635 2022 1817 2085 ﬁguras

606 2081 793 2130 Mittier
818 2083 881 2129 ab
905 2082 1058 2131 rebus
1081 2096 1269 2131 summo
1288 2082 1352 2130 de
1378 2081 1562 2133 cortice
1590 2081 1759 2135 earum
1781 2098 1795 2133 :

609 2144 890 2206 Quaequasi
917 2148 1197 2206 membrana
1226 2144 1302 2194 vel
1327 2152 1499 2195 cortex
1529 2145 1860 2196 nominitanda
1885 2152 1981 2205 est,

607 2205 748 2275 Quod
771 2205 990 2268 Speciem
1012 2219 1074 2275 ac
1091 2205 1291 2255 formam
1315 2208 1528 2275 similem
1553 2213 1686 2270 gerit
1710 2209 1817 2275 ejus
1846 2211 2025 2275 imago,

612 2267 973 2332 Qujttscumque
995 2268 1164 2318 deluet
1193 2284 1397 2331 corpore
1422 2270 1526 2321 fusa
1554 2267 1759 2331 iagari‘?

610 2330 666 2383 Id
692 2332 809 2382 licet
832 2330 945 2383 hinc
965 2335 1192 2398 quemvis
1217 2330 1384 2383 hebeti
1413 2346 1717 2395 cognoscere
1741 2336 1911 2387 corde.

1086 2418 1320 2483 (Lucret,
1343 2415 1426 2469 lib.
1454 2431 1518 2480 tv,
1540 2430 1662 2469 vers.
1689 2421 1752 2470 46
1775 2426 1822 2469 et
1842 2418 2001 2485 seqq.)

529 2547 700 2615 Quam
754 2547 967 2617 quidem
1026 2548 1239 2617 Epicuri
1290 2548 1614 2605 sententiam
1677 2548 1845 2602 fusius
1899 2547 2131 2619 probare

537 2643 849 2701 connititur.
885 2642 988 2697 Sed
1017 2659 1134 2697 eam
1164 2643 1463 2697 Macrobius
1495 2643 1714 2708 refellit,
1756 2653 1810 2697 et
1850 2644 2130 2700 Platonem

538 2740 780 2807 sequitur
820 2736 1112 2811 (Macrob,
1146 2738 1235 2792 lib.
1268 2752 1338 2791 vtt
1372 2737 1668 2802 Saturnal.,
1708 2753 1821 2805 cap.
1859 2737 1984 2807 M).
2029 2736 2135 2793 Ve-

535 2846 655 2888 rum
702 2832 770 2885 de
819 2831 964 2885 hisce
1010 2829 1239 2885 diversis
1290 2828 1736 2900 philosophorum
1791 2828 2136 2899 opinionibus

533 2939 652 2979 cum
686 2922 994 2978 Lactantius
1033 2923 1203 2977 fusius
1232 2921 1491 2991 disputet,
1523 2922 1642 2976 illas
1689 2921 1742 2976 in
1785 2923 2137 2994 subsequenti

534 3016 918 3076 dissertatione
954 3015 1259 3071 accuratius
1300 3015 1646 3070 examinandi
1691 3015 1843 3071 locus
1883 3028 2141 3086 Opportu-

651 4172 772 4223 Hzec
795 4174 874 4223 ubi
903 4172 1040 4222 laevia
1064 4177 1178 4223 sunt
1197 4173 1437 4221 manantis
1459 4184 1659 4232 corpora
1682 4172 1813 4220 succi
1832 4205 1848 4229 ,

655 4234 881 4285 Suaviter
906 4237 1169 4297 attingunt,
1197 4243 1248 4283 et
1271 4235 1490 4297 suaviter
1514 4235 1681 4297 omnia
1701 4238 1923 4282 tractant.

657 4298 867 4347 Humida
891 4294 1075 4359 lrngnai
1100 4296 1508 4359 circumsudantia
1534 4294 1734 4358 templa.

658 4360 725 4409 At
746 4370 911 4410 contra
938 4358 1159 4423 pungunt
1181 4372 1399 4416 sensum,
1424 4358 1741 4423 lacerantque
1764 4361 1950 4423 coorta,

660 4425 850 4486 Quanto
873 4419 1085 4486 quisque
1108 4423 1263 4485 magis
1286 4427 1398 4471 sunt
1421 4420 1691 4486 asperitate
1705 4419 1927 4486 repleta.

658 4482 853 4535 Deinde
879 4482 1102 4547 voluptas
1126 4482 1207 4535 est
1229 4499 1258 4534 e
1277 4497 1424 4533 succo
1449 4482 1495 4532 in
1522 4482 1617 4531 line
1644 4482 1807 4547 palati.

661 4548 779 4613 Qum
802 4562 922 4613 vero
944 4546 1176 4599 deorsum
1205 4562 1292 4613 per
1316 4549 1482 4597 fauces
1505 4546 1841 4609 praecipitavit,

658 4611 802 4663 Nulla
828 4611 1048 4677 voluptas
1072 4619 1166 4677 est.

1087 4673 1324 4740 (Lucret.,
1351 4671 1435 4724 lib.
1458 4687 1522 4736 tv,
1547 4684 1673 4723 vers.
1699 4669 1792 4722 626
1814 4674 1860 4720 et
1880 4670 2039 4736 seqq.)

566 4783 775 4841 Similia
820 4782 945 4838 alibi
992 4781 1200 4838 dixerat
1245 4780 1383 4853 (libr.
1428 4795 1486 4845 tt,
1536 4795 1667 4833 vers.
1712 4777 1836 4844 398,
1887 4784 1933 4829 et
1973 4775 2162 4846 seqq.).

570 4878 810 4932 Alcmaeo
836 4885 1039 4943 autem,
1069 4877 1142 4930 uti
1172 4883 1353 4929 narrat
1376 4873 1719 4939 Plutarchus,
1744 4876 1959 4941 putabat
1993 4869 2168 4924 humi-

573 4970 741 5027 ditate
785 4971 976 5041 linguae
1017 4979 1071 5024 et
1116 4979 1303 5038 tepore
1350 4966 1582 5023 discerni
1624 4980 1864 5035 sapores.
1900 4965 2164 5034 Diogenes

554 5050 709 5121 vero
740 5066 981 5129 raritate,
1020 5073 1074 5118 et
1105 5063 1328 5117 mollitie
1364 5062 1581 5131 linguae,
1615 5074 1678 5113 ac
1706 5073 1992 5115 nervorum
2034 5072 2164 5114 con-

577 5171 721 5216 tactu
750 5158 971 5215 dill'nndi
1001 5173 1221 5227 sopor-es
1241 5199 1256 5223 ,
1288 5167 1540 5224 tanquam
1582 5171 1610 5209 a
1637 5153 1859 5225 spongia
1888 5162 2166 5208 attracms.

578 5256 684 5311 Sed
713 5254 779 5308 de
809 5257 908 5307 hac
936 5253 1231 5323 quaestione
1258 5265 1284 5301 a
1314 5248 1469 5304 nobis
1501 5249 1551 5302 in
1582 5245 1929 5317 sobseqtteuti
1967 5245 2168 5301 disser-

580 5350 781 5402 tatione
807 5362 926 5399 cum
957 5344 1231 5399 Lactantio
1261 5326 1871 5414 agendum.(f’lularclr.,
1895 5340 1982 5393 lib.
2015 5355 2065 5394 tv
2110 5338 2172 5392 de

580 5440 773 5497 Placit.
835 5438 1150 5511 philosoph.,
1210 5454 1326 5510 cap.
1384 5436 1480 5504 18;
1538 5434 1752 5492 Disserl.
1802 5436 1856 5489 in
1910 5434 2168 5502 Lactant.,

581 5551 698 5605 cap.
734 5532 826 5598 40,
856 5544 952 5588 art.
989 5531 1066 5605 ὅ).

653 5627 771 5683 Non
812 5627 979 5698 magis
1018 5636 1194 5682 autem
1241 5626 1335 5682 ulli
1376 5624 1713 5697 exploratum
1744 5620 1966 5677 esse‘ait
1994 5621 2171 5674 Aruo-

584 5724 728 5787 bins,
758 5739 861 5793 qua
892 5723 959 5778 de
988 5738 1147 5778 causa
1179 5722 1267 5793 pili
1298 5721 1551 5792 paulatim
1577 5724 1885 5781 canescant,
1916 5723 1969 5769 et
1994 5713 2174 5769 oleum

586 5812 749 5866 nullis
787 5813 904 5866 aliis
945 5813 1238 5881 liquoribus
1283 5813 1586 5868 misceatur.
1638 5809 1712 5863 De
1758 5807 1970 5862 canitiei
2012 5821 2174 5863 causa

584 5901 714 5970 quid
756 5902 1061 5973 philosophi
1100 5906 1317 5976 quidam
1358 5904 1651 5974 senserint,
1678 5898 1810 5959 alibi
1838 5900 2176 5959 ostendimus

2917 4907 3212 4949 ARTICULUS
3249 4908 3308 4948 ll.

2273 5017 2426 5078 Quam
2451 5021 2592 5066 recte
2615 5013 2861 5078 Arnobius
2884 5010 3169 5078 probaverit
3196 5012 3431 5078 exiguam
3452 5020 3584 5078 esse
3620 5009 3869 5078 hominum

2336 5081 2589 5131 scientiam
2631 5090 2695 5127 ex
2736 5071 3144 5138 philos'opborum
3178 5071 3591 5138 dissentionibus,
3632 5078 3688 5138 et
3727 5074 3871 5138 variis

2335 5141 2645 5198 opinionibus
2679 5133 2940 5196 Thaletis,
2972 5133 3234 5198 Heracliti,
3279 5134 3565 5198 Pythagora:
3586 5168 3601 5191 ,
3644 5135 3869 5198 Archyta}

2384 5204 2593 5254 areutiui
2613 5238 2627 5255 .
2650 5201 2871 5262 Epicuri,
2900 5207 2952 5248 et
2975 5196 3241 5262 Πρέιισκτιιὶῄ
3262 5196 3336 5262 d3
3352 5196 3519 5262 primis
3529 5208 3713 5262 _rerut_n
3738 5196 3869 5259 priu-

2338 5256 3868 5377 3293:..5'5‘i3‘c‘303iﬁng‘i‘5pii'if‘iicg'éiﬁiﬁi’ii‘éiﬁié‘if

2338 5339 2401 5379 (te
2429 5339 2591 5377 mundi
2618 5339 2873 5381 lucetium;
2900 5339 3180 5379 Larneams,
3202 5339 3433 5369 arcesua:
3458 5339 3511 5370 et.
3545 5339 3866 5370 Αρωειιιιιοο-

2338 5404 2466 5452 rum,
2492 5390 2575 5454 qui
2603 5389 2723 5438 mhil
2740 5388 3032 5454 ‘sr-irigposse
3055 5383 3390 5454 atﬁrtuabant;
3413 5394 3471 5431 ac
3492 5385 3607 5454 quia
3644 5383 3766 5432 nihil
3787 5383 3866 5433 ad-

2338 5446 2774 5516 ltuc'compvrtum
2811 5446 3038 5505 habetur,
3075 5446 3413 5516 unde_veritas
3448 5447 3657 5516 priatur,
3678 5456 3866 5516 autem

2336 5516 2514 5566 salsum
2538 5506 2601 5563 sli.
2624 5527 2759 5564 mare
2774 5549 2788 5573 ,
2815 5526 2871 5561 ac
2893 5517 3056 5560 utrum
3081 5508 3155 5559 liae
3191 5507 3401 5571 aliaeque
3422 5506 3612 5559 similes
3642 5509 3866 5573 quaestio-

2339 5592 2432 5628 nes
2454 5576 2791 5640 relinquendte
2812 5577 2927 5625 sint.

2348 5712 2520 5779 Quam
2570 5724 2757 5779 parum
2803 5718 2974 5773 certa,
2999 5714 3280 5771 constans,
3314 5702 3630 5773 stabilisque
3675 5702 3748 5756 sit
3774 5702 3866 5759 ho—

2278 5807 2483 5864 minum
2534 5802 2776 5869 scientia,
2811 5801 2917 5856 alio
2945 5798 3218 5854 Arnobius
3239 5805 3582 5868 argumento,
3610 5810 3677 5851 ex
3712 5795 3864 5850 variis

2274 5895 2724 5974 philosophorum
2772 5909 2891 5968 una
2942 5890 3239 5960 eademque
3296 5887 3365 5945 de
3414 5901 3476 5945 re
3522 5886 3862 5956 opinionibus
