3978 6280
134 370 238 429 665

1374 371 1442 427 ΙΝ
1484 371 1859 441 ARNOBIUM,
1899 373 2052 432 CAP.
2096 372 2262 431 XXV.

3320 365 3426 425 666

133 499 187 547 et
212 488 497 547 discordiis
523 489 692 560 petito
711 487 1045 545 demonstrat
1074 489 1313 563 (Arnob.,
1347 491 1385 545 Ι.
1415 507 1470 557 ιι,
1497 510 1550 563 ρ.
1582 492 1698 559 48).
1733 492 1787 555 Α
1812 494 2051 565 ptibilem
2098 500 2467 550 asseruerunt.
2503 492 2676 558 Hunc,
2725 491 2770 547 si
2820 489 3007 557 lubet,
3058 489 3213 562 plura
3237 488 3419 547 disse-

137 582 270 639 Dtnn
302 582 446 637 enim
477 579 659 637 hostili
717 581 1011 651 pervicacia
1068 584 1208 638 inter
1256 599 1315 638 se
1346 585 1728 655 digladiantur,

145 675 271 731 dum
317 675 457 731 alter
479 675 703 730 alterius
739 674 957 731 decreta
998 690 1061 732 ac
1106 677 1297 746 placita
1352 676 1655 739 labefaclat,
1678 685 1734 732 et

146 767 411 832 destruit,
443 764 526 820 his
562 766 987 822 dissensionibus
1014 777 1203 822 cuncta
1232 766 1477 823 fecerunt
1505 752 1729 835 incerta,

146 872 198 917 et
229 861 358 914 nihil
392 876 451 917 se
477 873 627 916 certo
660 862 800 915 scire
829 860 1067 928 pOtuisse
1093 864 1248 931 plane
1273 872 1726 917 commonstrant.

152 957 450 1014 Enimvero
483 956 769 1027 unicuique
803 969 1114 1027 argumenta
1138 973 1248 1011 non
1289 957 1505 1022 desunt,
1537 956 1737 1026 quibus

142 1051 468 1105 Sententiam
500 1065 650 1104 suam
678 1060 886 1105 asserat
934 1066 996 1104 ac
1046 1058 1259 1105 tueatur
1288 1049 1474 1122 (lbid.,
1504 1067 1558 1119 p.
1588 1048 1658 1103 82
1688 1059 1735 1103 et

144 1147 336 1215 seqq).
369 1145 441 1197 Ea
473 1153 652 1197 autem
683 1143 805 1213 quia
841 1142 1213 1214 probabilitate
1246 1159 1339 1197 sua
1391 1158 1495 1196 non
1524 1149 1732 1205 cat-cut,

146 1234 271 1290 inde
298 1234 551 1297 efﬁcitur,
582 1246 641 1289 ut
672 1250 858 1289 verum
885 1254 912 1287 ει
946 1234 1081 1290 falso
1106 1235 1341 1291 discerni
1373 1244 1624 1305 nequeat,
1652 1242 1737 1288 at-

142 1344 249 1400 que
275 1329 482 1384 idcirco
512 1330 616 1385 illis
643 1329 893 1402 ambigua
915 1340 969 1386 et
994 1331 1223 1386 obscura
1254 1332 1364 1386 sint
1389 1331 1587 1384 omnia.

221 1424 464 1480 Primum
496 1425 673 1495 itaque
721 1435 912 1480 aut-tor
955 1435 1137 1481 noster
1165 1427 1236 1480 ob
1279 1426 1518 1479 omnium
1550 1424 1737 1479 oculos

139 1517 298 1589 partit
323 1517 561 1573 diversas
586 1518 1031 1591 philosophorum
1056 1519 1124 1574 de
1154 1520 1338 1588 primis
1383 1534 1561 1573 rerum
1593 1517 1737 1588 prin-

137 1610 299 1681 cipiis
340 1611 620 1681 opiniones
667 1611 855 1686 (lbid.,
909 1631 963 1684 p.
993 1614 1109 1686 48).
1132 1612 1179 1667 Α
1206 1611 1432 1667 Thalete
1480 1622 1536 1667 et
1565 1612 1737 1667 liera-

139 1704 272 1760 clito
304 1703 533 1769 orditur,
577 1705 666 1773 qui
700 1709 926 1775 primam
959 1720 1137 1761 rerum
1184 1706 1449 1776 originem
1475 1706 1651 1776 ignem
1684 1713 1740 1760 et

138 1812 362 1868 aquam,
393 1797 848 1868 quemadmodum
879 1798 1215 1871 Pythagoras
1242 1814 1517 1864 numeros,
1545 1799 1738 1853 consti-

1837 601 2043 646 rentem
2099 589 2344 657 consule,
2395 598 2449 645 et
2508 588 2788 658 ipsiusmet
2830 584 3070 640 Platonis
3123 584 3310 644 libros.
3339 584 3430 647 ubi

1836 684 1975 739 hanc
2002 686 2326 739 sententiam
2355 698 2693 755 propugnare
2715 694 2944 737 conatus
2960 693 3039 736 est
3061 678 3427 755 (Plat..Tim.,

1840 789 1879 834 t.
1914 796 1950 846 ι,
1983 797 2035 848 ρ.
2065 780 2134 835 59
2160 795 2173 841 ;
2198 791 2242 832 et
2266 777 2506 846 Plta’dr.,
2537 796 2589 848 p.
2630 777 2759 843 244,
2788 792 2849 830 ac
2880 787 3003 830 tom.
3036 791 3117 841 ιιι,
3144 773 3426 843 Phanium,

1838 893 1889 946 p.
1923 876 1992 930 99
2020 886 2065 929 et
2098 874 2247 945 106).

1910 969 2047 1035 Quid
2079 969 2275 1038 plura?
2305 967 2635 1033 Carneades,
2663 977 2719 1022 et
2762 965 3055 1031 Arcesilas,
3088 980 3181 1022 seu
3209 964 3396 1021 Arcesi

1839 1063 1979 1127 laus,
2022 1073 2077 1118 et
2107 1062 2408 1117 Academia:
2450 1062 2701 1117 secundae
2732 1077 2793 1115 ac
2828 1062 2999 1115 tertia:
3049 1061 3305 1122 cultores,
3335 1074 3433 1115 au-

1840 1156 2029 1210 dacter
2052 1155 2395 1210 afﬁrmabant
2424 1157 2604 1209 omnia
2639 1154 2838 1209 involvi
2864 1154 3214 1209 obscuritatis
3247 1153 3426 1208 maxi-

1842 1266 1941 1303 ma:
1969 1252 2190 1304 iatehris
2214 1292 2229 1315 ,
2261 1261 2315 1304 et
2345 1249 2477 1304 nihil
2503 1265 2661 1321 posse
2688 1248 3099 1318 comprehendi.
3131 1246 3433 1318 Utrumque

1841 1359 2004 1415 porro
2043 1344 2379 1399 Carneadem
2431 1355 2482 1399 et
2525 1343 2823 1399 Arcesilam
2856 1341 3057 1397 schola:
3109 1340 3439 1396 academica}

1840 1449 2159 1506 sectatores,
2212 1449 2265 1494 et
2313 1439 2471 1509 hujus
2520 1439 2791 1508 opinionis
2846 1437 3164 1494 defensores
3213 1436 3433 1491 l’nissea

1841 1531 1995 1586 nobis
2038 1532 2089 1586 in
2137 1533 2404 1602 superiori
2452 1533 2755 1601 Apparatus
2801 1531 2968 1586 nostri
3019 1542 3164 1584 tomo
3206 1530 3435 1586 demon-

1840 1633 2067 1681 stratum
2098 1636 2181 1681 est
2204 1626 2394 1698 (lbid.,
2416 1645 2467 1698 p.
2489 1627 2623 1681 1151
2655 1636 2698 1679 et
2721 1624 2906 1698 seqq.).
2938 1624 3098 1680 Plura
3118 1623 3186 1679 de
3205 1633 3432 1694 utroque

1842 1719 1896 1775 in
1926 1723 2041 1774 suis
2070 1723 2502 1777 academicarum
2527 1723 2886 1791 qumstionum
2921 1719 3073 1774 libris
3101 1716 3312 1782 Cicero,
3342 1716 3434 1773 ubi

1842 1813 2037 1868 scribit
2066 1813 2396 1869 Carneadem
2424 1825 2654 1883 quatuor
2672 1812 3047 1881 composuisse
3068 1809 3136 1865 de
3163 1809 3436 1864 sustinen-

141 1896 390 1950 tucbant.
417 1895 523 1951 Sed
555 1896 623 1951 de
654 1897 736 1951 his
761 1897 872 1967 jam
901 1897 1299 1968 disputavimus
1321 1902 1381 1970 (t.
1410 1914 1428 1951 ι
1459 1898 1737 1968 Αιιριιναιη
1769 1896 1819 1958 Β
1845 1906 1929 1962 dis
1969 1907 2376 1962 assensionibus
2424 1906 2661 1971 liberos,
2718 1904 2958 1973 nihilque
3014 1901 3184 1958 fuisse
3212 1900 3353 1972 qttod
3384 1899 3436 1955 ei

136 2006 190 2060 ρ.
213 1988 321 2044 454
343 1999 389 2043 et
402 2006 561 2060 seqq"
581 2006 642 2043 ac
657 1989 873 2045 Dissert.
889 2007 1087 2058 supera.
1111 1992 1222 2045 inc.
1244 1991 1297 2054 Δ,
1314 2002 1413 2045 art.
1436 1990 1511 2061 l).
1538 1990 1736 2048 Ultimo

134 2091 317 2137 autem
343 2082 468 2138 huic
498 2082 817 2154 philosopho
836 2082 1107 2139 Arnobius
1128 2083 1444 2154 Archytam,
1466 2083 1609 2138 haud
1632 2084 1733 2153 du-

134 2173 224 2230 bie
251 2174 626 2239 Tarentinum,
661 2187 808 2232 recte
834 2175 1139 2247 conjunxit.
1168 2176 1300 2231 Nam
1329 2189 1387 2231 ut
1418 2194 1483 2232 ex
1517 2178 1737 2233 Laertio

136 2265 401 2323 discimus
426 2285 438 2321 :
467 2267 854 2340 Pythagoricus
885 2278 939 2324 et
963 2267 1078 2339 ipse
1112 2266 1247 2323 fuit:
1276 2271 1619 2345 Πυθαγὸρικος
1650 2275 1736 2327 καὶ

137 2361 319 2423 ἀυτός.
351 2360 533 2416 Alium
563 2370 754 2417 testem
797 2362 842 2416 si
894 2361 1159 2432 postules,
1205 2362 1360 2417 adest
1399 2363 1612 2427 Cicero,
1646 2363 1738 2433 qui

135 2450 255 2508 haec
283 2451 355 2508 de
389 2452 481 2509 illo
511 2465 773 2510 memorat
800 2471 814 2508 :
849 2472 867 2506 ι
908 2454 1189 2510 Platonem
1225 2454 1427 2523 ferunt,
1454 2468 1512 2510 ut
1543 2456 1739 2529 Pytha-

132 2564 334 2622 goreos
359 2560 737 2623 cognosceret,
768 2550 821 2605 in
870 2548 1074 2606 Italiam
1101 2551 1336 2614 venisse,
1360 2559 1415 2605 et
1443 2552 1494 2605 in
1524 2566 1586 2604 ea
1615 2566 1740 2606 cum

133 2645 273 2701 alios
314 2646 541 2710 multos,
582 2658 692 2702 tum
750 2649 1083 2719 Archytam,
1134 2645 1505 2717 Timteumque
1537 2661 1739 2715 cogno-

133 2743 305 2806 viSse,
332 2749 387 2795 et
414 2740 667 2796 didicisse
697 2741 1033 2812 Pythagorea
1064 2742 1243 2793 omnia
1277 2758 1295 2790 ι
1329 2738 1571 2810 (Arnob.,
1607 2738 1644 2792 ι.
1678 2756 1734 2808 ιι,

136 2853 191 2906 ν.
241 2835 355 2902 48;
399 2833 602 2900 Laert.,
634 2836 672 2890 ι.
706 2853 759 2891 ιιι
785 2836 848 2890 de
887 2833 991 2889 Vit.
1024 2844 1071 2889 et
1100 2831 1277 2904 dogm.
1319 2833 1533 2901 philos.,
1570 2831 1692 2905 §79
1723 2849 1739 2900 ;

136 2931 335 2999 (ἔξιθι,
368 2930 587 2987 Tuscul.
623 2949 659 2997 ι,
689 2950 742 3004 p.
776 2930 923 3005 12l).

207 3024 350 3081 Tum
371 3025 570 3081 deinde
603 3026 873 3081 Arnobius
899 3026 975 3081 ait
999 3026 1315 3094 Epicurum,
1344 3022 1739 3090 Democritum,

138 3128 194 3176 et
241 3118 634 3186 Metrodorum,
667 3134 898 3191 quorum
943 3120 1270 3176 sententiam
1295 3160 1310 3183 ,
1362 3118 1528 3172 tacito
1552 3132 1743 3172 eorum

140 3213 392 3280 nomine,
415 3215 567 3284 prius
595 3213 878 3278 retulerat,
910 3213 1148 3268 sensisse
1178 3211 1405 3281 primam
1436 3224 1616 3265 rerum
1638 3207 1746 3263 ori-

1845 2002 2167 2074 probaretur
2215 1998 2430 2073 (Cium,
2481 2001 2520 2054 ι.
2568 2016 2618 2053 tv
2648 1998 2889 2052 Acadeut.
2924 2006 3128 2066 quwsn,
3188 2012 3241 2063 ρ.
3281 1991 3352 2048 29
3391 2000 3438 2046 et

1844 2095 1959 2169 57).
1993 2094 2264 2150 Arcesilas
2295 2108 2444 2160 vero,
2478 2092 2554 2147 nti
2601 2092 2692 2146 ille
2738 2090 2915 2145 adhuc
2954 2097 3176 2145 narrat:
3214 2106 3233 2139 ι
3268 2086 3439 2156 Nega-

1844 2188 1936 2243 bat
1957 2203 2077 2243 esse
2107 2188 2396 2258 quidquam
2427 2186 2573 2257 quod
2621 2186 2749 2241 sciri
2782 2194 2983 2252 posset,
3024 2198 3093 2239 ne
3140 2180 3274 2236 illud
3313 2180 3435 2251 qui-

1843 2280 1967 2336 dem
2022 2282 2219 2349 ipsum,
2247 2282 2390 2352 quod
2423 2281 2678 2337 Socrates
2705 2279 2805 2335 sibi
2834 2278 3161 2348 reliquisset.
3195 2275 3284 2332 Sic
3321 2288 3439 2330 om-

1845 2382 1933 2436 nia
1980 2381 2149 2436 latere
2193 2379 2459 2435 ceusebant
2489 2379 2566 2451 (id
2596 2390 2679 2434 est
2708 2378 3037 2445 acadentici,
3084 2376 3217 2433 alios
3258 2386 3438 2432 tamen

1846 2476 2097 2542 censebat,
2133 2484 2257 2544 puta
2282 2473 2576 2542 Arcesilas)
2593 2473 2647 2528 in
2674 2472 2910 2535 occulto,
2930 2486 3104 2542 neque
3130 2486 3252 2528 esse
3280 2470 3440 2542 quid-

1846 2570 2192 2642 quam,quod
2218 2570 2368 2624 cerni
2391 2578 2484 2623 aut
2511 2568 2737 2638 intelligi
2768 2566 2974 2637 possit:
3008 2565 3201 2635 quibus
3228 2565 3297 2621 de
3316 2580 3442 2620 cau-

1847 2663 1923 2718 sis
1951 2662 2087 2718 nihil
2117 2672 2370 2731 oportere
2423 2677 2598 2733 neque
2631 2660 2874 2732 proﬁteri
2895 2700 2908 2722 ,
2964 2675 3139 2730 neque
3168 2658 3442 2714 afﬁrmare

1848 2772 2175 2828 quemquam
2198 2797 2213 2821 ,
2247 2771 2423 2827 neque
2449 2756 2752 2811 assertione
2797 2754 3049 2826 probare,
3080 2753 3443 2824 cohibereque

1850 2864 2085 2920 semper,
2122 2857 2177 2904 et
2231 2850 2300 2903 ab
2350 2849 2497 2903 omni
2554 2848 2705 2919 lapsu
2745 2846 3027 2903 Continere
3059 2848 3440 2915 temeritatem,

1849 2960 1971 3016 quae
2002 2955 2111 2998 tum
2144 2952 2289 2998 esset
2318 2943 2564 3014 insignis,
2599 2959 2719 2997 cum
2751 2954 2843 2997 aut
2877 2942 3006 2997 falsa
3037 2954 3129 2997 aut
3174 2944 3444 3015 incognita

1850 3054 1939 3094 res
1967 3037 2391 3109 approbaretur;
2424 3053 2600 3109 neque
2622 3035 2724 3091 hoc
2749 3036 3039 3108 quidquam
3064 3051 3185 3093 esse
3215 3038 3443 3107 turpius,

1852 3150 2010 3203 quam
2042 3134 2339 3203 cognitioni
2385 3143 2440 3189 et
2467 3136 2799 3206 perceptioni
2856 3132 3210 3190 assertionem
3252 3148 3448 3204 appro-

1853 3228 2126 3298 batiouem
2158 3243 2510 3298 praecurrere.
2546 3248 2565 3280 ›
2620 3228 2788 3283 Porro
2844 3239 3027 3283 autem
3066 3224 3363 3282 Caruendis
3393 3233 3448 3280 et

138 3309 326 3380 ginem
356 3322 480 3365 BSsO
530 3317 762 3373 atomos,
796 3321 891 3364 seu
942 3308 1219 3362 individua
1270 3320 1521 3376 corpora,
1552 3304 1746 3374 quibus

1854 3296 2114 3378 Arcesilae
2151 3293 2313 3377 vitam
2365 3321 2651 3392 descripsit
2689 3322 2937 3377 Laertius
2963 3320 3186 3394 (Laert.,
3228 3322 3266 3375 ι.
3299 3334 3351 3373 ιν
3385 3319 3447 3373 de

140 3402 467 3459 fabricatum
524 3403 690 3458 fuisse
739 3400 997 3457 mundum
1038 3402 1443 3457 somniaveram
1484 3398 1742 3472 (Arnob.,

141 3500 177 3555 t.
216 3514 291 3564 tt,
324 3515 380 3570 p.
412 3497 485 3554 48
506 3539 519 3562 ,
552 3508 599 3552 et
630 3499 669 3552 ι.
715 3514 751 3565 ι,
786 3514 839 3568 ρ.
871 3498 982 3569 18).
1016 3498 1085 3551 At
1109 3496 1178 3552 de
1209 3496 1293 3551 his
1320 3508 1535 3567 quoque
1576 3493 1747 3548 disse-

141 3598 392 3660 ruimus;
423 3592 565 3648 sicut
589 3600 644 3648 et
672 3591 742 3647 de
777 3591 1105 3655 Aristotele,
1133 3606 1290 3662 quem
1337 3597 1526 3644 auctor
1563 3594 1750 3643 noster

141 3690 284 3747 dixit
314 3686 703 3758 principalibus
727 3686 908 3741 causis
932 3685 1178 3757 quintum
1207 3683 1481 3739 addidisse
1510 3683 1749 3738 elemen-

145 3792 262 3839 tum
294 3781 358 3853 (ι.
389 3796 407 3836 ι
435 3781 712 3852 Apparat.,
744 3796 797 3849 ρ.
825 3777 955 3843 455,
987 3777 1097 3833 456
1120 3786 1166 3830 et
1193 3775 1344 3845 770).

223 3878 333 3935 Alii
363 3890 495 3933 vero
515 3875 847 3947 philosophi,
879 3874 1072 3944 inquit,
1107 3871 1309 3942 opinati
1330 3879 1458 3925 sunt
1484 3869 1747 3924 mundum

147 3964 331 4042 ncque
391 3978 600 4036 natum,
631 3984 807 4041 neque
862 3967 1182 4038 periturum,
1226 3975 1387 4036 atque
1440 3964 1575 4019 adeo
1626 3978 1749 4019 esse

147 4076 420 4123 aeternum
453 4081 467 4117 :
504 4061 598 4118 alii
641 4078 675 4118 e
718 4059 989 4117 contrario
1037 4058 1300 4130 genitum.
1332 4066 1387 4112 et
1411 4057 1750 4126 periturum;

148 4153 245 4207 alii
271 4167 340 4206 ex
362 4157 616 4221 quatuor,
643 4148 734 4202 alii
766 4163 828 4203 ex
868 4144 1211 4217 paucioribus
1236 4144 1433 4198 factum
1465 4142 1754 4196 elementis

149 4244 397 4320 (Arnob.,
443 4244 477 4299 ι.
507 4258 566 4305 ιι.
598 4261 652 4313 p.
674 4240 793 4312 82).
817 4239 927 4295 Nos
954 4247 1133 4293 autem
1162 4237 1231 4292 de
1258 4235 1341 4291 his
1369 4236 1602 4290 diversis
1628 4235 1751 4304 phi-

150 4339 509 4410 losophorum
534 4334 771 4405 placitis,
800 4342 962 4403 atque
984 4344 1172 4385 eorum
1218 4329 1462 4399 patronis
1485 4336 1541 4383 et
1568 4336 1756 4383 aucto-

150 4432 326 4498 ribus,
370 4445 494 4486 cum
524 4428 660 4484 locis
688 4425 900 4488 citatis.
930 4434 1042 4480 tum
1095 4423 1221 4479 alibi
1265 4423 1472 4494 egimus
1519 4420 1580 4494 (t.
1610 4421 1757 4492 1A):-

152 4535 351 4598 parat.,
378 4523 479 4578 loc.
510 4521 620 4587 cit.,
650 4537 704 4590 p.
738 4518 929 4589 1117).

227 4616 314 4673 Ad
371 4615 490 4670 haec
533 4624 714 4670 autem
767 4611 1072 4674 Panaetius,
1120 4607 1477 4682 Chrysippus,
1510 4618 1565 4665 et
1608 4608 1756 4664 Zeno

156 4709 423 4767 mundum
454 4705 743 4777 aliquando
787 4718 1059 4769 arsurum,
1108 4703 1184 4756 ait
1211 4702 1517 4769 Arnobius,
1542 4718 1757 4759 asseve-
1782 4694 1838 4757 D

157 4814 374 4864 rarunt.
407 4802 712 4859 Stoicorum
765 4809 942 4855 autem
993 4806 1217 4860 sectam,
1248 4796 1402 4865 cujus
1449 4807 1637 4850 auctor
1660 4794 1761 4851 fuit

163 4901 339 4965 Zeno,
381 4897 458 4953 illi
484 4895 868 4967 sequebantur.
899 4890 1052 4961 Quod
1074 4890 1294 4961 quidem
1318 4899 1374 4944 et
1397 4872 1758 4955 ostendimus,

157 5004 218 5052 et
258 5003 521 5050 assertam
568 4990 637 5045 ab
665 4988 746 5045 eis
788 4987 953 5043 fuisse
996 4984 1065 5039 dc
1110 4982 1294 5038 mundi
1340 4980 1761 5052 conﬂagratione

161 5090 479 5161 opinionem
523 5086 633 5157 jam
681 5079 1160 5138 animadvertimus
1209 5078 1374 5148 (tam.
1419 5092 1437 5131 ι
1479 5076 1760 5147 Apparat.,

160 5202 218 5257 ρ.
251 5182 589 5250 1125,1145
617 5190 672 5236 et
703 5176 885 5249 tm).

236 5282 509 5337 Praeterea
585 5277 735 5332 Plato
763 5319 779 5341 ,
826 5275 966 5330 sicut
1019 5280 1208 5329 auctor
1261 5278 1448 5326 uoster
1500 5269 1757 5340 loquitur,

170 5396 191 5429 ι
223 5375 459 5431 animam
491 5369 703 5437 dividit,
736 5377 792 5424 et
822 5367 1186 5437 iueorporales
1215 5364 1493 5420 constituit
1525 5362 1755 5418 formas»

164 5468 411 5541 (Arnob..
461 5468 500 5521 ι.
553 5481 611 5532 ιι,
667 5482 722 5534 p.
767 5460 882 5532 48).
915 5460 1068 5521 Nam,
1093 5468 1150 5513 ut
1202 5458 1336 5513 scite
1382 5456 1766 5515 animadvertit

167 5564 547 5622 Theodoretus
580 5578 593 5614 :
621 5560 825 5616 Πλάτων
869 5560 949 5611 καὶ
995 5555 1304 5629 Πυθαγόρας,
1337 5555 1394 5610 τὸ
1436 5559 1525 5627 μὲν
1575 5555 1763 5626 λογικὸν

166 5663 327 5720 αὐτῆς
356 5655 608 5733 ἄφθαρτον
652 5649 795 5715 εἶναι,
836 5652 1044 5727 φθαρτόν
1074 5648 1128 5705 δὲ
1153 5651 1210 5705 τὸ
1240 5646 1418 5723 ἄλογον
1459 5648 1761 5718 (ΤΙιεοάον.,

168 5768 326 5807 mm.
368 5751 424 5812 5,
447 5748 512 5803 de
559 5745 686 5801 Nat.
736 5747 901 5809 Itont.,
930 5755 1054 5798 tom.
1086 5758 1162 5809 tv,
1189 5760 1310 5813 pag.
1346 5743 1501 5809 546).
1529 5742 1684 5798 Plato
1711 5752 1771 5796 et.

171 5846 510 5918 Pythagoras
554 5840 876 5898 rationalem
929 5838 1147 5909 quidem
1195 5837 1390 5892 anima:
1445 5846 1651 5907 partem
1684 5838 1770 5892 in-

174 5937 586 6011 corruptibilem
618 5949 761 6005 esse,
791 5947 913 6006 qua:
942 5940 1121 5992 autem
1151 5929 1360 5987 ratione
1384 5939 1553 5997 caret,
1579 5944 1768 5986 corru-

1860 3413 1966 3471 Vit.
1988 3427 2034 3470 et
2058 3416 2231 3487 dogm.
2257 3416 2543 3488 philosop.,
2574 3416 2602 3488 §
2631 3416 2701 3471 28
2730 3424 2773 3470 et
2794 3432 2955 3486 seqq.,
2974 3425 3018 3469 et
3044 3413 3071 3486 §
3095 3413 3164 3469 62
3190 3422 3235 3468 et
3259 3412 3444 3485 καφ).

1929 3510 2173 3582 Denique
2227 3527 2333 3566 non
2382 3510 2557 3581 major
2586 3521 2702 3565 erat
2731 3510 3072 3566 ethnicorum
3106 3508 3174 3564 de
3202 3508 3450 3578 ipsismet

1852 3603 1959 3659 diis
1988 3605 2103 3658 suis
2135 3618 2454 3658 consensus.
2489 3603 2665 3673 Aliqui
2707 3602 2875 3667 enim,
2929 3600 3100 3672 inquit
3157 3599 3447 3667 Arnobius,

1853 3712 1950 3754 eos
1975 3698 2239 3752 exsistere
2273 3697 2561 3765 negabant,
2596 3696 2684 3751 alii
2731 3694 3091 3760 dubitabant,
3122 3694 3208 3749 alii
3244 3708 3452 3749 assere-

1842 3788 2009 3855 bant,
2041 3789 2128 3844 alii
2162 3788 2398 3843 humana
2428 3789 2496 3842 ab
2546 3788 2613 3843 iis
2666 3787 3027 3842 administrari
3060 3786 3332 3850 dicebant,
3363 3785 3453 3840 alii

1854 3885 2251 3942 inﬁciabantur.
2295 3887 2362 3938 At
2392 3884 2460 3938 de
2503 3883 2666 3937 variis
2700 3882 2847 3939 hisce
2874 3881 3242 3951 opinionibus,
3271 3890 3326 3935 et
3355 3894 3449 3936 su-

1857 3994 1950 4049 pra
1977 4021 1991 4045 ,
2046 3986 2206 4047 atque
2251 3977 2411 4033 etiam
2464 3978 2516 4031 in
2549 3977 2725 4047 primo
2752 3977 2923 4033 nostri
2972 3976 3278 4046 Apparatus
3305 3983 3454 4030 tomo

1856 4076 2211 4132 disseruimus
2263 4075 2505 4143 (Aruob.,
2537 4076 2575 4130 Ι.
2610 4091 2668 4141 ιι,
2697 4092 2749 4144 p.
2785 4074 2889 4139 82;
2915 4090 3087 4145 παρη,
3114 4090 3160 4127 c.
3180 4072 3235 4139 9,
3265 4083 3364 4126 art.
3398 4073 3452 4138 1;

1857 4181 1980 4227 ιοηι.
2008 4188 2024 4227 ι
2047 4172 2316 4243 Apparet,
2343 4172 2379 4225 ι.
2407 4185 2488 4238 ιιι,
2512 4170 2714 4225 dissert.
2740 4170 2793 4237 1,
2813 4185 2858 4223 c.
2877 4166 2914 4223 2
2940 4177 2986 4223 et
3007 4183 3169 4238 seqq.,
3197 4184 3249 4237 p.
3275 4163 3375 4220 781
3402 4174 3459 4220 et

1857 4266 2047 4339 seqq).

1932 4364 2127 4420 Multas
2157 4364 2292 4418 alias
2318 4360 2648 4433 quaestiones
2673 4365 2957 4413 enumerat
2992 4353 3279 4415 Arnobius,
3302 4351 3456 4408 verbi

1858 4461 2051 4532 gratia,
2084 4459 2227 4515 unde
2253 4469 2449 4513 ventus
2493 4454 2718 4516 oriatur,
2744 4461 2799 4504 et
2827 4465 2923 4503 cur
2955 4446 3157 4502 salsum
3185 4446 3256 4499 sit
3284 4460 3453 4511 mare,

1860 4571 1981 4628 qua:
2012 4555 2079 4609 ab
2106 4552 2419 4607 hominibus
2462 4547 2598 4602 solvi
2630 4542 3002 4611 explicarique
3031 4544 3325 4607 nequeunt.
3363 4538 3457 4591 At-

1861 4668 1965 4723 que
2007 4666 2072 4706 ex
2104 4649 2188 4703 his
2217 4658 2271 4703 et
2310 4643 2519 4699 caeteris
2549 4639 2823 4703 omnibus,
2856 4652 2977 4707 qua:
3005 4632 3207 4688 ethnici
3239 4633 3455 4704 ignora-

1863 4746 2015 4811 bant,
2039 4742 2314 4799 concludit
2335 4740 2402 4793 al)
2424 4738 2489 4792 iis
2512 4733 2849 4805 iniquissime
2870 4727 3249 4786 verecundiam
3271 4727 3457 4782 vexari

1865 4842 2310 4905 christianorum,
2341 4837 2429 4906 qui
2477 4850 2540 4890 ea
2586 4847 2800 4903 quoque
2828 4847 2888 4886 se
2917 4830 3151 4895 nescire,
3180 4843 3283 4884 nec
3310 4827 3459 4883 iuve-

1866 4941 2068 5009 stigare
2098 4935 2242 4990 velle
2271 4932 2413 4986 ttltro
2466 4929 2772 4983 fatebantur
2801 4925 3043 4996 (Arnob.,
3070 4923 3110 4977 ι.
3140 4939 3199 4989 ιι,
3235 4940 3286 4992 p.
3317 4920 3387 4977 85
3412 4928 3459 4975 et

1866 5029 2055 5105 seqq).
2079 5028 2328 5083 Christus
2356 5024 2500 5079 enim
2527 5036 2689 5077 verus
2720 5020 2814 5075 Dei
2844 5017 2988 5074 ﬁlius
3012 5016 3172 5087 jussit
3200 5017 3361 5070 hasce
3388 5014 3458 5067 li-

1866 5128 2110 5195 tigiosas,
2161 5131 2322 5190 atque
2375 5118 2736 5171 infructuosas
2766 5112 3094 5182 quaestiones
3137 5119 3191 5163 et
3220 5108 3461 5177 disputa-

1869 5219 2046 5274 tiones
2080 5230 2106 5267 a
2132 5211 2414 5283 discipulis
2463 5210 2575 5264 suis
2624 5207 2857 5276 relinqui
2895 5213 2992 5271 ;nt
3017 5203 3081 5257 ad
3112 5216 3295 5257 rerum
3337 5216 3457 5254 om-

1869 5312 2016 5367 nium
2038 5308 2343 5371 Dominum,
2368 5315 2479 5360 tota
2504 5313 2704 5368 mente,
2730 5300 2905 5371 quoad
2936 5298 3050 5352 ﬁeri
3081 5307 3272 5367 patest,
3302 5284 3481 5348 attol-'

1872 5405 2073 5460 lantur.
2110 5402 2266 5472 eique
2323 5400 2653 5455 adhaereant.
2687 5395 2783 5449 Ille
2814 5393 3089 5449 enimvero
3119 5391 3233 5458 ipse
3259 5397 3363 5455 est,
3392 5388 3461 5444 de

1872 5517 1980 5573 quo
2007 5499 2187 5554 nullus
2229 5498 2331 5552 nisi
2359 5509 2569 5556 amens,
2604 5500 2694 5545 aut
2722 5490 2880 5560 plane
2905 5486 3149 5557 stupidus
3176 5485 3337 5539 homo
3362 5483 3462 5540 du-

1869 5596 2044 5651 bitare
2072 5600 2253 5664 queat.
2298 5590 2365 5644 At
2406 5589 2556 5642 illum
2589 5584 2764 5637 solum
2810 5582 2949 5638 scire
2997 5579 3216 5647 sufﬁcit,
3249 5587 3305 5635 et
3342 5577 3461 5651 ejus

1872 5690 2111 5763 cognitio
2140 5684 2365 5742 scientia
2396 5694 2477 5738 est
2505 5677 2757 5735 maxima.
