4000 6276
224 395 334 459 669

1410 406 1477 461 1N
1516 394 1893 476 ARNOBIUM,
1934 403 2086 460 CAP.
2131 402 2323 459 xxvr.

3401 399 3505 455 670

227 521 430 578 teriore
449 522 518 580 ab
537 524 670 581 orbe
694 525 1029 590 Zoroastres,
1054 521 1344 593 Hernrippo
1372 532 1431 577 ut
1456 522 1813 578 assentiamur
1840 524 1893 588 Α
1923 540 1942 574 ‹
1975 523 2083 592 jam
2111 519 2385 576 vocabulis
2415 524 2553 587 utar,
2581 518 2776 590 quibus
2800 517 3006 573 auctrix
3038 516 3350 588 opinionum
3380 517 3511 571 ista-

224 617 465 682 auctori,
502 616 857 673 Bactrianus:
890 627 946 672 et
970 616 1063 672 ille
1084 617 1389 680 conveniat,
1424 620 1577 687 cujus
1607 617 1818 672 Ctesias

222 719 317 761 res
359 716 541 778 gestas
589 708 935 765 historiarum
964 708 1189 780 exponit
1218 707 1271 761 in
1306 708 1496 778 primo,
1531 708 1817 765 Armenius

237 799 512 857 Zostriani
531 818 719 873 nepos,
748 813 803 859 et
826 802 1102 858 tinniliaris
1132 802 1445 870 Pamphilus
1473 802 1619 875 Cyri,
1650 803 1815 872 Apol-

223 893 445 958 10nius,
497 894 802 965 Damigero,
856 906 909 951 et
959 896 1257 960 Dardanus,
1286 894 1446 949 Velus
1492 894 1737 949 Julianus
1765 904 1819 949 et

221 983 485 1041 Babulus
519 1005 538 1038 ι
573 987 809 1057 (Arnob.,
838 989 876 1042 l.
908 1004 946 1053 ι,
980 1006 1034 1056 p.
1063 989 1175 1057 51).
1207 986 1314 1043 Sed
1342 987 1555 1057 plurimi
1585 1002 1818 1058 conque-

222 1090 423 1134 runtur
469 1077 610 1135 {inde
659 1090 970 1151 corruptum
1022 1096 1143 1135 esse
1197 1078 1340 1134 hunc
1394 1080 1588 1134 locum.
1638 1079 1817 1134 Primo

223 1172 374 1227 enim
420 1171 682 1228 Heraldus
713 1172 1005 1227 arbitratur
1047 1173 1161 1226 hare
1210 1172 1394 1235 verba,
1422 1187 1573 1241 super
1619 1171 1819 1241 igneam

223 1281 411 1319 zonam
460 1264 926 1336 interpretamenti
974 1265 1085 1320 vice
1128 1264 1335 1333 adjecta
1381 1279 1521 1323 esse.
1556 1275 1718 1333 atque
1748 1263 1815 1318 ibi

224 1357 515 1423 Azonaeis,
549 1359 637 1428 qui
668 1367 806 1415 teste
833 1358 1007 1413 Plinio
1035 1374 1243 1428 magus,
1275 1369 1327 1412 et
1349 1356 1649 1412 Zoroastris
1675 1372 1816 1428 prte-

222 1460 419 1521 ceptor
449 1449 543 1505 fuit
571 1492 583 1516 ,
614 1451 941 1506 mentionem
975 1450 1089 1504 ﬁeri
1122 1448 1314 1520 (Plin.,
1345 1448 1383 1504 ι.
1414 1464 1521 1503 xxx
1552 1444 1689 1502 llist.
1720 1465 1816 1501 na-

225 1554 360 1611 tur.,
390 1562 438 1600 c.
474 1546 501 1601 1
527 1588 540 1610 ,
576 1562 629 1616 p.
662 1544 812 1617 7‘25).
867 1545 1204 1615 Quapropter
1254 1546 1331 1599 sic
1367 1552 1554 1598 censet
1610 1552 1815 1596 textum

221 1652 350 1693 esse
394 1636 830 1693 restituendum:
880 1656 899 1690 ι
932 1634 1125 1693 Veniat
1154 1637 1274 1709 quis
1306 1637 1586 1691 Azonaccs
1631 1650 1817 1706 magus

224 1731 490 1787 interiore
515 1731 583 1786 ab
611 1732 766 1797 orbe,
804 1731 1097 1802 Hermippo
1122 1741 1179 1785 ut
1205 1731 1563 1785 assentiamur
1587 1730 1813 1784 auctori.

222 1822 543 1878 Bactrianus
565 1834 618 1878 et
644 1824 735 1879 ille
762 1824 1107 1887 conveniat,»
1142 1823 1193 1877 id
1223 1834 1327 1889 est,
1356 1821 1693 1887 ZoroaSIres,
1726 1819 1816 1891 qui

1922 632 2039 670 rum
2068 614 2236 685 magia
2260 621 2433 678 sonat,
2463 611 2744 674 Hostanes,
2778 618 2831 666 et
2856 610 3103 683 Typhon,
3127 618 3179 665 et
3207 608 3506 675 Dardanus,

1920 719 1975 764 et
2007 709 2343 777 Damigeron,
2388 717 2442 761 et
2468 706 2735 772 Nectabis,
2786 716 2840 760 et
2871 705 3130 761 Berenice
3166 722 3186 757 ι
3220 703 3503 778 (Tertull.,

1922 799 2008 853 lib.
2042 800 2104 854 de
2133 798 2328 862 Anim.,
2359 815 2474 868 cap.
2501 798 2615 869 57).

1992 886 2125 945 Tres
2147 890 2321 961 itaque
2349 892 2416 945 ab
2452 892 2540 944 illo
2582 901 2636 945 et
2665 891 2892 959 Apuleio
2922 878 3308 955 memorantur,
3352 886 3508 946 sicuti

1921 994 1973 1039 et
1994 984 2060 1038 ab
2089 993 2309 1038 auctore
2335 994 2521 1038 nostro
2548 984 2801 1037 nimirum
2839 983 3173 1053 Apollonius,
3204 983 3506 1054 Damigero,

1923 1086 1973 1131 et
2006 1076 2280 1129 Dardanus
2303 1077 2321 1147 (
2345 1075 2559 1141 Arnob.,
2603 1074 2689 1129 lib.
2724 1092 2761 1138 ι,
2792 1090 2913 1146 pag.
2945 1072 3009 1130 51
3038 1074 3079 1146 ).
3109 1074 3299 1131 Plures
3326 1086 3507 1130 autem

1921 1186 2118 1226 nomen
2159 1170 2425 1239 Apollonii
2455 1184 2577 1223 cum
2624 1168 2798 1223 sortiti
2847 1170 3041 1223 iuerint
3066 1211 3080 1235 ,
3123 1168 3379 1239 numquid
3421 1167 3508 1224 hic

1921 1264 2025 1319 dici
2059 1270 2232 1334 potest
2264 1262 2580 1330 Apollonius
2621 1261 2904 1332 Tyameus,
2947 1263 3038 1332 qui
3064 1272 3199 1317 teste
3226 1261 3409 1327 Snida,
3441 1261 3512 1317 ab

1920 1356 2208 1427 Egyptiis,
2241 1355 2570 1426 Babyloniis,
2602 1364 2761 1424 atque
2792 1354 3077 1416 Arabibus,
3109 1369 3245 1425 quos
3276 1354 3507 1419 adierat,

1921 1448 2153 1502 inﬁnitas
2178 1448 2474 1518 proastigias
2500 1448 2758 1516 collegit?
2788 1446 2976 1502 Nonne
3001 1448 3053 1500 id
3082 1449 3298 1517 scriptis
3322 1464 3349 1499 a
3383 1446 3511 1501 Phla

1921 1541 2140 1595 lostrato
2166 1540 2235 1595 de
2261 1541 2418 1611 hujus
2443 1541 2719 1611 Apollonii
2743 1541 2847 1594 vita
2877 1539 3027 1594 libris
3049 1538 3358 1594 conﬁrmari
3388 1552 3510 1608 posa

1920 1645 2022 1697 set,
2070 1634 2171 1687 nisi
2214 1634 2334 1688 illos
2373 1633 2561 1689 tabulis
2590 1634 2823 1688 :-nilibus
2862 1643 3073 1688 scatere
3100 1632 3296 1687 eruditi
3331 1632 3510 1701 plures

1919 1726 2018 1778 viri
2046 1726 2366 1781 censerent?
2391 1725 2589 1780 Eorum
2618 1726 2778 1795 igitur
2801 1724 3173 1781 auctoritatem
3223 1740 3331 1778 non
3356 1737 3512 1793 urge«

1920 1819 2114 1874 bimus.
2140 1821 2206 1875 At
2232 1829 2377 1875 certe
2400 1836 2579 1886 nemo,
2609 1821 2682 1873 uti
2707 1819 3011 1888 opinamur,
3033 1818 3249 1887 negabit
3262 1818 3510 1872 eumdem

219 1917 394 1987 patria
427 1916 747 1973 Bactrianus
775 1927 911 1971 erat.
947 1916 1147 1971 Verum
1178 1916 1261 1969 lia:
1284 1931 1446 1970 mera:
1492 1915 1814 1984 conjectum
1847 1924 1894 1984 ι
1922 1913 2263 1983 Apollonium
2309 1929 2521 1984 magum
2567 1913 2637 1967 ab
2677 1914 2925 1982 Apuleio,
2980 1922 3141 1982 atque
3190 1912 3260 1968 ab
3294 1922 3513 1968 auctore

217 2018 370 2075 sunt,
415 2026 536 2081 quae
566 2025 667 2066 nec
718 2010 1089 2081 manuscripti,
1121 2025 1222 2064 nec
1262 2010 1422 2063 ullius
1460 2007 1587 2062 editi
1613 2006 1815 2062 codicis

218 2100 542 2157 auctoritate
579 2102 944 2158 stabiliuntur.
1003 2100 1227 2157 Huetius
1262 2110 1461 2169 tamen,
1513 2100 1815 2156 Abrincen-

217 2195 363 2249 sium
403 2192 537 2248 olim
580 2195 891 2264 epise0pus,
930 2196 1143 2249 videtur
1184 2194 1416 2249 Ileraldo
1446 2210 1599 2248 suum
1633 2194 1817 2248 tulisse

218 2287 566 2357 sutl‘ragium,
611 2301 712 2341 nec
739 2288 881 2342 aliud
935 2297 1083 2357 putat
1108 2287 1174 2341 ab
1217 2286 1456 2342 Arnobio
1505 2286 1814 2355 signiﬁcari,

216 2379 327 2433 nisi
358 2394 371 2429 :
404 2395 423 2428 ι
458 2376 539 2431 Ex
558 2375 835 2447 EthiOpia
866 2380 1124 2433 interiore
1152 2394 1245 2447 per
1267 2379 1475 2449 igneam
1505 2394 1695 2432 zonam
1720 2392 1817 2431 ve-

216 2472 373 2527 nisse
421 2468 768 2526 Zoroastrem
798 2492 817 2523 ι
856 2470 1065 2544 (Huet.,
1097 2469 1394 2527 Demonstr.
1441 2472 1664 2543 Evang.,
1692 2488 1816 2542 pro-

216 2567 380 2638 posit.
421 2565 479 2629 4,
509 2582 557 2619 c.
586 2565 647 2628 5,
687 2583 740 2636 p.
781 2565 871 2632 89,
901 2568 980 2634 n).
1040 2566 1269 2620 Putabat
1310 2567 1455 2621 enim
1500 2567 1581 2620 vir
1611 2564 1700 2620 ille
1730 2565 1821 2620 do.

220 2669 369 2723 ctus,
400 2658 540 2712 sicut
582 2667 636 2712 et
689 2657 777 2711 alii
824 2658 1025 2727 plures,
1060 2657 1204 2713 hunc
1260 2658 1328 2711 ab
1357 2658 1595 2712 Arnobio
1646 2659 1817 2727 patria

219 2750 330 2805 dici
353 2748 664 2820 Etltiopem
685 2748 923 2820 (Arnob.,
958 2748 998 2806 ι.
1020 2764 1060 2815 1,
1092 2767 1147 2819 p.
1178 2748 1245 2811 5;
1278 2767 1424 2818 sup,
1458 2768 1503 2803 c.
1524 2749 1578 2817 4,
1610 2759 1711 2803 art.
1735 2749 1813 2822 4).

222 2841 422 2910 Quidni
453 2857 584 2896 vero
608 2843 895 2896 credamus
924 2857 1045 2894 eum
1072 2842 1141 2894 ab
1173 2841 1413 2895 Arnobio
1435 2840 1538 2894 dici
1575 2840 1817 2894 Bactria-

222 2949 381 2999 num,
423 2950 582 3004 quem
612 2950 772 3004 supra
801 2933 1116 2999 Bactrianis,
1152 2934 1225 2987 uti
1259 2934 1684 2997 observavimus,
1719 2934 1819 2987 im-

223 3039 467 3093 perasse,
497 3034 551 3079 et
582 3026 842 3079 adversus
894 3024 1087 3079 Ninum
1147 3026 1369 3095 magicis
1425 3026 1631 3079 artibus
1659 3024 1819 3078 dimi-

220 3132 380 3174 casse
422 3118 814 3173 dixerathee
856 3119 1025 3174 refert
1062 3119 1203 3189 quod
1249 3133 1445 3174 nomen
1489 3118 1815 3184 Bactrianus,

223 3212 419 3268 ultimo
474 3224 527 3268 et
579 3215 858 3270 remotiori
909 3215 1048 3279 loco,
1084 3215 1135 3268 in
1190 3217 1425 3269 auctoris
1469 3216 1635 3269 nostri
1671 3225 1817 3270 textu

1919 2015 2104 2062 nostro
2129 2004 2402 2075 appellari.

1991 2103 2073 2157 Ad
2118 2101 2234 2155 ha'e
2289 2114 2438 2166 vero,
2497 2118 2516 2154 ι
2553 2101 2879 2163 Dardanum,
2912 2117 2932 2152 ι
2968 2109 3137 2170 inquit
3160 2099 3386 2165 Plinius,
3425 2115 3445 2150 ι
3482 2111 3515 2157 ο

1920 2196 2168 2253 Phtenice
2187 2197 2470 2250 illustravit
2494 2196 2853 2262 Democritus,
2895 2192 3258 2249 voldmiuibus
3284 2190 3514 2249 Dardani

1919 2290 1973 2344 in
2020 2289 2366 2360 sepulchrum
2415 2288 2534 2358 ejus
2576 2266 2755 2358 petitis
2801 2286 2994 2362 (Pam,
3065 2286 3154 2340 lib.
3206 2298 3315 2340 xxx
3367 2280 3505 2338 Hist.

1919 2392 2117 2449 natum,
2146 2399 2262 2453 cap.
2293 2383 2346 2445 1,
2380 2397 2500 2451 pag.
2531 2382 2632 2435 727
2655 2380 2697 2452 ).
2732 2379 2914 2450 Magia!
2939 2387 3119 2433 alitem
3152 2375 3347 2432 deditis
3372 2376 3513 2432 hunc

1920 2484 1989 2531 ab
2044 2478 2272 2547 Apuleio
2314 2486 2366 2531 et
2410 2476 2745 2532 Tcrtulliano
2792 2476 3201 2528 annurneratum
3253 2471 3508 2525 vidimus.

1920 2569 2057 2624 Eam
2083 2585 2214 2623 sane
2241 2568 2311 2623 ob
2335 2583 2550 2623 causam
2578 2569 2796 2638 magicae
2823 2576 2969 2621 artes
2997 2572 3027 2619 a
3054 2563 3349 2618 Columella
3381 2561 3513 2617 Dare

1920 2660 2092 2717 dantis
2125 2660 2208 2714 his
2233 2661 2572 2730 appellantur
2602 2660 2845 2714 versibus
2875 2675 2888 2712 :

2014 2775 2078 2837 At
2100 2777 2141 2837 si
2165 2773 2292 2823 nulla
2313 2774 2445 2823 valet
2466 2775 2707 2823 medicina
2729 2772 2981 2837 repellere
3007 2776 3215 2835 pestem,

2014 2836 2268 2886 Dardania:
2294 2839 2489 2886 veniant
2510 2845 2661 2886 artes.

2230 2918 2505 2982 (Columel.,
2529 2918 2611 2971 lib.
2639 2934 2669 2969 x
2692 2920 2754 2970 de
2779 2919 2921 2970 Cultu
2940 2918 3139 2980 Itortor.,
3165 2929 3292 2969 vers.
3315 2914 3448 2978 230.)

1921 3026 2051 3094 Quis
2072 3028 2247 3096 itaque
2268 3027 2560 3081 Arnobium
2591 3025 2661 3081 de
2690 3027 2789 3080 hoc
2817 3024 3063 3078 Dardano
3088 3023 3235 3093 loqui
3269 3020 3512 3077 abnuet?

1920 3118 2047 3173 Post
2076 3119 2403 3173 Clementem
2429 3132 2556 3173 vero
2590 3116 3007 3171 Alexandrinum
3038 3114 3126 3170 ille
3158 3114 3282 3173 alibi
3310 3111 3508 3169 Darda-

1924 3228 2048 3266 num
2090 3212 2398 3281 eompellat,
2447 3210 2537 3281 qui
2582 3209 2850 3281 Phrygiae,
2901 3209 3014 3263 sive
3063 3208 3285 3263 deorum
3326 3206 3511 3261 Matris

221 3305 456 3374 positum
484 3306 572 3359 sit.
618 3306 911 3360 Peeuliaris
956 3306 1223 3375 siquidem
1258 3306 1403 3361 illius
1446 3316 1529 3360 est
1560 3305 1812 3376 loquendi
1840 3310 1886 3372 C
1920 3307 2170 3376 mysteria
2202 3306 2515 3375 patefecisse
2544 3304 2878 3359 credebatur.
2908 3302 3013 3359 Sed
3041 3303 3107 3356 de
3134 3301 3224 3356 illo
3256 3301 3306 3354 in
3338 3317 3503 3369 snpe-

217 3396 436 3463 modus,
468 3412 574 3468 quo
608 3397 920 3470 hyperbatis
954 3399 1150 3467 passim
1186 3399 1381 3467 ubique
1414 3398 1597 3451 utitur.

292 3488 605 3544 Zoroastres
647 3505 774 3544 vero
811 3506 916 3544 non
963 3493 1138 3545 solum
1184 3504 1368 3558 magus
1393 3488 1525 3556 fuit,
1556 3489 1649 3544 sed
1675 3490 1752 3544 illi
1782 3505 1814 3545 a

215 3582 562 3652 quibusdam,
597 3584 671 3637 uti
701 3584 827 3637 alibi
851 3584 1105 3648 vidimus,
1138 3585 1324 3653 magia:
1362 3585 1522 3639 etiam
1566 3584 1815 3639 tribuitur

216 3676 480 3731 inventio.
503 3672 636 3730 Cum
657 3687 834 3732 autem
863 3678 1133 3733 Arnobius
1154 3679 1303 3732 illum
1320 3679 1387 3733 ab
1410 3679 1664 3733 interiore
1684 3679 1813 3734 orbe

215 3782 311 3839 per
336 3767 535 3837 igneam
563 3784 746 3820 zonam
786 3768 1032 3822 ethnicos
1063 3769 1339 3824 irridendo
1378 3778 1568 3824 evocat
1607 3770 1765 3837 (tom.
1796 3786 1811 3824 ι

213 3861 498 3929 Αρρααι..
531 3876 650 3929 pag.
682 3860 786 3915 5t5
812 3871 859 3913 et
891 3861 996 3914 550
1019 3860 1036 3929 )
1058 3903 1072 3924 ,
1104 3877 1280 3916 nonne
1308 3862 1374 3915 ad
1403 3862 1534 3915 illud
1570 3862 1812 3918 alludere

213 3950 453 4017 videtur,
477 3951 619 4020 quod
644 3952 833 4006 Suidas
865 3963 1048 4007 narrat
1071 3953 1089 4025 (
1112 3953 1264 4007 Suid.
1291 3995 1305 4018 ,
1341 3955 1408 4007 att
1449 3958 1583 4008 verb.
1617 3958 1813 4031 Ζωροὼ-

213 4044 446 4119 στρης),
477 4042 820 4098 Zoroastrem
876 4045 1124 4115 precibus
1165 4047 1379 4114 petiisse
1429 4056 1486 4101 ut
1529 4048 1648 4115 igne
1677 4062 1810 4101 con-

209 4146 464 4207 sumptus
517 4138 709 4192 abiret.
768 4141 972 4193 Auctor
1015 4154 1146 4194 vero
1197 4139 1640 4209 llecognitionum
1684 4142 1810 4196 Cle-

210 4230 415 4286 mentis
443 4230 663 4287 nomine
689 4232 1067 4301 inscriptarum
1092 4233 1157 4287 de
1186 4233 1471 4289 Zoroastre
1501 4235 1642 4291 hunc
1673 4238 1809 4293 scri-

210 4326 297 4383 bit
334 4327 385 4379 in
435 4326 697 4382 modum:
748 4344 767 4377 (
804 4326 1013 4391 Saepius
1060 4329 1156 4381 ista
1192 4346 1211 4380 ι
1243 4370 1258 4392 ,
1309 4328 1361 4383 id
1412 4340 1516 4396 est,
1548 4331 1811 4386 scintillas

211 4418 474 4491 quasdam
496 4433 568 4473 ex
587 4419 779 4486 stellis,
808 4437 826 4471 ι
855 4419 1149 4488 producere
1168 4421 1504 4488 moliebatur,
1531 4438 1809 4493 usquequo

209 4513 285 4567 ab
327 4512 448 4582 ipso
485 4512 754 4577 daemone,
792 4528 950 4583 quem
1000 4514 1358 4582 importunius
1400 4515 1804 4586 frequentabat,

209 4615 505 4659 succensus
548 4615 877 4660 cremaretur
914 4624 934 4658 ι
965 4604 1253 4675 (Recognit.
1282 4606 1389 4675 ιλιι.
1419 4620 1470 4660 tv
1494 4647 1509 4670 ,
1542 4623 1658 4674 cap.
1689 4607 1802 4673 27).

1919 3400 2061 3454 riore
2099 3401 2399 3469 Apparatus
2444 3400 2610 3454 nostri
2657 3407 2803 3452 tomo
2829 3396 3218 3465 diSputavimus
3243 3394 3510 3467 (Clemens

1922 3492 2223 3553 Alexandr.,
2269 3491 2527 3545 Atlmauit.
2577 3489 2643 3543 ad
2678 3498 2815 3560 gent.
2838 3528 2854 3554 ,
2890 3505 3010 3559 pag.
3043 3486 3152 3553 95;
3197 3496 3318 3541 toni.
3349 3499 3366 3539 t
3398 3485 3509 3554 Ap-

1916 3594 2113 3653 paral.,
2144 3601 2263 3655 pag.
2300 3583 2403 3637 758

1988 3677 2172 3747 Neque
2217 3678 2375 3731 etiam
2424 3679 2627 3747 integra
2677 3686 2733 3731 et
2776 3676 3081 3745 incorrupta
3114 3673 3362 3729 videntur
3392 3671 3509 3728 haec

1917 3771 2296 3839 subsequentia
2350 3770 2574 3825 Arnohii
2612 3770 2771 3824 verba
2807 3789 2820 3823 :
2875 3788 2895 3821 ι
2925 3768 3213 3825 Armenius
3240 3767 3508 3823 Zostriani

1918 3878 2085 3932 nepos
2111 3872 2164 3916 et
2199 3863 2475 3917 latuiliaris
2508 3861 2822 3931 Pamphilus
2848 3861 2992 3933 Cyri.
3026 3881 3045 3914 ι
3087 3861 3217 3929 Quis
3243 3861 3383 3914 enim
3418 3858 3508 3914 ille

1919 3972 2041 4010 esse
2083 3967 2259 4026 potest
2286 3957 2573 4013 Armenius
2620 3955 2925 4027 Pamphilus
2972 3956 3125 4027 Cyri,
3173 3955 3313 4010 baud
3345 3954 3508 4011 dubie

1920 4048 2082 4116 titius,
2112 4057 2166 4103 et
2191 4047 2452 4104 Zostriani
2482 4066 2639 4121 nepos
2662 4050 2685 4103 ?
2715 4050 2866 4104 Dictu
2894 4049 3069 4104 adhuc
3091 4048 3362 4103 difﬁcilius
3388 4048 3508 4117 quis

1914 4142 2005 4197 ille
2029 4143 2185 4197 fuerit
2205 4142 2535 4198 Zostrianus.
2555 4144 2801 4211 Quidam,
2826 4160 2953 4199 vero
2969 4145 3307 4213 snsliicantur
3328 4142 3507 4211 legen-

1916 4236 2042 4291 dum
2067 4251 2171 4291 non
2197 4238 2411 4307 quidem
2428 4237 2708 4302 Zostriani,
2730 4238 2822 4293 sed
2845 4237 3072 4302 Ostanis,
3100 4237 3214 4291 sive
3236 4234 3505 4303 Hostanis,

1917 4329 1987 4385 de
2032 4345 2139 4399 quo
2186 4331 2345 4399 paulo
2389 4341 2515 4386 ante
2561 4333 2706 4386 citati
2734 4330 2989 4400 Apuleius
3030 4339 3085 4382 et
3116 4328 3500 4393 Tertullianus,

1916 4439 2123 4495 nosque
2144 4425 2264 4479 alibi
2289 4425 2495 4495 egimus
2517 4425 2652 4497 (eod.
2693 4435 2811 4478 tant.
2847 4439 2864 4477 ι
2896 4423 3171 4494 .4pparat.,
3201 4437 3319 4491 pag.
3347 4418 3501 4489 550).
3568 4400 3589 4415 ’

1916 4522 1983 4573 At
2009 4522 2053 4574 si
2090 4520 2376 4575 obscurum
2408 4529 2490 4574 est
2516 4518 2774 4573 Zostriani
2817 4532 3012 4572 nomen
3035 4558 3050 4582 ,
3100 4513 3344 4584 plurimis
3373 4526 3504 4568 sane

1913 4612 2127 4683 cognita
2157 4623 2238 4668 est
2268 4612 2446 4667 fabula
2476 4609 2597 4665 Heri
2628 4609 2887 4673 Atmenii,
2921 4623 3100 4677 quem,
3127 4607 3264 4661 sicut
3289 4606 3355 4659 ab
3378 4605 3501 4659 Uri-

211 4698 457 4755 Τδωθῑδί
487 4696 631 4753 enim
672 4696 817 4768 Opus
847 4697 990 4753 islud
1021 4698 1215 4754 fabulis
1244 4697 1503 4753 refertum
1547 4700 1647 4765 Sit.
1689 4700 1805 4754 haec
1832 4707 1888 4768 1)
1912 4720 2064 4774 gene,
2097 4704 2296 4775 Cyr-illo
2322 4703 2689 4760 Alexandrino
2724 4711 2884 4769 atque
2911 4719 2939 4753 ει
2968 4699 3121 4754 nobis
3156 4698 3501 4753 observatum

209 4799 391 4847 tamen
436 4790 556 4847 ideo
605 4790 853 4846 videntur
901 4791 969 4846 ab
999 4791 1143 4846 illius
1184 4802 1401 4847 auctore
1438 4792 1650 4859 tradita,
1681 4797 1805 4862 quia

212 4885 458 4956 plerique
501 4884 886 4940 existimabant
917 4884 1262 4941 Zoroastrem
1293 4888 1413 4956 igne
1463 4884 1628 4941 fuisse
1676 4903 1806 4941 cou-

208 4988 505 5050 sutnptum.
529 4977 669 5046 Quid
694 4993 824 5050 ergo
861 4988 1037 5043 vetat,
1087 4979 1372 5048 quominus
1404 4977 1674 5036 Arnobius
1702 4981 1805 5038 hoc

209 5071 446 5129 ethnicis
470 5086 556 5129 ea.
594 5072 667 5125 uti
697 5072 954 5138 diximus,
987 5072 1095 5127 acri
1126 5073 1297 5127 ironia
1324 5073 1625 5141 objecerit?

282 5165 551 5222 Caeterum
583 5166 839 5235 Apuleius
859 5177 915 5221 et
939 5165 1300 5223 Tertullianus
1322 5166 1482 5236 hujus
1503 5167 1805 5225 Zoroastris

209 5263 386 5333 magi,
426 5269 480 5317 et
540 5260 769 5316 aliorum
820 5260 1048 5329 ibidem,
1096 5261 1165 5316 ab
1209 5262 1448 5318 Arnobio
1496 5262 1800 5330 citatorum,

209 5354 541 5409 mentionem
564 5351 806 5408 fecerunt
827 5370 841 5418 ;
864 5364 918 5408 et
944 5354 1202 5424 Apuleius
1225 5354 1440 5424 quidem
1468 5355 1551 5410 his
1581 5358 1762 5411 verbis
1785 5374 1800 5411 :

213 5465 234 5499 ι
267 5446 328 5502 Si
366 5445 660 5515 quamlibet
694 5446 965 5502 modicum
1016 5447 1441 5503 emolumentum
1492 5450 1805 5518 probaveri-

208 5540 315 5604 tis;
346 5552 450 5609 ego
509 5538 598 5594 ille
657 5538 761 5595 sim
821 5539 1205 5609 Carimondas,
1248 5542 1329 5595 vel
1380 5541 1686 5608 llismoses,
1721 5543 1800 5598 vel

206 5634 510 5698 Iohannes,
557 5633 639 5689 vel
687 5633 1037 5704 Apollonius,
1083 5635 1171 5689 vel
1213 5636 1326 5705 ipse
1368 5636 1663 5703 Dardanus,
1718 5637 1803 5692 vel

207 5727 540 5797 quieumque
587 5726 723 5781 alius
774 5736 894 5795 post
940 5725 1324 5795 Zoroastrem,
1374 5729 1458 5783 vel
1512 5729 1799 5785 ltostanetn

209 5819 357 5875 inter
412 5833 597 5889 magos
638 5809 942 5874 celebratus
983 5829 1067 5874 est
1118 5837 1137 5873 ι
1193 5821 1211 5889 (
1254 5822 1433 5889 Apul.,
1468 5823 1689 5893 Apolog.
1724 5838 1795 5889 tt,

197 5926 331 5984 pag.
363 5910 469 5967 375
493 5910 539 5980 ).
581 5908 946 5969 Tertullianus
971 5925 1101 5969 vero
1134 5931 1149 5968 :
1189 5929 1208 5963 ι
1246 5911 1314 5971 Ut
1343 5912 1505 5985 ipsis,
1544 5932 1565 5971 ι
1600 5915 1798 5986 inquit,

1913 4798 2032 4863 fuit,
2081 4797 2361 4851 undecima
2406 4802 2524 4863 past
2553 4794 2753 4848 obitum
2780 4791 2869 4847 die
2903 4792 3164 4846 revixisse
3211 4790 3504 4849 narrabant

1914 4890 2172 4964 (0rigen.,
2201 4889 2287 4944 lib.
2322 4905 2357 4945 ιι
2397 4897 2560 4943 contr.
2591 4886 2748 4953 Cela,
2783 4905 2834 4955 p.
2863 4887 2965 4953 70;
2996 4886 3158 4958 Cyril.
3188 4886 3363 4952 Alcon,
3408 4885 3499 4940 lib.

1910 4997 1979 5035 vn
2025 4990 2156 5034 cont.
2185 4979 2375 5047 Julia.,
2426 4997 2479 5048 p.
2525 4979 2660 5048 250;
2693 4988 2816 5036 tam.
2864 4985 3197 5049 tApparat.,
3243 4998 3296 5052 p.
3351 4978 3496 5049 illi).

1914 5074 1987 5128 De
2007 5074 2096 5127 illo
2111 5083 2289 5128 autem
2314 5073 2428 5128 hsce
2449 5084 2567 5128 sunt
2590 5072 2810 5128 totidem
2838 5072 3131 5128 Clementis
3152 5071 3500 5129 Alexandrini

1910 5171 2091 5236 verba,
2125 5169 2190 5222 ab
2224 5168 2455 5224 Eusebio
2479 5178 2723 5223 accurate
2750 5168 3016 5237 descripta
3052 5183 3066 5220 :
3100 5168 3268 5231 Plato,
3301 5167 3498 5236 inquit,

1907 5261 2053 5339 Ἠρὸς
2081 5269 2173 5319 τοῦ
2196 5261 2477 5338 Ἀρμενίου,
2509 5265 2569 5320 τὸ
2604 5265 2747 5338 γένος
2792 5263 3083 5335 Παμφύλου,
3134 5264 3398 5333 μέμνηται,
3443 5257 3499 5321 ὅς

1908 5358 2021 5415 ἔστι
2045 5360 2386 5434 Ζωροάστρης
2419 5358 2670 5428 (Clemens
2697 5355 3001 5421 Alexandr.,
3031 5356 3120 5410 lib.
3156 5370 3184 5408 v
3219 5353 3496 5420 Stromat.,

1909 5470 1963 5520 ρ.
1997 5452 2138 5515 599;
2174 5451 2388 5518 Euseb.,
2432 5452 2520 5506 lib.
2576 5467 2669 5507 ιιιιι
2716 5449 2973 5519 Praspar.,
3004 5465 3052 5502 c.
3084 5450 3151 5504 15
3174 5488 3191 5514 ,
3236 5466 3288 5518 p.
3322 5448 3451 5515 675)
3479 5464 3494 5505 ε

1910 5543 2143 5601 Meminit
2176 5543 2300 5599 Heri
2321 5545 2546 5599 Armenii
2577 5546 2694 5614 ﬁlii,
2725 5559 2910 5615 genere
2940 5540 3224 5612 Pamphili,
3255 5542 3340 5612 qui
3384 5544 3499 5605 qui-

1909 5636 2023 5689 dem
2068 5647 2141 5691 est
2184 5637 2502 5692 Zoroastres.
2538 5638 2591 5692 Si
2622 5652 2751 5708 ergo
2778 5635 3048 5693 Arnobius
3074 5649 3225 5689 more
3253 5649 3351 5687 suo
3376 5634 3497 5690 Cle-

1910 5730 2106 5784 mentis
2136 5730 2555 5785 Alexandrinum
2606 5730 2676 5785 ibi
2728 5739 2941 5783 secutus
2968 5736 3071 5793 est,
3100 5736 3192 5781 aut
3223 5727 3497 5782 memoria:

1908 5822 2059 5892 lapsu
2093 5824 2205 5878 hwc
2240 5825 2451 5879 nomina
2485 5825 2734 5887 turbavit,
2776 5834 2866 5876 aut
2894 5821 2960 5876 ab
2988 5822 3235 5892 imperito
3280 5821 3498 5876 librario

1908 5916 2194 5987 depravata
2227 5927 2369 5974 sunt.
2425 5918 2617 5974 Verum
2663 5933 2782 5973 cum
2813 5916 2903 5972 ille
2934 5923 3125 5972 testem
3172 5929 3329 5974 suum
3372 5912 3498 5971 Cte-
