3978 6300
506 380 606 439 671

1746 375 2198 436 DlSSERTATIO
2233 376 2513 436 PBIEVIA

507 504 664 569 siam,
691 497 1098 573 atque'primum
1120 498 1462 556 historiarum
1485 497 1603 570 ejus
1627 500 1843 564 librum,
1867 499 1955 569 qui
1983 513 2097 553 am-
2122 504 2177 566 Α

3691 377 3799 435 673

2799 513 3091 556 ARTICULUS
3125 515 3187 556 11.

511 598 654 671 plius
684 610 790 651 non
815 601 1035 661 exstat,,
1064 593 1379 650 nominatim
1407 595 1673 661 citaverit,
1719 608 1839 665 quae
1867 593 2097 665 genuina
2199 612 2447 679 ngam,-
2462 615 2669 679 νθμιδυε,
2694 616 2802 665 sive
2825 614 3103 679 hominjhus
3121 616 3350 679 ρίωξι-υηι
3372 612 3796 679 δίητιιξιωρε,

509 692 615 752 siut
643 688 758 759 ejus
784 690 965 751 verba,
999 688 1119 759 quis
1148 703 1393 745 asserere
1421 688 1656 745 audeat?

579 782 689 838 Nec
715 784 890 837 minus
916 781 1215 837 adulterata
1243 798 1365 838 esse
1407 795 1649 849 censent,
1697 799 1817 855 qua:
1862 784 1914 837 in
1959 782 2100 838 illius

510 884 658 934 textu
685 886 988 947 sequuntur
1015 876 1232 932 nomina
1254 919 1269 944 ,
1308 876 1461 933 Velus
1490 878 1737 934 Julianus
1770 889 1816 934 et
1836 877 2097 933 Baebulus.

507 970 735 1040 Quidam
793 970 953 1040 igitur
1008 956 1429 1028 rescribendum.
1465 981 1788 1037 autumant,
1846 970 2004 1026 Nilus
2057 978 2103 1024 et

521 1065 815 1131 Vulcanus;
857 1067 1290 1138 quandoquidem
1317 1068 1559 1125 Laertius
1587 1069 1720 1125 dixit
1757 1088 1770 1125 :
1807 1087 1826 1121 ι
1866 1066 2105 1139 Egyptii

508 1160 806 1217 Vulcanum
836 1160 937 1218 Nili
978 1162 1140 1218 lilium
1165 1163 1330 1220 fuisse
1360 1164 1593 1227 tradunt,
1627 1165 1715 1235 qtti
1752 1162 2104 1232 phiIOSophia:

506 1255 776 1321 aperuerit
824 1264 1086 1325 praecepta
1124 1275 1142 1310 ›
1178 1257 1378 1327 (Laert.
1419 1258 1663 1318 Pratum,
1696 1257 1724 1329 §
1762 1254 1835 1328 1).
1885 1256 1989 1312 Sed
2034 1256 2105 1311 ibi

508 1345 868 1417 philosophia:
896 1351 1115 1407 nomine
1141 1353 1369 1423 magiam
1398 1351 1800 1422 intelligendam
1833 1351 1963 1406 nulli
1992 1368 2109 1407 utn—

507 1452 666 1509 quam
698 1440 1075 1510 probaverunt.
1123 1444 1225 1499 Alii
1271 1445 1447 1517 itaque
1478 1461 1575 1513 pro
1630 1443 1779 1499 Velus
1810 1443 2105 1499 emendan-

513 1532 638 1589 dum
663 1545 846 1607 pntant
871 1535 1051 1592 Belus.
1072 1536 1181 1592 Nec
1194 1538 1317 1607 jure
1339 1540 1550 1609 quidem
1576 1555 1794 1610 prorsus
1813 1539 2104 1609 immerito.

509 1629 705 1686 Prima:
753 1632 952 1687 etenim
1008 1632 1287 1702 utriusque
1340 1634 1574 1689 nominis
1624 1633 1820 1689 littera:
1864 1633 1905 1687 B
1956 1639 2010 1686 et
2067 1632 2109 1687 ν

509 1722 808 1789 saepissime
835 1740 865 1781 a
895 1726 1127 1782 librariis
1169 1736 1590 1784 cummutantur.
1647 1726 1808 1782 Belus
1851 1741 2001 1790 vero,
2056 1734 2111 1778 ut

510 1829 689 1872 narrat
748 1817 1014 1876 Diodorus
1070 1819 1307 1889 Siculus,
1363 1820 1679 1888 Flamines,
1734 1819 2108 1892 Afgyptiorum

520 1925 694 1973 more,
725 1912 952 1981 publicis
975 1914 1232 1970 oneribus
1260 1925 1315 1971 et
1344 1914 1602 1984 impensis
1630 1923 1915 1982 exemptos
1960 1913 2113 1967 insti-
2141 1923 2188 1984 Β

510 2006 613 2060 tuit
639 2003 881 2077 (Diodor.
917 2006 1107 2074 Sicul.,
1130 2009 1262 2064 lib.t
1298 2007 1565 2075 Bibliotli.,
1594 2026 1647 2079 ρ.
1681 2008 1793 2078 17).
1828 2008 1888 2062 lli
1911 2016 2108 2074 autem,

512 2111 651 2169 quos
680 2097 957 2171 Babylonii
986 2109 1181 2156 vocant
1226 2098 1529 2169 Chaldaeos,
1587 2100 1833 2157 solebant
1862 2100 1916 2155 in
1947 2099 2115 2173 Egy-

511 2200 629 2262 pto,
662 2190 1115 2260 quemadmodum
1164 2192 1475 2249 sacerdOtes
1510 2194 1715 2266 physici
1746 2205 1796 2249 et
1831 2195 2109 2264 astrologi,

512 2282 697 2341 stellas
727 2283 1039 2340 observare.
1068 2285 1239 2354 Quam
1271 2287 1624 2356 proculdubio
1669 2287 1738 2344 ob
1767 2302 1981 2342 causam
2016 2288 2115 2343 Be-

521 2379 657 2436 lusa
684 2379 857 2436 Plinio
886 2392 942 2436 et
965 2380 1153 2437 Solino
1180 2381 1429 2438 sideralis
1454 2383 1695 2438 scientiae
1719 2382 1913 2438 dicitur
1930 2384 2117 2438 inven-

516 2483 623 2540 tor,
654 2485 815 2546 atqne
841 2477 909 2532 ab
952 2476 1282 2548 Hieronymo
1309 2477 1474 2542 idem,
1504 2482 1593 2549 qui
1638 2478 1705 2533 ah
1735 2479 1973 2534 Hebraeis
1999 2478 2115 2545 Bel,

515 2580 548 2622 a
594 2566 832 2622 Sidoniis
876 2576 931 2623 et
978 2568 1319 2626 Phaenicibus
1352 2571 1497 2637 Baal,
1527 2572 1847 2642 appellatur,
1898 2581 2058 2641 atque
2086 2588 2118 2626 a

515 2658 658 2716 Nino
703 2661 846 2717 illius
892 2663 1005 2718 tilio
1048 2665 1101 2720 in
1147 2666 1372 2721 deorum
1421 2667 1667 2723 ordinem
1715 2666 1916 2721 relatus
1944 2665 2113 2739 (Plin.

517 2755 610 2811 lib.
654 2772 704 2809 vr
754 2756 945 2811 Natur.
996 2759 1139 2824 Irish,
1191 2777 1237 2815 c.
1288 2759 1390 2820 27.
1423 2780 1476 2832 p.
1520 2761 1657 2827 712;
1692 2760 1883 2828 Solin.,
1928 2777 1974 2814 c.
2024 2762 2115 2830 56,

519 2866 574 2920 p.
602 2847 709 2915 87;
744 2847 1067 2923 Hieronym.,
1085 2853 1139 2907 in
1162 2850 1370 2923 Oscam,
1400 2871 1448 2913 c.
1468 2854 1523 2919 2,
1558 2872 1605 2910 υ.
1633 2856 1722 2923 16,
1749 2874 1802 2927 p.
1833 2855 2114 2922 1251mm).

518 2942 622 2999 edit
644 2940 687 3015 ).

592 3035 1007 3093 Fateturautem
1025 3038 1290 3097 Heraldns
1314 3056 1373 3097 se
1389 3041 1460 3098 de
1482 3042 1698 3097 Juliano
1715 3042 1846 3097 nihil
1870 3042 2121 3098 habuisse

520 3130 806 3201 comperti.
832 3131 971 3188 Nihil
997 3134 1160 3189 etiam
1190 3134 1259 3190 de
1287 3150 1356 3191 eo
1379 3136 1431 3190 in
1461 3135 1684 3190 aliorum
1714 3134 1781 3191 ad
1811 3136 2028 3191 Arnobii
2059 3135 2121 3189 li-

520 3221 652 3278 bros
670 3223 1139 3282 observationibus
1151 3228 1405 3283 occurrit.
1432 3227 1510 3283 Ex
1534 3228 1778 3297 pluribus
1797 3238 1997 3290 tamen,
2020 3228 2123 3283 hnc

2262 674 2474 740 Heleno,
2501 676 2698 737 Martio;
2735 679 2838 727 sive
2862 679 2958 730 diis
2979 677 3103 728 Jove
3129 676 3376 729 Dodonaeo
3393 718 3407 735 ,
3434 674 3664 740 A'polliue
3688 674 3798 729 Claé

2263 738 2572 807 rio,_Pyt_hio,
2598 740 2864 805 Dldymaao,
2892 740 3131 803 Phllesio,
3153 753 3360 807 quorum
3382 738 3686 793 mentionem
3705 740 3799 795 Ar-

2264 800 2435 850 nobius
2457 803 2592 853 fecit.

2276 931 2619 1001 Quadrnplici
2642 941 2820 989 vatum
2843 933 3091 1001 exemplo
3104 932 3376 990 Arnobius
3391 935 3676 991 conﬁrmat
3697 934 3800 991 hu-

2207 1038 2419 1079 manam
2449 1021 2647 1079 Christi
2676 1034 2947 1086 naturam,
2969 1024 3150 1079 divina
3177 1033 3356 1079 tamen
3381 1024 3588 1097 integra
3615 1041 3800 1095 perse-

2208 1124 2452 1180 verante,
2486 1127 2750 1171 mortuam
2784 1133 2969 1172 revera
3002 1116 3169 1172 fuisse
3200 1116 3443 1186 (Arnob.,
3468 1117 3507 1172 ι.
3538 1133 3577 1184 t,
3599 1135 3652 1186 p.
3687 1118 3801 1189 38).

2208 1208 2340 1265 Nam
2371 1211 2459 1280 qui
2485 1219 2636 1264 vates
2667 1210 2788 1265 illos
2810 1210 3084 1269 ai‘ilabant.
3108 1225 3170 1265 ac
3193 1225 3288 1281 per
3307 1225 3399 1265 eo~
3423 1212 3801 1280 loquebantur,

2209 1319 2330 1358 cum
2357 1304 2490 1371 ipsis
2515 1304 2897 1371 morientibus,
2921 1305 3025 1359 vita
3056 1304 3158 1360 dici
3192 1320 3297 1359 non
3328 1312 3554 1374 possunt
3584 1305 3801 1376 privati.

2284 1396 2462 1452 Prima
2497 1410 2675 1454 autem
2710 1414 2773 1453 ex
2805 1397 2889 1452 his
2913 1398 3126 1453 vatibus
3153 1398 3221 1452 ab
3245 1406 3467 1454 auctore
3498 1408 3684 1454 nostro
3711 1415 3807 1461 ap-

2211 1488 2355 1545 latur
2382 1491 2605 1565 Sibylla,
2640 1491 2708 1547 de
2743 1507 2847 1561 qua
2890 1507 2996 1547 non
3029 1492 3196 1547 semel
3248 1491 3650 1564 disputavimus
3691 1495 3754 1568 (t.
3787 1509 3807 1550 ι

2213 1583 2488 1656 Αρρανατ..
2517 1586 2554 1637 ι.
2580 1601 2659 1652 ιιι,
2691 1585 2894 1641 dissert.
2917 1584 2974 1653 2,
2998 1602 3043 1639 c.
3060 1586 3117 1648 2,
3136 1604 3187 1657 p.
3204 1583 3277 1639 20
3307 1603 3322 1651 ;
3352 1595 3453 1640 art.
3477 1585 3534 1650 2,
3558 1586 3808 1660 ρ.1176).

2214 1678 2498 1733 Secundus
2528 1687 2869 1749 nuncupatur
2894 1676 3067 1733 Bacis.
3101 1679 3171 1732 At
3199 1677 3269 1735 dc
3293 1678 3385 1732 illo
3406 1693 3433 1731 a
3464 1679 3621 1733 nobis
3646 1680 3810 1734 etiam

2214 1770 2340 1826 alibi
2365 1779 2541 1825 actum
2574 1782 2678 1826 est.
2714 1771 2939 1825 Dionem
2971 1780 3152 1825 tamen
3175 1771 3621 1844 Cliryshstomnin
3669 1787 3802 1842 prte-

2216 1874 2387 1932 terea,
2411 1868 2456 1921 si
2477 1877 2632 1921 vacat
2657 1876 2710 1922 et
2730 1865 2900 1933 lubet,
2925 1866 3215 1924 consulere
3232 1866 3435 1938 poteris
3462 1864 3811 1939 (Dion,0rat.

2218 1961 2307 2019 15.
2340 1962 2403 2014 de
2429 1959 2670 2029 Exsil.).1

2288 2053 2541 2109 Bacideui
2594 2054 2797 2126 excipit
2846 2054 3074 2111 Helenus
3134 2054 3274 2110 haud
3316 2053 3477 2111 dubie
3526 2054 3728 2112 Priami
3760 2064 3816 2117 et

2174 2220 2181 2223 _
2218 2148 2456 2204 Hecubae
2486 2149 2652 2214 ﬁlius,
2680 2150 2773 2221 qui
2803 2164 2833 2204 a
2862 2149 3126 2205 Cicerone
3154 2149 3206 2204 in
3235 2149 3467 2203 aliorum
3504 2159 3686 2205 vatum
3717 2167 3819 2205 nu-

2218 2256 2425 2296 merum
2453 2243 2651 2296 merito
2677 2251 2998 2314 aggregatnr
3021 2241 3177 2313 (Cic.,
3206 2242 3245 2296 l.
3270 2258 3306 2297 tt
3332 2242 3395 2301 de
3422 2241 3614 2298 Natur.
3641 2242 3812 2313 deor.,

2219 2352 2273 2409 ρ.
2296 2334 2403 2391 214
2424 2375 2438 2399 ,
2483 2335 2576 2388 lin.
2605 2334 2720 2404 41).
2746 2336 2842 2391 lllc
2871 2335 3016 2390 enim
3049 2351 3177 2392 vero
3208 2350 3329 2390 cum
3360 2334 3568 2408 Pyrrho
3597 2335 3819 2393 naufra-

2219 2429 2366 2498 gium
2396 2429 2758 2497 praedixisset,
2801 2429 3041 2503 Pyrrhus
3068 2429 3117 2484 ei
3145 2429 3564 2487 Andromachen
3593 2446 3819 2487 uxorem

2219 2522 2273 2577 in
2295 2524 2718 2589 matrimonium,
2734 2539 2798 2580 ac
2816 2527 2963 2594 regni
2988 2535 3195 2596 partem
3219 2527 3511 2582 concessit.
3536 2524 3694 2584 Unde
3706 2526 3820 2582 Vir-

2219 2620 2381 2690 gilius
2426 2619 2565 2685 iure,
2593 2635 2713 2690 qua:
2733 2635 2762 2674 a
2796 2620 3058 2674 Pausania
3090 2619 3512 2686 comprobantur
3532 2619 3819 2690 (Pansam,

2220 2714 2331 2778 1.1,
2378 2731 2428 2783 p.
2458 2713 2545 2780 10,
2594 2723 2642 2768 et
2672 2715 2712 2768 l.
2755 2730 2811 2781 ιι,
2868 2731 2920 2783 ρ.
2973 2713 3087 2785 66),
3121 2713 3388 2771 cecinisse
3435 2715 3675 2788 legitur:

2314 2828 2407 2893 llic
2430 2829 2732 2881 incredibilis
2752 2843 2919 2893 rerum
2944 2829 3066 2879 fama
3085 2835 3290 2893 occupat
3311 2842 3476 2890 aures,

2314 2892 2590 2940 Priamiden
2612 2893 2858 2941 Helenum
2879 2892 3048 2942 Graias
3070 2892 3281 2953 regnare
3306 2906 3392 2955 per
3418 2893 3585 2952 urbes,

2315 2954 2552 3018 Conjugio
2576 2954 2784 3005 IEacidae
2814 2954 3016 3018 Pyrrhi,
3040 2954 3351 3018 sceptrisque
3377 2956 3610 3018 potitum,

2315 3016 2377 3067 Et
2401 3016 2557 3080 patrio
2581 3016 2952 3067 Andromachen
2974 3016 3158 3068 iterum
3180 3016 3389 3069 cesSisse
3407 3021 3599 3069 marito.

2551 3101 2780 3171 (Virgil.,
2809 3100 2890 3155 lib.
2915 3118 2965 3153 ιιι
2991 3102 3209 3165 dinam,
3233 3116 3359 3159 vers.
3384 3103 3476 3158 294
3496 3109 3543 3159 et
3565 3101 3726 3171 seqq.)

2221 3235 2337 3305 Qua
2362 3247 2540 3291 autem
2572 3235 2903 3291 vaticinandi
2931 3237 3158 3292 scientia
3199 3236 3452 3308 polleret,
3485 3236 3631 3294 idem
3658 3246 3819 3309 poeta

521 3331 718 3373 nomen
747 3317 1184 3390 prmierentibns,
1218 3321 1326 3377 duo
1353 3322 1653 3392 prmserlim
1708 3336 1738 3377 a
1795 3321 1957 3377 Suida
2011 3335 2125 3377 me-
2151 3329 2197 3392 c
2229 3329 2313 3386 his
2342 3331 2593 3387 versibus
2615 3340 2801 3401 postea
2830 3332 3104 3403 explicat:

524 3421 820 3476 morantur,
849 3428 1080 3481 quorum
1130 3430 1269 3468 unus
1310 3412 1617 3478 Chaldaeus,
1663 3423 1717 3468 et
1745 3413 2120 3484 philosophus,

522 3505 613 3576 qui
637 3505 803 3561 libros
823 3514 1053 3577 quatuor
1080 3506 1148 3562 de
1169 3507 1507 3563 daemonibus
1527 3507 1788 3563 ediderat.
1817 3508 1967 3564 Alter
1996 3522 2126 3563 vero

524 3599 691 3670 hujus
719 3600 859 3656 illius
909 3602 1125 3672 scripsit
1172 3601 1416 3657 versibus
1468 3602 1766 3671 theurgica,
1815 3601 2131 3668 initiatoria,

526 3693 772 3758 oracula,
803 3702 855 3748 et
897 3695 998 3749 alia
1030 3709 1386 3765 quaecumque
1430 3694 1590 3763 hujus
1621 3694 1862 3750 scientiae
1909 3710 2125 3751 arcana.

528 3783 636 3841 Sed
664 3784 780 3840 haec
805 3785 871 3840 ad
900 3785 1127 3842 deorum
1154 3786 1358 3842 cultum
1389 3787 1578 3858 magis.
1612 3802 1771 3857 quam
1803 3786 1868 3840 ad
1898 3789 2126 3857 magiam

530 3889 805 3949 spectasse
853 3881 1099 3948 quamvis
1144 3881 1419 3936 nonnullis
1451 3881 1619 3936 videri
1672 3881 1901 3950 possint,
1934 3882 1977 3935 si
2010 3882 2129 3951 quis

530 3981 711 4028 tamen
740 3974 1033 4029 Arnobinm
1056 3975 1124 4031 de
1150 3975 1263 4039 illo,
1292 3985 1382 4030 aut
1409 3976 1530 4043 ejus
1560 3984 1709 4042 patre
1734 3976 1968 4031 locutum
2009 3989 2131 4031 esse

532 4066 861 4137 probaverit,
915 4066 1038 4123 huic
1087 4083 1194 4123 non
1244 4070 1473 4125 multum
1521 4068 1763 4140 profecto
1811 4069 2132 4141 repugnabi-

533 4173 674 4215 mus.

607 4255 683 4313 De
707 4255 917 4311 Btebulo
948 4254 1180 4327 denique
1209 4256 1338 4312 nihil
1373 4258 1530 4327 plane
1558 4257 1627 4312 ab
1662 4258 1774 4313 ullo
1811 4266 2127 4312 annotatur.

535 4350 672 4419 Quid
705 4361 883 4407 autem
912 4351 955 4405 si
992 4368 1087 4421 pro
1115 4350 1373 4420 Babulus,
1409 4352 1460 4407 in
1488 4351 1710 4408 Arnobii
1747 4361 1891 4407 textu
1920 4351 2135 4407 Babilus

536 4446 780 4517 legatur?
811 4445 1005 4501 Narrat
1033 4446 1178 4502 enim
1211 4446 1504 4502 Suetonius
1533 4445 1759 4502 Claudio
1796 4446 2008 4500 Nerone
2034 4447 2136 4500 im-

535 4532 780 4611 perante,
807 4554 927 4595 cum
959 4539 1113 4594 stella
1143 4539 1334 4595 crinita
1364 4554 1464 4611 per
1490 4541 1773 4595 continuas
1800 4551 1984 4594 noetes
2004 4539 2134 4594 oriri

535 4634 826 4696 crepisset:
861 4649 882 4683 ‹
918 4631 1121 4686 Anxins
1146 4631 1288 4686 Nero
1313 4647 1373 4687 ea
1419 4630 1488 4686 de
1535 4647 1614 4697 re,
1654 4651 1673 4684 ι
1706 4632 1898 4700 inquit,
1928 4650 1948 4683 ι
1983 4642 2039 4685 ιιι
2067 4648 2134 4686 ex

2321 3446 2623 3511 Trojugena,
2644 3452 2892 3511 interpres
2913 3448 3095 3510 divum,
3118 3450 3199 3509 qui
3222 3451 3418 3499 numina
3442 3447 3636 3509 Phoebi,

2322 3509 2412 3575 Qui
2442 3511 2673 3575 tripodas,
2685 3509 2837 3575 Clarii
2863 3510 3042 3572 lauros,
3065 3512 3150 3575 qui
3174 3512 3335 3561 sidera
3373 3515 3545 3572 sentis,

2322 3572 2385 3628 Et
2408 3572 2658 3625 volucrum
2683 3573 2892 3637 linguas,
2920 3583 2974 3626 et
2998 3572 3217 3638 pre‘petis
3236 3576 3397 3625 omina
3422 3587 3615 3639 pennae.

3002 3658 3180 3723 (Ibid.,
3201 3672 3329 3712 vers.
3353 3659 3447 3711 359
3470 3666 3516 3711 et
3537 3660 3693 3728 seqq.)

2230 3763 2453 3836 Legesis
2481 3765 2665 3822 hos'in
2687 3782 2883 3823 versus
2908 3767 3085 3823 Servii
3108 3768 3512 3824 annotationes.

2303 3858 2535 3925 Quartus
2583 3860 2798 3916 tandem
2845 3871 2901 3917 et
2948 3861 3172 3918 ultimus
3221 3861 3444 3916 Martius
3485 3861 3555 3917 ab
3604 3870 3830 3921 auctore

2234 3962 2421 4008 nostro
2451 3966 2691 4021 vocatur,
2713 3969 2872 4025 quem
2903 3955 3104 4020 Livius,
3126 3963 3183 4010 et
3208 3955 3526 4013 Amimanus
3559 3957 3833 4017 Marcelli-

2234 4047 2376 4103 linus
2401 4058 2577 4104 vatem
2600 4050 2864 4105 illustrem
2893 4051 3166 4121 appellant
3191 4049 3353 4120 (Liv.,
3373 4051 3466 4107 lib.
3485 4067 3616 4116 xxv.
3647 4071 3700 4109 c.
3724 4056 3827 4120 12;

2235 4145 2493 4198 Ammian.
2528 4144 2803 4211 Marcell.,
2853 4146 2941 4201 lib.
2974 4162 3088 4214 xiv,
3138 4165 3190 4217 p.
3235 4146 3313 4221 5).
3344 4148 3488 4204 Duos
3531 4160 3713 4206 autem
3762 4151 3831 4206 il-

2244 4235 2350 4292 lius
2380 4252 2570 4293 versus
2611 4238 2796 4294 Livius
2821 4238 3069 4309 exhibet,
3101 4257 3329 4311 quorum
3360 4244 3565 4315 priore,
3615 4246 3829 4317 inquit,

2236 4328 2575 4386 Cannensem
2630 4332 2838 4387 cladem
2893 4333 3216 4401 praedixerat
3273 4354 3288 4391 :
3346 4338 3651 4406 posteriore
3694 4354 3831 4395 vero

2239 4421 2542 4488 Romanos,
2585 4424 3035 4493 quemadmodum
3064 4426 3224 4481 etiam
3252 4426 3550 4484 Macrobius
3574 4431 3837 4486 testiﬁca-

2240 4524 2346 4579 tur,
2374 4516 2440 4570 ad
2473 4516 2628 4571 ludos
2651 4517 2885 4585 Apollini
2916 4518 3190 4574 vovendos
3220 4519 3603 4591 faciendosque
3624 4523 3837 4579 induxit

2240 4608 2501 4682 (Macrob.
2520 4652 2535 4674 ,
2569 4609 2657 4665 lib.
2703 4626 2722 4664 ι
2751 4610 3047 4674 Saturnnl.,
3076 4629 3124 4669 ο.
3153 4613 3241 4680 17,
3272 4632 3324 4684 p.
3355 4613 3466 4669 254
3487 4624 3536 4669 et
3558 4615 3758 4689 βρεμι).

538 4718 725 4777 Babilo
738 4722 1012 4793 astrologo
1033 4708 1216 4779 didicit
1234 4723 1413 4778 solere
1434 4737 1590 4793 reges
1612 4722 1731 4777 talia
1756 4732 1965 4777 ostenta
1986 4723 2120 4779 cmdt

2313 4702 2369 4757 In
2402 4713 2580 4758 vatum
2609 4718 2771 4773 porro
2796 4705 3124 4761 mentionem
3169 4705 3599 4777 quandoquidem
3645 4708 3838 4765 incidi—

536 4815 712 4883 aliqua
750 4816 944 4871 illustri
987 4819 1227 4887 expiare,
1261 4827 1421 4887 atque
1448 4833 1476 4872 a
1515 4828 1685 4873 semet
1714 4818 1767 4873 in
1807 4819 1980 4888 capita
2012 4833 2131 4885 pro-

536 4923 721 4964 cerum
744 4908 1041 4978 depellere,
1069 4910 1406 4966 nobilissimo
1434 4911 1629 4982 cuique
1652 4909 1871 4967 exitium
1897 4911 2136 4965 destina-

537 5002 613 5057 vit
643 5021 661 5055 ι
696 5001 962 5069 (Sueton.,
992 5003 1081 5058 lib.
1109 5018 1167 5058 vr
1196 5006 1249 5058 in
1284 5003 1385 5059 Vit.
1423 5002 1647 5069 Neron.,
1677 5020 1793 5072 cap.
1826 5002 1945 5076 55.)

613 5093 1001 5151 Verumtamen
1032 5104 1207 5150 utrum
1240 5094 1345 5161 hic,
1375 5106 1424 5152 et
1463 5096 1554 5150 alii
1595 5112 1622 5148 a
1669 5096 1822 5150 nobis
1860 5096 2138 5163 recensiti,

539 5190 574 5245 ii
610 5205 801 5246 revera
828 5191 966 5255 magi
997 5190 1217 5259 fuerint,
1249 5192 1338 5262 qui
1366 5192 1432 5245 ab
1457 5190 1697 5246 Arnohio
1722 5192 2135 5259 compellantur,

536 5284 625 5340 vel
657 5292 833 5339 utrum
863 5284 1085 5354 aliquid,
1119 5293 1175 5339 et
1207 5283 1476 5353 quomodo
1504 5286 1555 5338 in
1596 5284 1739 5339 illius
1766 5296 1908 5340 textu
1948 5299 2133 5340 emen-

539 5376 771 5432 dandum
808 5377 896 5440 sit,
937 5393 1037 5432 nos
1076 5392 1206 5431 sane
1237 5376 1392 5445 nihil,
1437 5378 1537 5433 nisi
1577 5378 1797 5433 alterius
1828 5379 2136 5448 integrioris

538 5470 738 5525 codicis
764 5485 867 5539 cpe
896 5470 1085 5540 adjuti,
1118 5480 1270 5526 certo
1304 5480 1543 5528 statuere
1571 5470 1849 5526 audemus.
1882 5472 2133 5539 Quapro-

540 5572 659 5633 pter
707 5566 972 5621 malumus
1017 5564 1248 5621 alioruni
1284 5581 1347 5623 ea
1393 5566 1462 5625 de
1499 5582 1559 5623 re
1594 5574 1928 5637 exspectare,
1972 5579 2132 5636 quam

542 5666 786 5712 nostrum
815 5660 954 5716 l'erre
975 5657 1257 5728 judicium.

2237 4811 2390 4861 mus,
2432 4812 2539 4851 non
2583 4796 2770 4853 inutile
2818 4797 3032 4865 forsan,
3090 4815 3188 4856 nec
3244 4815 3274 4853 a
3324 4802 3599 4869 preposito
3647 4813 3837 4860 nostro

2239 4908 2461 4964 prorsus
2484 4893 2719 4948 alienum
2748 4892 2869 4958 erit,
2900 4892 3101 4958 aliquid
3127 4893 3195 4949 de
3238 4894 3301 4948 iis
3329 4893 3535 4958 dicere,
3565 4911 3690 4967 qua:
3739 4900 3840 4953 Ar-

2237 4986 2430 5042 nobius
2456 4986 2525 5041 de
2553 4986 2749 5041 divinis
2779 4985 3120 5056 quibusdam,
3161 4986 3318 5042 sicuti
3364 4989 3595 5059 gentiles
3643 4990 3839 5060 opina-

2238 5081 2458 5145 bantur,
2516 5080 2749 5145 vatibus,
2808 5095 2903 5134 scu
2960 5080 3232 5146 fatidicis,
3287 5093 3341 5138 et
3385 5082 3569 5138 divina
3610 5085 3838 5141 oracula

2241 5177 2594 5234 tundentibus
2622 5179 2763 5231 hunc
2783 5179 2836 5231 in
2856 5177 3074 5231 modum
3094 5186 3314 5232 enarrat
3332 5195 3347 5232 :
3365 5196 3385 5229 ‹
3408 5177 3835 5248 Trophonius...

2237 5270 2558 5334 Dodonaeus,
2591 5280 2677 5324 aut
2701 5269 3004 5340 Jupiter...;
3035 5268 3216 5324 Delius
3247 5268 3459 5337 Apollo,
3482 5270 3566 5325 vel
3596 5270 3836 5338 Clarius,

2239 5366 2546 5437 Didymmus
2570 5407 2585 5430 ,
2621 5363 2910 5429 Philesius,
2955 5363 3178 5434 Pythius
3200 5404 3218 5430 ,
3256 5372 3312 5418 et
3348 5367 3394 5417 is
3422 5363 3706 5420 habendus
3756 5364 3841 5420 di-

2237 5460 2394 5513 vinus
2419 5457 2661 5527 (Arnob.,
2695 5457 2783 5512 lib.
2816 5473 2830 5511 i
2858 5498 2873 5523 ,
2918 5473 2970 5524 p.
3000 5456 3112 5527 14).
3142 5456 3215 5510 ita
3244 5471 3375 5511 sane
3408 5458 3462 5511 in
3507 5457 3839 5527 quibusdam

2239 5552 2431 5608 horum
2480 5551 2740 5605 librorum
2784 5548 3131 5605 cditiouibus.
3178 5548 3284 5603 Sed
3331 5549 3384 5604 in
3440 5549 3840 5619 antiquioribus

2237 5661 2339 5718 pro
2390 5642 2721 5713 Trophonius
2764 5642 2994 5711 legimus
3041 5642 3297 5712 profanis,
3341 5649 3395 5696 et
3443 5641 3736 5710 profanus;
3784 5642 3837 5697 in

2238 5740 2389 5809 regio
2408 5736 2595 5794 codice
2618 5736 2986 5805 manuscripto
3007 5734 3180 5804 prima
3203 5750 3364 5790 manu
3390 5736 3683 5807 profanius.
3702 5735 3838 5791 Tam

2242 5832 2382 5890 finde
2429 5841 2606 5888 autem
2655 5831 3010 5886 adulteratum
3066 5836 3151 5884 est
3206 5828 3310 5883 hoc
3358 5843 3578 5893 nomen,
3630 5836 3692 5882 ut
3748 5828 3835 5883 vix

2241 5929 2445 5999 absque
2471 5926 2579 5984 alio
2604 5925 2831 5984 meliore
2867 5923 3057 5983 codice
3084 5923 3336 5981 resarciri
3364 5936 3526 5994 posse
3564 5921 3835 5983 videatur.
