3978 6326
156 346 254 404 675

1311 349 1379 408 IN
1428 340 1803 418 senectuti,
1849 346 2006 408 CAP.
2034 332 2234 407 .‘xx‘vr.

3334 354 3440 410 67b

217 461 285 515 At
332 460 379 515 si
427 457 495 516 de
537 460 852 533 Trophonio
917 461 1156 519 locutum
1206 463 1373 522 fuisse
1435 468 1736 522 Arnobiuin
1772 475 1813 531 Α
1850 466 1952 519 alia
1985 467 2247 533 delubra,
2277 481 2395 536 qum
2423 465 2581 537 hujus
2605 464 2869 537 Apollinis
2896 468 3174 524 oraculum
3206 478 3261 525 et
3288 484 3441 527 sacra

151 562 290 609 recte
313 553 595 623 probetur,
621 554 673 610 id
702 558 1007 611 conlirmari
1040 561 1235 628 poterit
1258 561 1568 615 testimonio
1589 570 1741 616 vcte-

152 666 263 706 rum
303 648 677 720 Scriptorum,
726 653 819 724 qui
871 654 1148 707 memoria:
1199 654 1549 724 prodiderunt
1597 655 1744 711 illius

151 744 359 800 oracula
387 786 403 810 ,
458 759 527 801 ex
573 744 807 816 quodam
858 744 1113 801 Labadia:
1157 762 1321 817 specu
1361 747 1489 801 olim
1538 748 1744 803 reddita

150 834 330 894 fuisse.
362 836 557 894 Narrat
602 854 733 894 vero
762 839 1059 896 Pausanias
1087 841 1281 912 quibus
1327 842 1520 897 ritibus
1550 842 1620 908 ii,
1652 842 1742 913 qui

152 932 518 1003 Traphonium
550 932 930 1001 consulebant,
984 935 1036 989 in
1070 935 1210 990 hanc
1250 950 1471 1007 specum
1518 936 1742 992 descen-

150 1027 359 1096 derent,
391 1039 555 1101 atque
584 1040 743 1086 antea
774 1028 1041 1085 deberent
1068 1031 1295 1101 expiari.
1328 1031 1403 1086 De
1433 1031 1535 1085 hoc
1560 1040 1743 1086 autem

152 1124 367 1179 oraculo
393 1132 594 1194 praeter
615 1123 962 1187 Strabonem,
994 1124 1335 1192 Ciceronem,
1361 1125 1590 1192 Livium,
1619 1124 1742 1180 Ori-

151 1234 336 1290 genem
358 1261 374 1284 ,
404 1218 621 1274 Suidam
644 1261 659 1284 ,
711 1218 972 1290 legendus
1003 1229 1083 1275 est
1114 1219 1406 1283 Erasmus,
1439 1220 1527 1289 qui
1568 1219 1745 1274 varias

150 1310 215 1367 de
244 1310 341 1366 illo
369 1312 656 1382 Opiniones
684 1311 890 1368 retulit.
930 1311 1001 1367 At
1038 1312 1107 1367 de
1137 1312 1230 1366 illo
1259 1313 1420 1367 etiam
1455 1310 1742 1366 Tertullia-

150 1420 251 1460 nus
281 1404 421 1476 egit,
457 1413 513 1460 ut
537 1419 636 1461 suo
668 1404 786 1461 loco
814 1405 1134 1461 videbimus.
1170 1404 1189 1478 (
1219 1404 1449 1459 Pausan.
1475 1446 1489 1469 ,
1530 1404 1617 1458 lib.
1653 1420 1706 1459 ix
1726 1446 1742 1471 ,

148 1516 281 1571 pag.
314 1498 439 1565 515,
469 1508 515 1553 et
543 1514 678 1571 seq.;
709 1498 893 1565 Suid.,
936 1499 1005 1553 ad
1032 1498 1169 1554 verb.
1198 1501 1512 1576 Τροφώνιοςς
1542 1497 1741 1562 Strab.,

148 1591 266 1655 lib.,
300 1607 352 1648 II
386 1591 597 1664 Geogr.,
624 1609 725 1664 pag
776 1593 903 1660 4M,
932 1591 1070 1660 421,
1101 1602 1146 1646 et
1174 1592 1262 1647 lib.
1307 1608 1428 1654 xvr,
1462 1610 1581 1664 pag.
1615 1592 1742 1659 762;

148 1683 311 1741 Cicer.
341 1728 358 1754 ,
391 1686 476 1741 lib.
530 1703 550 1743 ι
589 1685 800 1744 Tuscul.
823 1730 838 1755 ,
873 1704 994 1758 pag.
1025 1687 1155 1755 151,
1188 1697 1236 1741 et
1272 1687 1359 1743 lib.
1397 1703 1451 1743 ιιι
1504 1690 1567 1742 de
1618 1687 1742 1741 Nat.

148 1779 289 1835 deor.
314 1821 331 1845 ,
361 1798 483 1852 pag.
511 1781 660 1848 247;
692 1780 840 1850 Liv.,
872 1782 960 1837 lib.
1008 1796 1138 1847 XLV,
1187 1798 1304 1848 cap.
1336 1781 1438 1847 27;
1488 1781 1698 1853 Origen.
1725 1823 1742 1850 ,

1848 558 2146 612 continent.
2202 558 2474 614 Ciraldum
2530 560 2730 627 etiam,
2777 562 2823 617 si
2874 562 3086 617 animus
3128 572 3242 629 est,
3296 564 3445 620 adire

1846 651 1984 703 haud
2012 650 2307 717 difﬁciliter
2358 651 2558 722 poteris
2589 651 2788 725 (Strab.
2819 694 2833 717 ,
2863 653 2952 709 lib.
2999 670 3115 719 xuv,
3150 671 3270 727 pag.
3302 653 3440 723 654;

1847 742 2055 800 Girald.
2083 788 2095 811 ,
2131 745 2403 818 Syntagm.
2436 748 2465 800 7
2499 746 2562 801 de
2580 748 2679 801 diis
2698 757 2831 819 gent.
2856 791 2872 815 ,
2915 767 3035 820 pag.
3078 747 3231 822 2‘25).
3278 749 3441 805 Deni-

1850 853 1952 908 que
1980 839 2046 893 de
2074 840 2241 895 variis
2273 841 2612 911 Apollinibus
2638 844 2752 898 haec
2779 843 2982 899 Statius
3011 843 3208 900 cecinit
3240 860 3257 900 :

1938 949 2179 1015 Quidquid
2205 965 2276 1013 es,
2303 960 2520 1003 aeternus
2542 953 2731 1005 Pbcebo
2750 954 2905 1015 dolor,
2930 963 2983 1005 et
3004 969 3130 1006 nova
3154 954 3322 1007 clades

1939 1013 2149 1080 _S_emp_'er
2168 1017 2285 1073 eris,
2308 1017 2553 1080 mutisque
2578 1017 2660 1066 diu
2683 1013 2941 1079 plorabere
2970 1017 3190 1080 Delphis.

1938 1074 2057 1144 llaec
2080 1075 2335 1144 Tenedon,
2363 1074 2696 1144 cyrrhamque
2717 1081 2842 1134 dies.
2862 1074 3105 1144 partuque
3121 1081 3319 1142 ligatam

1940 1135 2121 1205 Qelop,
2149 1146 2201 1205 et
2227 1135 2626 1205 intonsiclandet'
2654 1135 2926 1205 penetralia
2948 1135 3194 1193 Brancbi':

1938 1196 2247 1269 [tice-Clarias
2272 1202 2359 1269 hac
2380 1201 2492 1269 luce
2519 1196 2667 1269 fores;
2686 1203 2934 1269 Didyma-a
2956 1220 3035 1264 ευρ
3060 1206 3317 1269 quisquam

1940 1258 2146 1324 Limina,
2173 1276 2268 1312 nec
2290 1263 2485 1327 tyctam
2518 1258 2727 1329 supplex
2754 1258 3001 1317 cbnsultor
3021 1258 3195 1317 adibis:

2223 1348 2395 1412 (εισι,
2416 1346 2503 1400 lib.
2528 1366 2609 1401 vin
2631 1348 2886 1414 Thebaid.,
2910 1350 3049 1417 longe
3065 1358 3170 1417 post
3189 1349 3323 1416 init.)

2446 1491 2735 1533 ARTICULUS
2760 1493 2838 1534 Ill.

1847 1582 1925 1635 De
1950 1586 2098 1637 variis
2128 1590 2529 1659 scriptoribusab
2564 1591 2783 1659 Arnobio
2806 1593 2982 1659 citatis,
3007 1609 3215 1659 quorum
3252 1584 3459 1649 nomina

2223 1653 2399 1703 ordine
2421 1652 2731 1717 alpbabetico
2751 1652 3064 1709 exhibentur.

1921 1776 2113 1835 Plures
2140 1780 2412 1837 Arnobius
2460 1783 2570 1839 suis
2600 1784 2652 1840 in
2698 1785 2851 1843 libris
2878 1786 3063 1843 citavit
3113 1788 3442 1861 scriptores,

148 1873 235 1927 lib.
268 1889 329 1930 ιιι
370 1885 539 1928 contr.
570 1873 703 1930 Cels.
726 1916 740 1942 ,
776 1892 894 1946 pag.
930 1875 1024 1930 151
1056 1891 1071 1940 ;
1104 1874 1337 1941 Erasm.,
1370 1874 1538 1946 Adag.
1585 1874 1746 1941 Chil.,
1779 1864 1828 1927 B
1853 1869 2086 1927 buorum
2131 1875 2440 1930 testimonio
2486 1888 2541 1932 et
2569 1878 2856 1936 autoritate
2910 1892 3003 1936 aut
3050 1881 3298 1954 dogmata
3348 1900 3447 1940 sua

149 1979 279 2024 cent.
326 1968 379 2037 7,
421 1970 589 2042 Adag.
636 1969 747 2038 77;
801 1968 1001 2025 Dissert
1048 1970 1102 2025 in
1142 1969 1473 2035 Tertullian.,
1511 1986 1632 2042 cap.
1677 1970 1745 2040 7,

147 2072 248 2118 art.
273 2064 334 2119 3.
358 2060 381 2137 )

218 2157 356 2213 Tum
396 2157 592 2215 deinde
617 2157 882 2215 Arnobius
910 2158 1147 2230 appellat
1187 2157 1377 2215 Jovem
1412 2157 1743 2214 Dodonaeum

146 2249 375 2323 ejusque
401 2254 650 2317 oracula,
686 2253 756 2308 de
800 2252 997 2325 quibus
1026 2263 1222 2323 prtetcr
1248 2253 1384 2308 alios
1416 2254 1746 2308 mentionem

146 2342 400 2403 fecerunt
427 2347 743 2416 Pausanias,
783 2348 876 2404 lib.
907 2364 945 2411 ι,
974 2364 1092 2419 pag.
1121 2347 1220 2412 15;
1251 2347 1476 2413 Cicero,
1511 2347 1606 2402 lib.
1638 2364 1652 2402 I
1686 2345 1753 2402 de

146 2438 499 2507 Divinatione,
517 2456 637 2512 pag.
666 2439 809 2505 268;
844 2440 1069 2505 Plinius,
1103 2440 1197 2495 lib.
1221 2457 1274 2496 tv
1302 2439 1436 2494 Hist.
1470 2438 1625 2506 Nat.,
1646 2438 1749 2493 ini-

146 2534 247 2601 tio,
281 2550 383 2606 pag
406 2535 511 2591 404
536 2551 551 2602 ;
578 2536 797 2592 Solinus
825 2536 1115 2608 Polyhist.,
1143 2551 1263 2607 cap.
1289 2536 1342 2591 7.
1378 2539 1447 2590 At
1491 2537 1639 2606 plura
1681 2535 1750 2591 de

142 2627 242 2683 illo
269 2628 494 2686 Servius
532 2631 586 2685 in
613 2631 726 2686 suis
764 2630 832 2686 ad
865 2630 1066 2702 Virgilii
1096 2631 1335 2687 carmina
1384 2630 1747 2686 annmationi-

139 2722 283 2789 bus,
318 2721 408 2777 ubi
440 2722 697 2779 observat
735 2723 938 2779 lebetes
969 2725 1019 2779 in
1055 2725 1254 2793 templo
1296 2723 1550 2778 Dodonaei
1578 2721 1746 2790 lovis,

140 2814 197 2871 in
230 2814 432 2870 finibus
459 2814 790 2884 IEtolorum,
826 2817 902 2873 illi
927 2828 983 2872 et
1004 2816 1204 2873 Veneri
1226 2833 1254 2871 a
1286 2816 1559 2873 veteribus
1586 2817 1750 2870 fuisse

140 2917 499 2965 Consecratus
548 2910 568 2982 (
608 2907 835 2982 Virgil.,
867 2910 957 2966 lib.
1010 2926 1068 2966 ιιι
1107 2910 1317 2966 ᾹΞηεὶά.
1343 2952 1359 2976 ,
1401 2926 1531 2964 vers.
1572 2908 1678 2965 446
1702 2906 1745 2977 ).

138 2999 280 3057 lude
296 3001 461 3057 etiam
489 3016 566 3059 aes
589 3002 945 3069 Dodonaeum,
973 3003 1041 3060 de
1062 3018 1170 3075 quo
1195 3019 1225 3057 a
1250 3003 1404 3059 nobis
1422 3003 1547 3058 alibi
1571 3013 1749 3059 actum

137 3105 228 3149 cst
258 3094 279 3164 (
309 3092 460 3149 Tom.
491 3111 509 3150 ι
540 3097 795 3164 Apparat.
822 3137 838 3164 ,
868 3098 957 3153 lib.
990 3114 1047 3152 ιιι
1073 3139 1088 3165 ,
1132 3098 1334 3151 dissert.
1382 3098 1405 3151 1
1431 3139 1445 3163 ,
1495 3113 1612 3166 cap.
1649 3096 1746 3163 10;

136 3198 249 3242 art.
279 3188 304 3243 1
331 3228 348 3253 ,
392 3205 513 3261 pag.
542 3189 648 3245 770
674 3200 721 3245 et
748 3207 853 3261 seq.
880 3188 924 3265 ).
952 3189 1403 3262 quemadmodum
1448 3190 1516 3246 de
1544 3190 1749 3261 Apolli-

1851 1965 2058 2020 stabilit
2103 1976 2157 2022 et
2201 1968 2522 2036 conﬁrmat,
2571 1982 2664 2027 aut
2708 1973 2992 2044 gentilium
3042 1990 3257 2031 errores
3313 1992 3443 2033 con—

1850 2054 1989 2111 futat
2016 2068 2068 2114 et
2100 2059 2352 2117 deSIruit.
2385 2062 2494 2117 Eos
2534 2076 2712 2120 autem
2765 2066 2991 2131 ordine,
3047 2077 3105 2122 ut
3149 2068 3329 2135 aiunt,
3361 2069 3446 2125 al-

1855 2149 2138 2220 phabetico
2166 2156 2378 2211 caeteris
2409 2157 2657 2213 omnibus
2689 2158 2929 2215 iaciliore
2956 2172 3010 2217 et
3040 2161 3278 2218 clariore
3303 2178 3448 2218 nunc

1852 2244 2274 2315 appellabimus,
2322 2255 2377 2303 et
2426 2248 2553 2319 quid
2607 2250 2675 2306 de
2705 2252 2807 2307 illis
2846 2252 2914 2309 ab
2959 2253 3078 2310 aliis
3129 2257 3447 2312 auctoribus

1851 2338 2100 2393 traditum
2127 2340 2227 2407 sit,
2260 2340 2515 2411 breviter,
2550 2359 2613 2400 ac
2636 2361 2735 2416 pro
2765 2344 2903 2401 virili
2933 2357 3085 2418 parte
3127 2358 3311 2404 nostra
3336 2363 3431 2405 ex-

1852 2444 2055 2501 ponere
2080 2432 2422 2490 conabimur.

1923 2525 2099 2581 Elius
2126 2527 2309 2599 itaque
2335 2529 2651 2602 simpliciter
2690 2532 2760 2588 ab
2810 2531 3053 2589 Arnobio
3104 2543 3292 2592 nostro
3332 2534 3448 2592 lau-

1850 2617 2028 2687 datur,
2087 2621 2390 2693 dit-iturque
2461 2626 2512 2680 in
2573 2625 2770 2695 aliam,
2844 2644 3005 2700 quam
3089 2627 3215 2686 Piso
3259 2638 3315 2686 et
3381 2635 3448 2688 de

1852 2711 2228 2770 Novensilibus
2282 2714 2385 2771 diis
2432 2727 2488 2773 et
2540 2717 2607 2774 de
2672 2718 2836 2775 Musis
2890 2720 3055 2776 ivisse
3098 2722 3440 2780 sententiam.

1852 2803 1956 2860 Sed
1988 2805 2092 2860 dno
2124 2806 2174 2860 in
2224 2805 2407 2876 primis
2447 2808 2822 2879 fueruntaElii
2877 2812 3096 2870 nomine
3123 2816 3437 2886 nuncupati.

1850 2894 2061 2951 Primus
2088 2899 2232 2954 enim
2265 2900 2407 2955 enim
2429 2912 2520 2968 ,est
2559 2902 2622 2958 C.
2653 2901 2832 2959 IElius
2858 2904 3027 2972 Stilo,
3080 2921 3243 2977 quem
3272 2906 3444 2963 Varro

1850 3003 1881 3043 a
1907 2988 2097 3046 Pisone
2122 2991 2190 3046 de
2216 2991 2332 3047 lacu
2365 2991 2551 3049 Curtio
2575 2994 2900 3051 dissensisse
2951 2997 3033 3052 bis
3061 2998 3240 3054 verbis
3298 3000 3448 3055 testi—

1851 3079 2078 3137 ﬁcatur:
2116 3101 2135 3135 ι
2172 3082 2230 3138 In
2260 3083 2379 3140 foro
2426 3086 2602 3142 lacum
2650 3086 2895 3143 Curtium
2940 3105 2971 3144 a
3021 3090 3206 3146 Curtio
3246 3090 3449 3148 dictum

1851 3188 2084 3232 constat.
2113 3178 2185 3233 De
2212 3194 2277 3234 eo
2306 3181 2503 3251 triceps
2529 3181 2771 3237 historia.
2799 3181 2933 3238 Nam
2964 3193 3018 3238 et
3045 3183 3314 3240 Procilius
3339 3202 3448 3242 non

133 3283 308 3338 nibus
333 3281 537 3350 Clario,
571 3282 789 3357 Pythio,
814 3261 1194 3357 et'Didymteo,
1244 3285 1311 3340 ab
1345 3285 1583 3340 Aruobio
1611 3284 1741 3339 cita-

1856 3269 1994 3325 idem
2049 3271 2286 3341 prodidit
2338 3274 2483 3345 quod
2533 3275 2690 3341 Piso;
2748 3292 2849 3333 nec
2893 3278 3037 3348 quod
3086 3281 3130 3335 is
3177 3279 3241 3336 C.
3273 3279 3448 3337 Elius

137 3376 234 3430 tis.
269 3374 373 3442 Qui
407 3390 532 3432 vero
574 3376 730 3447 plura
777 3376 845 3433 de
890 3376 1147 3448 Apolline
1190 3378 1370 3434 Clario
1401 3379 1669 3443 voluerit,
1702 3376 1749 3433 is

133 3468 308 3525 adeat
323 3468 535 3524 Plinum
562 3468 659 3525 lib.
679 3485 717 3525 ιι
739 3468 926 3525 Natur.
947 3470 1162 3538 bistor.,
1181 3486 1302 3541 cap.
1326 3470 1449 3532 105,
1470 3486 1587 3540 pag.
1605 3468 1743 3536 254;

130 3562 469 3620 Strabonem
495 3605 513 3632 ,
547 3564 640 3619 lib.
681 3579 771 3620 xtv
811 3562 1118 3636 Geograph.
1142 3607 1157 3633 ,
1190 3580 1310 3637 pag.
1363 3563 1487 3621 612.
1532 3573 1582 3619 et
1613 3566 1747 3619 Cur—

128 3658 351 3715 nelium
376 3656 642 3721 Tacitum,
667 3657 761 3715 lib.
780 3657 1059 3727 ttAnnal.,
1083 3668 1203 3727 post
1230 3657 1397 3725 med.,
1414 3657 1501 3710 ubi
1525 3656 1593 3711 de
1615 3654 1749 3711 Ger-

129 3751 370 3808 manico
397 3751 637 3807 disserit.
671 3752 745 3807 De
775 3752 1051 3823 Uidymteo
1078 3762 1284 3819 autem,
1313 3752 1565 3807 eumdem
1596 3749 1749 3806 Stra-

125 3845 370 3914 bonem,
387 3845 481 3903 lib.
501 3847 686 3913 citato,
708 3861 829 3918 pag.
850 3846 975 3912 634;
992 3845 1334 3915 Pausaniam,
1354 3846 1448 3902 lib.
1464 3863 1501 3913 ι,
1519 3862 1637 3917 pag.
1657 3846 1744 3913 15;

125 3938 366 4005 Melam,
393 3941 483 3996 lib.
512 3957 550 4008 ι,
572 3940 663 3996 tibi
686 3939 756 3997 de
774 3940 953 4005 Junia;
979 3942 1284 4011 Apuleium,
1318 3940 1419 3995 sub
1463 3939 1555 3995 ﬁn.
1580 3940 1672 3994 lib.
1696 3953 1749 3994 iv

122 4030 535 4105 Metamorph.,
559 4048 677 4106 pag.
712 4033 801 4100 70;
832 4033 1086 4099 Plinium,
1119 4033 1213 4089 lib.
1248 4050 1297 4088 rt
1323 4031 1566 4088 Natural.
1593 4033 1745 4100 bisL,

124 4141 267 4200 cap.
327 4126 422 4192 16,
472 4141 593 4198 pag.
645 4125 770 4193 678;
824 4126 1220 4193 Sozumenmn,
1289 4125 1383 4180 lib.
1438 4142 1476 4192 ι,
1511 4141 1631 4195 cap.
1690 4124 1741 4192 7,

122 4234 270 4294 pag.
304 4219 434 4276 409.
474 4219 552 4275 De
594 4217 808 4291 Pythio,
857 4217 1131 4283 Ovidium,
1163 4218 1256 4275 lib.
1290 4234 1307 4272 ι
1358 4216 1745 4287 Metamorpb.,

124 4314 296 4371 circa
328 4312 498 4378 med.;
526 4311 820 4367 Diodorum
875 4310 1142 4376 Siculum,
1195 4310 1290 4365 lib.
1329 4326 1424 4365 xvt
1462 4309 1744 4380 Biblioth.,

124 4422 274 4479 pag.
297 4404 425 4465 323.
446 4413 499 4460 et
519 4419 662 4475 seq.;
681 4403 1030 4467 Herodotum,
1057 4403 1150 4459 lib.
1173 4420 1212 4469 ι,
1234 4402 1262 4477 §
1283 4403 1373 4468 65;
1400 4403 1743 4470 Pausaniam,

123 4498 243 4556 lib.
274 4514 336 4564 x,
371 4511 489 4570 pag.
512 4498 638 4562 320,
662 4507 718 4553 et
744 4513 921 4568 seqq.;
950 4496 1318 4560 Plutarchum,
1338 4496 1433 4551 lib.
1457 4495 1522 4552 de
1540 4497 1747 4570 Pythia:

123 4590 409 4657 oracolis,
426 4605 545 4663 pag.
560 4589 687 4655 591,
703 4599 758 4645 et
771 4605 914 4661 seq.;
934 4590 1282 4657 Macrobium,
1301 4589 1392 4644 lib.
1414 4589 1742 4657 iSaturnal.,

1849 3364 1987 3422 Stilo
2025 3376 2242 3422 secutus
2276 3387 2296 3420 ι
2351 3367 2532 3441 (Varr.
2557 3411 2573 3438 ,
2614 3371 2653 3425 ι.
2700 3386 2754 3425 tv
2797 3370 2861 3425 de
2886 3369 3037 3444 Ling.
3070 3359 3188 3437 ltit.,
3243 3390 3296 3443 p.
3327 3371 3445 3445 56).

1851 3455 1995 3513 Alibi
2025 3474 2150 3514 vero
2180 3458 2374 3514 asserit
2400 3477 2523 3517 eum
2554 3463 2607 3517 in
2649 3462 2832 3520 latinis
2860 3461 3054 3520 litteris
3084 3466 3250 3522 fuisse
3277 3482 3440 3522 exer-

1854 3552 2073 3608 citatum
2097 3597 2111 3620 ,
2144 3554 2379 3625 citatqne
2406 3556 2548 3613 illius
2596 3559 3094 3627 interpretationem
3142 3562 3445 3618 carminum

1855 3646 2123 3704 Saliorum
2143 3693 2156 3716 ,
2191 3660 2246 3705 et
2284 3650 2426 3705 aliud
2457 3651 2576 3722 ejus
2606 3655 3051 3711 commentarium
3071 3699 3085 3722 ,
3115 3656 3211 3713 sed
3243 3656 3450 3713 utrobi-

1849 3758 1956 3813 que
1979 3742 2044 3799 C.
2067 3741 2242 3799 [Elius
2263 3754 2483 3800 vocatur
2514 3746 2721 3817 (Idem,
2753 3749 2791 3803 Ι.
2822 3766 2911 3815 Vl,
2944 3767 2995 3820 ρ.
3023 3750 3122 3813 70.
3157 3749 3267 3824 76).

1927 3835 2129 3907 Duplex
2180 3853 2308 3893 vero
2336 3835 2465 3893 Elii
2498 3837 2664 3895 fuisse
2692 3855 2992 3911 Cognomen
3027 3843 3279 3914 perhibet
3303 3844 3442 3902 Sue-

1850 3929 2063 3994 tonius,
2112 3928 2200 4000 qui
2245 3928 2359 3984 htec
2402 3930 2470 3985 de
2507 3931 2599 3987 illo
2638 3935 2915 3991 memoriae
2956 3936 3237 4007 prodidit:
3273 3957 3293 3991 ι
3334 3938 3433 3995 ιιι»

1849 4021 1962 4077 cius
2012 4019 2188 4076 [Elius
2229 4023 2551 4094 cognomine
2596 4023 2795 4094 duplici
2827 4027 2942 4082 luit.
3000 4027 3133 4085 Nam
3191 4038 3247 4087 et
3298 4029 3451 4087 Prat-

1851 4113 2074 4178 conius,
2130 4114 2274 4184 quod
2324 4124 2476 4186 pater
2507 4115 2625 4187 ejus
2667 4120 2995 4188 praeconium
3039 4122 3241 4180 iecerat
3282 4138 3448 4182 voca-

1850 4198 2048 4273 batur;
2105 4218 2157 4263 et
2188 4207 2324 4264 Stilo
2345 4252 2359 4278 ,
2390 4210 2533 4281 quod
2573 4212 2847 4269 orationes
2890 4214 3225 4271 nobilissimo
3255 4217 3451 4290 cuique

1851 4299 2090 4356 scribere
2139 4301 2348 4358 Solebat
2407 4320 2421 4358 :
2480 4313 2657 4361 tantus
2729 4309 3043 4378 optimatum
3104 4309 3314 4380 fautor,
3391 4320 3449 4367 ut

1850 4391 2104 4459 Quintum
2154 4394 2423 4451 Metellum
2476 4395 2817 4454 Numidicum
2866 4401 2917 4454 in
2963 4402 3179 4456 exilium
3222 4403 3448 4459 comita-

1852 4492 1936 4539 tus
1963 4486 2052 4540 sit.
2093 4506 2112 4539 ι
2147 4485 2387 4561 (Sueten.
2410 4530 2425 4555 ,
2450 4488 2513 4542 de
2534 4485 2788 4544 Illustrib.
2824 4490 3109 4545 Grammat.
3132 4533 3148 4559 ,
3191 4510 3307 4559 cap.
3363 4494 3448 4567 3.)

1853 4578 1928 4636 De
1952 4580 2251 4637 Prteconini
2278 4597 2490 4654 quoque
2517 4584 2837 4654 cognomine
2860 4587 2938 4640 sic
2960 4582 3177 4655 scripsit
3200 4584 3404 4642 Plinius
3428 4606 3443 4643 :

124 4701 270 4756 Cap.
290 4684 358 4740 17
377 4700 393 4749 ;
413 4656 573 4753 atque
585 4656 894 4754 Origt-nem,
919 4682 1071 4738 initio
1104 4683 1197 4737 lib.
1217 4656 1288 4738 vit
1306 4692 1490 4739 contra
1508 4656 1744 4740 Celsum.

1864 4695 1884 4728 ‹
1909 4675 2083 4748 Vulgo
2108 4694 2340 4749 purpura
2359 4676 2549 4732 latiore
2576 4680 2767 4732 tunica:
2791 4694 2917 4733 usos
2938 4678 3248 4735 invenimus
3283 4680 3446 4737 etiam

219 4776 310 4833 Ab
338 4785 559 4832 auctore
585 4785 769 4830 nostro
796 4774 973 4831 adhuc
1002 4775 1305 4844 appellatur
1349 4776 1609 4832 Philesius
1631 4818 1646 4841 ,
1678 4778 1747 4834 dc

124 4887 259 4943 quo
305 4868 607 4926 Macrobius
634 4868 748 4924 haec
787 4867 977 4924 litteris
1002 4868 1274 4922 mandavit
1306 4885 1319 4921 :
1356 4887 1375 4921 ι
1403 4868 1643 4928 Ἀπόλλων
1672 4882 1747 4926 Φι-

121 4966 332 5028 λήσιος
356 5006 371 5029 ν
426 4965 571 5036 Quod
603 4963 781 5019 lumen
811 4963 927 5033 ejus
967 4963 1220 5017 exoriens
1256 4962 1488 5017 amabile
1525 4964 1743 5018 amicis-

120 5063 289 5118 sima
316 5058 668 5113 veneratione
693 5055 972 5112 oculorum
1014 5056 1419 5110 consalutamus
1456 5074 1474 5106 ι
1504 5053 1697 5128 (Macr.
1723 5097 1739 5121 ,

116 5153 282 5213 lib.t
317 5147 591 5209 Saturnal.
615 5191 630 5214 .
671 5168 785 5219 cap.
822 5149 889 5206 17
917 5192 930 5213 .
965 5166 1085 5222 pag.
1127 5147 1276 5222 259).
1308 5148 1514 5204 Plinius
1561 5165 1691 5205 vero
1728 5169 1742 5206 :

126 5267 157 5303 ε
214 5246 503 5319 Canachus
549 5244 855 5317 Apollinem
903 5244 1101 5299 nudum
1135 5243 1293 5307 let-it,
1342 5243 1432 5314 qui
1480 5241 1744 5299 Pbilesius

112 5340 588 5412 cognominatur,
642 5340 693 5394 in
747 5338 1018 5411 Didymteo
1043 5381 1057 5405 ,
1092 5336 1416 5410 ~1Eginetica
1443 5339 1567 5393 aeris
1606 5347 1744 5393 tem-

114 5445 403 5510 peratura
468 5451 488 5487 ι
550 5432 772 5504 (Ριὶιιο,
828 5433 918 5489 lib.
976 5448 1031 5488 ιιι
1100 5432 1237 5488 Hist.
1295 5444 1445 5500 nat.,
1503 5449 1620 5503 cap.
1675 5434 1743 5499 5,

114 5547 276 5605 pag.
301 5529 388 5595 12,
415 5528 492 5600 ε).
512 5525 774 5583 Eumdem
793 5527 1145 5598 proculdubio
1170 5526 1457 5583 Pausanias
1486 5536 1751 5584 memorat

110 5638 365 5684 cereum
396 5623 448 5678 in
475 5620 794 5678 Branchidis
825 5616 1153 5692 Apollinem,
1180 5637 1211 5677 a
1237 5622 1421 5677 Xerxe
1446 5621 1589 5676 Darii
1618 5622 1745 5689 tilio,

111 5727 205 5777 et
242 5717 526 5773 Persarum
575 5731 701 5789 rege
743 5715 1001 5780 ablatum,
1037 5731 1195 5788 quem
1225 5715 1442 5772 Milesiis
1491 5714 1750 5772 Seleucus

100 5821 288 5889 post
309 5827 485 5869 annos
511 5812 709 5869 multos
728 5807 936 5870 remisit
951 5805 1232 5885 (Ραιιεαιι.,
1257 5810 1349 5867 lib.
1368 5828 1460 5868 vm
1478 5854 1493 5879 ,
1520 5829 1573 5883 p.
1596 5808 1745 5882 275).

108 5905 360 5978 Strabo
388 5904 909 5985 autemaddiditjibi
939 5920 1072 5981 esse
1117 5900 1296 5964 lucum
1344 5901 1753 5977 pretiosum,et

1856 4788 2158 4844 praecones,
2189 4773 2325 4828 sicut
2354 4781 2556 4842 patrem
2608 4772 2668 4828 L.
2696 4769 2824 4828 Elii
2855 4772 3071 4830 Stilonis
3116 4773 3445 4845 Praeconini,

1849 4867 1921 4924 ob
1964 4868 2014 4923 id
2062 4866 2419 4935 cognominati
2469 4887 2488 4919 ι
2526 4864 2695 4934 (Plin.
2718 4910 2735 4936 ,
2767 4868 2806 4925 ι.
2842 4882 3021 4923 xxxut
3044 4865 3237 4926 Natur.
3273 4866 3445 4941 Hist.,

1850 4977 1895 5015 c.
1949 4960 2007 5027 1,
2056 4979 2109 5030 p.
2157 4960 2336 5025 16;et
2383 4961 2419 5015 ι.
2465 4972 2577 5029 vn,
2620 4978 2666 5016 c.
2712 4960 2765 5029 1,
2817 4979 2870 5033 p.
2915 4961 3068 5036 558).
3120 4961 3276 5020 Unde
3323 4980 3448 5036 pos-

1852 5062 1937 5109 tea
1984 5055 2100 5110 solo
2130 5054 2352 5111 Stilonis
2378 5055 2677 5113 Praeconini
2730 5059 2948 5113 nomine
2988 5057 3250 5114 laudatur.
3296 5059 3446 5116 Hunc

1852 5150 1919 5202 A.
1950 5145 2149 5203 Gellius
2179 5145 2239 5202 L.
2272 5144 2821 5212 Allium,aut}Elium
2853 5152 3188 5224 simpliciter,
3221 5153 3316 5209 sed
3351 5152 3445 5211 do»

1849 5251 1993 5298 ctum
2015 5283 2031 5307 ,
2056 5250 2110 5296 et
2129 5241 2258 5298 alibi
2278 5242 2728 5311 eruditissimum,
2756 5261 2819 5301 ac
2847 5240 3104 5301 Varmuis
3131 5247 3441 5318 magistrum

1851 5336 2104 5408 appellat.
2157 5336 2327 5393 Simili
2391 5355 2607 5412 quoque
2682 5339 2842 5396 modo
2882 5336 3059 5395 Elius
3128 5334 3297 5405 Stilo,
3353 5349 3445 5397 aut

1851 5429 2028 5487 {Elius
2072 5439 2278 5486 tantum
2311 5431 2632 5504 quandoque
2651 5447 2680 5487 a
2704 5430 2864 5488 FeSto
2891 5445 3233 5504 nuncupatur
3258 5428 3439 5505 (Gell.,

1853 5521 1891 5577 Ι.
1923 5539 1958 5577 ιι
2004 5519 2163 5577 Νοει.
2213 5534 2342 5591 αιι.,
2397 5542 2444 5579 c.
2494 5519 2599 5588 21,
2648 5541 2699 5593 p.
2760 5519 2903 5585 158.
2947 5534 2994 5578 et
3048 5524 3084 5579 ι.
3141 5540 3234 5588 ιιι.
3278 5542 3326 5581 c.
3377 5526 3442 5593 5,

1854 5633 1909 5687 ρ.
1960 5616 2067 5674 218
2088 5660 2105 5686 ,
2151 5628 2198 5673 et
2222 5619 2259 5672 ι.
2293 5634 2345 5685 v,
2373 5633 2420 5671 c.
2450 5617 2554 5681 9.0,
2588 5633 2640 5686 p.
2684 5614 2807 5681 557,
2832 5627 2878 5670 et
2905 5617 2943 5671 ι.
2967 5633 3093 5682 xvr,
3124 5634 3172 5672 c.
3195 5618 3252 5684 8;
3275 5617 3443 5686 Fest.,

1854 5713 1918 5767 de
1946 5711 2140 5769 verbor.
2169 5708 2411 5785 Signif.).
2447 5710 2636 5767 Nonne
2676 5726 2839 5781 porro
2869 5720 2925 5768 et
2953 5708 3042 5769 ille
3084 5714 3199 5785 ipse
3226 5723 3346 5782 est,
3374 5713 3446 5773 de

1854 5823 1962 5880 quo
2005 5808 2195 5865 Cicero
2238 5807 2494 5881 scripsit:
2528 5806 2905 5878 Phil050pbica
2948 5801 3237 5882 dogmata,
3273 5829 3293 5863 ι
3324 5817 3448 5882 post

1856 5899 1918 5962 L.
1956 5897 2085 5965 Atilii
2128 5904 2298 5963 nostri
2340 5916 2626 5976 occasum,
2661 5918 2732 5962 ne
2770 5918 2801 5962 a
2834 5897 3036 5964 Latinis
3076 5906 3295 5981 quidem
3337 5902 3447 5983 poti
