3978 6294
591 271 694 339 675

1827 274 2277 337 DISSERTATIO
2316 274 2595 365 PRJ'EVIA
3751 268 3843 329 076

589 398 875 472 poterant?
900 416 918 452 ι
951 396 1168 469 (Cicera,
1202 396 1291 452 lib.
1325 410 1343 450 ι
1373 394 1615 448 Academ.
1650 392 1784 465 ’pag.
1830 392 1897 460 4,
1930 393 2025 447 lin.
2059 391 2183 465 41).
2216 400 2269 457 Λ
2295 393 2449 459 ulibi;
2476 392 2589 446 Liv.
2615 433 2628 457 ,
2663 390 2754 445 lib.
2784 402 2989 456 sunt;
3023 386 3196 453 Plin.,
3220 384 3309 441 lib.
3338 400 3472 453 xm,
3503 386 3656 455 ε.15,
3682 389 3843 458 p.58;

664 495 735 549 At
766 503 917 548 certe
958 491 1026 546 de
1076 490 1170 544 illo
1212 488 1383 544 Lucio
1433 487 1584 543 IElio
1627 487 1834 543 Stilone
1884 487 1998 541 lucc
2046 486 2188 541 idem

591 586 784 640 Cicero
811 584 1027 655 scriptis
1054 581 1333 637 mandavit
1364 599 1377 635 :
1414 600 1433 633 ι
1470 581 1646 637 Cottae
1679 596 1778 650 pro
1802 596 1854 634 se
1879 598 1897 631 ι
1945 578 2187 650 (quidam

591 675 881 735 delendum
920 676 1272 751 snslticantur
1312 674 1445 729 illud
1493 676 1566 745 se)
1604 691 1623 723 ι
1686 674 1803 741 lege
1855 672 2036 736 varia,
2069 686 2189 743 quae

592 769 928 837 inscribitur,
966 784 1085 824 eam
1120 768 1180 823 L.
1210 768 1386 823 IElius
1413 767 1602 821 scribit
1626 765 1798 822 Cella:
1828 775 2039 837 rogatu.
2064 763 2189 821 Fuit

592 865 637 920 is
674 865 897 918 omnino
938 864 1020 918 vir
1069 864 1354 934 egregius,
1404 872 1459 917 et
1489 877 1656 933 eques
1696 860 2002 923 Romanus,
2065 873 2187 913 cum

591 957 781 1027 primis
814 957 1079 1017 honestus
1103 999 1117 1023 ,
1151 955 1407 1026 idemque
1435 954 1837 1011 eruditissimus
1860 995 1872 1017 ,
1907 960 1963 1007 et
1998 952 2190 1021 graecis

591 1049 790 1104 litteris
815 1059 871 1103 et
919 1051 1100 1104 latinis
1132 1068 1145 1104 :
1178 1049 1626 1118 antiquitatisque
1669 1055 1902 1112 nostrm,
1935 1054 1990 1099 et
2021 1046 2073 1098 in
2103 1043 2188 1098 in-

589 1141 771 1199 ventis
821 1142 1018 1209 rebus,
1066 1142 1201 1197 etin
1258 1141 1428 1208 actis,
1464 1140 1900 1209 scriptorumque
1939 1148 2184 1193 veterum

592 1232 828 1291 litterate
856 1237 1090 1304 peritus;
1140 1250 1298 1304 quam
1336 1235 1616 1289 scientiam
1659 1232 1833 1289 Varro
1875 1238 2059 1285 noster
2097 1245 2190 1284 ac-

592 1339 805 1399 ceptam
850 1330 919 1383 ab
950 1329 1064 1393 illo,
1096 1339 1422 1399 auctamque
1445 1344 1544 1399 per
1575 1343 1635 1383 se
1667 1328 1750 1381 vir
1788 1325 2007 1397 ingenio
2049 1342 2189 1393 prae-

592 1433 783 1489 stans,
813 1424 1072 1493 omnique
1119 1423 1369 1478 doctrina
1412 1423 1662 1494 pluribus
1701 1430 1755 1475 et
1802 1419 2192 1475 illustrioribus

561 1518 790 1586 .litteris
821 1519 1139 1593 explicavit.
1174 1517 1279 1574 Sed
1304 1518 1445 1572 idem
1479 1516 1658 1572 Ailius
1689 1515 1895 1570 stoicus
1927 1529 2050 1570 esse
2092 1528 2189 1568 vo-

593 1613 726 1680 luit,
772 1623 960 1667 orator
1003 1621 1183 1668 autem
1223 1627 1325 1667 nec
1363 1611 1568 1667 studuit
1598 1624 1863 1680 unquam,
1919 1622 2020 1662 nec
2069 1605 2187 1660 fuit.

590 1706 874 1761 Scribebat
912 1716 1090 1761 tamen
1142 1705 1453 1767 orationes,
1504 1718 1639 1771 quas
1681 1701 1771 1755 alii
1817 1699 2105 1763 dicerent,
2135 1705 2193 1751 ut

2297 485 2454 540 Dion.
2486 484 2754 539 Halicarn.
2779 524 2796 552 ,
2821 482 2915 540 lib.
2945 498 3000 549 ι,
3033 499 3086 553 ρ.
3114 480 3182 546 6;
3208 481 3361 537 Auct.
3385 479 3531 552 Orig.
3552 489 3683 551 gent.
3706 498 3842 550 rom.,

2295 599 2349 652 p.
2380 580 2531 651 299).

2370 674 2694 731 Antiochum
2737 681 2928 729 testem
2976 669 3227 747 producit
3266 668 3568 733 Arnobius,
3615 666 3705 724 sed
3745 673 3850 739 post

2292 770 2625 824 Clementem
2654 765 3077 825 Alexandrinum
3100 806 3115 829 ,
3163 763 3238 819 uti
3287 778 3314 815 a
3342 760 3500 819 nobis
3534 759 3720 816 alicubi
3771 760 3855 814 ob-

2293 872 2569 920 servatum
2594 905 2610 930 ,
2665 862 2755 917 ubi
2781 861 2846 916 de
2875 861 2976 915 hoc
3005 860 3272 931 scriptore
3303 854 3494 928 agendi
3518 870 3636 913 sese
3660 852 3852 910 occasio

2293 963 2490 1017 obtulit
2544 959 2762 1027 (Arnob.
2785 1000 2801 1026 ,
2849 958 2939 1013 lib.
2970 973 3057 1026 vr,
3089 973 3144 1030 ρ.
3179 954 3318 1023 195;
3370 965 3494 1009 tam.
3526 968 3546 1008 ι
3584 950 3816 1022 Apparet.
3839 990 3854 1020 ,

2296 1073 2350 1125 ρ.
2380 1053 2483 1107 7'25
2511 1064 2555 1107 el
2577 1052 2729 1116 817).

2374 1147 2763 1218 Apollodorum
2791 1143 2984 1200 eodem
3012 1142 3170 1214 plane
3201 1138 3363 1196 modo
3394 1147 3591 1195 testem
3619 1135 3861 1191 Arnobius

2293 1243 2555 1311 adhibet;
2590 1241 2685 1299 sed
2735 1239 3077 1296 ostendimus
3118 1237 3301 1308 plures
3344 1249 3411 1291 eo
3459 1233 3674 1289 nomine
3716 1230 3862 1287 fuisse

2294 1352 2399 1407 app
2430 1334 2588 1390 llatos
2620 1333 2835 1407 (Arnob.
2857 1374 2871 1399 ,
2906 1330 2996 1387 lib.
3030 1346 3107 1398 tv,
3158 1348 3213 1402 ρ.
3249 1328 3392 1394 1M;
3442 1335 3567 1382 tom.
3596 1340 3614 1380 ι
3650 1324 3863 1397 Appar.,

2296 1446 2350 1498 ρ.
2401 1427 2543 1483 1192
2571 1434 2616 1481 el
2652 1426 2837 1497 1256).

2367 1524 2598 1577 Arianus
2628 1520 2898 1592 Epicteti,
2940 1518 3078 1574 sicut
3127 1525 3318 1571 auctor
3344 1522 3533 1571 noster
3572 1517 3858 1575 attestatur,

2294 1616 2621 1671 documenta
2674 1611 3093 1685 approbaverat.
3144 1610 3209 1664 Et
3261 1617 3412 1665 recte
3468 1604 3705 1678 quidem.
3753 1601 3870 1658 Nam

2294 1710 2424 1775 ille,
2466 1711 2556 1780 qtti
2603 1708 2776 1780 patria
2823 1703 3259 1761 Nicomediensis
3303 1700 3441 1763 fuit,
3498 1697 3788 1754 historicus
3826 1702 3873 1749 et

591 1798 659 1864 ρ·
693 1797 949 1863 Metello.
982 1806 1042 1851 ιιι
1088 1796 1153 1863 Q-
1185 1795 1423 1867 le‘ioni
1449 1835 1464 1858 ν
1510 1806 1567 1848 ul
1598 1792 1662 1861 Ο·
1715 1792 1974 1862 Pompei"
2020 1790 2189 1855 Βιιῒο;
2223 1795 2270 1857 Β
2301 1802 2686 1874 philosophus,
2738 1799 2974 1871 EpiCteti
3021 1795 3435 1854 dissertationes
3463 1792 3686 1865 digessit
3724 1788 3873 1858 Quin-

593 1907 922 1963 quamqnam
950 1892 995 1945 is
1021 1892 1182 1947 etiam
1207 1892 1321 1962 ipse
1344 1891 1651 1957 scripsisset
1684 1904 1776 1944 eas
1796 1929 1811 1955 ,
1838 1887 2033 1957 quibus
2076 1894 2188 1953 post

2302 1910 2407 1951 tum
2441 1904 2621 1950 autem
2646 1908 2832 1949 earum
2858 1892 3051 1947 librum
3084 1891 3146 1948 Α·
3180 1888 3387 1947 Gellius
3418 1888 3552 1943 citat
3580 1905 3594 1941 :
3629 1883 3722 1940 sed
3753 1897 3874 1953 qua-

596 2002 655 2037 se
704 1994 791 2038 est
822 1999 953 2037 usus
974 2024 989 2049 ,
1020 1984 1114 2038 sed
1152 1999 1258 2037 non
1289 1984 1407 2036 sine
1438 1981 1606 2036 IEIio.
1642 1981 1737 2036 llis
1788 1982 1931 2035 enim
1978 1980 2194 2048 scriptis

594 2077 763 2130 etiam
827 2077 941 2146 ipse
991 2074 1250 2137 interfui,
1284 2090 1405 2129 cum
1437 2090 1613 2130 essem
1645 2073 1785 2145 apud
1832 2069 2035 2127 IElium
2062 2072 2192 2125 ado—

594 2170 832 2232 lescens,
856 2184 1087 2238 eumque
1114 2168 1305 2233 audire
1336 2167 1678 2237 perstudiose
1708 2166 1939 2222 solerem
1978 2185 1997 2218 ι
2033 2164 2189 2238 (Cic.,

592 2259 742 2315 Brut.
765 2303 780 2326 ,
807 2278 927 2332 pag.
957 2260 1096 2322 229,
1129 2260 1223 2315 lin.
1259 2260 1373 2329 16).

681 2352 807 2407 Fuit
830 2354 967 2407 alter
1030 2351 1211 2406 Elius
1260 2353 1586 2422 cognomine
1639 2351 1886 2418 Tubero,
1947 2351 2068 2422 qui,
2117 2359 2194 2421 (ut

593 2448 736 2503 idem
788 2448 980 2503 Cicero
1009 2447 1201 2505 eodem
1233 2448 1285 2501 in
1314 2447 1453 2506 libro
1498 2445 1748 2516 perbibet
1770 2486 1784 2509 ,
1832 2446 2104 2501 orationes
2138 2446 2189 2499 in

593 2540 895 2597 Gracchum
930 2540 1150 2604 habuit,
1176 2540 1271 2595 sed
1297 2540 1459 2594 homo
1491 2540 1659 2595 durus
1689 2548 1838 2603 erat,
1873 2550 2019 2594 secta
2051 2539 2189 2593 stoi-

592 2648 722 2697 cus,
758 2633 1049 2687 mediocris
1098 2633 1149 2686 in
1197 2632 1465 2697 dicendo,
1517 2632 1864 2687 doctissimus
1912 2633 1963 2687 id
2005 2632 2192 2702 dispu-

597 2726 781 2782 tando.
815 2725 1070 2793 Quaedam
1096 2736 1273 2779 autem
1305 2724 1423 2794 ejus
1462 2725 1622 2781 verba
1665 2742 1693 2779 a
1729 2723 1993 2781 Cicerone
2039 2736 2187 2778 tran-

605 2820 806 2889 scripta
854 2818 1019 2873 refert
1054 2817 1117 2871 A.
1160 2815 1403 2879 Gellius,
1449 2832 1477 2870 a
1522 2832 1629 2887 quo
1674 2815 1792 2884 ejus
1839 2815 2188 2871 historiarum

592 2909 750 2971 libri,
802 2910 1032 2978 aliteque
1059 2908 1467 2963 lucubrationes
1491 2950 1505 2974 ,
1543 2909 1680 2962 sicut
1710 2925 1738 2960 a
1776 2908 2033 2979 Dionysio
2080 2908 2187 2963 lla-

592 2999 960 3065 lacarnasseo,
1017 2998 1216 3063 Festo,
1273 3009 1433 3069 atque
1482 2999 1608 3054 aliis
1660 3000 1917 3056 citantur.
1982 3001 2190 3056 Poteris

591 3101 854 3161 prmterea
884 3091 1134 3148 Vossium
1162 3093 1454 3147 consulere
1482 3090 1649 3162 (Ibid.
1670 3134 1683 3155 ,
1711 3110 1766 3164 ρ.
1789 3093 1897 3148 219
1919 3136 1932 3159 ,
1959 3094 2051 3147 lin.
2085 3094 2147 3148 51
2171 3108 2185 3158 ;

2297 2001 2417 2042 tuor
2459 1996 2665 2040 tantum
2715 1984 2859 2055 typis
2903 1983 3061 2038 edita:
3107 1979 3262 2036 nobis
3313 1986 3633 2050 supersunt.
3686 1972 3875 2031 Videsis

2298 2080 2551 2135 Vossium
2573 2120 2588 2144 ,
2639 2076 2941 2134 Gesnerum
2972 2117 2984 2140 ,
3028 2083 3082 2129 et
3111 2074 3162 2127 in
3192 2071 3390 2127 citatos
3418 2069 3582 2127 Gellii
3616 2068 3764 2122 locos
3790 2081 3875 2120 an-

2295 2174 2600 2229 notationes
2632 2171 2851 2240 (Arnob.
2882 2169 2969 2223 lib.
3006 2184 3040 2222 ιι
3067 2208 3081 2233 ,
3126 2184 3178 2238 p.
3209 2166 3314 2232 90;
3349 2162 3491 2220 Gell.
3518 2204 3534 2232 ,
3568 2161 3717 2228 lib.t,
3744 2175 3787 2213 ο.
3813 2155 3874 2220 2,

2299 2267 2386 2320 lib.
2418 2280 2606 2330 xxvu,
2638 2281 2684 2319 ε.
2716 2262 2815 2329 19;
2849 2261 2936 2316 lib.
2985 2275 3143 2328 XXIX,
3176 2275 3222 2317 c.
3250 2257 3317 2325 2;
3369 2254 3525 2312 Voss.
3555 2298 3571 2325 ,
3623 2252 3711 2308 lib.
3750 2265 3786 2305 ιι
3827 2248 3879 2303 de

2297 2362 2440 2417 Hist.
2472 2376 2626 2433 graec.
2655 2400 2669 2425 ,
2702 2375 2749 2417 c.
2783 2358 2876 2422 11,
2907 2374 2959 2427 p.
2992 2354 3107 2428 15).

2376 2461 2542 2515 Bnta's
2571 2459 2639 2513 ab
2670 2456 2937 2520 Arnsbio,
2988 2454 3041 2507 in
3078 2451 3383 2507 Consulibus
3409 2494 3426 2519 ,
3479 2450 3762 2521 scripsisse
3786 2454 3882 2501 tra-

2294 2555 2439 2610 ditur
2483 2554 2560 2608 l'as
2591 2550 2909 2606 mulieribus
2942 2564 3047 2602 non
3082 2546 3251 2602 fuisse
3277 2557 3524 2618 myrteas
3558 2543 3812 2599 verbenas
3834 2538 3878 2592 in

2294 2647 2458 2701 Bona:
2501 2643 2618 2699 dea:
2684 2640 2885 2697 inferre
2945 2639 3227 2695 sacellum.
3278 2640 3343 2693 At
3397 2636 3623 2708 quidam
3670 2634 3738 2690 ibi
3788 2644 3881 2687 non

2300 2737 2480 2801 Bulas,
2535 2734 2629 2789 sed
2676 2731 2993 2787 Plutarchus
3032 2728 3316 2800 legendum
3366 2730 3743 2800 suspicantur.
3788 2721 3883 2778 Nec

2293 2829 2539 2885 fortassis
2593 2827 2865 2883 immerito
2904 2824 3133 2895 (Arnob.
3161 2866 3175 2888 ,
3227 2821 3315 2876 lib.
3368 2839 3445 2888 v,
3506 2841 3563 2895 p.
3599 2819 3741 2887 188;
3771 2816 3885 2871 Plu-

2294 2926 2499 2987 larch.,
2553 2932 2677 2977 tom.
2725 2935 2799 2982 ιι,
2852 2937 2905 2989 p.
2956 2915 3113 2983 268).
3157 2914 3289 2969 Nam
3344 2913 3686 2970 Plutarchus
3726 2910 3775 2966 id
3814 2923 3886 2963 re-

2292 3033 2418 3073 vera
2468 3017 2518 3069 in
2554 3014 2933 3082 Quwslionibus
2964 3010 3235 3075 Romanis,
3268 3025 3393 3080 qua:
3439 3024 3624 3080 graece
3664 3002 3889 3080 Ρωμαικά

2293 3110 2697 3171 inscribuntur,
2745 3122 2865 3161 eam
2922 3104 3279 3176 quazstionem
3340 3104 3645 3175 proponit,
3690 3113 3752 3154 ac
3796 3095 3889 3152 sol-

591 3186 655 3239 Α.
692 3184 828 3241 Gell.
852 3228 865 3251 ,
901 3186 991 3240 lib.
1024 3202 1113 3242 stv
1161 3184 1322 3239 Noct.
1366 3195 1493 3253 att.,
1524 3203 1571 3239 c.
1601 3185 1668 3253 2,
1714 3205 1767 3255 p.
1816 3187 1956 3253 765;
1990 3186 2079 3240 lib.
2113 3203 2185 3253 vr,

2302 3205 2389 3258 vit.
2424 3202 2533 3258 Cur
2563 3212 2746 3256 autem
2795 3198 2936 3252 hanc
2977 3194 3342 3279 qumsliunem
3392 3195 3679 3251 Arnobius
3708 3189 3835 3263 (Lib.
3857 3202 3889 3253 ι,

593 3295 715 3350 cap.
749 3281 803 3346 5,
845 3297 901 3349 p.
932 3279 1072 3343 568,
1123 3296 1241 3348 cap.
1287 3280 1353 3344 4,
1404 3298 1457 3349 ρ.
1493 3278 1631 3343 570;
1683 3279 1773 3332 lib.
1805 3294 1876 3345 ι,
1920 3296 2036 3349 cap.
2081 3278 2187 3344 28,

590 3390 641 3442 p.
676 3372 783 3428 575
800 3388 815 3437 ',
835 3371 925 3427 lib.
950 3386 1038 3425 xw
1060 3388 1198 3443 ,cap.
1227 3371 1263 3423 2
1281 3413 1295 3435 ,
1320 3389 1371 3442 p.
1395 3370 1531 3436 765;
1553 3369 1771 3442 Dionys.
1796 3369 1999 3436 Halic.,
2029 3370 2118 3424 lib.
2147 3388 2186 3435 ι,

591 3481 645 3535 p.
679 3464 713 3520 ϐ
738 3474 785 3518 ct
810 3464 912 3531 67;
952 3463 1100 3519 Voss.
1126 3505 1139 3529 ,
1172 3464 1261 3519 lib.
1294 3480 1312 3519 ι
1345 3465 1405 3516 de
1435 3463 1576 3520 Hist.
1604 3464 1683 3518 lit.
1706 3504 1723 3529 ,
1746 3465 1835 3518 lib.
1863 3480 1916 3531 ι,
1949 3482 2064 3543 cup.
2108 3464 2186 3538 9).

660 3557 794 3624 Quis
816 3567 997 3613 autem
1025 3573 1092 3611 ex
1138 3556 1223 3611 bis
1265 3556 1477 3611 duobus
1504 3556 1573 3609 ab
1627 3558 1869 3613 Arnobio
1903 3557 2186 3626 laudetur,

592 3653 637 3706 si
684 3666 935 3721 quaeras,
983 3651 1440 3721 reSpondebitnus
1471 3666 1600 3704 vero
1638 3665 1759 3705 esse
1804 3651 2034 3708 similius
2079 3654 2189 3722 pri-

548 3748 553 3751 “
592 3760 739 3798 mum
774 3742 981 3798 Elium
1011 3744 1275 3799 Stilonem
1307 3742 1377 3797 ab
1426 3758 1492 3798 eo
1523 3743 1701 3799 citari.
1750 3740 1916 3812 Cujus
1963 3758 2095 3800 sane
2136 3746 2186 3798 in

592 3839 868 3907 opinionis
895 3838 1367 3893 confirmationem
1397 3838 1627 3907 proferri
1674 3847 1906 3910 possunt
1955 3843 2113 3894 citata
2158 3855 2190 3895 a

594 3932 752 3987 nobis
803 3930 1063 3987 Varronis
1114 3932 1308 3999 verba,
1365 3932 1561 4002 quibus
1600 3930 1997 4001 discrepantem
2031 3932 2190 4003 hujus

595 4025 726 4081 ιηξυίἰὶ
767 4043 797 4080 a
842 4026 1077 4092 Pisone,
1108 4026 1571 4097 quemadmodum
1619 4027 1696 4081 ait
1744 4026 2020 4081 Arnobius
2064 4040 2187 4081 nos-

597 4129 697 4190 ter,
732 4121 1058 4177 sententiam
1114 4120 1317 4176 retulit.
1352 4120 1460 4175 Nec
1514 4122 1741 4176 multum
1801 4137 1934 4178 sane
1964 4122 2192 4177 interest

592 4233 775 4277 utrum
815 4220 883 4276 ab
934 4220 1123 4276 eodem
1157 4219 1403 4276 Varrone
1443 4220 1508 4275 C.
1543 4218 1771 4289 Elius,
1805 4231 1898 4275 aut
1947 4219 2017 4274 ab
2067 4219 2190 4274 aliis

594 4314 655 4369 L.
688 4313 864 4369 IElius
894 4313 1227 4369 nominetur.
1258 4312 1377 4369 Una
1408 4314 1552 4368 enim
1588 4313 1764 4368 littera
1796 4314 1850 4368 in
1900 4313 2062 4368 aliam
2094 4328 2190 4383 po-

594 4410 697 4467 tuit
728 4410 884 4465 facile
910 4425 938 4462 a
971 4410 1208 4464 librariis
1228 4408 1590 4465 commutari.

665 4502 855 4559 Etblii
887 4502 1201 4558 testimonio
1234 4512 1353 4571 post
1393 4501 1728 4557 Clementem
1761 4502 2188 4563 Alexandrinum

2290 3315 2343 3371 ρ.
2400 3296 2495 3366 57)
2556 3293 2832 3349 Cansualia
2880 3288 3187 3356 vocaverit,
3220 3302 3283 3343 ea
3330 3287 3573 3344 forsitan
3614 3287 3751 3342 ratio
3788 3280 3892 3338 red‘

2291 3389 2343 3445 di
2408 3394 2627 3457 potest,
2684 3383 2826 3453 quod
2892 3382 3290 3452 propositarum
3349 3381 3729 3451 qumstionum
3784 3390 3894 3431 cau-

2291 3496 2380 3536 sas
2408 3490 2460 3535 et
2506 3480 2749 3535 rationes
2780 3475 2982 3531 afferre
3027 3473 3234 3528 nititur.
3281 3471 3337 3528 Si
3392 3474 3524 3545 quis
3575 3481 3758 3526 tamen
3806 3468 3894 3522 Bu-

2292 3583 2360 3629 tae
2405 3572 2688 3628 Consualia
2736 3569 2896 3625 nobis
2929 3567 3276 3630 indicaverit,
3311 3567 3369 3623 in
3420 3583 3493 3623 eo
3546 3567 3797 3643 protinus
3821 3576 3896 3618 ac-

2293 3669 2658 3740 quieseemus-

2364 3762 2648 3818 C:esellius
2694 3761 3081 3832 grammaticus
3125 3759 3574 3817 celebratissima
3619 3758 3897 3816 lectionum

2291 3858 2635 3926 antiquarum
2690 3852 3214 3920 commentaria,ab
3265 3852 3332 3908 A.
3387 3852 3578 3909 Gellio
3618 3852 3812 3921 saepius
3834 3847 3900 3904 ci-

2292 3960 2400 4005 tata
2426 3994 2438 4017 ,
2472 3948 2674 4019 publici
2703 3945 2840 4016 juris
2892 3945 3039 4003 fecit.
3066 3946 3204 4002 Huic
3230 3953 3417 4001 autem
3446 3961 3762 4019 cognomen
3787 3942 3897 3996 Vin-

2293 4046 2393 4099 dici
2426 4044 2591 4098 fuisse
2621 4042 2937 4097 testificatur
2963 4039 3146 4113 (Gell.,
3172 4040 3259 4095 lib.
3293 4054 3333 4095 tt
3364 4038 3538 4096 Noct.
3568 4049 3671 4096 au.
3696 4081 3715 4109 ,
3743 4055 3788 4092 ο.
3814 4032 3897 4095 16;

2292 4138 2380 4194 lib.
2406 4153 2500 4205 ιιι,
2525 4135 2697 4199 σ.16;
2725 4133 2812 4188 lib.
2842 4150 2951 4200 vn,
2984 4150 3032 4187 c.
3059 4133 3146 4199 11,
3179 4132 3271 4186 lib.
3297 4147 3338 4191 tt
3360 4174 3378 4199 ,
3433 4150 3487 4191 ο.
3549 4133 3660 4202 ﬂ;
3703 4132 3793 4191 lib.
3821 4138 3899 4193 ιι,

2292 4248 2341 4287 c.
2406 4231 2500 4292 l5;
2535 4229 2622 4284 lib.
2674 4243 2876 4292 xxvtn,
2907 4242 2954 4281 c.
2991 4226 3089 4289 11,
3125 4224 3192 4279 lib
3220 4240 3287 4292 tt,
3311 4241 3360 4279 c.
3387 4223 3476 4297 2).

2364 4324 2523 4379 Caesii
2569 4337 2765 4378 nomen
2816 4320 2923 4374 duo
2977 4335 3029 4374 tn
3080 4320 3269 4390 primis
3307 4331 3502 4389 poeta:
3561 4319 3903 4394 przetulerunt

2300 4415 2512 4489 (Arnob.
2548 4413 2637 4467 lib.
2674 4429 2770 4479 ιιι,
2798 4428 2852 4481 p.
2888 4408 3036 4482 125).
3068 4410 3268 4466 Horum
3311 4426 3466 4467 unus
3498 4411 3645 4480 fuit,
3695 4410 3786 4483 qui
3834 4408 3902 4460 in—

2297 4510 2477 4564 sulsns
2506 4506 2786 4576 malusque
2819 4514 2976 4571 poeta
3008 4503 3092 4557 his
3131 4501 3325 4557 Catulli
3376 4504 3455 4565 ad
3511 4503 3748 4562 Calvum
3773 4497 3901 4558 Lici¢

592 4598 898 4664 Arnobius,
943 4606 1001 4651 ut
1029 4606 1195 4665 supra
1218 4596 1486 4659 vidimus,
1518 4611 1649 4649 usus
1691 4604 1795 4649 est.
1831 4595 1905 4650 De
1948 4595 2042 4651 illo
2088 4613 2186 4655 au-
2212 4574 2269 4641 D
2293 4620 2420 4661 num
2449 4610 2723 4658 oratorem
2756 4597 3001 4653 versibus
3031 4607 3250 4651 notatur
3280 4614 3293 4650 :

590 4700 697 4747 tem
727 4689 954 4745 Vossius
979 4731 995 4756 ,
1022 4698 1077 4744 et
1099 4704 1197 4745 nos
1225 4688 1335 4757 jatn
1369 4687 1570 4757 aliquid
1611 4687 1662 4741 in
1703 4688 1982 4755 superiore
2009 4687 2190 4758 Appa-

590 4793 738 4838 ratus
773 4782 940 4835 nostri
967 4792 1112 4835 tomo
1149 4779 1385 4833 diximus
1413 4778 1636 4849 (Arnob.
1660 4819 1676 4846 ,
1710 4777 1801 4832 lib.
1834 4793 1909 4841 vn,
1956 4796 2009 4850 p.
2052 4780 2188 4845 196;

605 4874 845 4941 Vossius,
908 4874 996 4929 lib.
1053 4889 1111 4927 ιιι
1175 4872 1239 4926 de
1271 4871 1472 4926 Hister.
1505 4887 1662 4945 grtes.
1685 4912 1701 4937 ,
1755 4890 1809 4943 ρ.
1844 4871 1982 4938 516;
2014 4882 2137 4929 tam.
2174 4888 2192 4929 ι

590 4970 844 5042 Apparal.
865 5010 880 5036 ,
912 4985 963 5038 ρ.
997 4966 1149 5038 755).

662 5065 851 5121 Antias
873 5106 887 5129 ,
923 5079 1017 5119 seu
1046 5064 1112 5132 ρ.
1144 5063 1400 5121 Valerius
1441 5064 1627 5119 Antias
1658 5067 1863 5137 grande
1905 5066 2182 5123 annalium

591 5174 728 5230 opus
753 5158 1032 5226 ediderat,
1061 5158 1220 5228 cujus
1246 5158 1382 5213 liber
1403 5158 1675 5213 secundus
1722 5159 1791 5214 ab
1820 5170 2046 5215 auctore
2086 5175 2187 5215 no-

591 5263 705 5307 stro
734 5258 789 5306 et
817 5252 1086 5307 Macrobio
1120 5249 1338 5322 (Arnob.
1362 5292 1376 5317 ,
1411 5251 1500 5305 lib.
1542 5267 1573 5303 v
1594 5293 1609 5317 ,
1642 5270 1691 5322 p.
1730 5252 1867 5317 liii;
1914 5252 2147 5313 Macrob.
2169 5294 2185 5320 ,

593 5346 681 5402 lib.
710 5363 726 5402 ι
766 5346 1039 5402 Saturnal.
1061 5388 1077 5410 ,
1105 5361 1222 5414 cap.
1259 5340 1386 5416 i3);
1421 5344 1711 5399 vicesimus
1758 5360 1889 5399 vero
1917 5355 2141 5414 quartus
2167 5387 2183 5411 ,

592 5437 1039 5508 quadragesimus
1083 5447 1342 5506 quartus,
1384 5451 1448 5490 ac
1487 5438 1921 5508 septuagesimus
1968 5437 2192 5507 quintus

593 5531 677 5585 hic
701 5533 764 5595 Α.
794 5530 970 5586 Gellio
994 5532 1253 5585 citantur.
1275 5531 1434 5601 Stepe
1453 5530 1615 5584 etiam
1650 5530 1717 5584 ab
1737 5538 1927 5583 auctor
1955 5544 1985 5583 a
2011 5529 2189 5595 Livio,

592 5630 647 5677 et
675 5622 852 5677 Plinio
872 5666 887 5689 ,
932 5633 1097 5694 atque
1128 5622 1323 5679 alicubi
1352 5640 1380 5677 a
1435 5624 1692 5695 Dionysio
1738 5623 2152 5679 Halicarnasseo
2172 5666 2189 5692 ,

2540 4694 2665 4744 Nam
2683 4695 2723 4743 si
2748 4693 2948 4752 luxerit,
2978 4690 3034 4738 ad
3058 4689 3374 4740 librariorum

2548 4757 2749 4808 Curram
2767 4756 2965 4813 scrinia,
2991 4752 3189 4815 Casina,
3218 4752 3469 4815 Aquinos,

2545 4818 2813 4871 Sullanum.
2837 4819 2997 4867 omnia
3022 4814 3248 4877 colligam
3274 4814 3502 4867 venena.

2543 4881 2615 4931 At:
2637 4890 2689 4932 te
2713 4881 2790 4929 bis
2812 4879 3071 4943 suliplit'iis
3084 4880 3475 4943 renutnerahor.

3013 4936 3233 5003 (Catull.,
3268 4937 3436 5004 epigr.
3461 4942 3578 5007 ιδ.)

2367 5076 2520 5131 Alter
2545 5071 2739 5129 Cresius
2766 5114 2780 5134 ,
2812 5076 3174 5141 cognomento
3200 5066 3406 5122 Bassus
3435 5109 3453 5136 ,
3486 5080 3663 5143 poeta
3705 5066 3905 5143 lyricus,

2291 5167 2519 5224 Neronis
2554 5174 2714 5220 :ctate
2758 5162 2971 5225 ﬂoruit,
3003 5176 3162 5232 quem
3191 5160 3422 5217 Persius
3467 5164 3556 5219 sic
3587 5163 3817 5219 all‘atur:

2386 5258 2607 5308 Admovit
2629 5256 2727 5319 jam
2749 5256 2918 5319 bruma
2946 5253 3049 5319 foco
3073 5260 3144 5314 te,
3160 5254 3334 5319 Basse,
3356 5252 3586 5316 Sabino,

2384 5321 2555 5393 {anime
2580 5317 2700 5393 ιδῃ,
2728 5326 2780 5368 et
2803 5318 2980 5389 tetrico
3007 5317 3279 5393 vivunt,
3294 5328 3423 5393 Eget
3434 5332 3534 5393 ore
3553 5319 3782 5377 chorda),

2389 5384 2516 5433 Mire
2539 5377 2726 5445 Opifex,
2765 5380 2985 5445 numeris
3010 5387 3233 5445 veterum
3259 5377 3547 5445 primordia
3574 5395 3775 5443 rerum,

2390 5447 2549 5509 Atque
2574 5438 2759 5492 inarein
2784 5443 3043 5509 strepitum
3063 5438 3169 5489 ﬁdis
3188 5438 3484 5509 intendisse
3511 5443 3725 5507 latinae;

2387 5498 2498 5558 Moit
2520 5506 2733 5567 juvenes
2761 5498 2948 5566 agitare
2961 5503 3115 5564 iocos,
3142 5510 3194 5552 et
3217 5498 3407 5564 pollice
3428 5503 3663 5558 honesto

2388 5570 2633 5632 Egregios
2657 5569 2835 5618 lusisse
2856 5578 3026 5616 senes.

3129 5627 3314 5693 (Pers.,
3343 5625 3505 5681 satir.
3535 5628 3619 5696 6.)

597 5724 651 5768 et
695 5714 931 5784 Originis
975 5717 1153 5787 gentis
1203 5731 1443 5772 romana:
1494 5715 1760 5785 scriptore
1807 5715 2058 5775 laudatus
2111 5725 2197 5773 est
2297 5717 2641 5772 Britannicus
2718 5722 2896 5770 autem
2929 5713 2980 5766 in
3023 5713 3136 5767 suis
3179 5709 3247 5765 ad
3286 5707 3418 5766 haec
3462 5715 3726 5770 carmina
3767 5720 3913 5767 anno-

603 5804 800 5879 (Gell.,
832 5807 921 5862 lib.
966 5824 982 5862 ι
1026 5807 1182 5863 Nocl.
1214 5819 1347 5878 all.,
1397 5826 1442 5865 c.
1488 5810 1553 5875 7,
1600 5816 1647 5862 el
1686 5806 1776 5863 lib.
1808 5824 1920 5877 vn,
1955 5825 2001 5865 c.
2052 5809 2122 5876 9,
2149 5818 2196 5865 et

2300 5809 2536 5867 tionibus
2591 5808 2845 5866 observat
2897 5804 3123 5865 Fabium
3176 5803 3242 5860 de
3297 5800 3400 5861 illo
3446 5807 3538 5866 sic
3583 5807 3911 5883 scripsisse:
