3978 6352
144 318 233 377 677

1309 310 1375 369 IN
1408 306 1783 386 annuerant,
1829 303 1983 383 CAP.
2014 304 2205 382 Χιίινι.
2249 302 2271 371 τι

3230 296 3279 368 Γ
3296 298 3402 365 ιιι

148 455 165 489 ‹
194 435 493 515 Lyricopum
522 431 776 491 Horatius
816 430 932 488 fere
974 430 1122 489 solus
1163 429 1267 502 legi
1299 429 1513 502 dignus.
1567 427 1698 484 Nam
1729 429 1782 501 Α
1811 424 1985 491 Rhet,
2022 424 2051 497 θ
2083 427 2139 490 5,
2170 441 2223 497 p.
2253 420 2407 492 841).
2441 420 2512 477 Et
2535 419 2655 487 haec
2683 417 2906 515 quidem
2929 416 3210 515 Ciceronis
3239 420 3402 515 verba

142 527 342 597 insurgit
391 525 680 597 aliquando
701 566 718 593 ,
750 535 804 581 et
837 524 1027 597 plenus
1053 522 1410 595 jucunditatis
1435 531 1490 577 et
1517 520 1707 593 gratia:

142 621 358 690 et,variis
384 620 564 674 verbis
600 628 657 674 et
706 618 1017 679 felicissime
1066 617 1262 670 audax.
1310 616 1367 671 Si
1412 631 1574 689 quem
1614 612 1709 669 ad-

138 716 286 787 jicere
327 715 499 782 velis,
565 714 611 769 is
662 714 866 770 Baesius
911 713 1107 767 Bassus
1149 712 1292 779 erit,
1330 726 1492 782 quem
1536 725 1710 783 nuper

142 810 364 864 vidimus.
398 828 417 862 ι

206 904 322 972 Quis
348 913 531 961 autem
560 918 626 957 ex
650 899 732 956 his
755 900 966 959 duobus
986 942 1001 967 ,
1034 908 1126 955 aut
1150 915 1216 955 ex
1265 898 1386 954 aliis
1410 939 1426 965 ,
1454 898 1499 952 si
1529 897 1617 967 qui
1645 894 1714 963 ab

142 999 217 1054 his
236 997 424 1052 diversi
472 998 704 1060 fuerint,
735 996 804 1050 ab
844 995 1085 1050 Arnobio
1137 996 1352 1061 citetur,
1398 992 1543 1048 dictu
1570 989 1714 1063 haud

141 1090 301 1148 facile.
333 1092 386 1148 Si
420 1102 597 1146 tamen
634 1089 789 1143 illum
830 1089 897 1143 de
924 1089 1099 1143 Caesio
1129 1087 1297 1141 Basso
1343 1086 1490 1157 loqui
1521 1084 1715 1155 proba-

142 1188 305 1249 veris,
352 1201 457 1238 non
503 1183 918 1254 refragabimur.
954 1180 1164 1249 Yidesis
1210 1180 1458 1235 Vossium
1485 1178 1554 1234 de
1587 1193 1717 1250 poe-

142 1281 205 1334 tis
227 1279 395 1333 latinis
424 1275 603 1352 (Voss.
625 1321 640 1345 ,
680 1274 829 1331 Poet.
863 1275 982 1344 lat.,
1021 1293 1076 1346 p.
1113 1276 1177 1329 l7
1204 1286 1251 1329 et
1274 1274 1392 1347 44).

206 1370 365 1428 Cincii
409 1372 476 1425 ab
518 1371 838 1425 auctoritate
866 1369 1019 1451 plura
1050 1368 1324 1439 Arnobius
1364 1368 1579 1438 repetit.
1617 1367 1720 1437 Ye-

141 1465 444 1520 tuStissitnis
470 1472 643 1518 autem
690 1461 961 1517 historicis
992 1478 1020 1516 a
1072 1462 1329 1531 Dionysio
1378 1462 1720 1525 Halicarnas-

137 1572 231 1613 seo
254 1560 330 1612 his
357 1558 532 1611 verbis
556 1567 944 1613 annumeratur
980 1573 991 1609 :
1029 1573 1048 1606 ι
1097 1553 1209 1609 Nec
1238 1555 1512 1611 absimiles
1552 1554 1722 1609 histo-

137 1655 241 1709 rias
274 1651 549 1709 ediderunt
577 1661 839 1737 quotquot
865 1650 1094 1715 Romani
1132 1650 1381 1705 homines
1420 1648 1566 1705 urbis
1608 1663 1721 1707 suae

140 1763 220 1801 res
247 1756 419 1817 gestas
442 1759 619 1814 graeco
646 1760 898 1798 sermone
932 1750 1301 1813 scripserunt,
1345 1757 1575 1819 quorum
1624 1756 1719 1795 νε-

1813 519 1865 573 in
1894 518 2033 574 illius
2074 517 2374 593 Philippica
2416 514 2648 583 secunda
2678 513 2855 577 adhuc
2900 512 3192 571 occurrunt
3238 510 3393 582 (Cia,

1815 610 2050 685 Philipp.
2074 627 2107 681 tt
2130 653 2144 676 ,
2181 627 2237 682 ρ.
2273 608 2423 681 495).
2476 607 2638 679 Atqui
2668 607 2792 663 huic
2832 606 3079 673 rhetori,
3112 606 3189 663 uti
3216 608 3367 661 vides
3390 645 3406 673 ,

1816 721 1921 775 non
1948 704 2106 767 modo
2131 711 2486 769 memoratum
2517 702 2586 767 alt
2617 702 2857 765 Arnobio
2887 717 3080 764 nomen
3112 716 3176 758 ac
3206 716 3409 770 cogno-

1816 814 1938 859 men
1969 799 2263 868 competit,
2291 795 2386 855 sed
2416 795 2546 857 illud
2576 794 2738 849 etiam
2763 835 2779 859 ,
2813 794 2957 865 quod
2999 808 3177 865 graece
3218 793 3410 853 doctus

1817 891 2047 947 dicatur.
2097 888 2289 961 Utrum
2328 903 2461 953 vero
2492 889 2536 957 is
2580 888 2697 959 ipse
2725 887 2827 953 sit,
2871 887 2959 957 qui
2987 886 3157 951 libros
3200 886 3268 949 de
3308 885 3414 943 diis

1815 1000 1992 1055 graece
2017 986 2251 1043 edidisse
2281 987 2593 1057 perhibetur
2618 1026 2633 1052 ,
2655 984 2903 1055 expende
2922 1026 2938 1053 ,
2968 1000 3180 1057 quaeso,
3212 993 3267 1041 et
3288 999 3415 1056 pro?

1820 1080 2028 1139 nuntia.

1890 1168 2164 1237 Corniﬁcii
2218 1170 2545 1241 singularem
2596 1170 2663 1237 de
2714 1169 3097 1233 Novensilibus
3139 1169 3246 1229 diis
3290 1184 3416 1226 seu.

1823 1263 2045 1323 tentiam
2097 1262 2281 1319 retulit
2320 1262 2591 1327 Arnobius
2639 1262 2882 1332 (Αι-ηοὺ..
2913 1262 3003 1323 ιιι.
3047 1278 3141 1329 ιιι,
3174 1280 3228 1333 ῃ.
3262 1261 3414 1335 122).

1823 1358 2101 1415 Testatum
2158 1370 2336 1425 autem
2383 1358 2539 1413 nobis
2600 1357 2902 1425 Macrobius
2946 1356 3070 1421 fecit
3121 1357 3306 1427 plures
3350 1357 3418 1414 ab

1823 1449 1919 1515 illo
1973 1449 2147 1509 editos
2195 1450 2357 1505 fuisse
2399 1448 2720 1522 Etqurum
2767 1449 2967 1515 libros,
3016 1448 3170 1518 cujus
3200 1448 3418 1504 tertium

1825 1543 1972 1596 hisce
2013 1541 2345 1611 totidemque
2384 1542 2569 1609 citavit
2600 1540 2781 1611 verbis
2814 1558 2829 1596 :
2862 1558 2882 1593 ι
2917 1539 3243 1607 Corniﬁcius
3286 1540 3419 1613 Ety-

1824 1654 2035 1693 morum
2100 1637 2193 1707 lit).
2252 1653 2304 1693 ιιι
2351 1638 2578 1707 Cicero,
2634 1637 2901 1707 (inquit,
2951 1655 2972 1701 ς
3023 1652 3130 1697 non
3183 1635 3418 1704 Ianum,

1824 1729 1917 1795 sed
1951 1729 2157 1787 Fanum
2209 1729 2427 1793 nomina
2470 1730 2539 1785 ab
2586 1728 2766 1791 eundo
2803 1748 2824 1795 ι
2859 1727 3146 1800 (Macram,
3173 1729 3263 1783 lib.
3308 1728 3417 1785 Sa-

142 1816 405 1893 tustissimi
427 1835 493 1903 Ο.
522 1835 722 1891 Fabius
748 1844 802 1903 et
846 1835 908 1902 L,
953 1833 1171 1907 Cincius
1194 1878 1208 1905 ,
1254 1816 1465 1896 Λεύιιιος
1496 1837 1716 1908 Κίγκιος,

1838 1824 2045 1891 :urnal.,
2079 1839 2127 1877 c.
2162 1823 2223 1890 6,
2255 1841 2308 1893 p.
2334 1821 2490 1899 212).
2525 1822 2667 1879 Alibi
2698 1839 2829 1879 vero
2884 1823 3148 1893 quosdam
3174 1822 3241 1887 de
3285 1821 3424 1878 Ceno

140 1933 289 1987 ambo
318 1931 553 2003 aequales
580 1929 737 2005 bellis
781 1928 1016 1983 Punicis.
1042 1927 1243 1993 Horum
1271 1938 1495 1998 uterque
1517 1944 1576 1980 ea
1608 1926 1723 2001 qui-

140 2029 231 2081 bus
260 2026 372 2096 ipse
402 2022 678 2089 interfuit,
710 2032 767 2078 ut
790 2022 959 2097 probe
1003 2020 1107 2091 sibi
1154 2021 1369 2093 cognita
1389 2062 1404 2089 ,
1437 2021 1725 2089 diligenter

139 2120 404 2173 mandavit
436 2118 649 2171 litteris.
700 2117 831 2184 Qum
857 2130 989 2169 vero
1019 2115 1146 2170 olim
1181 2123 1300 2183 post
1335 2113 1539 2169 Urbem
1589 2128 1725 2175 con-

138 2211 293 2266 ditam
316 2209 570 2279 deinceps
592 2217 879 2262 consecuta
921 2216 1075 2273 sunt,
1109 2216 1396 2261 contentus
1443 2205 1539 2273 fuit
1570 2221 1724 2277 sum-

142 2306 315 2359 tnatim
347 2319 665 2377 percurrere
718 2320 735 2354 ι
772 2299 989 2372 (Arnob.
1012 2346 1025 2371 ,
1057 2301 1148 2355 lib.
1186 2318 1244 2355 ιιι
1270 2341 1287 2367 ,
1313 2318 1367 2371 p.
1402 2300 1538 2371 122;
1566 2299 1723 2359 Dion.

144 2396 335 2461 Halic.,
373 2395 461 2449 lib.
494 2412 545 2462 1,
586 2412 641 2467 p.
672 2394 705 2450 6
736 2406 781 2448 et
813 2394 923 2467 16).
957 2396 1040 2449 Ab
1081 2412 1148 2449 eo
1182 2410 1370 2467 poStea
1404 2396 1488 2465 vir
1524 2404 1728 2457 senatus

140 2492 199 2544 rii
234 2489 427 2543 ordinis
470 2532 483 2553 ,
518 2478 645 2542 et'a
676 2488 832 2542 Livio
862 2488 1117 2543 niaxinms
1152 2496 1340 2553 auctor
1391 2488 1726 2567 appellatur,

141 2584 237 2637 nisi
265 2582 317 2636 in
352 2582 454 2636 hoc
486 2581 622 2636 Livii
652 2581 772 2635 loco
793 2625 805 2645 ,
859 2597 954 2655 pro
985 2581 1237 2647 maximus
1258 2623 1272 2651 ,
1321 2592 1376 2634 ut
1419 2582 1472 2635 in
1504 2581 1728 2649 quibus-

141 2676 259 2731 dam
288 2676 451 2731 editis
482 2676 701 2729 maxime
732 2690 960 2747 censeas
986 2673 1270 2745 legendum
1300 2673 1468 2757 (Ιλὶι)Ἴ
1500 2673 1587 2728 lib.
1613 2690 1727 2753 ut,

140 2790 186 2830 c.
218 2771 333 2844 58).
363 2770 515 2825 Illius
549 2786 709 2839 porro
743 2770 933 2837 librum
981 2769 1047 2823 de
1077 2769 1253 2839 Fastis
1297 2768 1482 2825 citavit
1523 2768 1730 2827 Macro:

1826 1918 1993 1973 tauris
2020 1933 2207 1972 versus
2239 1917 2307 1975 ab
2346 1916 2441 1971 illo
2481 1917 2534 1969 in
2566 1914 2764 1971 Glauco
2806 1917 3121 1973 decantatus
3168 1918 3421 1977 transcri-

1828 2012 1933 2085 psit
1963 2010 2128 2081 (Ibid.
2152 2052 2168 2078 ,
2201 2010 2288 2064 lib.
2330 2026 2384 2077 vt
2406 2051 2421 2079 ,
2450 2027 2497 2063 c.
2521 2011 2575 2078 4,
2611 2028 2665 2081 p,
2689 2008 2839 2081 .586).
2864 2012 2932 2065 At
2959 2025 3137 2073 nonne
3158 2009 3286 2071 hinc
3314 2011 3428 2067 col-

1829 2104 1919 2175 ligi
1953 2115 2131 2187 potest
2164 2106 2340 2176 ipsum
2379 2119 2502 2160 esse
2532 2104 2600 2158 de
2625 2120 2731 2174 quo
2761 2103 3029 2159 Eusebius
3061 2106 3114 2160 in
3159 2106 3428 2163 Chronico

1828 2199 1907 2251 sic
1936 2199 2172 2268 loquitttt‘
2205 2217 2218 2253 :
2260 2218 2279 2251 ‹
2315 2196 2633 2253 Corniﬁcius
2662 2206 2817 2267 poeta
2848 2213 2880 2252 a
2910 2197 3174 2257 militibus
3204 2198 3429 2263 destitu-

1830 2300 1916 2345 tus
1936 2290 2170 2357 interiit,
2200 2307 2335 2359 quos
2364 2306 2507 2360 smpe
2537 2289 2804 2362 fugientes
2824 2293 3066 2362 galeatos
3098 2291 3314 2361 lepores
3335 2306 3429 2363 ap-

1830 2386 2086 2465 pellabat.
2138 2385 2307 2455 Hujus
2352 2400 2509 2445 soror
2564 2383 2888 2451 Cornilicia,
2920 2384 3075 2455 cujus
3113 2394 3331 2441 exstant
3350 2386 3431 2441 in-

1831 2478 2000 2550 signia
2019 2479 2401 2559 epigrammata
2430 2497 2448 2531 ι
2484 2477 2724 2547 (Euseb..
2758 2476 2949 2531 Chron.
2982 2478 3051 2533 ad
3079 2495 3203 2533 anu.
3237 2478 3428 2551 1576).

1833 2570 1947 2627 Non
1979 2568 2190 2629 dubitat
2219 2568 2441 2627 Vossius
2474 2570 2599 2641 quin
2638 2569 2681 2623 is
2723 2567 2865 2641 idem
2896 2569 3002 2636 sit,
3032 2578 3193 2641 atque
3223 2568 3431 2641 Virgilii

1833 2664 2187 2727 obtrectator,
2248 2661 2314 2719 de
2365 2677 2472 2731 quo
2529 2661 2732 2717 invita
2783 2662 2901 2733 ejus
2962 2662 3103 2732 apud
3166 2663 3432 2727 Donatum

1834 2752 2011 2825 (Voss.
2032 2796 2047 2821 ,
2077 2759 2140 2809 de
2171 2752 2316 2808 Poet.
2362 2754 2453 2809 lat.
2477 2796 2490 2819 ,
2524 2772 2577 2825 p.
2604 2753 2719 2825 2’2).
2771 2754 2881 2809 Sed
2929 2753 3121 2823 dubius
3164 2753 3335 2823 haeret
3363 2771 3432 2809 an

140 2865 257 2919 bius
286 2884 298 2918 :
331 2863 542 2920 Gellius
592 2878 723 2920 vero
752 2865 899 2919 varia
945 2862 1071 2917 libri
1118 2862 1237 2933 ejus
1279 2863 1347 2917 de
1401 2877 1459 2916 re
1513 2860 1729 2929 militari

1838 2846 1924 2900 ille
1964 2846 2160 2911 fuerit,
2206 2847 2271 2899 ad
2318 2862 2476 2919 quem
2531 2846 2707 2903 adhuc
2761 2846 3013 2917 leguntur
3076 2847 3270 2919 Catulli
3318 2848 3433 2918 epi~

139 2958 439 3031 fragmenta
476 2958 837 3033 transcripsit.
874 2956 1031 3010 Plura
1059 2956 1126 3010 de
1162 2970 1230 3015 eo
1261 2955 1483 3011 Vossius
1506 2998 1520 3023 ,
1572 2969 1729 3027 quem

1838 2956 2077 3009 gramina
2102 2940 2316 3005 (Catull.
2342 2940 2593 3021 epigram.
2623 2938 2744 3012 56),
2769 2955 2832 2995 ac
2854 2940 3133 2996 Ciceronis
3153 2940 3432 3012 epistolae;

139 3055 179 3109 si
228 3054 414 3119 Iubet,
465 3051 616 3107 adire
663 3050 865 3119 poteris
905 3049 1199 3119 (Noomin,
1240 3048 1330 3104 lib.
1377 3047 1729 3121 tSaturnal.,

1838 3046 2016 3095 utrum
2045 3035 2205 3103 etiam
2239 3034 2307 3088 ab
2356 3050 2421 3097 eo
2472 3036 2705 3103 profecta
2741 3034 2850 3099 sint
2888 3034 3183 3099 Rhetorica
3216 3036 3285 3101 ad
3330 3037 3437 3092 He-

135 3163 180 3202 c.
224 3147 323 3209 12;
382 3143 519 3199 Gell.
544 3186 557 3209 ,
606 3145 697 3198 lib.
727 3158 820 3197 XVI
872 3142 1027 3197 Noct.
1064 3142 1170 3199 Att.
1194 3184 1210 3209 ,
1259 3159 1305 3198 c.
1335 3142 1392 3209 4;
1445 3141 1617 3208 Voss”
1673 3141 1735 3198 de
1775 3203 1807 3209 _
1839 3129 2121 3196 rennium,
2150 3144 2270 3198 quae
2303 3127 2436 3183 falso
2465 3126 2748 3195 Ciceronis
2773 3128 2996 3197 nomine
3045 3129 3433 3205 inscribuntur.

138 3240 280 3295 Hist.
313 3203 496 3312 ῥτωεη
529 3203 622 3293 ab.
654 3254 743 3303 IV,
780 3255 826 3293 ς.
869 3238 976 3307 ιδ,
1023 3248 1069 3291 et
1100 3237 1164 3292 de
1197 3203 1523 3305 enim,
1571 3203 1660 3297 ut.
1700 3254 1717 3296 ι
1762 3203 1809 3287 Cx
1840 3218 2006 3275 Nobis
2040 3235 2201 3312 norm
2228 3217 2368 3273 haud
2402 3235 2544 3291 were
2575 3219 2993 3292 persuadebunt
3024 3203 3167 3279 hunc
3215 3222 3438 3277 Corniﬁ-

132 3354 178 3390 ε,
211 3334 294 3409 4),
321 3311 328 3312 ⁷
1840 3316 2004 3387 cium,
2034 3311 2100 3368 de
2131 3328 2237 3384 quo
2263 3314 2539 3379 Arnobius
2572 3315 2828 3385 loquitur,
2881 3314 3057 3385 ipsum
3088 3329 3235 3385 esse,
3281 3314 3436 3393 cujus

204 3429 434 3486 Clodius
476 3428 809 3499 praenomine
855 3426 1044 3482 Sextus
1069 3470 1082 3492 ,
1124 3425 1190 3485 ah
1219 3425 1493 3495 Arnohio,
1545 3425 1596 3497 in
1646 3440 1736 3485 eo-

131 3543 276 3589 rum,
309 3541 431 3596 quze
477 3523 544 3579 de
571 3523 757 3583 Fauno
788 3523 1036 3593 dicebat,
1082 3521 1236 3581 lCSliS
1283 3520 1425 3597 hunc
1445 3521 1636 3591 citatnr
1682 3521 1738 3593 in

131 3618 357 3673 modotu
386 3637 398 3672 :
422 3616 612 3671 Sextus
640 3614 849 3671 Clodius
879 3612 1073 3685 indicat
1100 3614 1151 3683 in
1180 3623 1321 3669 sexto
1345 3613 1407 3667 dc
1428 3612 1525 3667 diis
1547 3628 1735 3684 ιιι-(εσυ.

129 3711 242 3769 Sed
272 3710 537 3782 suspicati
566 3718 695 3763 sunt
734 3708 899 3778 aliqui
957 3716 1273 3777 corruptum
1301 3723 1421 3762 esse
1464 3705 1565 3763 hoc
1616 3705 1738 3761 ulti-.-

127 3821 278 3860 mum
309 3804 576 3869 verbum,
629 3816 691 3855 ac
740 3800 1136 3871 restituendum
1184 3798 1505 3873 ercorunt.
1547 3798 1652 3855 Sed
1684 3797 1740 3869 hi

128 3915 241 3953 non
282 3898 532 3965 legerant
572 3895 722 3951 illum
752 3894 1019 3965 Lactantii
1054 3894 1232 3963 locum
1257 3934 1269 3957 ,
1302 3893 1392 3959 tibi
1435 3892 1739 3965 Arnobiunt

126 4003 382 4047 nostrum
415 3999 804 4067 prmccptorem
848 4003 1002 4044 suum
1031 4028 1045 4055 ,
1077 3988 1157 4042 sic
1178 3989 1459 4055 sequitur:
1494 4004 1512 4039 ι
1542 3984 1741 4055 Sextus

122 4085 354 4141 Clodius
391 4085 443 4138 in
474 4099 539 4139 eo
569 4082 705 4137 libro
727 4099 885 4167 quem
916 4097 1090 4152 grmce
1117 4082 1354 4161 scripsit,
1378 4080 1542 4143 refert
1570 4080 1740 4151 Fauni

126 4180 267 4235 hanc
294 4194 530 4234 uxorem
566 4175 730 4231 fuisse
768 4196 785 4249 ι
818 4173 1062 4253 (Ανηοιι.ξ
1086 4174 1174 4243 lib.
1208 4190 1235 4231 v
1258 4216 1272 4245 ,
1305 4191 1356 4251 ρ.
1392 4175 1525 4245 168;
1562 4172 1735 4241 Lacu,

122 4275 216 4327 lib.
269 4292 325 4338 ι,
375 4290 422 4326 c.
471 4272 577 4337 ‘22,
624 4290 675 4342 ρ.
726 4271 876 4339 19.7).
925 4270 1058 4343 Nam
1093 4270 1216 4325 inde
1268 4270 1423 4339 facile
1468 4270 1741 4343 colligitur

123 4368 179 4420 in
216 4364 449 4421 Arnobii
507 4376 657 4419 textu
709 4364 970 4435 scriptum
1023 4378 1128 4431 non
1185 4363 1353 4433 fuisse
1401 4361 1737 4437 ercorttm,

120 4462 222 4514 sed
259 4461 448 4529 potius
477 4474 639 4529 grwce
664 4457 875 4527 scripto,
902 4457 983 4527 vel
1014 4456 1142 4535 quid
1177 4456 1373 4527 simile.

198 4554 282 4609 Ad
341 4552 633 4635 Clodium,
692 4550 832 4621 quod
896 4559 1139 4639 spectat,
1194 4549 1412 4635 quidam
1456 4555 1741 4621 autumant

118 4661 253 4700 eum
286 4659 419 4699 esse
462 4643 615 4713 cujus
647 4642 819 4713 liber,
862 4640 1034 4701 Index
1076 4651 1360 4715 temporum
1406 4639 1736 4711 inscriptus,

119 4754 153 4791 a
223 4736 529 4791 Plutarcho
580 4734 828 4789 laudatur
896 4714 1217 4805 (Plutarchi,
1279 4734 1331 4789 in
1397 4730 1514 4785 Vita
1570 4716 1733 4803 Nam.

114 4828 354 4899 Pomp.,
394 4846 449 4894 p.
480 4826 598 4897 52).
628 4825 734 4883 Sed
766 4836 1052 4897 utrumque
1081 4824 1167 4879 hic
1199 4822 1358 4881 Sexto
1398 4822 1561 4879 fuerit
1600 4840 1739 4897 prae:

116 4939 360 4985 nomen,
398 4937 562 4977 nemo
590 4922 854 4991 probavit.
886 4919 1036 4974 Alius
1062 4929 1241 4973 autem
1264 4960 1277 4983 ,
1328 4919 1412 4971 cui
1447 4928 1737 4989 utrumque

114 5033 452 5086 praenomen
476 5059 491 5081 ,
546 5024 602 5071 et
646 5030 845 5070 nomen
875 5013 1164 5083 convenit,
1199 5027 1227 5064 a
1261 5011 1524 5067 Suetonio
1572 5011 1735 5067 claris

112 5110 453 5167 rhetoribus
479 5107 786 5180 adjungitur
815 5127 827 5162 :
868 5126 886 5159 ι
922 5110 1118 5162 Sextus
1140 5148 1154 5172 ,
1188 5126 1206 5161 ι
1238 5105 1441 5179 inquit,
1473 5102 1735 5175 (Clodius

107 5218 147 5257 e
186 5202 379 5257 Sicilia
407 5245 425 5269 ,
455 5202 636 5255 latium
655 5178 824 5263 simul
854 5211 908 5254 et
932 5214 1127 5270 grmczc
1146 5178 1479 5271 eloquentia:
1525 5198 1732 5269 profes—

110 5310 225 5348 sor
256 5296 408 5350 male
437 5294 683 5348 oculatus
705 5336 719 5359 ,
768 5302 918 5348 eL...
945 5293 1417 5365 Antoniorgratus,
1463 5306 1570 5367 quo
1612 5305 1736 5361 mox

104 5390 365 5443 consule
388 5431 401 5449 ,
432 5388 620 5457 ingens
646 5385 808 5440 etiam
854 5384 1186 5456 congiarium
1232 5383 1475 5453 accepit,
1512 5393 1568 5441 ut
1587 5383 1634 5438 ei
1683 5382 1737 5438 in

106 5483 459 5554 Philippicis
508 5483 701 5537 Cicero
749 5480 978 5563 objicit:
1012 5479 1247 5541 Adhibes
1274 5477 1385 5559 joci
1413 5494 1573 5533 causa
1623 5494 1737 5533 ma-

99 5580 368 5649 gistrum
403 5575 661 5647 suffragio
692 5583 783 5629 tuo
805 5583 859 5629 et
890 5583 1266 5644 compotorum
1298 5584 1510 5628 tuorum
1556 5573 1738 5628 rheto-

99 5686 359 5727 rem....
405 5672 513 5727 duo
555 5669 724 5725 millia
773 5668 1018 5739 jugerum
1052 5668 1226 5737 campi
1276 5666 1527 5722 Leontini
1579 5666 1743 5723 Sexto

96 5764 333 5820 Clodio
380 5764 586 5820 rhetori
632 5762 949 5833 assignasti,
1003 5759 1297 5830 etquidem
1350 5761 1642 5826 immunia;
1684 5769 1743 5831 ut

98 5868 288 5915 tanta
315 5858 570 5917 mercede
587 5858 724 5914 nihil
745 5872 934 5933 sapere
949 5854 1185 5913 disceres
1209 5874 1229 5908 ι
1256 5853 1458 5926 (Suet.,
1488 5854 1553 5910 de
1594 5852 1738 5911 Clar.

1843 3406 2009 3462 libros
2041 3408 2355 3480 Etymorum
2387 3407 2548 3478 paulo
2579 3417 2736 3481 antea
2780 3408 3204 3481 observabanius
3238 3424 3269 3479 ιι
3314 3417 3435 3466 Ma-

1839 3501 2026 3556 crobio
2049 3501 2223 3557 citari.

1912 3618 2101 3687 Crates
2121 3618 2299 3677 adhuc
2314 3619 2385 3677 ab
2403 3630 2624 3683 auctore
2651 3629 2840 3683 nostro
2870 3622 3139 3687 laudatus,
3167 3622 3312 3689 haud
3337 3624 3440 3680 du-

1843 3711 1931 3769 die
1970 3713 2354 3784 grammaticus
2382 3715 2475 3770 ille
2500 3714 2599 3777 fuit
2626 3757 2640 3780 ,
2686 3716 2755 3771 de
2777 3732 2886 3786 quo
2914 3717 3045 3773 alibi
3071 3716 3433 3773 disseruimus

1843 3802 2089 3877 (Arnob.,
2120 3805 2208 3860 lib.
2241 3821 2320 3872 ut,
2359 3823 2480 3877 pag.
2509 3807 2602 3862 121
2630 3817 2790 3874 ;tom.
2826 3823 2844 3862 1
2873 3806 3157 3878 Apporat.,
3179 3825 3301 3882 pag.
3332 3810 3438 3866 Mi

1842 3910 1887 3959 et
1918 3898 2054 3955 ηδε)
2080 3899 2119 3968 ).

1915 3988 2143 4053 Cronius
2183 3990 2236 4053 in
2275 3990 2459 4053 ultima
2503 3991 2765 4051 librorum
2804 3993 3035 4053 Arnobii
3073 3994 3314 4052 editione
3342 4010 3443 4052 no-

1844 4082 2097 4146 minatur,
2125 4082 2213 4136 ubi
2244 4085 2359 4153 lucc
2380 4083 2472 4138 ille
2500 4083 2637 4151 dixit
2668 4102 2684 4138 :
2722 4103 2742 4136 ι
2772 4084 2882 4147 Vos
2912 4086 3145 4153 Platoni,
3176 4104 3277 4145 vos
3297 4088 3445 4145 (Iro-4

1844 4173 1953 4239 nio,
1978 4187 2073 4226 vos
2105 4173 2372 4247 Numenio
2400 4176 2623 4230 creditis
2652 4195 2671 4228 ι
2698 4176 2942 4249 (Arnob,
2965 4179 3061 4239 lib.
3090 4194 3148 4246 ll,
3176 4198 3297 4252 pag.
3318 4179 3434 4253 L9).

1843 4266 1948 4322 Sed
1990 4267 2039 4325 in
2073 4268 2441 4339 manuscripto
2480 4269 2629 4341 regio
2655 4269 2845 4337 codice
2887 4287 2986 4343 pro
3015 4272 3207 4333 (Itonia
3246 4273 3444 4346 legitur

1842 4361 2107 4416 Crotonio.
2140 4361 2192 4416 1s
2221 4373 2400 4419 autem
2429 4363 2548 4435 quis
2576 4363 2769 4431 fuerit,
2810 4380 2937 4428 cum
2966 4367 3282 4435 ignoretur,
3315 4382 3441 4427 eor-

1846 4463 2064 4524 ruptum
2094 4469 2288 4513 nomen
2327 4469 2446 4513 esse
2475 4464 2815 4527 putatrerunt.
2848 4455 2921 4521 At
2944 4457 3221 4526 quomodo
3249 4472 3438 4513 emen-

1846 4546 1964 4602 dari
1990 4547 2224 4613 debeat,
2268 4562 2366 4615 pro
2394 4563 2494 4602 suo
2527 4548 2899 4617 unusquisque
2926 4548 3144 4618 ingenio
3181 4548 3439 4619 catijocit.

1782 4638 1817 4675 εί
1848 4640 2115 4711 Canterus
2161 4639 2360 4715 quippe
2398 4639 2650 4710 ομὶιιειιιιι
2678 4638 2966 4709 legendum
3014 4638 3263 4703 Ρινοιιιιιία
3289 4683 3305 4706 ν
3338 4656 3440 4703 seu

1844 4733 2126 4803 Prothoum
2151 4774 2164 4799 ,
2205 4733 2287 4791 vel
2316 4731 2496 4807 potius
2521 4729 2828 4799 Prothomio
2848 4773 2863 4795 .
2907 4732 2979 4789 de
2999 4747 3106 4802 quo
3132 4734 3395 4805 Apuleius
3424 4754 3443 4793 ι

1849 4847 1866 4879 ι
1897 4827 1991 4887 Sat
2017 4846 2043 4884 e
2071 4827 2337 4891 Protomo,
2368 4846 2387 4897 ι
2424 4827 2624 4895 inquit,
2660 4826 2876 4898 «διελςῘῆ
2908 4836 3013 4894 est,
3044 4830 3136 4901 qui
3170 4829 3294 4887 talis
3317 4830 3438 4900 fuit,

1845 4933 1903 4977 ut
1932 4923 2045 4999 ejus
2085 4930 2335 4990 nepotem
2367 4937 2472 4991 non
2496 4921 2741 4993 puderet.
2773 4941 2792 4974 ι
2830 4921 3037 4996 (Aput.
3066 4966 3081 4988 ,
3112 4925 3204 4989 tib.
3230 4926 3295 4985 de
3324 4925 3439 4985 Deo

1846 5014 2051 5071 Socrat.
2082 5056 2098 5081 ,
2129 5014 2243 5071 sub.
2294 5011 2416 5086 ﬁn.)
2448 5012 2650 5083 Verum
2691 5014 2819 5085 quid
2853 5017 2920 5073 ad
2952 5017 3182 5081 Aruohii
3225 5020 3444 5081 institu-

1843 5118 1953 5177 tum
1985 5106 2101 5169 hmo
2128 5105 2341 5177 Apuleii
2380 5105 2541 5173 verba
2572 5106 2910 5183 conducant,
2954 5110 3117 5181 nobis
3149 5121 3300 5175 certe
3335 5128 3446 5169 non

1842 5200 2031 5269 liquet.
2082 5197 2447 5266 Quamobrem
2507 5198 2692 5267 plures
2729 5200 2821 5254 alii
2869 5201 3215 5273 scribendum
3258 5210 3449 5274 putant

1849 5290 2061 5361 Plotina
2089 5329 2105 5354 ,
2138 5298 2297 5359 atque
2328 5289 2381 5345 in
2414 5291 2738 5361 suspicionis
2781 5292 2939 5367 hujus
2978 5292 3445 5357 confirmationem

1845 5382 2073 5453 proferri
2113 5391 2337 5452 possunt
2374 5383 2489 5451 hinc
2518 5383 2848 5457 Theodoreti
2883 5385 3048 5455 verba
3080 5402 3096 5440 :
3127 5388 3315 5459 Λύτίκα
3335 5390 3445 5444 τοί-

1839 5500 1926 5530 νυν
1956 5482 2044 5536 τήν
2091 5477 2342 5541 Πλάτωνος
2385 5476 2605 5545 durantque.
2638 5481 3055 5549 ἁνατττιὲσςσοντες
3078 5520 3095 5549 ,
3140 5484 3222 5537 καὶ
3246 5480 3274 5549 ὁ
3302 5482 3445 5537 Πλω-

1841 5578 1996 5637 τῖνος,
2025 5572 2104 5624 καὶ
2134 5569 2159 5624 ὁ
2187 5573 2465 5641 Νουμήνιος
2507 5569 2524 5638 (
2553 5568 2831 5637 Theodon,
2865 5587 3017 5631 serm.
3045 5571 3111 5639 2,
3141 5571 3204 5641 de
3245 5574 3447 5643 princi-

1845 5662 1930 5732 pio
1956 5704 1972 5730 ,
2024 5673 2147 5715 tom.
2178 5678 2262 5727 iv,
2309 5679 2435 5733 pag.
2466 5658 2638 5735 500
2683 5661 2869 5731 Itaque
2912 5661 3155 5725 Plotinus
3177 5676 3225 5723 et
3249 5664 3448 5723 Numa-9

1843 5756 1959 5821 nius
1980 5797 1994 5821 ,
2041 5755 2279 5813 Platonis
2304 5766 2519 5827 utentem
2546 5756 2877 5839 explicantes.
2912 5758 3104 5817 Nonne
3136 5763 3281 5821 enim
3306 5804 3321 5831 ,
3355 5764 3443 5821 in.

1843 5850 2066 5921 quiunt,
2103 5858 2216 5906 tres
2245 5848 2297 5905 lii
2326 5858 2450 5907 sunt
2477 5848 2813 5908 recentiores
2840 5849 3171 5928 philosophi,
3213 5870 3443 5929 quorum
