3978 6336
545 330 653 399 619

1862 326 2314 399 DlSSERTA'l‘lO
2350 332 2656 398 PREVIA»

3714 344 3808 405 680

550 455 881 513 mentionem
909 451 1178 509 Arnobius
1204 451 1371 509 fecit?
1390 450 1498 509 Sed
1520 451 1589 509 de
1608 452 1935 525 quibuslibet
1962 456 2136 524 philo-
2166 465 2221 527 Α
2316 457 2592 527 Epictetus
2618 456 2973 529 philosophus
3003 464 3307 529 praeceptor
3335 455 3433 515 luit
3462 458 3699 529 Arriani,
3728 468 3810 536 qui

554 548 742 620 sophis
770 564 891 603 eum
919 562 1080 617 agere
1105 545 1280 616 quivis
1305 545 1448 601 hunc
1475 547 1649 602 locum
1686 560 1888 604 attente
1913 548 2137 620 legerit,

556 660 663 700 non
709 640 1044 695 difﬁtebitur.
1087 638 1276 695 Nonne
1321 640 1483 694 etiam
1534 642 1802 709 imperito,
1849 654 1907 696 ut
1945 644 2142 713 saepius

557 735 810 800 diximus,
854 732 1075 788 librario
1112 732 1317 787 facilius
1353 731 1453 786 fuit
1493 748 1588 803 pro
1629 732 1818 788 Cronio
1843 776 1858 802 ,
1908 736 2146 791 scribere

559 827 828 895 Crotonio,
870 842 1029 896 quam
1087 825 1347 882 Plotina?
1385 830 1454 882 At
1496 836 1644 884 certe
1682 829 1725 882 si
1765 829 1909 898 prior
1949 829 2144 896 lectio,

558 920 815 989 Cronius,
863 923 1084 977 omnino
1131 935 1238 977 non
1289 922 1609 992 displiceat,
1668 922 1867 993 poterit
1925 923 2144 979 Eusebii

556 1017 874 1071 auctoritate
899 1016 1150 1072 stabiliri.
1201 1016 1275 1071 De
1302 1016 1535 1086 Origene
1560 1017 1759 1069 etenim
1793 1017 1871 1071 sic
1913 1016 2103 1070 scribit
2131 1032 2145 1069 :

563 1128 583 1162 ι
619 1109 867 1164 Numenii
895 1124 1131 1180 quoque,
1156 1117 1210 1163 el.
1232 1108 1438 1172 Cronii,
1470 1111 1774 1182 Νουμηνίον.
1799 1112 1880 1164 ναὶ
1898 1111 2106 1184 Κρονίου
2131 1147 2148 1175 ,

556 1200 951 1273 Λροιιομιιειιῑε
976 1244 992 1269 ,
1018 1210 1074 1258 et
1111 1202 1374 1273 Longini,
1418 1201 1679 1257 Moderati
1716 1202 1877 1257 etiam
1911 1213 1961 1256 et
1996 1201 2151 1255 Nico-

559 1294 735 1350 machi
757 1336 772 1361 ,
801 1306 857 1351 et
884 1296 1112 1350 aliorum
1139 1337 1155 1363 ,
1184 1295 1276 1366 qui
1297 1295 1438 1350 inter
1466 1294 1853 1366 Pythagoricos
1896 1291 2153 1365 praecipui

559 1390 866 1456 habentur,
915 1392 1113 1460 scripta
1164 1389 1407 1461 quotidie
1446 1389 1501 1443 in
1546 1388 1796 1443 manibus
1844 1387 2077 1442 habebat
2126 1404 2146 1439 ι

558 1480 579 1553 (
607 1483 827 1548 Euseb.,
859 1484 948 1538 lib.
979 1499 1030 1538 νι
1062 1482 1264 1537 Eccles.
1292 1483 1499 1546 histum,
1532 1499 1647 1551 cap.
1682 1482 1750 1537 19
1771 1524 1786 1547 ,
1821 1498 1938 1552 pag.
1975 1480 2081 1537 220
2106 1478 2149 1551 ).

558 1578 614 1635 Si
640 1594 771 1650 ergo
786 1578 1020 1635 Cronius
1042 1588 1096 1633 et
1111 1578 1406 1634 Numenius
1428 1578 1682 1647 praecipui
1711 1578 1853 1632 inter
1886 1579 2157 1650 Pythago-

557 1674 699 1729 ricos
731 1688 914 1729 revera
949 1673 1151 1728 fuerint
1175 1716 1190 1740 ,
1234 1673 1362 1744 quid
1411 1673 1661 1744 prohibet
1688 1674 1976 1743 quominus
2008 1675 2042 1728 ii
2068 1674 2152 1728 di-

560 1776 786 1833 cantur,
822 1767 1015 1839 quibus
1034 1766 1235 1822 ethnici
1263 1807 1277 1828 ,
1321 1765 1399 1820 uti
1427 1767 1500 1820 ait
1529 1766 1800 1821 Arnobius
1819 1808 1835 1833 ,
1866 1766 2027 1822 ﬁdem
2058 1768 2155 1822 ha—

558 1860 1050 1933 bebant?(Arnob.,
1070 1861 1107 1915 l.
1133 1877 1149 1916 ι
1172 1878 1226 1931 p.
1247 1861 1338 1926 51‘;
1358 1871 1480 1914 tom.
1510 1877 1526 1914 ι
1567 1859 1847 1931 Apparat.,
1876 1879 1929 1931 p.
1966 1860 2153 1932 1259.)
2188 1862 2236 1924 B
2266 1876 2383 1930 sup.
2416 1902 2430 1925 ,
2461 1877 2575 1931 cap.
2608 1863 2642 1917 9
2665 1903 2683 1929 ,
2736 1872 2836 1916 art.
2865 1864 2893 1917 1
2922 1880 2937 1928 ;
2968 1871 3091 1918 tam.
3124 1880 3141 1918 ι
3195 1861 3456 1935 Apparet.

633 1955 825 2012 Ctesia:
857 1956 1063 2025 primus
1096 1953 1446 2009 historiarum
1492 1953 1628 2009 liber
1656 1953 1724 2007 ab
1754 1953 1846 2008 illo
1886 1954 2047 2008 etiam
2079 1953 2158 2008 ci-

563 2056 727 2104 tatur.
763 2048 838 2103 De
869 2047 971 2102 hoc
1014 2057 1195 2102 autem
1240 2048 1507 2115 scriptore
1546 2062 1575 2100 a
1610 2045 1764 2100 nobis
1794 2046 1937 2101 alibi
1975 2055 2156 2102 actum

563 2154 668 2199 est.
701 2143 863 2198 Varia
900 2152 1080 2197 autem
1128 2141 1386 2196 librorum
1430 2141 1546 2210 ejus
1577 2139 1875 2210 fragmenta
1905 2148 2028 2211 post
2053 2139 2157 2196 He-

563 2237 738 2293 rodoti
771 2237 938 2292 libros
963 2236 1188 2293 collecta
1217 2236 1487 2307 reperies.

634 2332 711 2387 De
743 2331 966 2400 Diagora
998 2344 1212 2401 quoque
1244 2328 1402 2383 Melie
1423 2370 1437 2393 ,
1466 2328 1556 2398 qui
1583 2328 1719 2383 deos
1740 2369 1754 2393 ,
1789 2328 1927 2383 sicut
1950 2328 2026 2382 ait
2057 2328 2159 2383 Arc-

564 2425 758 2481 tiobius
786 2467 799 2489 ,
833 2424 1083 2479 homines
1130 2423 1297 2477 fuisse
1323 2422 1706 2489 existimabat,
1755 2422 1880 2476 alibi
1911 2430 2073 2493 atque
2104 2423 2159 2478 in

565 2521 665 2577 hac
693 2520 854 2576 etiam
907 2518 1292 2574 dissertatione
1334 2517 1727 2588 disputavimus
1777 2516 1795 2587 (
1819 2516 2033 2579 Arnob.,
2066 2516 2157 2572 lib.

564 2628 617 2669 tv
641 2655 657 2680 ,
688 2629 808 2684 pag.
840 2611 941 2666 147
968 2627 983 2673 ;
1015 2627 1184 2680 ευριπ,
1214 2626 1328 2681 cap.
1359 2610 1414 2675 9,
1456 2619 1557 2663 art.
1596 2609 1619 2663 1
1650 2625 1665 2675 ;
1695 2607 1916 2664 Disserl.
1946 2611 1999 2662 in
2044 2608 2152 2663 Mi-

565 2720 710 2771 nuc.,
740 2720 855 2774 cap.
894 2703 980 2771 l0,
1005 2713 1104 2757 art.
1128 2703 1253 2766 ulL;
1274 2713 1321 2756 et
1347 2701 1600 2772 Apparat.
1632 2711 1753 2755 tom.
1780 2717 1818 2766 ι,
1848 2719 1971 2773 pag.
1999 2701 2157 2774 147).

640 2798 797 2854 Ennii
844 2798 1081 2855 celebris
1108 2807 1189 2852 est
1216 2796 1356 2869 apud
1390 2797 1794 2866 antiquissimos
1825 2798 2119 2865 scriptores
2143 2838 2158 2863 ,

564 2892 800 2949 Livium.
835 2893 899 2948 A.
931 2890 1190 2957 Gellium,
1221 2900 1276 2946 et
1306 2902 1492 2961 poetas
1522 2889 1795 2956 Ovidium,
1826 2890 2158 2958 Lucretium,

566 2997 727 3058 atque
774 2986 941 3051 alios,
994 2984 1089 3042 sed
1144 2986 1341 3055 saepius
1387 2984 1526 3055 apud
1565 2982 1879 3040 Ciceronem
1928 2987 2155 3040 mentio.

565 3082 761 3138 Narrat
785 3091 961 3137 autem
994 3080 1297 3147 Arnobius,
1329 3095 1391 3135 ac
1421 3088 1540 3148 post
1562 3095 1684 3134 eum
1718 3078 2025 3134 Lactantius
2045 3120 2060 3143 ,
2094 3079 2163 3134 ab

567 3176 661 3233 illo
711 3177 874 3232 latine
920 3175 1162 3232 redditos
1216 3173 1507 3229 Eubemeri
1566 3173 1901 3244 Agrigentini
1956 3172 2159 3240 libros,

2246 550 2387 605 illius
2414 551 2824 607 dissertationes
2843 594 2858 619 ,
2892 562 2951 606 ut
2982 553 3138 620 paulo
3164 564 3290 610 ante
3317 569 3383 609 ex
3416 554 3480 609 A.
3512 554 3679 613 Gellio
3702 560 3811 614 ani-

2246 643 2633 699 madvertimus
2656 686 2671 709 ,
2717 644 2958 712 digessit.
2991 644 3149 700 Plura
3180 645 3374 701 Suidas
3415 657 3594 703 narrat
3621 648 3685 704 de
3712 651 3814 721 ejus

2248 738 2379 804 vita,
2409 747 2464 793 et
2494 740 2708 809 scriptis
2741 740 2760 810 (
2785 738 2937 795 Suid.
2958 782 2973 799 .
3001 741 3070 795 ad
3091 741 3226 797 verb.
3262 743 3529 805 ἐπίκτητος
3557 744 3600 813 ).
3632 744 3814 805 Gesne-

2253 844 2347 884 rus
2373 845 2503 885 vero
2523 874 2537 890 .
2569 846 2691 899 quae
2719 846 2784 886 ex
2815 832 2898 887 his
2922 844 3014 888 aut
3041 833 3215 899 edita,
3261 846 3352 892 aut
3380 852 3484 890 non
3515 836 3656 893 edita
3685 840 3815 907 sint,

2250 922 2452 979 indicat
2481 925 2501 998 (
2534 925 2726 981 Gesner
2750 927 2805 981 in
2835 925 3082 983 Bibliolb.
3116 927 3157 999 ).
3195 929 3433 1001 Denique
3459 928 3699 988 Stobaeus
3733 950 3816 989 va-

2251 1018 2360 1072 rias
2407 1018 2523 1088 ejus
2549 1062 2563 1084 ,
2606 1029 2769 1085 atque
2808 1018 3117 1090 Epicharmi
3149 1023 3446 1079 sententias
3485 1031 3539 1079 et
3583 1025 3821 1095 praeclare

2251 1110 2392 1166 dicta
2424 1110 2733 1182 descripsit.

2325 1203 2613 1260 Eubemeri
2651 1205 2819 1261 libros
2857 1206 2925 1264 de
2951 1207 3055 1264 diis
3079 1250 3095 1275 ,
3143 1208 3301 1266 sicuti
3348 1210 3594 1282 proxime
3632 1213 3824 1270 monui.

2255 1313 2411 1364 mus,
2468 1299 2673 1356 Ennius
2705 1302 2927 1357 latinum
2974 1304 3249 1359 transtulit
3287 1304 3340 1361 in
3368 1320 3689 1362 sermonem.
3731 1308 3824 1366 Sed

2256 1391 2324 1448 de
2365 1391 2467 1447 hoc
2512 1393 2815 1450 Euhemero
2861 1394 3105 1467 quaedam
3148 1397 3394 1465 superius
3439 1399 3825 1469 annotavimus,

2257 1486 2707 1556 quemadmodum
2737 1487 2791 1543 in
2823 1491 3103 1559 superiore
3138 1489 3443 1561 Apparatus
3472 1493 3644 1549 nostri
3675 1502 3824 1552 tomo.

2256 1578 2565 1634 Lactantius
2615 1593 2745 1635 vero
2804 1580 3047 1636 declarat
3110 1580 3258 1636 illum
3325 1581 3572 1639 Messana
3631 1584 3831 1643 civitate

2259 1671 2543 1727 oriundum
2571 1715 2585 1739 ,
2623 1686 2772 1727 suam
2805 1673 3078 1728 historiam
3107 1688 3174 1731 ex
3209 1674 3377 1730 titulis
3406 1686 3464 1732 et
3492 1679 3663 1733 sacris
3688 1679 3831 1734 insti-

2260 1765 2553 1821 tutionibus
2598 1765 2907 1823 condidisse
2961 1767 3240 1839 (Arnob,
3295 1769 3384 1824 lib.
3422 1786 3498 1839 tv,
3544 1788 3662 1842 pag.
3707 1773 3833 1838 147;

3484 1907 3501 1932 ,
3558 1884 3674 1939 pag.
3703 1867 3799 1924 785
3821 1883 3835 1934 ;

2258 1950 2520 2019 Lactant.,
2563 1953 2649 2010 lib.
2702 1969 2720 2008 ι
2760 1953 2994 2010 Institut.
3021 1997 3035 2021 ,
3072 1972 3189 2027 cap.
3216 1956 3304 2024 11,
3338 1973 3463 2029 pag.
3494 1955 3567 2012 62
3598 1970 3646 2013 et
3670 1959 3754 2013 lib.
3789 1958 3842 2014 ile

2257 2047 2337 2098 ira
2365 2046 2479 2113 Dei,
2512 2064 2627 2119 cap.
2662 2046 2748 2113 16,
2780 2066 2901 2121 pag.
2934 2048 3038 2104 794
3067 2048 3112 2121 ).

2332 2140 2530 2197 Fabius
2575 2142 2644 2197 ab
2688 2143 2928 2199 Arnobio
2964 2158 3102 2199 unus
3132 2159 3200 2200 ex
3228 2143 3296 2201 iis
3337 2126 3719 2219 nuncupatur,
3765 2145 3843 2220 qui

2260 2234 2425 2287 multa
2456 2233 2524 2289 de
2549 2234 2667 2289 Toli
2700 2244 2869 2305 patre,
2903 2238 3095 2307 patria,
3128 2246 3184 2293 et
3213 2250 3388 2295 morte
3425 2241 3658 2309 posteris
3690 2241 3838 2298 tradi-

2260 2325 2453 2381 derunt
2494 2327 2513 2399 (
2543 2327 2738 2384 Arnob.
2767 2369 2783 2394 ,
2814 2329 2904 2385 lib.
2945 2347 3028 2398 vt,
3062 2348 3181 2403 pag.
3236 2332 3335 2389 194
3366 2330 3405 2405 ).
3452 2334 3561 2392 Sed
3590 2334 3765 2406 plures
3788 2350 3845 2392 eo

2261 2421 2479 2474 nomine
2503 2430 2628 2475 sunt
2659 2422 2869 2487 vocati,
2910 2437 3141 2493 quorum
3183 2424 3289 2479 duo
3320 2423 3407 2480 bis
3435 2424 3716 2482 Ciceronis
3742 2442 3844 2483 ver-

2261 2513 2346 2569 bis
2367 2514 2747 2571 celebrantur:
2782 2533 2803 2568 ι
2831 2515 2949 2572 Ser.
2986 2515 3184 2573 Fabius
3208 2517 3414 2587 Pictor,
3450 2531 3509 2577 et
3529 2522 3669 2592 juris
3693 2533 3745 2578 et
3768 2522 3845 2577 lit-

2262 2614 2540 2673 terarum,
2591 2618 2645 2663 et
2687 2608 3022 2680 antiquitatis
3065 2609 3204 2667 bene
3245 2613 3476 2684 peritus.
3528 2614 3846 2685 Quintusque

2263 2698 2461 2754 Fabius
2519 2700 2701 2756 Labeo
2750 2700 2850 2755 fuit
2893 2712 3116 2757 ornatus
3159 2701 3349 2759 iisdem
3401 2705 3517 2761 fere
3566 2707 3843 2762 laudibusi

2267 2789 2484 2863 (Cicer.
2513 2835 2529 2859 ,
2579 2794 2633 2847 in
2676 2792 2823 2848 Brut.
2855 2834 2871 2861 ,
2919 2811 3037 2867 pag.
3072 2794 3178 2851 214
3207 2797 3247 2867 ).
3280 2796 3438 2854 Alius
3478 2798 3663 2855 adhuc
3704 2799 3849 2855 luisse

2266 2888 2579 2957 perhibetur
2613 2887 2811 2944 Fabius
2866 2887 3129 2945 Maximus
3180 2889 3520 2949 Servilianos
3572 2892 3848 2958 Pontifex,

2264 2981 2354 3049 qui
2401 2978 2673 3035 Macrobio
2712 2990 3039 3050 attestante,
3088 2983 3140 3037 in
3168 2982 3309 3039 libro
3333 2984 3671 3042 duodecimo
3708 3001 3852 3056 nega-

2264 3071 2493 3130 batatro
2523 3075 2610 3129 die
2636 3076 3029 3148 parentandum
3062 3075 3323 3148 (Macrob.
3356 3079 3451 3136 lib.
3506 3099 3524 3138 ι
3573 3081 3851 3147 Salui-nol,

2266 3184 2381 3239 cap.
2414 3170 2479 3225 l6
2504 3213 2519 3239 ,
2552 3188 2671 3243 pag.
2700 3171 2807 3227 247
2831 3172 2871 3242 ).
2902 3171 3055 3228 Hunc
3084 3183 3264 3230 autem
3294 3176 3523 3247 quidam
3552 3192 3677 3234 eum
3705 3174 3853 3232 Fabio

567 3275 763 3347 quibus
793 3274 929 3330 deos
960 3272 1208 3329 homines
1256 3270 1422 3327 fuisse
1466 3269 1873 3325 demonstrabat
1899 3266 2157 3336 (Lactant,
2189 3259 2235 3324 C
2266 3262 2478 3320 Pictore
2502 3264 2813 3322 confudisse
2840 3277 3157 3338 arguuntur.
3184 3268 3288 3323 Alii
3316 3285 3543 3342 quoque
3572 3272 3729 3328 Fabii
3753 3272 3854 3327 fue-

570 3367 660 3423 lib.
684 3385 724 3439 ι,
754 3384 869 3440 cap.
904 3367 992 3426 11.
1028 3382 1149 3437 pag,
1179 3363 1273 3427 62,
1310 3373 1359 3418 et
1383 3363 1472 3417 lib.
1500 3362 1564 3416 de
1593 3361 1685 3415 Ira
1725 3360 1825 3415 Dei
1848 3402 1864 3426 ,
1897 3376 2015 3429 cap.
2050 3361 2114 3415 ll
2146 3402 2161 3427 ,

569 3479 689 3534 pag.
723 3460 890 3534 794).
931 3459 1038 3516 Sed
1073 3458 1125 3513 id
1153 3456 1448 3513 delibutum
1492 3462 1578 3511 est
1620 3470 1687 3510 ex
1728 3453 2025 3518 Cicerone,
2074 3452 2163 3522 qui

567 3556 779 3613 dixerat
809 3573 822 3609 :
861 3573 880 3607 ι
913 3553 1043 3622 Quae
1070 3552 1208 3607 ratio
1240 3550 1472 3605 maxime
1502 3558 1725 3603 tractata
1753 3549 1821 3604 ab
1847 3547 2162 3603 Euhemero

569 3659 687 3713 est.
732 3662 892 3721 quem
935 3656 1122 3702 noster
1162 3654 1216 3699 et
1262 3644 1651 3712 interpretatus
1693 3652 1748 3697 et
1795 3653 2015 3696 secutus
2059 3651 2163 3708 est,

572 3754 769 3816 praeter
796 3739 1271 3807 caeteros,Ennius
1309 3757 1328 3792 ι
1356 3737 1544 3809 (Cicer.
1583 3738 1620 3792 ι.
1643 3753 1660 3792 ι
1687 3737 1751 3791 de
1775 3735 1967 3791 Natur.
1996 3737 2163 3808 deon,

574 3852 628 3909 ρ.
659 3836 790 3902 ate,
819 3835 909 3890 lin.
942 3834 1059 3905 st).

641 3929 895 4000 Ephorus
924 3926 1053 3996 quid
1086 3925 1155 3981 de
1186 3924 1457 3980 Musarum
1489 3937 1720 3978 numero
1750 3923 2045 3990 censuerit,
2081 3938 2170 3978 rea

572 4023 676 4079 l'ert
705 4020 995 4077 Arnobius.
1043 4018 1149 4075 Sed
1177 4020 1247 4072 de
1275 4017 1378 4072 hoc
1414 4015 1691 4085 Scriptore
1721 4031 1829 4071 non
1859 4016 2029 4071 semel
2057 4015 2171 4070 dis-

573 4116 840 4173 seruimus
888 4112 1105 4187 (Arnob.
1135 4155 1151 4178 ,
1192 4112 1281 4167 lib.
1323 4127 1419 4179 ιιι,
1460 4126 1584 4183 pag.
1625 4110 1725 4178 12;
1757 4120 1879 4165 tam.
1925 4126 1943 4164 ι
1989 4109 2169 4182 Appa-

572 4222 702 4272 ται..
728 4226 842 4282 pag.
879 4208 986 4267 545
1015 4217 1063 4263 et
1095 4205 1236 4261 1292
1264 4203 1309 4277 ),

646 4304 941 4377 Epicadius
981 4312 1252 4373 tamquam
1292 4299 1684 4372 grammaticus
1722 4298 1952 4354 illustris
1982 4298 2051 4354 ab
2080 4314 2172 4354 eo-

575 4400 697 4457 dem
727 4397 966 4456 Arnobio
993 4407 1179 4452 nostro
1203 4395 1449 4450 laudatur
1480 4393 1729 4467 (Arnob.,
1763 4393 1855 4447 lib.
1884 4409 1935 4457 ι,
1970 4410 2020 4462 p.
2054 4393 2167 4463 57).

573 4492 761 4551 Nonne
787 4500 966 4548 autem
999 4490 1044 4546 is
1071 4489 1190 4561 ipse
1226 4497 1309 4545 est
1332 4530 1347 4555 ,
1387 4503 1546 4559 quem
1587 4486 1638 4541 iu
1687 4484 2169 4542 Grammaticorum

2269 3365 2433 3423 runt,
2465 3366 2523 3411 ut
2554 3356 2750 3413 Fabius
2787 3358 3108 3416 Caecilianus
3132 3401 3148 3428 ,
3175 3372 3225 3417 et
3258 3360 3460 3417 Fabius
3491 3364 3766 3421 Rusticus.
3797 3365 3856 3418 At

2271 3447 2495 3502 Fabium
2528 3449 2796 3505 Pictorem
2827 3450 2895 3505 ab
2925 3452 3162 3508 Arnobio
3189 3455 3415 3509 citatum
3450 3456 3627 3514 fuisse
3658 3456 3857 3529 probari

2268 3549 2446 3611 potest
2473 3539 2772 3608 Ciceronis,
2804 3542 2994 3610 Plinii,
3028 3553 3083 3601 et
3112 3550 3173 3600 A.
3204 3545 3343 3602 Gelii
3370 3552 3730 3616 auctoritate,
3780 3548 3855 3620 qui

2267 3637 2496 3703 scriptos
2524 3633 2593 3689 ab
2616 3646 2681 3689 eo
2712 3635 2952 3692 Annales
2995 3651 3316 3695 memorant.
3347 3640 3495 3708 Quid
3538 3660 3708 3707 vero.
3737 3642 3861 3714 quod

2268 3728 2336 3782 ab
2375 3728 2627 3800 Dionysio
2675 3729 3086 3789 Halicarnasseo
3127 3744 3182 3790 et
3221 3734 3591 3794 Romanorum
3641 3738 3859 3810 Scripto-

2267 3836 2381 3874 rum
2407 3822 2792 3893 antiquissimus
2818 3866 2833 3889 ,
2872 3835 2927 3880 et
2956 3824 3212 3884 hiStorias
3235 3831 3629 3900 composuisse
3663 3832 3860 3887 dicitur.

2270 3915 2511 3988 Denique
2534 3916 2739 3973 Gellius
2779 3917 2981 3991 legerat
3015 3918 3113 3976 hos
3142 3919 3295 3977 Fabii
3325 3920 3573 3982 Pictoris
3601 3925 3861 3988 Annales,

2270 4011 2425 4066 bona:
2462 4020 2623 4083 atque
2665 4013 2925 4078 sincerae,
2956 4024 3013 4069 ut
3042 4014 3132 4070 ille
3160 4016 3276 4085 ait,
3318 4022 3624 4077 vetustatis
3674 4021 3864 4079 libros.

2248 4120 2406 4176 \quos
2429 4105 2675 4162 venditor
2705 4108 2825 4164 sine
2850 4106 3060 4164 mendis
3102 4122 3225 4166 esse
3251 4109 3573 4181 iactitabat.
3628 4111 3709 4171 Ex
3740 4114 3862 4168 libro

2271 4212 2449 4254 autem
2491 4199 2633 4255 illius
2677 4201 2853 4269 primo
2882 4203 3158 4273 excerpsit
3186 4200 3487 4276 Dionysius
3511 4206 3685 4264 verba
3706 4249 3723 4275 ,
3764 4218 3867 4277 qum

2271 4292 2583 4349 Pontiﬁcem
2613 4292 2902 4350 Maximum
2926 4294 3108 4351 dicere
3138 4295 3472 4367 opportebat
3491 4342 3509 4369 ,
3562 4316 3690 4358 cum
3723 4299 3867 4370 virgi-

2273 4400 2395 4440 nem
2438 4386 2604 4454 capit.
2656 4386 2794 4441 Alibi
2828 4402 2955 4443 vero
2991 4387 3210 4458 longum
3238 4390 3356 4461 ejus
3384 4394 3761 4465 fragmentum
3786 4407 3870 4448 ex-

2274 4477 2421 4534 hibet
2467 4478 2652 4551 (Cicer.
2681 4521 2698 4545 ,
2741 4480 2831 4536 lib.
2872 4496 2891 4536 ι
2936 4480 3001 4537 de
3043 4478 3249 4549 Divin.,
3297 4501 3423 4557 pag.
3487 4486 3649 4554 269;
3700 4483 3868 4551 Plin.,

574 4588 868 4646 celebrium
924 4599 1150 4641 numero
1201 4582 1489 4640 Suetonius
1532 4580 1620 4635 hic
1660 4580 1838 4636 verbis
1889 4578 2172 4643 reposuit?
2275 4571 2361 4627 lib.
2393 4588 2424 4627 x
2465 4571 2602 4627 Hist.
2650 4582 2863 4640 natura,
2914 4590 3032 4644 cap.
3070 4573 3105 4629 4
3130 4616 3147 4641 ,
3181 4593 3303 4648 pag.
3341 4576 3497 4645 416,
3551 4591 3603 4636 et
3636 4578 3730 4636 lib.
3760 4592 3869 4640 xiv,

581 4699 601 4735 ι
632 4678 913 4736 Cornelius
960 4674 1229 4746 Epicadus
1253 4716 1268 4739 ,
1299 4671 1447 4728 Lucii
1470 4670 1705 4727 Cornelii
1754 4670 1915 4743 Syllae
1944 4669 2169 4725 dictato-
2200 4652 2255 4716 D
2280 4683 2398 4737 pag.
2432 4668 2562 4733 142;
2595 4664 2756 4732 Cell.,
2782 4667 2904 4723 lib.t
2929 4665 3085 4723 Noct.
3119 4670 3301 4733 Attia.
3331 4688 3456 4742 cap.
3494 4674 3571 4730 19.
3600 4717 3617 4742 ,
3647 4692 3763 4748 pag.
3796 4671 3871 4736 60,

575 4776 653 4832 ris
684 4777 907 4831 libertus
931 4816 947 4840 ,
973 4772 1284 4836 calatorque
1328 4768 1632 4826 sacerdotio
1658 4766 1921 4838 augurali,
1963 4765 2176 4835 ﬁlioque
2274 4773 2322 4817 el
2351 4763 2438 4817 lib.
2473 4778 2529 4828 v,
2559 4779 2673 4835 cap.
2701 4765 2754 4828 4,
2788 4780 2909 4837 pag.
2935 4764 3066 4833 322,
3090 4775 3135 4820 el
3156 4764 3244 4821 lib.
3275 4781 3326 4831 x,
3353 4783 3482 4840 cap.
3522 4772 3581 4840 5,
3611 4790 3736 4843 pag.
3762 4766 3872 4830 527;

578 4871 695 4943 ejus
734 4869 932 4924 Fausto
959 4867 1295 4940 gratissimus
1342 4864 1479 4931 luit;
1531 4879 1699 4935 quare
1734 4876 2021 4932 numquam
2069 4877 2174 4916 non

577 4964 859 5030 utriusoue
882 4975 942 5016 se
974 4960 1224 5014 libertum
1254 4957 1442 5014 edidit.
1493 4956 1711 5011 Librum
1750 4964 1926 5009 autem
1955 4997 1970 5020 ,
2013 4969 2173 5026 quem

581 5056 727 5130 Sylla
758 5052 1110 5111 novissimum
1154 5051 1223 5104 de
1268 5049 1427 5105 rebus
1463 5050 1576 5103 suis
1626 5045 1996 5118 imperfectum
2043 5045 2173 5100 reli-

578 5158 814 5225 querat,
874 5150 990 5219 ipse
1049 5146 1318 5218 supplevit
1363 5162 1383 5198 ι
1445 5142 1748 5216 (Sueton.,
1808 5142 1872 5197 de
1922 5140 2170 5197 Illustris.

582 5247 840 5311 Graium,
873 5242 903 5316 ᾗ
936 5242 1047 5315 12).

652 5338 959 5411 Epicharmi
997 5336 1065 5392 de
1100 5336 1269 5391 Marte
1310 5332 1632 5390 sententiam
1679 5342 1799 5400 post
1837 5328 2172 5387 Clementem

580 5433 1006 5495 Alexandrinum
1040 5429 1329 5493 Arnobius,
1359 5436 1419 5483 ut
1448 5442 1611 5497 supra
1643 5425 1877 5481 vidimus
1901 5467 1915 5489 ,
1947 5423 2176 5479 ethnicis

580 5529 785 5600 objicit.
837 5526 905 5583 At
926 5526 992 5581 de
1023 5523 1126 5579 hoc
1146 5530 1303 5593 poeta
1331 5565 1347 5585 ,
1396 5530 1452 5576 et
1478 5519 1547 5575 de
1574 5520 1737 5574 variis
1761 5518 1879 5588 ejus
1906 5512 2176 5588 opinioni-

579 5624 681 5682 bus
709 5633 762 5679 et
788 5622 963 5685 factis,
991 5622 1043 5675 in
1068 5621 1240 5688 primo
1266 5623 1568 5689 Apparatus
1594 5613 1763 5668 nostri
1794 5623 1939 5667 tumo
1968 5623 2176 5668 sermo-

581 5730 704 5774 nem
756 5717 951 5785 saipius
1008 5711 1232 5770 fecimus
1284 5710 1553 5785 (Arnob..
1606 5706 1695 5761 lib.
1734 5721 1815 5769 tv,
1868 5722 1989 5777 pag.
2040 5704 2174 5771 MS;

585 5818 707 5865 tam.
749 5824 768 5863 ι
809 5810 1059 5878 Apparet.
1091 5848 1107 5874 ,
1163 5823 1283 5878 pag.
1333 5805 1460 5869 861,
1493 5801 1621 5867 866,
1668 5800 1793 5865 867.
1844 5797 1967 5867 869,
2012 5796 2177 5870 1051,

587 5899 746 5970 1114,
778 5899 943 5970 1205,
969 5908 1016 5955 cl
1043 5897 1264 5968 Arnob.,
1297 5898 1389 5953 lib.
1416 5912 1477 5963 ιι,
1505 5911 1625 5966 pag.
1654 5893 1726 5949 90
1757 5890 1799 5967 ).

2278 4852 2493 4926 Dionys.
2530 4853 2734 4924 Halia,
2770 4855 2901 4912 lib.t
2929 4855 3181 4929 Antiquit.
3215 4875 3371 4926 rom.,
3398 4877 3459 4930 p.
3498 4862 3561 4931 5,
3595 4874 3647 4918 et
3676 4858 3763 4918 lib.
3794 4874 3870 4923 vu,

2279 4965 2397 5020 pag.
2427 4948 2533 5004 475

2354 5045 2575 5101 Flaccus
2599 5089 2614 5112 ,
2641 5062 2799 5118 quem
2828 5048 2900 5104 ob
2922 5046 3286 5120 grammatica:
3317 5046 3590 5120 peritiam
3624 5046 3875 5111 Arnobius

2279 5138 2512 5195 laudavit
2542 5136 2802 5212 (Arnob.,
2824 5141 2911 5197 lib.
2937 5158 2975 5208 ι,
3006 5160 3128 5215 pag.
3157 5144 3248 5209 57,
3277 5154 3323 5198 et
3349 5143 3446 5199 lib.
3484 5163 3541 5215 ν,
3569 5166 3697 5221 pag.
3730 5144 3873 5217 169),

2280 5232 2327 5287 is
2353 5231 2421 5286 Μ.
2455 5231 2674 5288 Verrius
2721 5228 2943 5289 Flaccus
2974 5245 3097 5305 est,
3146 5237 3234 5307 qui
3267 5236 3498 5308 quidem
3532 5246 3666 5312 quis
3700 5238 3873 5299 fuerit,

2281 5334 2375 5382 aut
2396 5342 2505 5399 quo
2537 5336 2788 5397 tempore
2823 5327 3047 5395 vixerit,
3078 5328 3162 5384 his
3193 5331 3497 5389 Suetonius
3531 5336 3723 5392 verbis
3747 5347 3879 5391 enar-

2280 5430 2404 5477 rat:
2444 5440 2464 5473 ί
2493 5417 2718 5478 Verrius
2760 5418 2986 5478 Flaccus
3017 5418 3301 5479 libertinus
3327 5465 3341 5485 .
3401 5424 3656 5484 docendi
3703 5437 3877 5500 genere

2281 5513 2514 5569 maxime
2554 5514 2825 5570 inclaruit.
2868 5512 3111 5586 Namque
3156 5514 3221 5571 ad
3267 5519 3641 5578 exercitanda
3690 5522 3880 5578 discen-

2280 5606 2410 5667 tium
2445 5610 2654 5679 ingenia
2680 5652 2696 5677 ,
2728 5607 2962 5681 aequales
2989 5610 3127 5668 inter
3169 5627 3228 5668 se
3254 5615 3618 5673 committere
3661 5617 3876 5677 solebat,

2283 5706 2556 5776 proposita
2590 5720 2695 5759 non
2724 5704 2897 5760 solum
2928 5705 3174 5771 materia,
3202 5715 3363 5776 quam
3392 5708 3726 5767 scriberent
3746 5752 3760 5774 ,
3804 5703 3879 5762 sed

2284 5798 2512 5871 prcemio
2547 5798 2688 5870 quod
2732 5797 2905 5854 victor
2945 5794 3206 5856 auferret.
3251 5799 3306 5855 Id
3355 5812 3487 5857 erat.
3520 5804 3669 5861 liber
3712 5799 3880 5875 aliquis

2288 5892 2564 5965 antiquus,
2597 5891 2846 5963 pulcher,
2873 5902 2967 5950 aut
2993 5890 3185 5950 rarior.
3218 5892 3399 5962 Quare
3432 5892 3513 5951 ab
3545 5898 3801 5972 Augusto
3829 5909 3881 5952 ne
