3978 6346
484 437 588 496 685

1732 428 2188 488 DISSERTATIO
2227 428 2386 489 PIUE
2397 432 2506 489 VIA

1138 41 1932 67 μᾨ--ᾟἫ
1424 54 1431 55 ,
1943 54 1993 67 _
2120 54 2138 67 ,,
2171 54 2224 67 -
2318 56 2353 69 ,

3648 447 3741 503 681

482 552 706 609 sebiano
734 550 788 609 ia
817 547 1081 607 Chronico
1103 545 1299 601 Lucilii
1328 555 1479 600 ortus
1508 554 1566 604 et
1590 546 1769 601 obitus
1797 544 1878 601 sic
1905 554 2063 599 ηοω·
2094 548 2145 607 Α
2170 546 2430 601 tissimus.
2461 547 2637 604 'Extat
2673 557 2852 606 autem
2891 551 3177 609 Ciceronis
3219 548 3573 625 fragmentum
3600 597 3614 621 ,
3661 558 3741 613 ubi

484 655 587 699 tur.
644 664 661 696 ‹
705 642 947 699 Lucilius
1004 650 1161 711 poeta
1221 640 1476 695 nascitur.
1526 658 1545 691 ι
1616 638 1751 693 Tum
1820 637 2061 693 deinde:

492 758 505 790 ι
537 738 695 794 Caius
721 737 980 799 LUCIlllIS,
1010 736 1298 790 satirarum
1344 734 1599 802 scriptor,
1633 732 1855 803 Neapoli
1899 731 2065 786 mori-

481 843 595 895 tur,
646 845 708 885 ac
748 830 969 899 publico
1014 827 1206 883 funere
1247 826 1468 883 elfertur
1511 841 1656 881 anno
1700 826 1875 881 artatis
1916 826 1982 880 16
2037 844 2058 877 ι

483 923 711 995 (Euseb.
746 920 893 989 Chr”,
924 921 992 978 ad
1023 938 1147 976 ann.
1179 921 1319 977 1869
1344 928 1393 975 et
1422 918 1557 974 1914
1588 918 1628 988 ).

547 1037 745 1092 Manilii
775 1039 845 1092 de
869 1036 1245 1093 Novensilibus
1271 1036 1377 1091 diis
1405 1035 1716 1104 Opinionem
1741 1034 1862 1089 aliis
1884 1033 2063 1089 etimi-

474 1132 551 1186 cis
579 1130 849 1185 Arnobius
878 1140 1065 1184 noster
1090 1130 1368 1199 opposuit.
1404 1127 1591 1182 Nonae
1617 1128 1796 1197 itaque
1817 1126 1911 1181 ille
1938 1134 2026 1181 est
2045 1167 2060 1192 ,

470 1222 624 1293 cujus
672 1222 968 1278 sententias
1012 1221 1080 1276 de
1136 1222 1373 1290 Europa,
1426 1218 1707 1285 Titanide,
1749 1219 1952 1283 Casca,
2009 1228 2065 1273 et

469 1314 638 1371 Casca
679 1331 711 1371 a
740 1316 981 1372 Varrone
1035 1317 1308 1386 expositus
1359 1313 1627 1384 legimus?
1671 1311 1862 1367 Nonne
1899 1311 2063 1364 etiam

471 1412 586 1481 ipse
612 1420 732 1475 est,
762 1410 855 1481 qui
880 1426 909 1464 a
936 1410 1112 1463 Plinio
1148 1409 1458 1478 appellatur
1488 1406 1940 1476 diligentissimus
1975 1412 2062 1458 to-

467 1516 751 1575 gatorum,
802 1518 865 1579 ac
908 1511 1162 1564 senator;
1213 1510 1267 1555 et
1312 1501 1534 1554 doctore
1575 1499 1761 1563 nullo,
1813 1495 2063 1551 maximis

468 1599 668 1653 nobilis
693 1595 983 1653 doctrinis.
1026 1595 1109 1649 Ab
1135 1595 1201 1652 A.
1234 1603 1416 1647 autem
1450 1590 1625 1647 Gellio
1653 1590 1781 1644 viris
1817 1590 2063 1658 apprime

468 1690 673 1754 doctis;
705 1704 735 1743 a
758 1688 1019 1744 Cicerone
1038 1731 1052 1754 ,
1090 1686 1348 1741 litteratis
1370 1726 1383 1747 ,
1412 1693 1469 1738 et
1495 1683 1562 1737 ad
1593 1682 1880 1737 dicendum
1900 1723 1915 1748 ,
1946 1696 2063 1735 res-

465 1783 835 1854 pondendum,
865 1792 1027 1852 atque
1052 1779 1321 1851 agendum
1352 1780 1543 1850 peritis
1570 1777 1900 1831 adscribitur
1932 1774 2059 1847 (Ar-

466 1878 608 1942 nob,,
644 1877 729 1931 lib.
762 1893 840 1943 ιιι,
874 1893 927 1945 p.
964 1876 1065 1930 129
1093 1886 1138 1929 ct
1170 1891 1302 1944 seqq.
1329 1890 1345 1939 ;
1384 1871 1560 1938 Varr.,
1617 1872 1707 1938 lib,
1735 1887 1786 1925 tv
1814 1870 1878 1925 de
1904 1869 2052 1941 Ling.

2171 639 2328 709 hujus
2356 641 2416 695 P.
2449 640 2643 712 Nigidii
2675 643 2943 714 doctrina,
2975 646 3133 702 sicuti
3161 661 3193 703 a
3219 647 3514 714 Macrobio,
3542 651 3605 704 A.
3631 649 3745 705 Cel-

2168 733 2261 799 lio,
2294 745 2345 790 et
2374 736 2585 804 Servio,
2618 739 3031 795 commendatur
3077 740 3203 814 (Cic.
3242 745 3428 813 fragm.
3452 787 3465 810 ,
3512 760 3624 815 pag.
3652 743 3745 812 25,-

2168 828 2434 896 Macrob.,
2482 830 2569 885 lib.
2622 848 2677 887 Vt
2724 834 3018 903 Saturnnl.,
3050 852 3168 909 cap.
3196 836 3252 905 8,
3285 855 3404 908 pag.
3432 837 3535 893 495
3560 855 3574 904 ;
3604 837 3746 907 Gell.,

2169 920 2256 975 lib.
2288 922 2354 976 19
2386 921 2543 977 Noct.
2569 923 2701 1009 Ain,
2725 942 2841 997 cap.
2880 929 2981 994 14;
3023 928 3193 995 Sera,
3224 927 3277 983 in
3307 929 3393 984 lib.
3450 946 3482 984 Χ
3526 927 3743 1003 ίΕηείά.,

2167 1029 2286 1083 pag.
2328 1014 2475 1084 585).
2511 1016 2592 1070 Ad
2636 1032 2761 1074 eum
2800 1029 2976 1074 autem
3007 1022 3180 1092 ipsum
3213 1032 3394 1077 orator
3432 1021 3620 1078 latinus
3648 1024 3751 1080 haec

2166 1106 2221 1160 in
2254 1107 2417 1161 verba
2458 1109 2673 1179 scripsit
2719 1128 2736 1165 :
2785 1130 2803 1164 ι
2832 1110 2985 1169 Nunc
3012 1115 3074 1169 P.
3106 1115 3315 1186 Nigidio
3341 1157 3355 1181 ,
3402 1117 3491 1170 uni
3532 1120 3751 1174 omnium

2164 1196 2477 1256 doctissimo
2507 1212 2560 1255 et
2580 1204 2941 1270 sanctissimo,
2969 1217 3023 1263 et
3047 1209 3276 1262 maxima
3294 1209 3561 1280 quondam
3578 1210 3751 1281 gratia,

2165 1297 2218 1343 et
2246 1290 2375 1345 mihi
2400 1302 2549 1347 certe
2577 1296 2941 1365 amicissimo,
2983 1314 3051 1355 ne
3087 1301 3316 1372 benigne
3361 1301 3575 1373 quidem
3614 1304 3755 1374 polli-

2164 1382 2271 1436 ceri
2296 1398 2515 1452 possum
2544 1385 2755 1459 (Cicer.,
2786 1390 2875 1443 lib.
2916 1406 2995 1455 tv,
3026 1391 3196 1461 Epist.
3231 1391 3341 1465 15).
3372 1413 3389 1444 ι
3442 1394 3525 1449 Ab
3553 1395 3615 1449 Α.
3642 1394 3758 1452 Gel-

2164 1472 2237 1528 lio
2267 1486 2322 1530 et
2343 1478 2463 1533 aliis
2489 1479 2710 1550 Figulus
2740 1485 3152 1554 cognominatur
3177 1483 3360 1558 (Gell.,
3382 1486 3471 1540 lib.
3504 1503 3560 1540 νι
3612 1486 3755 1543 Noct.

2166 1565 2269 1620 Att.
2296 1616 2310 1635 ,
2344 1585 2462 1637 cap.
2496 1570 2594 1642 6),
2643 1588 2750 1643 quo
2791 1575 3015 1632 nomine
3062 1593 3091 1631 a
3135 1576 3356 1635 Lucano
3411 1578 3499 1636 his
3526 1580 3761 1638 versibus

2166 1674 2492 1731 magnopere
2522 1665 2801 1722 extollitur
2829 1688 2842 1722 :

2258 1826 2320 1901 {tt
2340 1827 2563 1901 Figulus,
2590 1834 2671 1883 cui
2694 1846 2815 1883 cura
2836 1835 2970 1901 deos
2994 1844 3295 1900 secretaque
3315 1839 3428 1887 (εαξη

2260 1890 2421 1966 Ιξρδεο
2441 1894 2561 1966 Ιιιιῐη
2575 1909 2721 1958 quem
2741 1911 2837 1946 non
2853 1898 3112 1966 Astellarutn
3134 1890 3362 1966 .Egyptia
3385 1902 3649 1966 Memphis,

464 1939 664 2038 lat.,—p.
684 1968 786 2033 Αο,
814 1939 1068 2031 έιίιι.’νι,
1099 1984 1152 2035 ρ.
1180 1939 1247 2021 τι
1268 1939 1315 2021 ct
1339 1964 1440 2030 76;
1463 1964 1634 2032 Plin.,
1685 1964 1776 2021 ab.
1810 1980 1845 2019 ι
1870 1939 2059 2019 Nm}.

2263 1951 2498 2017 Equaret
2517 1939 2643 2020 iisin,
2668 1939 3505 2023 Maeniam;salutati:

461 2060 583 2116 hist.
612 2103 627 2128 ,
662 2077 776 2132 cap.
808 2059 884 2125 2,
922 2078 972 2130 ρ.
1020 2057 1160 2123 589;
1208 2057 1342 2111 Gell.
1364 2097 1381 2123 ,
1442 2057 1530 2111 lib.
1578 2057 1642 2110 17
1678 2054 1832 2109 Neci.
1882 2055 2061 2121 Attia,

461 2171 575 2224 cap.
609 2154 661 2220 7,
694 2170 746 2223 ρ.
774 2152 918 2216 937;
949 2148 1134 2217 (licet,
1165 2152 1219 2204 in
1248 2149 1433 2216 Bruto,
1466 2167 1521 2216 p.
1572 2149 1706 2213 118,
1753 2159 1800 2202 ct
1828 2149 1915 2203 lib.
1959 2165 1975 2203 ι
2002 2150 2067 2204 de

470 2244 645 2312 0rat.,
678 2262 729 2315 p.
767 2243 931 2314 129).

542 2359 819 2426 Mnaseas,
855 2360 924 2414 ab
960 2359 1110 2423 aliis,
1154 2366 1214 2412 ut
1238 2357 1315 2412 ait
1342 2358 1650 2425 Arnobius,
1692 2356 1763 2412 de
1796 2357 2065 2412 Musarum

468 2456 779 2525 parentibus
814 2462 874 2508 et
921 2468 1150 2507 numero
1198 2453 1490 2523 plttrimutn
1538 2452 1893 2507 dissentiebat
1927 2452 2063 2507 :sed

464 2548 585 2618 quis
610 2548 802 2615 fuerit,
837 2548 890 2601 in
913 2547 1131 2603 dubium
1158 2548 1336 2602 vocari
1371 2546 1587 2617 potest(
1618 2547 1834 2613 Arnob.,
1869 2548 1957 2602 lib.
1982 2564 2061 2612 ιιι,

468 2661 524 2713 p.
581 2643 760 2711 122).
810 2641 999 2696 Plures
1052 2641 1333 2696 enimvero
1378 2641 1481 2696 hoc
1536 2643 1756 2696 nomine
1809 2642 2063 2710 appellati

469 2747 615 2791 sunt.
648 2735 796 2791 Unus
828 2744 1004 2789 autem
1035 2751 1101 2787 ex
1131 2735 1194 2788 iis
1215 2776 1230 2799 ,
1264 2735 1305 2787 si
1333 2734 1523 2789 credas
1547 2734 1725 2789 Suida:
1747 2776 1761 2798 ,
1811 2734 2063 2806 Berytius

476 2829 544 2884 de
570 2831 703 2883 Arte
732 2827 999 2882 rhetorica
1019 2868 1034 2892 ,
1066 2836 1128 2880 et
1156 2826 1459 2881 nominibus
1490 2825 1668 2881 atticis
1697 2827 1934 2896 scripsit.
1968 2826 2062 2881 Al-

471 2932 642 2975 terum
687 2918 868 2974 laudat
897 2920 1189 2973 Athenmus
1210 2960 1225 2985 ,
1267 2920 1455 2997 Λοκρὸν
1480 2921 1566 2974 καὶ
1594 2919 1894 2991 Κολοφώνιον
1916 2960 1931 2983 ,
1963 2917 2065 2971 Lo-

478 3032 621 3070 crum
649 3032 736 3070 seu
768 3015 1175 3085 Colophonium,
1224 3015 1315 3085 qui
1344 3016 1633 3085 inscriptos
1663 3015 1815 3070 lusus
1845 3029 2066 3085 compo-

468 3110 594 3175 suit,
641 3110 710 3164 ob
735 3109 1049 3163 varietatem
1098 3106 1333 3178 Salpem,
1384 3110 1689 3163 nominatos
1733 3108 1925 3181 (Suid.
1951 3151 1966 3174 ,
1992 3110 2063 3163 ad

386 3264 393 3273 ο
466 3203 601 3258 verb.
639 3205 909 3266 Μνασέας;
948 3202 1133 3256 Allien.
1161 3245 1175 3267 ,
1217 3202 1302 3255 lib.
1349 3218 1422 3256 vn
1472 3201 1717 3272 Deipnos.
1745 3244 1759 3265 ,
1802 3219 1857 3272 p.
1891 3202 1992 3257 521

467 3296 681 3351 Tertius
710 3296 792 3350 his
825 3295 993 3348 multo
1019 3295 1313 3361 celebrior,
1334 3306 1390 3350 et
1413 3296 1657 3350 crebrius
1679 3312 1709 3350 a
1736 3297 1901 3351 variis
1923 3298 2061 3351 scri—
2092 3327 2135 3389 ρ

470 3388 710 3458 ptorihus
737 3388 956 3453 citatus,
987 3385 1237 3441 Mnaseas
1260 3397 1347 3441 est
1378 3387 1688 3441 Patarensis
1710 3401 1807 3442 seu
1838 3388 2062 3444 Patren-

469 3482 566 3545 sis,
596 3481 751 3551 cujus
774 3479 1170 3547 Europicorum
1200 3478 1326 3532 libri
1350 3478 1422 3534 ab
1442 3479 1636 3534 eodem
1666 3480 1930 3535 Athenzco
1954 3497 2062 3537 non

468 3577 637 3634 semel
666 3578 902 3631 citantur
928 3573 1122 3645 (Idem,
1150 3572 1301 3641 ibid.,
1334 3573 1420 3627 lib.
1454 3590 1527 3641 tv,
1552 3591 1608 3645 p.
1632 3574 1757 3639 158,
1790 3587 1834 3629 et
1854 3575 1939 3629 lib.
1967 3592 2061 3646 vn,

469 3690 525 3742 p.
553 3671 681 3737 296,
711 3679 756 3723 et
781 3668 866 3721 lib.
900 3672 994 3733 xit,
1026 3684 1077 3735 p.
1113 3666 1279 3737 550).
1313 3667 1387 3720 De
1413 3665 1518 3721 diis
1543 3677 1724 3722 autem
1752 3658 2071 3723 sermonem

474 3770 525 3822 in
550 3767 660 3821 illis
688 3765 832 3819 haud
856 3764 1022 3817 dubie
1048 3764 1379 3816 instituerat.
1416 3760 1550 3815 Nam
1582 3761 1709 3816 inde
1736 3760 1929 3817 Suidas
1950 3763 2064 3817 col-

473 3860 603 3925 legit
646 3855 963 3911 Praxidicen
1006 3855 1162 3909 deum
1211 3853 1382 3907 fuisse
1427 3853 1583 3923 cujus
1624 3869 1781 3907 soror
1827 3854 2064 3910 Ctesiam

474 3951 656 4022 genuit
682 3949 883 4021 (Suid.
911 3990 925 4013 ,
954 3948 1025 4001 ad
1054 3948 1186 4001 verb.
1222 3946 1495 4023 πραξιδίκη
1582 3948 1866 4016 Epaphum
1899 3966 2063 4018 vero,

475 4049 551 4100 uti
581 4052 635 4098 et
664 4042 952 4097 Plutarcho
978 4042 1234 4094 discimus
1256 4083 1270 4106 ,
1300 4041 1550 4109 apposuit
1578 4039 1830 4095 Liberum
1856 4085 1870 4107 ,
1897 4042 2068 4097 Osiri-

477 4138 601 4193 dem
625 4145 683 4191 et
708 4135 973 4205 Serapim.
1004 4132 1149 4200 Quid
1172 4147 1304 4201 ergo
1326 4141 1473 4187 vetat
1497 4172 1513 4196 ,
1555 4134 1844 4201 quominus
1873 4135 2067 4189 creda-

480 4244 598 4284 mus
620 4229 763 4282 hunc
789 4242 911 4282 esse
949 4241 1108 4297 quem
1148 4225 1419 4280 Arnobius
1443 4225 1509 4279 de
1553 4225 1717 4279 Musis
1762 4228 2070 4296 diSpntasse

480 4321 818 4379 testiﬁcatur.
848 4319 1009 4374 Plura
1034 4318 1104 4372 de
1129 4317 1341 4372 Mnasea
1372 4317 1512 4388 apud
1546 4317 1815 4384 Vossium,
1853 4329 1907 4374 et
1935 4320 2071 4375 alios

483 4414 728 4471 invenies
756 4411 775 4484 (
807 4411 1073 4466 Plutarch.
1103 4454 1117 4478 ,
1151 4410 1238 4464 lib.
1266 4411 1332 4462 de
1356 4409 1485 4462 isid.
1520 4422 1566 4464 et
1596 4408 1815 4477 Osirid.,
1848 4422 1969 4465 tom.
2012 4427 2068 4476 ll,

479 4529 533 4581 p.
588 4508 732 4575 365;
799 4506 988 4569 Voss.,
1033 4505 1170 4559 lib.t
1229 4505 1292 4557 de
1321 4502 1519 4557 Hister.
1573 4519 1761 4573 grwc.,
1812 4521 1927 4575 cap.
1977 4504 2069 4573 21,

478 4620 533 4673 p.
566 4600 669 4657 134
696 4600 737 4671 ).

547 4695 763 4768 Myrtilli
798 4709 896 4751 seu
936 4692 1159 4764 Myrsilli
1185 4730 1201 4756 ,
1246 4690 1419 4761 inquit
1446 4691 1753 4757 Arnobius,
1781 4691 2070 4759 peculiaris
2098 4715 2153 4775 Β
2179 4705 2362 4762 Euseb,
2392 4752 2406 4777 ’
2434 4710 2524 4764 ιω,
2572 4728 2609 4766 η
2672 4712 2905 4783 pmme
2940 4713 3016 4770 Ευ

481 4798 597 4851 erat
622 4789 689 4845 de
712 4788 879 4843 Musis
922 4786 1126 4855 opinio.
1175 4784 1279 4838 Sed
1318 4782 1388 4839 de
1444 4785 1546 4837 hoc
1592 4793 1845 4849 auctore,
1895 4784 2064 4839 illius-

480 4898 585 4953 quc
608 4880 876 4936 sententia
926 4879 980 4930 in
1014 4878 1199 4947 priore
1239 4878 1544 4945 Apparatus
1578 4876 1749 4930 nostri
1780 4886 1929 4930 tomo
1958 4878 2071 4948 egi-

483 4990 602 5030 mus
624 4971 841 5043 (Arnob.
876 5013 889 5035 ,
942 4970 1033 5023 lib.
1078 4984 1176 5035 ιιι,
1233 4984 1355 5039 pag.
1407 4969 1530 5034 121;
1577 4979 1698 5023 tam.
1742 4970 2065 5041 tApparat.,

483 5087 535 5140 p.
565 5065 716 5134 785).

551 5183 865 5253 Nicagoram
888 5177 1142 5249 Cyprium
1171 5177 1397 5247 gentiles
1419 5219 1432 5243 ,
1464 5177 1616 5231 sicuti
1650 5176 1920 5233 Arnobius
1947 5194 2072 5232 nar—

480 5289 579 5345 rat,
609 5275 855 5332 atheismi
886 5270 1246 5343 postulabant.
1297 5268 1407 5325 Nos
1447 5284 1576 5323 vero
1604 5269 1670 5324 de
1711 5270 1801 5323 illo
1831 5272 1989 5324 etiam
2018 5279 2071 5324 et

482 5373 535 5427 in
584 5372 680 5425 hac
709 5365 1090 5423 diSscrtatione
1114 5404 1130 5429 ,
1176 5370 1231 5417 et
1266 5361 1392 5415 alibi
1426 5360 1783 5417 disseruimus
1824 5361 2065 5432 (Arnob,

484 5465 573 5518 lib.
598 5478 671 5527 tv,
708 5459 995 5534 pag.147;
1045 5473 1190 5527 supr.
1220 5497 1235 5521 ,
1288 5472 1402 5524 cap.
1445 5454 1514 5521 9,
1567 5466 1664 5508 art.
1696 5471 1748 5519 1;
1803 5467 1850 5508 et
1899 5466 2068 5510 tom.l

482 5555 755 5626 Apparat.,
789 5569 906 5623 pag.
943 5550 1047 5605 769
1075 5558 1119 5603 et
1150 5546 1296 5620 785).

548 5667 788 5737 Nigidius
817 5675 898 5718 ter
923 5663 992 5716 ah
1021 5670 1240 5716 auctore
1269 5668 1454 5714 nostro
1480 5660 1725 5714 lamlatns
1749 5702 1763 5723 ,
1793 5660 2067 5715 Ciceronis

484 5768 687 5815 :ctatem
710 5757 937 5815 ﬂorebat
965 5753 1199 5826 (Arnob,
1218 5752 1305 5806 lib.
1328 5769 1406 5818 ιιι,
1429 5770 1551 5824 pag.
1574 5753 1695 5817 119,
1721 5753 1825 5807 125
1847 5764 1892 5805 et
1917 5752 2066 5824 124).

483 5850 721 5905 Celebris
748 5848 975 5917 scriptor
1007 5848 1121 5910 fuit,
1149 5848 1229 5900 vir
1250 5847 1533 5916 praetorius
1553 5885 1568 5909 ,
1598 5847 1956 5900 humanorum
1980 5862 2066 5901 ar-

494 5941 624 6006 ium,
657 5939 1004 6010 philosophia:
1026 5982 1040 6006 ,
1076 5940 1398 6010 astrologiae,
1431 5950 1485 5994 et
1516 5938 1812 5996 medecintc
1839 5941 2061 5996 consul-

2668 2067 2894 2132 (anmu,
2915 2066 2999 2123 lib.
3031 2085 3065 2135 ι,
3091 2083 3216 2122 vers.
3241 2072 3334 2122 639
3358 2078 3404 2124 et
3432 2071 3595 2138 seqq.)

2168 2231 2275 2287 Cur
2302 2243 2481 2289 autem
2508 2235 2612 2291 hoc
2637 2252 2937 2308 cognomen
2989 2240 3065 2294 illi
3097 2242 3282 2301 datum
3312 2243 3414 2310 sit,
3461 2244 3546 2298 his
3576 2246 3773 2315 Augus-

2170 2327 2311 2381 tinus
2336 2328 2518 2383 verbis
2547 2331 2779 2401 explicat
2833 2350 2846 2385 :
2904 2353 2921 2385 ι
2952 2333 3174 2389 Frustra
3214 2337 3479 2393 asscritur
3509 2337 3690 2392 nobile
3719 2338 3780 2393 il-

2169 2420 2259 2473 lud
2288 2432 2650 2477 commentum
2679 2466 2693 2489 ,
2735 2425 2805 2479 de
2852 2425 2998 2497 ﬁguli
3040 2436 3192 2495 rota,
3238 2428 3383 2500 quod
3432 2431 3778 2502 respondisse

2170 2511 2345 2566 ferunt
2388 2512 2678 2582 Nigidium,
2715 2517 2814 2572 hac
2844 2520 3145 2589 quaestione
3182 2522 3458 2578 turbatum
3490 2566 3505 2589 ,
3560 2525 3705 2581 unde
3733 2533 3782 2580 et

2165 2602 2386 2673 Figulus
2418 2600 2727 2676 appellatus
2772 2619 2857 2664 est
2909 2612 3149 2685 (August.
3179 2656 3195 2682 ,
3244 2613 3333 2668 lib.
3382 2633 3417 2672 γ
3481 2617 3548 2671 de
3600 2615 3778 2684 Cirit.,

2165 2713 2281 2766 cap.
2312 2698 2346 2751 5
2370 2739 2385 2765 ,
2426 2715 2547 2768 pag.
2585 2700 2730 2774 116).
2774 2704 2945 2759 Porro
2972 2716 3149 2759 autent
3179 2707 3397 2777 quando
3427 2720 3487 2764 et
3513 2709 3784 2782 quomodo

2167 2802 2393 2847 mortem
2427 2793 2659 2860 obierit,
2694 2797 2737 2850 si
2768 2814 3014 2867 quaeras,
3058 2800 3179 2854 audi
3212 2800 3512 2858 Euscbiani
3544 2802 3784 2859 chronici

2166 2899 2479 2943 auctorem:
2509 2906 2527 2937 ι
2548 2888 2787 2958 Nigidius
2817 2889 3056 2961 Figulus.
3086 2892 3469 2965 Pythagoricis
3496 2908 3555 2952 et
3583 2915 3785 2969 magus,

2166 2977 2217 3031 in
2244 2980 2404 3032 exilio
2430 2980 2660 3035 moritur
2681 2981 2921 3053 (Euseb.,
2955 2986 3007 3038 in
3036 2984 3252 3056 Cltron.,
3278 2989 3347 3042 ad
3376 3007 3508 3049 αιιιι.
3542 2990 3728 3063 1975).
3763 3011 3782 3043 ι

2173 3078 2418 3148 Denique
2434 3079 2566 3133 varii
2586 3079 2734 3133 illius
2760 3081 2904 3148 libri,
2929 3093 3089 3152 atque
3109 3085 3163 3139 in
3183 3085 3371 3157 primis
3397 3086 3791 3155 eomtnentarii

2166 3172 2503 3239 grammatici
2536 3172 2602 3227 ab
2632 3175 2698 3227 A.
2731 3172 2886 3230 Gclio
2912 3190 3057 3246 smpe
3089 3178 3288 3248 sat-pius
3311 3180 3578 3238 citantur.

2240 3282 2402 3338 Nisus
2454 3285 2508 3339 in
2554 3289 3027 3356 grammaticorum
3058 3306 3287 3352 numero
3313 3292 3383 3347 ab
3410 3297 3677 3354 Arnobio
3707 3311 3794 3353 re-

2169 3376 2405 3444 ponitur.
2439 3377 2624 3433 Vei.t.s
2654 3392 2838 3439 autem
2878 3381 3098 3454 Longus
3128 3387 3468 3447 mentionem
3507 3390 3662 3447 illius
3690 3392 3792 3448 ire-

2166 3482 2396 3540 qnenter
2428 3472 2624 3530 fecisse
2674 3476 2869 3546 legitur
2893 3519 2909 3545 ,
2939 3488 2993 3535 et
3034 3480 3268 3550 scriptos
3306 3483 3374 3539 ab
3398 3499 3473 3540 eo
3500 3486 3795 3545 Fastorum

2169 3565 2338 3625 libros
2383 3567 2654 3627 Gesnerus
2701 3583 2970 3629 memorat
3024 3572 3266 3646 (Arnob.,
3313 3558 3405 3632 lib.
3436 3596 3482 3644 ι,
3532 3599 3662 3653 pag.
3693 3583 3793 3651 57;

2178 3659 2291 3717 Vel.
2324 3660 2517 3734 Long.,
2550 3666 2612 3718 de
2645 3664 2999 3737 Orthograpli.
3022 3683 3046 3732 δ
3074 3667 3284 3725 Gesner.
3296 3712 3312 3739 ,
3338 3673 3398 3726 in
3427 3672 3746 3747 Biblieth.).

2243 3774 2562 3831 Numenium
2608 3778 2818 3833 Platoni
2856 3789 2913 3837 et
2936 3782 3139 3837 Cronio
3164 3784 3456 3854 conjunxit
3489 3789 3797 3847 Arnobius.

2172 3872 2557 3942 Pythagoricus
2580 3875 2668 3930 ille
2690 3876 2820 3942 fuit,
2848 3887 2903 3932 et
2934 3882 3060 3955 ἀνὴρ
3090 3882 3365 3955 ἐπιφανής,
3398 3886 3488 3939 uti
3527 3888 3801 3943 Eusebius

2176 3976 2420 4023 testatur.
2457 3969 2826 4027 Theodoretns
2870 3989 2997 4027 verti
3041 3977 3130 4045 qui
3176 3977 3325 4030 illum
3355 3978 3802 4055 Pythagoricum

2172 4076 2314 4130 sgrpe
2345 4063 2614 4131 appellat,
2662 4065 2778 4121 hcce
2818 4067 2886 4122 de
2940 4068 3057 4136 ipso
3109 4078 3162 4123 et
3194 4070 3499 4127 Plutarcho
3534 4079 3803 4148 scripsit:

2171 4157 2308 4208 Μετὰ
2351 4159 2453 4231 γὰρ
2489 4155 2550 4216 δὴ
2589 4164 2678 4217 τήν
2727 4167 2817 4214 τοῦ
2864 4171 3091 4236 Σωτῆρος
3131 4165 3270 4233 ἡμῶν
3301 4167 3621 4240 ἐπιφάνειαν
3664 4174 3807 4227 αὐτοί

2172 4246 2447 4317 γενόμενοι,
2471 4258 2563 4308 τῆς
2584 4262 2940 4324 χριστιανικῆς
2969 4255 3219 4328 θεολογίας
3249 4259 3410 4314 πολλά
3440 4273 3565 4325 ’τοῖς
3612 4268 3809 4326 οἰκείοις

2173 4338 2404 4407 anme
2428 4339 2613 4412 λόγοις.
2656 4342 2727 4394 Hi
2756 4357 2976 4413 namque
2997 4363 3111 4399 cum
3142 4360 3253 4418 post
3280 4353 3587 4410 adventum
3615 4359 3807 4414 Salva-

2177 4430 2299 4482 toris
2326 4433 2489 4484 nostri
2517 4434 2789 4489 existerent
2817 4479 2831 4501 ,
2866 4438 3031 4491 mlta
3060 4442 3352 4497 christiana:
3379 4446 3690 4523 theologia:
3709 4454 3810 4505 suis

2176 4520 2317 4574 libris
2334 4523 2678 4580 inseruerunt.
2708 4529 2776 4581 At
2798 4529 2865 4582 de
2894 4530 3115 4599 illojam
3130 4548 3320 4603 supra,
3346 4546 3402 4591 et
3424 4520 3602 4597 tome
3637 4546 3809 4614 primo

2176 4618 2477 4709 inparatus
2520 4622 2689 4674 nostri
2731 4622 2964 4678 diximus
3004 4624 3254 4697 (Arnob.,
3295 4632 3386 4685 lib.
3412 4650 3433 4687 ι
3462 4676 3479 4700 ,
3518 4655 3657 4709 pag.
3709 4641 3811 4704 49;

3020 4720 3213 4790 ποθοίη
3252 4739 3368 4794 cap.
3398 4726 3463 4791 9,
3500 4747 3639 4803 pag.
3671 4731 3807 4795 59.5;

2179 4798 2460 4869 Tlteodor.,
2492 4821 2643 4857 serm.
2667 4806 2719 4873 2,
2745 4808 2808 4861 de
2824 4807 2977 4875 Fide,
3007 4820 3127 4866 tam.
3152 4829 3229 4878 tv,
3263 4834 3383 4887 pag.
3408 4819 3541 4877 500
3562 4798 3604 4891 ς-
3632 4843 3811 4895 supra,

2178 4894 2246 4946 ad
2273 4897 2400 4953 verb.
2420 4896 2673 4967 Gnosius;
2718 4912 2841 4959 tom.
2871 4919 2890 4961 ι
2920 4903 3193 4975 Apparat.,
3219 4926 3339 4982 pag.
3367 4913 3528 4973 1115
3564 4928 3622 4976 et
3650 4894 3809 4988 1128,

2179 5002 2238 5038 ac
2253 4995 2439 5060 srqq.).

2248 5100 2470 5168 Orphei,
2498 5119 2595 5159 seu
2622 5147 2636 5171 ,
2679 5115 2736 5160 ut
2770 5107 3010 5178 loquitur
3034 5111 3326 5181 Arnobius,
3369 5116 3646 5183 Threicii
3678 5127 3814 5183 vatis

2175 5193 2292 5247 libri
2335 5195 2402 5248 ab
2438 5196 2667 5252 ethnicis
2705 5198 3016 5257 ferebantur
3057 5206 3375 5277 antiquitatis
3409 5230 3541 5270 esse
3574 5222 3775 5276 divina!
3794 5236 3816 5284 ;

2179 5292 2315 5386 haud
2372 5294 2531 5350 dubie
2597 5296 2718 5366 quia
2784 5297 3029 5354 Grzncum
3080 5303 3227 5358 illum
3292 5320 3535 5377 poetam
3583 5360 3601 5386 ,
3680 5327 3816 5374 teste

2173 5385 2480 5453 Lactantio,
2531 5390 2775 5459 (aqualem
2821 5394 3048 5463 ipsorum
3086 5397 3317 5466 deorum,
3379 5415 3447 5458 et
3501 5424 3645 5466 cum
3679 5413 3815 5467 Her-

2173 5480 2291 5577 cule
2330 5481 2471 5535 ituer
2502 5484 2837 5577 Argonautas
2879 5488 3154 5559 navigasse
3182 5493 3503 5554 credebant
3560 5503 3816 5577 (Arnob,

2171 5572 2259 5624 lib.
2289 5587 2517 5670 vgpag.
2551 5575 2688 5643 175;
2741 5578 2999 5648 Lactant.,
3054 5583 3144 5638 lib.
3196 5601 3212 5641 ι
3260 5572 3733 5670 Ιηειὶεω.,ἐαρ.
3763 5601 3813 5668 5,

2175 5683 2292 5737 pug.
2318 5665 2432 5737 ‘20).

2244 5760 2512 5817 Paniossis
2556 5766 2921 5823 testimonium
2965 5785 3033 5825 ex
3071 5771 3351 5830 Clemente
3399 5781 3820 5844 Alexandrino

2169 5854 2633 5953 .trnohius-nobis
2668 5861 2888 5917 exhibet
2936 5863 3148 5933 (Arnob.
3172 5908 3186 5932 ,
3232 5870 3433 5938 εἰμι-ν,
3486 5895 3631 5953 pag.
3664 5882 3817 5953 1M).

2169 5945 2319 6012 Quod
2344 5947 2560 6018 quidem
2588 5967 2620 6007 a
2651 5954 2806 6011 nobis
2829 5969 2989 6027 supra
3014 5958 3358 6020 observatum
3523 6014 3543 6041 ,
3571 5943 3666 6032 vae
3695 5943 3818 6048 quis
