3978 6358
213 402 312 460 685
1369 403 1436 460 IN
1467 399 1847 469 ARNOBIUM,
1875 398 2029 458 CAP.
2074 401 2262 458 XXVI.
3397 408 3504 464 686

212 490 298 589 ille
319 521 514 588 fuerit,
540 520 667 583 alibi
687 520 1117 577 demonstratum
1145 519 1488 593 (Supr.,cap.
1513 517 1604 585 12,
1629 525 1727 572 arl.
1758 518 1810 583 1;
1839 521 1893 581 A
1918 532 2240 589 coenamque
2274 532 2436 589 quam
2456 518 2704 590 principii
2734 519 2833 587 illi,
2870 537 2890 571 ι
2941 517 3071 577 Caio
3117 520 3346 578 Caesaris
3377 523 3510 580 Ger—

213 623 329 669 tom.
356 630 372 669 ι
402 611 680 685 Apparat.,
730 631 848 688 pag.
897 612 1047 685 8l0).
1908 611 2102 666 manici
2144 611 2256 667 lilio
2304 631 2322 665 (
2356 612 2521 667 dedit.
2548 633 2566 665 ι
2612 612 2783 684 Hujus
2810 615 3053 670 meminit
3081 616 3290 673 Plinius
3313 633 3510 673 secun-

278 705 522 762 Patrocle
551 706 618 762 de
642 705 847 762 'fhurio
889 716 944 762 et
992 705 1412 776 Philostephano
1458 703 1600 760 idem
1644 702 1809 776 plane
1906 703 2050 772 dus;
2091 704 2475 774 Quiutillianus
2501 715 2679 762 autem
2712 710 2827 763 haec
2856 708 2925 764 de
2964 709 3059 764 illo
3099 709 3295 766 litteris
3329 714 3511 768 consi-

211 798 517 857 dicendum.
548 799 625 857 De
661 799 769 856 illis
809 798 1075 869 siquidem
1106 798 1360 855 Clemens
1384 797 1804 862 Alexandrinus,
1907 797 2125 867 gnavit:
2163 816 2181 849 ι
2210 796 2437 867 Eorum,
2459 814 2595 870 quos
2618 799 2867 867 viderim,
2892 802 3051 872 longe
3076 803 3329 874 princeps
3358 804 3514 861 Poru-

212 904 266 951 et
309 910 409 950 nos
455 904 581 967 post
632 896 807 965 ipsum
853 895 1244 967 disputavimus
1300 894 1548 969 (Arnob.,
1593 893 1681 947 lib.
1726 906 1806 960 tv,
1912 890 2103 958 ponius
2133 891 2440 960 secundus,
2473 908 2635 963 quem
2662 909 2823 950 senes
2855 910 3042 964 parum
3077 897 3338 968 tragicum
3368 909 3516 969 puta-

215 1002 333 1061 pag.
358 987 486 1054 144,
520 998 641 1043 tom.
668 986 986 1060 iApparat.,
1019 1004 1137 1060 pag.
1162 988 1265 1045 817
1289 997 1336 1042 et
1365 984 1546 1057 1208).
1912 983 2076 1051 bant,
2126 983 2433 1041 eruditione
2484 1000 2546 1041 ac
2586 986 2763 1042 nitore
2809 997 3070 1056 praestare
3117 988 3516 1047 confitebantur

282 1080 426 1147 Piso,
446 1080 601 1151 cujus
625 1080 896 1145 Arnobius
928 1081 1209 1149 meminit,
1242 1080 1555 1137 vocabatur.
1590 1079 1654 1134 L.
1688 1077 1810 1132 Cal-
1914 1074 2081 1148 (Plin.
2109 1076 2366 1143 Secund.,
2386 1077 2478 1133 lib.
2505 1093 2585 1145 ιιι,
2619 1078 2769 1150 epist.
2800 1078 2864 1145 5;
2890 1079 3137 1147 Quintil.,
3162 1082 3253 1135 lib.
3277 1099 3311 1138 χ
3358 1083 3522 1138 Insti-

214 1171 633 1244 pburniusPiso
660 1172 821 1245 Frugi
861 1172 1103 1246 (Arnob.,
1138 1172 1227 1228 lib.
1253 1187 1330 1241 ιιι,
1353 1168 1650 1244 pag.122).
1693 1170 1813 1239 Quo
1915 1177 2036 1233 tut.,
2068 1186 2190 1242 pag.
2217 1168 2371 1242 748).
2405 1186 2425 1221 ι
2475 1168 2713 1226 Velleius
2752 1180 2932 1227 autem
2982 1170 3300 1229 Paterculus
3331 1177 3525 1234 scribit

213 1267 282 1322 de
319 1267 467 1331 viro,
508 1266 733 1339 ejusque
772 1267 1092 1338 cognomine
1139 1264 1328 1321 Cicero
1379 1265 1494 1320 haec
1531 1263 1815 1318 memoria:
1916 1275 2040 1314 eum
2092 1278 2111 1310 ι
2141 1259 2311 1317 fuisse
2360 1262 2607 1318 sensibus
2638 1262 2907 1319 celebrem
2938 1304 2953 1330 ,
2994 1266 3175 1322 verbis
3202 1267 3388 1325 rudem
3417 1311 3432 1335 ,
3464 1280 3523 1327 et

214 1358 527 1416 mandavit:
566 1378 585 1411 ι
618 1358 789 1416 Tanta
816 1360 1035 1423 virtute,
1067 1368 1225 1430 atque
1254 1359 1559 1429 integritate
1588 1356 1684 1411 fuit
1709 1397 1725 1423 ,
1758 1365 1816 1410 ut
1917 1355 2412 1411 novitateinvenlia
2428 1372 2487 1411 se
2504 1357 2681 1427 operis
2698 1359 3185 1417 commendabilem
3202 1362 3518 1437 (Palercul.)

215 1451 378 1509 etiam
408 1452 513 1508 illis
537 1453 756 1525 optimis
794 1452 1131 1525 temporibus
1171 1467 1295 1508 cum
1343 1450 1620 1507 hominem
1667 1450 1814 1507 invc-
1917 1449 2005 1505 lib.
2039 1465 2078 1504 ιι
2112 1448 2276 1519 Hist.,
2306 1450 2457 1522 longe
2479 1460 2595 1523 post
2621 1452 2782 1523 init.).
2823 1472 2843 1506 ι
2887 1453 3042 1522 Quod
3088 1471 3216 1511 vero
3264 1457 3397 1512 illud
3428 1474 3525 1514 uo-

218 1549 336 1605 nire
372 1563 601 1620 nequam
646 1550 918 1604 neminem
957 1563 1147 1619 posses
1170 1589 1186 1615 ,
1234 1547 1380 1604 solus
1430 1557 1609 1605 tamen
1656 1545 1819 1616 Frugi
1917 1558 2043 1597 vum
2073 1557 2209 1614 opus
2237 1543 2328 1608 sit,
2354 1543 2800 1601 docetEusebius
2828 1546 2881 1600 in
2897 1544 3167 1604 Chronico
3192 1566 3209 1607 :
3238 1549 3338 1605 «L.
3361 1549 3527 1607 Pom-
3610 1594 3618 1600 .

211 1644 580 1711 nominaretur
611 1642 765 1716 (Cic.,
793 1653 923 1699 orat.
946 1643 1036 1708 11,
1064 1659 1157 1714 pro
1183 1639 1238 1695 .1!
1248 1682 1261 1695 .
1290 1642 1524 1708 Fonteio,
1551 1638 1815 1715 pag.225,
1922 1637 2135 1707 ponius,
2160 1656 2181 1690 ι
2210 1636 2403 1708 inquit,
2432 1656 2451 1690 ι
2473 1637 2851 1705 Bononiensis,
2873 1640 3241 1699 Atellanarum
3272 1644 3527 1715 scriptor,

213 1736 306 1790 lin.
339 1734 453 1805 45).
491 1755 510 1788 ι
560 1735 635 1793 De
660 1735 805 1791 illius
834 1750 964 1791 vero
992 1735 1205 1804 scriptis
1232 1733 1373 1790 idem
1404 1734 1600 1788 latinus
1637 1742 1820 1787 orator
1921 1728 2100 1784 clarus
2133 1728 2362 1785 habetur
2386 1728 2601 1803 (Euseb.
2632 1732 2685 1784 in
2705 1730 2920 1799 Cliran.,
2943 1734 3013 1788 ad
3029 1751 3154 1789 ann.
3186 1735 3371 1809 1826).
3399 1757 3417 1789 ι
3448 1738 3533 1794 Ex

212 1829 267 1884 id
303 1829 433 1887 alibi
471 1830 732 1900 scriptum
765 1829 981 1898 reliquit
1011 1847 1024 1883 :
1076 1847 1095 1881 ι
1132 1827 1195 1882 L.
1230 1827 1355 1883 Piso
1376 1826 1624 1882 tribunus
1651 1823 1823 1893 plebis
1922 1820 2025 1876 hac
2072 1836 2237 1892 porro
2278 1821 2424 1878 illius
2471 1822 2752 1879 Atellanos
2781 1825 3053 1882 scribendi
3077 1838 3194 1883 arte
3225 1870 3241 1893 ,
3298 1844 3454 1898 quam
3498 1843 3534 1884 a

212 1901 393 1993 legem
430 1922 635 1991 primus
663 1920 733 1977 de
766 1921 1007 1992 pecuniis
1052 1918 1365 1989 repetundis
1385 1959 1401 1987 ,
1446 1916 1743 1974 Censorino
1771 1924 1827 1972 et
1854 1926 1902 1986 Β
1928 1912 2181 1968 Mummio
2208 1924 2327 1985 post
2358 1912 2588 1970 Nonium
2611 1924 2666 1972 et
2686 1917 3042 1988 Pomponium
3070 1921 3381 1977 suscitatam
3412 1937 3536 1980 esse

214 2013 432 2069 Manilio
472 2012 626 2069 Coss.
670 2013 809 2068 tulit.
860 2013 981 2083 Ipse
1011 2013 1175 2075 etiam
1206 2012 1330 2068 Piso
1360 2020 1415 2066 et
1452 2025 1644 2066 causas
1667 2010 1815 2079 egit,
1918 2006 2221 2062 Macrobius
2277 2020 2599 2077 asseverat,
2663 2010 2748 2066 ba:
2804 2012 3161 2082 proculdubio
3219 2016 3534 2086 prodierunt

211 2119 268 2166 et
311 2108 602 2164 multarum
657 2108 833 2179 legum
869 2118 962 2162 aut
991 2117 1203 2169 auctor,
1246 2114 1341 2161 aut
1385 2104 1663 2161 dissuasor
1688 2103 1812 2170 fuit;
1928 2099 2123 2156 fabulae
2153 2099 2373 2167 Maevia,
2404 2099 2687 2177 Ediluini,
2716 2103 2888 2172 Galli,
2931 2105 3292 2178 Transalpini,
3322 2119 3379 2166 et
3402 2110 3537 2167 Por-

212 2203 368 2275 isque
394 2212 452 2259 et
480 2201 756 2257 orationes
784 2201 1031 2272 reliquit,
1071 2217 1193 2271 quae
1214 2200 1328 2269 jam
1354 2206 1727 2263 evanuerunt,
1768 2207 1824 2252 et
1922 2201 2060 2259 ccta,
2091 2209 2210 2265 quae
2239 2194 2308 2249 ab
2332 2193 2397 2248 Α.
2429 2194 2604 2251 Gellio
2632 2197 2867 2253 citantur
2892 2198 3173 2269 (Macrob.,
3222 2204 3313 2259 lib.
3358 2221 3375 2260 ι
3432 2206 3538 2262 Sa-

211 2295 436 2379 annales
462 2310 591 2350 sane
621 2294 835 2351 exiliter
876 2294 1106 2363 scriptos
1131 2292 1334 2366 (Idem,
1376 2292 1441 2347 de
1468 2289 1653 2346 Claris.
1689 2287 1824 2343 Ora.
1926 2288 2146 2354 turnal.,
2198 2304 2316 2359 cap.
2368 2288 2474 2355 10;
2531 2288 2703 2357 Gell.,
2748 2291 2838 2346 lib.
2866 2308 2903 2347 ι
2933 2292 3093 2352 Noct.
3123 2297 3253 2362 Δία,
3284 2313 3403 2369 cap.
3437 2300 3526 2367 11,

215 2398 313 2443 tor.
335 2430 351 2456 ,
395 2404 482 2443 seu
512 2386 662 2441 Brut.
687 2429 705 2455 ,
754 2403 877 2461 pag.
904 2385 1047 2451 218,
1089 2385 1183 2439 lin.
1225 2385 1304 2453 2).
1340 2403 1361 2437 ι
1408 2382 1616 2440 Gellius
1647 2390 1825 2436 tamen
1928 2381 2016 2435 lib.
2036 2397 2130 2448 xu,
2151 2398 2267 2451 cap.
2300 2383 2389 2445 10,
2416 2390 2465 2435 et
2492 2381 2582 2437 lib.
2614 2398 2729 2450 xvr,
2761 2399 2879 2454 cap.
2908 2383 2986 2458 6).
3015 2387 3146 2456 Quis
3176 2389 3355 2459 itaque
3381 2389 3541 2447 facile

213 2478 410 2535 asserit
436 2495 559 2535 eum
585 2478 637 2533 in
665 2476 855 2533 iisdem
889 2476 1188 2532 Annalibus
1220 2473 1402 2547 (Gell.,
1436 2474 1525 2529 lib.
1557 2489 1611 2529 vi
1662 2471 1825 2526 Noct.
1930 2490 2041 2530 non
2070 2474 2332 2530 concedat
2361 2473 2508 2530 illam
2540 2490 2610 2531 ex
2637 2474 2722 2532 his
2752 2492 2913 2534 unam
2942 2478 3129 2549 fuisse,
3157 2497 3318 2552 quam
3348 2493 3542 2541 auctor

215 2573 349 2640 Att.,
392 2590 508 2643 cap.
543 2573 576 2630 9
599 2617 614 2641 ,
648 2589 768 2645 pag.
801 2570 907 2628 579
931 2582 977 2625 et
1008 2570 1097 2625 lib.
1129 2586 1166 2626 ιι
1192 2610 1206 2636 ,
1235 2586 1353 2641 cap.
1387 2569 1481 2634 14,
1509 2584 1629 2639 pag.
1656 2564 1828 2636 698),
1932 2576 2120 2622 noster
2145 2566 2412 2640 Marsyam
2442 2569 2773 2639 appellavit?

215 2682 352 2739 quius
380 2665 523 2721 idem
551 2665 728 2723 adhuc
757 2662 970 2731 Cicero,
999 2664 1194 2730 Varro,
1223 2663 1451 2731 Plinius,
1486 2661 1832 2717 Laetantius—
1937 2728 1948 2745 ι
2007 2659 2331 2730 Ροείάίρριιε
2383 2661 2551 2715 semel
2600 2669 2762 2732 atque
2810 2663 3012 2721 iterum
3059 2667 3126 2723 ab
3158 2669 3403 2725 Arnobio
3427 2712 3444 2740 ,
3487 2670 3545 2727 in

215 2774 321 2832 que
335 2760 660 2827 citaverunt,
692 2758 1095 2831 simplicissima
1115 2757 1382 2811 suavitate
1401 2754 1480 2811 rei
1496 2752 1835 2828 etorationis
1934 2751 2229 2808 Clementis
2251 2751 2601 2808 Alexandrini
2632 2755 2870 2826 vestigiis
2895 2758 3073 2815 adhuc
3103 2761 3385 2819 insistente
3423 2763 3546 2819 lau-

216 2869 337 2909 esse
362 2868 537 2922 usum,
564 2868 626 2907 ac
647 2868 737 2909 res
763 2852 835 2907 ibi
864 2852 931 2908 ab
959 2851 1048 2907 illo
1070 2867 1333 2923 perquam
1364 2865 1499 2923 pure
1529 2858 1584 2905 ct
1603 2858 1837 2905 venuste
1938 2844 2114 2900 datur.
2170 2844 2364 2900 Narrat
2406 2855 2588 2901 autem
2633 2847 2828 2904 Suidas
2860 2850 3208 2923 Posidippum
3237 2857 3503 2912 comicum
3524 2899 3544 2923 ,

216 2954 462 3007 narratas
493 2943 711 3019 (Cicer.,
746 2945 835 3019 lib.
870 2962 952 3012 rx,
980 2946 1128 3018 epist.
1157 2945 1247 3012 22,
1295 2955 1342 3005 et
1368 2945 1456 3000 lib.
1510 2961 1544 3001 ιι
1569 2944 1633 2999 de
1661 2942 1837 3012 0rat.,
1938 2934 2358 2993 Cassadrensem
2385 2979 2398 3003 ,
2428 2937 2645 3009 Cynisci
2673 2938 2843 2997 filium
2870 2985 2885 3010 ,
2928 2944 3088 2999 tertio
3118 2956 3239 3016 post
3268 2948 3552 3005 Menandri

219 3056 340 3117 pag.
366 3038 492 3102 1M;
532 3037 713 3107 Varr.,
764 3039 854 3094 lib.
878 3055 935 3095 1v
966 3039 1030 3095 de
1055 3038 1213 3111 Ling.
1238 3039 1361 3105 ιαμ,
1381 3055 1502 3115 pag.
1535 3038 1638 3105 56;
1665 3035 1837 3111 Plin.,
1941 3040 2171 3087 mortem
2201 3047 2345 3086 anno
2376 3030 2657 3098 docuisse,
2708 3048 2772 3090 ac
2804 3036 3015 3107 triginta
3047 3038 3286 3097 edidisse
3312 3041 3546 3111 fabulas.

217 3129 308 3185 lib.
354 3146 391 3185 ιι
441 3128 581 3185 Hist.
616 3139 751 3205 nat.,
775 3145 890 3203 cap.
924 3130 1012 3195 55,
1036 3147 1161 3203 pag.
1185 3129 1329 3197 207;
1368 3127 1628 3196 Lactant.,
1663 3129 1752 3183 lib.
1785 3144 1841 3193 1,
1945 3123 2052 3181 Sed
2094 3122 2317 3178 Vossius
2372 3133 2523 3193 putat
2554 3124 2731 3181 'alium
2775 3128 2845 3184 ab
2889 3128 3132 3188 Arnobio
3174 3142 3229 3189 et
3267 3133 3553 3192 Clemente

217 3238 338 3292 cap,
371 3222 424 3287 6,
472 3240 593 3296 pag,
642 3222 756 3293 5'5).
800 3223 959 3277 Plura
984 3221 1052 3278 de
1078 3222 1169 3279 illo
1196 3224 1241 3277 si
1272 3222 1406 3279 velis
1431 3265 1444 3291 ,
1473 3222 1698 3278 consule
1726 3222 1844 3277 Ma-
1945 3215 2311 3272 Alexandrino
2348 3214 2525 3281 citari,
2555 3232 2714 3287 quem
2745 3220 2800 3275 in
2830 3220 3140 3278 Grazcorum
3163 3225 3552 3283 historicorum

217 3316 492 3381 crobium,
518 3316 613 3372 lib,
643 3333 661 3371 ι
706 3316 1001 3385 Saturnal.,
1047 3331 1166 3389 cap.
1199 3318 1288 3384 1‘2,
1323 3332 1446 3388 pag.
1476 3315 1606 3383 229,
1631 3331 1843 3371 rursus-
1871 3319 1917 3384 ι]
1947 3310 2129 3365 album
2157 3307 2365 3364 retulit.
2395 3308 2652 3376 Quaedam
2685 3322 2862 3369 autem
2894 3314 3168 3389 Posidippi
3196 3317 3267 3372 de
3292 3316 3552 3373 draconi-

218 3426 327 3487 que
357 3410 693 3477 Ciceronem,
734 3410 835 3467 lib.
863 3426 925 3467 ιιι
955 3411 1272 3479 Tusculam,
1304 3427 1425 3483 pag.
1456 3412 1580 3476 156,
1615 3411 1833 3468 Tertul-
1936 3403 2041 3459 bus
2066 3402 2306 3458 carmina
2349 3415 2381 3455 a
2416 3399 2614 3459 Tzetze
2663 3406 3007 3465 exhibentur.
3060 3410 3167 3467 Sed
3197 3420 3375 3467 utrum
3406 3411 3553 3468 idem

221 3503 452 3572 lianum,
489 3502 582 3558 lib.
610 3503 677 3558 de
705 3503 1036 3574 Spectacul.,
1063 3519 1184 3576 cap.
1221 3505 1275 3573 5,
1301 3514 1357 3561 et
1383 3503 1696 3577 Dionysium
1723 3504 1834 3559 Ha-
1936 3498 2024 3563 sit,
2060 3496 2147 3568 qui
2199 3496 2268 3555 ab
2291 3501 2537 3559 Arnobio
2587 3500 2927 3571 appellatur,
2954 3501 3101 3557 dictu
3141 3518 3275 3560 sane
3303 3504 3552 3563 difficile.

223 3596 652 3665 licarnasseum,
683 3594 780 3650 lib.
836 3611 874 3651 ιι
912 3596 1163 3665 Antiquit.
1213 3613 1459 3666 romam,
1500 3612 1619 3669 pag.
1650 3596 1756 3654 105
1782 3605 1839 3653 et
1938 3592 2213 3655 Gesnerus
2261 3607 2440 3654 tamen
2495 3612 2605 3652 non
2660 3597 2873 3653 videtur
2926 3598 3070 3653 hunc
3118 3598 3469 3670 Posidippum
3517 3616 3554 3656 a

224 3690 379 3746 alibi.
1939 3698 2098 3757 poeta
2124 3690 2458 3762 distinguere
2487 3691 2702 3764 (Arnob.
2733 3733 2749 3757 ,
2796 3689 2885 3746 lib.
2918 3705 3005 3759 ιιι,
3040 3707 3162 3764 pag.
3206 3693 3310 3750 198
3337 3703 3385 3749 et
3410 3693 3554 3761 206;

302 3783 628 3841 Plutarchus
656 3780 988 3843 Cheronaeus
1018 3780 1087 3839 de
1118 3781 1362 3843 Herculis
1388 3791 1562 3839 morte
1590 3784 1745 3838 testis
1765 3781 1835 3839 ab
1942 3782 2171 3841 Clemens
2201 3786 2480 3854 Alcinoum,
2518 3786 2781 3841 Admonit.
2804 3786 2873 3840 ad
2900 3784 3090 3853 ϐιαιο..
3122 3803 3245 3857 pag.
3275 3788 3343 3845 55
3373 3797 3420 3842 et
3444 3786 3552 3855 58;

225 3887 456 3934 auctore
499 3885 687 3932 nostro
718 3876 773 3931 in
805 3875 1071 3933 librorum
1118 3875 1259 3931 illius
1312 3873 1641 3933 editionibus
1682 3873 1841 3930 datus
1944 3876 2078 3930 Suid
2102 3878 2171 3932 ad
2194 3879 2328 3935 verb.
2356 3878 2710 3945 ποσιδιπποςς
2733 3877 2927 3945 Tzetz.,
2955 3880 3074 3934 hist.
3109 3880 3338 3940 Chiliad.
3356 3882 3411 3951 7,
3430 3882 3555 3937 hist.

227 3972 428 4046 legitur
453 3970 696 4048 (Arnob.,
726 3970 909 4035 lib.iv,
937 3986 1057 4044 pag.
1086 3969 1235 4039 144).
1264 3968 1370 4031 Sed
1399 3969 1452 4024 in
1479 3966 1845 4039 manuscripto
1947 3968 2070 4030 1M.
2102 3987 2157 4040 p.
2184 3971 2287 4026 184
2313 3986 2331 4036 ;
2364 3970 2572 4038 Gesner,
2602 3973 2656 4025 in
2681 3971 2978 4044 Biblioth.).

230 4065 426 4123 codice
471 4067 618 4137 regio
646 4106 662 4132 ,
713 4062 791 4118 uti
842 4078 1000 4132 supra
1062 4061 1372 4117 monuimus
1407 4060 1590 4133 (Sup.,
1632 4076 1747 4129 cap.
1786 4059 1842 4127 4,
2016 4062 2340 4121 Ptolomaan
2390 4064 2685 4136 Agesarclii
2725 4065 2867 4123 filius
2896 4077 3037 4134 erat,
3071 4069 3225 4140 cujus
3272 4069 3343 4126 de
3370 4070 3559 4128 Philo-

232 4173 342 4217 art.
374 4160 455 4230 4),
487 4157 749 4229 scriptum
781 4166 865 4213 est
896 4155 1242 4229 Hieronymus
1270 4152 1601 4209 Plutarchus.
1647 4152 1846 4208 Verum
1948 4164 2135 4223 patore
2166 4166 2288 4226 post
2312 4156 2649 4217 Clementem
2674 4158 3122 4231 Alexandrinum,
3150 4163 3227 4223 uti
3252 4163 3379 4220 alibi
3407 4176 3559 4235 pate-

235 4261 426 4308 tamen
465 4265 585 4309 eum
630 4249 704 4304 ibi
746 4247 1021 4304 Arnobius
1050 4246 1382 4303 Clementem
1423 4243 1848 4301 Alexandrinum
1950 4244 2199 4316 fecimus,
2246 4250 2457 4321 primus
2503 4250 2642 4309 liber
2695 4252 2762 4309 ab
2792 4252 3035 4309 Arnobio
3076 4263 3267 4310 nostro
3311 4256 3558 4325 (Arnob,

233 4346 420 4421 adhuc
456 4344 611 4417 sequi
654 4342 900 4399 videatur
947 4339 1208 4411 (Clemens
1237 4337 1546 4406 Alexandr.,
1582 4336 1845 4390 Admonit.
1951 4339 2039 4394 lib.
2069 4357 2144 4410 v1,
2198 4360 2319 4415 pag.
2348 4344 2488 4411 193;
2537 4344 2768 4400 Clemens
2808 4345 3088 4403 Alexandr.
3122 4388 3139 4414 ,
3169 4347 3429 4405 Admonit.
3468 4352 3558 4407 ad.

236 4440 309 4496 ad
341 4438 534 4503 Grata,
568 4455 688 4512 pag.
713 4435 828 4511 19),
879 4436 1004 4492 hinc
1052 4452 1157 4492 non
1202 4435 1335 4492 levis
1364 4433 1588 4490 omnino
1631 4430 1851 4497 conjec-
1955 4431 2147 4503 Gneo"
2175 4453 2297 4509 pag.
2326 4437 2434 4503 29;
2464 4436 2621 4508 Sup.,
2653 4454 2769 4506 cap.
2791 4439 2844 4503 9,
2874 4448 2973 4492 art.
3004 4436 3081 4509 1),
3109 4439 3379 4497 secundus
3401 4458 3560 4512 vero,

241 4548 368 4593 tura
394 4534 517 4593 duci
550 4543 727 4607 potest
768 4533 1055 4605 legendum
1078 4548 1202 4590 esse
1260 4531 1613 4603 Hieronymus
1663 4537 1709 4584 et
1751 4526 1854 4581 Di-
1954 4542 2010 4590 et
2039 4531 2229 4587 tertius
2254 4531 2322 4586 ab
2347 4530 2609 4586 Athenaso
2636 4530 2719 4583 his
2747 4530 2942 4585 citatur
2969 4531 3151 4586 verbis
3196 4551 3210 4585 :
3252 4536 3558 4607 Πτολεμαῖος

240 4628 530 4685 σωατσιηιδ.
578 4627 663 4684 Ab
692 4625 789 4682 illo
813 4626 961 4682 enim
1001 4635 1230 4695 uterque
1256 4626 1474 4681 citatur.
1505 4622 1651 4678 Nihil
1672 4630 1811 4678 tame

2008 4632 2102 4683 τοῦ
2128 4622 2477 4701 Ἀγησάρχου,
2506 4622 2910 4694 Μεγαλοπολίτης
2932 4623 3103 4695 γένος,
3158 4625 3210 4677 ἐν
3246 4634 3313 4698 τῇ
3339 4624 3560 4704 δευτέρᾳ

243 4725 302 4782 in
330 4721 560 4779 Arnobii
588 4730 740 4776 textu
772 4730 977 4775 temere
1001 4717 1316 4777 mutandum
1340 4716 1684 4777 arbitramur.

1987 4723 2057 4773 ’ῶν
2099 4719 2219 4791 περὶ
2255 4718 2342 4772 τὸν
2389 4714 2708 4790 Φιλοπάτορα
2745 4714 2982 4785 ἱστοριῶν
3032 4712 3242 4788 (Al/ten.
3270 4755 3290 4783 ,
3340 4717 3430 4772 lib.
3462 4734 3558 4788 v1,

324 4815 635 4873 Polemonis
662 4815 731 4869 de
761 4813 994 4869 Minerva
1022 4854 1037 4878 ,
1084 4812 1152 4867 ab
1178 4808 1385 4881 Ornyto
1407 4824 1569 4876 ctesa,
1603 4806 1851 4864 testimo-
1955 4806 2308 4879 Deipnosoplt.
2329 4848 2346 4872 ,
2380 4822 2501 4877 pag.
2537 4804 2687 4877 246).
2726 4804 3022 4862 Ptolomeus
3062 4808 3340 4877 Agesarclti
3383 4811 3559 4880 ﬁlius,

249 4910 406 4965 nium
443 4909 510 4964 ab
539 4916 761 4964 auctore
806 4914 991 4961 nostro
1037 4903 1258 4959 citatum
1299 4901 1511 4974 (Ibid.),
1557 4918 1623 4956 ex
1661 4900 1851 4956 eodem
1956 4903 2079 4956 civis
2110 4900 2612 4972 Megalopolitanus,
2656 4900 2785 4955 libro
2811 4901 3035 4967 secundo
3065 4903 3395 4962 historiarum
3424 4906 3559 4962 Plii-

244 5003 534 5061 Clemente
554 4999 918 5056 Alexandrino
959 4999 1273 5073 decerptum
1298 4996 1465 5051 fuisse
1495 4995 1671 5051 nullus
1694 4992 1815 5069 (1b.:

1986 4994 2230 5068 epularis.
2254 4994 2319 5053 Et
2336 5008 2524 5049 rursus
2540 4992 2666 5049 alibi
2701 5012 2715 5047 :
2746 4996 3088 5069 Πτολεμαῖοςὸ
3107 5005 3198 5055 τοῦ
3225 4999 3557 5076 Ἀγησάρχου

250 5098 350 5171 qui
381 5096 657 5169 utriusque
689 5095 973 5165 scriptoris
1005 5093 1165 5149 verba
1192 5092 1334 5148 inter
1353 5107 1414 5147 se
1442 5098 1731 5159 componet
1757 5132 1771 5156 ,
1799 5089 1818 5143 i

1986 5114 2010 5145 ν
2032 5099 2094 5167 τῇ
2120 5092 2268 5166 τρίτῃ
2304 5096 2405 5146 τῶν
2447 5092 2568 5165 περὶ
2602 5089 2925 5167 Φιλοπάτορα
2960 5094 3194 5169 ἱστοριῶν
3244 5093 3334 5167 (Et
3360 5094 3450 5152 lib.
3481 5111 3517 5151 x
3539 5138 3557 5163 ,

252 5193 485 5250 dubium
536 5205 732 5247 vocare
787 5189 1001 5260 poterit.
1039 5187 1193 5255 Vide,
1231 5186 1279 5243 si
1328 5186 1504 5252 lubet,
1576 5201 1642 5241 ea
1683 5200 1801 5256 quae
1830 5199 1859 5239 a
1965 5201 2081 5255 pag.
2112 5180 2265 5252 425).
2320 5180 2637 5257 Ptolomazus
2664 5182 2940 5255 Agesarclu’
2965 5185 3104 5255 [ilius
3133 5186 3260 5241 libro
3287 5187 3431 5240 tertio
3454 5188 3562 5242 Iris-

255 5284 423 5343 nobis
470 5285 525 5341 in
571 5282 850 5351 superiore
893 5280 1198 5352 Apparatus
1234 5279 1405 5336 nostri
1436 5287 1582 5334 tomo
1608 5285 1863 5334 annotata
1964 5277 2108 5331 torire
2135 5274 2510 5349 PliiIOpatoris.
2553 5277 2775 5349 Legesis
2814 5277 3085 5348 Nossium,
3118 5279 3213 5337 lib.
3244 5282 3296 5348 1,
3322 5281 3390 5338 de
3417 5282 3557 5340 Hist.

254 5388 394 5436 sunt
442 5378 626 5450 (tonui
654 5374 932 5449 Apparat.,
965 5392 1085 5448 pag.
1121 5371 1269 5445 762).
1966 5372 2167 5439 Graec”
2193 5387 2311 5445 cap.
2348 5372 2434 5437 18,
2465 5389 2585 5444 pag.
2618 5373 2742 5428 117.
3225 5431 3234 5439 ,

338 5450 366 5525 ἰ
396 5470 675 5543 Pomponii
695 5468 981 5539 Marsyam,
1006 5488 1025 5521 ι
1061 5467 1133 5523 ait
1156 5466 1443 5535 Arnobius,
1481 5485 1499 5518 ι
1526 5466 1865 5537 obsignatum
2042 5466 2368 5525 Sammonici
2384 5464 2639 5537 frequens
2653 5464 2795 5535 apud
2808 5465 2985 5521 varios
3003 5465 3302 5536 Scriptores
3316 5467 3563 5541 (Arnob.,

259 5566 531 5627 memoria
560 5565 754 5621 ιεηθιίε
786 5582 804 5616 ι
862 5561 1076 5637 (Arnob.
1100 5603 1115 5628 ,
1158 5558 1247 5614 lib.
1277 5576 1483 5633 n,pag.
1514 5557 1625 5630 15).
1660 5556 1871 5613 Consu-
1972 5560 2061 5616 lib.
2096 5577 2171 5624 vi.
2218 5578 2338 5633 pag.
2371 5560 2497 5631 194)
2549 5561 2769 5615 mentio.
2816 5558 2948 5627 Quis
2987 5568 3164 5616 autem
3206 5562 3328 5629 ille,
3374 5573 3429 5619 et
3455 5580 3565 5635 quo

264 5662 407 5720 laris
431 5661 522 5716 ille
543 5660 644 5727 vir,
672 5668 808 5713 teste
833 5654 1006 5711 Plinio
1031 5653 1226 5725 (Plin.,
1274 5653 1364 5719 lib.
1394 5669 1468 5709 vn
1508 5663 1680 5708 natur.
1705 5649 1876 5718 Hist.,
1975 5662 2220 5725 tempore
2247 5652 2460 5719 vixerit,
2489 5651 2786 5723 Macrobius
2816 5652 2961 5709 hunc
2989 5653 3176 5708 scribit
3205 5655 3257 5709 in
3291 5659 3507 5713 modum
3543 5677 3560 5715 :

266 5772 393 5833 cap.
424 5752 513 5820 19,
534 5768 667 5833 pag.
701 5750 803 5817 38,
850 5760 899 5804 et
935 5749 1025 5804 lib.
1071 5763 1187 5815 xuv,
1221 5763 1339 5833 cap.
1369 5747 1433 5811 4,
1473 5764 1591 5818 pag.
1621 5744 1744 5817 129)
1772 5787 1787 5813 ,
1819 5751 1877 5800 et
1983 5764 2002 5797 ι
2032 5745 2386 5817 Temporibus
2418 5742 2602 5803 Severi
2646 5741 2940 5813 principis,
2978 5746 3069 5816 qui
3093 5748 3393 5804 ostentabat
3417 5749 3566 5806 duri-

272 5826 435 5905 vates
465 5826 585 5915 fuit,
614 5846 767 5918 cujus
792 5847 955 5902 vitam
988 5859 1049 5900 se
1069 5832 1351 5914 scripSisse
1379 5841 1462 5898 bis
1490 5840 1727 5898 declarat
1755 5855 1877 5894 ver—
1980 5840 2106 5896 tiem
2135 5854 2344 5895 morum
2369 5880 2387 5907 ,
2430 5835 2804 5897 Sammonicus
2832 5838 3069 5897 Serenus
3089 5880 3104 5904 ,
3133 5841 3215 5897 vir
3243 5843 3442 5899 saeculo
3469 5860 3569 5901 suo

274 5944 365 6004 bis
417 5960 433 5997 :
494 5960 514 5995 ι
542 5938 859 5999 Referentes
906 5937 1070 5994 vitam
1116 5934 1397 6007 Pomponii
1437 5934 1660 5991 secundi
1701 5934 1836 5991 vatis
1860 5976 1876 6006 ,
1980 5930 2205 6001 doctus,
2250 5946 2370 5988 cum
2404 5928 2471 5985 ad
2497 5928 2792 6001 principem
2818 5944 2974 5989 suum
3005 5933 3298 6007 scriberet,
3338 5935 3567 5996 faceret-
