3978 6288
424 310 528 374 687

1705 303 2151 369 DISSERTATIO
2180 304 2459 367 ιιιιιΕνιΑ

3580 332 3587 343 ·
3627 308 3732 367 688

427 450 533 505 que
563 430 632 486 de
668 429 768 486 hoc
801 430 942 500 pisce
968 440 1296 492 sermonem,
1335 425 1503 482 verba
1533 423 1757 489 Plinius,
1787 442 1905 494 qua:
1931 442 2023 481 su-
2054 444 2109 501 Α
2131 437 2187 483 et
2230 427 2467 483 carmina
2500 466 2514 490 ,
2568 422 2637 479 ab
2681 424 2948 480 Athenceo
2997 423 3161 479 citata
3203 423 3449 480 invenies
3496 421 3731 494 (Atticm,

426 526 611 596 perius
642 523 813 594 posui,
848 520 1102 590 prmmisit
1155 539 1173 572 ι
1210 518 1494 591 (Μαενοὸ.,
1524 518 1612 573 lib.
1646 535 1703 574 ιιι
1735 518 2030 585 Satarnal.,

427 636 546 689 cap.
574 620 659 681 16,
697 635 814 688 pag.
848 613 999 687 547).
1063 614 1203 670 Alibi
1237 630 1366 669 vero
1403 614 1521 684 ejus
1550 613 1711 668 verba
1740 612 1917 668 adhuc
1946 630 2033 668 re-

422 718 530 770 fert
558 740 579 779 ,ε
634 710 869 779 citatque
914 710 1158 779 quintum
1212 709 1356 763 illius
1409 706 1601 762 Rerum
1652 708 2032 762 reconditarum

421 796 616 863 librum
645 802 834 878 (Ibid.,
860 820 974 874 cap.
1005 804 1061 869 9,
1095 820 1216 874 pag.
1250 803 1352 869 55,
1381 811 1428 857 el
1458 794 1573 873 cap.
1611 801 1699 866 17,
1729 819 1849 873 pag.
1878 800 2028 873 551).

420 900 494 953 At
523 898 885 969 Capitolinus,
936 897 1026 952 ubi
1069 895 1137 951 de
1180 893 1458 951 Gordiano
1503 897 1709 949 Czesare
1736 936 1753 962 ,
1806 897 1919 949 liazc
1962 894 2033 950 de

422 989 803 1047 Sammoniaco
854 987 1084 1058 posteris
1134 984 1354 1041 tradidit
1400 1003 1414 1039 :
1481 1004 1499 1036 ι
1529 985 1734 1041 Sereno
1782 984 2033 1040 Sammo-

419 1085 612 1149 niaco,
657 1082 748 1153 qui
777 1080 912 1151 patri
944 1080 1061 1153 ejus
1087 1079 1481 1145 amicissimus,
1521 1078 1622 1133 sibi
1672 1087 1849 1134 autem
1894 1092 2031 1148 pra:-

420 1184 611 1246 ceptor
643 1175 760 1242 fuit,
790 1174 949 1228 nimis
973 1184 1228 1243 acceptus
1253 1182 1308 1228 et
1331 1177 1531 1227 charus
1552 1213 1568 1239 ,
1611 1187 1783 1242 usque
1808 1169 1947 1226 adeo
1975 1178 2034 1225 ut

421 1285 612 1327 omnes
641 1269 807 1324 libros
828 1266 1019 1324 Serani
1047 1266 1431 1331 Sammoniaci,
1458 1264 1626 1335 patris
1655 1264 1761 1332 sui,
1794 1264 1883 1331 qui
1911 1278 2031 1319 cen-

420 1365 679 1420 sebantur
707 1362 773 1418 ad
803 1360 874 1417 62
902 1361 1066 1416 millia
1087 1403 1103 1430 ,
1144 1359 1419 1417 Gordiano
1450 1359 1642 1414 minori
1673 1360 1913 1414 moriens
1941 1359 2030 1415 ille

419 1458 774 1524 relinqueret.
825 1454 979 1524 Quod
1029 1470 1150 1509 eum
1206 1452 1272 1508 ad
1317 1452 1513 1508 coelum
1546 1452 1664 1506 tulit
1707 1469 1721 1505 :
1763 1452 2028 1523 siquidem

418 1561 566 1607 tanta
597 1552 633 1606 b
655 1550 943 1608 bliothecae
969 1550 1121 1619 copia
1149 1557 1203 1604 et
1233 1548 1520 1619 splendore
1548 1547 1783 1603 donatus
1804 1589 1818 1612 ,
1861 1548 1912 1602 in
1950 1547 2028 1601 fa-

420 1660 565 1700 mam
591 1643 868 1700 hominum
910 1644 1265 1699 litteratorum
1294 1643 1491 1698 decore
1519 1641 1766 1711 pervenit
1794 1639 2030 1714 (Capito-

418 1739 542 1805 lin.,
603 1756 721 1811 pag.
752 1741 902 1810 367).
941 1738 1190 1793 Testatur
1216 1748 1395 1793 autem
1425 1735 1739 1807 Spartianus
1767 1735 2028 1805 plurimos

2137 522 2224 576 lib.
2258 538 2313 576 ιιι
2345 520 2618 591 Deipnos.,
2650 537 2772 592 pag,
2799 519 2932 585 122,
2959 519 3047 574 lib.
3081 535 3157 586 γι,
3178 537 3296 592 pag.
3334 518 3475 585 M2;
3502 519 3590 576 lib.
3620 536 3733 587 vm,

2135 632 2236 686 pag
2280 615 2417 681 558;
2453 614 2544 669 lib.
2568 630 2644 675 ιι.
2678 632 2798 685 pag.
2820 614 2973 683 465).
2998 612 3232 680 Quartus
3260 612 3624 676 Atheniensis.
3647 614 3738 684 qui

2134 708 2329 763 librum
2356 709 2418 762 de
2454 708 2577 762 Vitis
2599 712 2721 785 περὶ
2746 708 2888 781 βιῶν.
2912 707 3052 762 haud
3082 707 3241 762 dubie
3268 706 3736 777 philosophorum,

2135 812 2193 856 ut
2220 812 2365 856 notat
2391 801 2662 862 Laertius,
2685 799 2824 870 juris
2856 799 2982 856 fecit
3012 799 3233 871 publici.
3257 800 3361 855 Sed
3392 800 3740 855 animadver-

2134 894 2197 949 tit
2236 892 2620 962 Menagiusqui
2651 902 2845 963 praeter
2887 891 3162 947 Laertiutn
3218 890 3362 947 illius
3408 892 3737 955 meminerit,

2134 988 2402 1043 neminem
2460 985 2619 1042 facile
2664 986 2926 1055 repereri.
2977 985 3202 1042 Vossius
3242 999 3372 1041 vero
3418 997 3567 1055 putat
3614 1002 3742 1041 eum

2133 1097 2255 1138 esse
2285 1081 2373 1150 qui
2397 1096 2427 1135 a
2450 1080 2743 1135 Plutarcho
2765 1080 2847 1135 his
2872 1079 3052 1137 verbis
3077 1080 3474 1152 compellatur:
3501 1081 3742 1154 Τιμόθεος

2132 1178 2184 1231 ἐν
2215 1184 2323 1238 τοῖς
2352 1175 2656 1253 Ἀργολικοῖς·
2677 1217 2693 1243 ,
2734 1174 3030 1230 Timotheus
3067 1176 3120 1229 in
3168 1175 3439 1246 Argolicis.
3480 1174 3586 1231 Sed
3619 1175 3741 1230 aliis

2131 1267 2185 1322 id
2217 1268 2307 1322 ille
2330 1269 2565 1322 nondum
2597 1269 2884 1339 persuasit.
2933 1267 3068 1324 Nam
3111 1268 3384 1340 Menagius
3422 1268 3633 1325 dubitat
3671 1284 3741 1325 an

2130 1359 2249 1429 ipse
2303 1362 2373 1417 sit
2400 1377 2558 1432 quem
2592 1362 2739 1432 prius
2781 1362 2850 1418 ab
2893 1362 3084 1419 eodem
3137 1363 3425 1419 Plutarcho
3464 1363 3741 1419 laudatum

2131 1454 2604 1528 diximus(Laert.,
2626 1455 2716 1509 lib.
2735 1471 2794 1520 ιι,
2813 1456 2866 1510 in
2892 1454 2993 1509 Vit.
3022 1454 3197 1521 Plato,
3223 1455 3250 1528 §
3271 1457 3324 1522 5,
3349 1457 3438 1514 lib.
3463 1473 3537 1522 tv,
3561 1458 3614 1510 in
3637 1454 3740 1510 Vit.

2132 1548 2401 1621 Speusip.,
2454 1549 2575 1623 §4;
2610 1550 2699 1605 lib.
2730 1566 2785 1618 ν,
2818 1552 2873 1605 in
2930 1549 3030 1605 Vit.
3059 1551 3271 1607 Aristot.
3300 1569 3315 1617 ;
3367 1550 3395 1624 §
3424 1552 3473 1618 1,
3508 1550 3596 1606 lib.
3629 1567 3702 1607 vu
3724 1593 3741 1619 ,

2127 1642 2184 1695 in
2222 1641 2322 1695 Vit.
2348 1640 2571 1708 Zenon.,
2606 1640 2635 1713 §
2662 1643 2739 1713 1).
2764 1643 2835 1696 At
2859 1642 2998 1697 idem
3030 1640 3255 1699 VOssins
3272 1642 3413 1698 haud
3435 1643 3746 1699 dubitanter

2129 1732 2363 1788 affirmat
2406 1734 2550 1788 hunc
2592 1736 2865 1788 diversum
2908 1737 3130 1790 omnino
3157 1749 3279 1790 esse
3331 1736 3524 1803 abeo,
3580 1751 3743 1807 quem

417 1831 566 1887 illius
605 1830 774 1887 libros
813 1830 882 1884 ad
927 1830 1215 1884 doctrinam
1253 1846 1353 1884 suo
1389 1829 1567 1884 adhuc
1608 1838 1852 1898 tempore
1890 1826 2027 1882 exti-
2058 1832 2107 1892 B
2132 1834 2325 1881 auctor
2366 1834 2552 1880 nOster
2577 1827 2832 1897 gentilem
2864 1828 3174 1898 theologum
3209 1838 3481 1899 nuncupat
3520 1826 3704 1901 (Voss.
3727 1871 3743 1895 ,

419 1922 577 1989 tisse,
607 1934 660 1976 et
682 1922 958 1978 Antonino
983 1922 1135 1979 Getze
1161 1922 1328 1977 fuisse
1354 1922 1832 1985 familiarissimos,
1881 1936 2031 1974 eum-

419 2032 526 2086 que
553 2016 652 2071 Sub
677 2013 951 2070 Caracalla
985 2015 1125 2070 inter
1163 2015 1455 2070 nonnullos
1482 2024 1762 2070 caenantes
1792 2013 2029 2069 occisum

418 2108 740 2178 (Spartian.,
769 2109 824 2162 in
846 2106 1128 2173 Caracall.,
1155 2125 1274 2179 pag.
1304 2107 1432 2174 532,
1461 2118 1508 2162 et
1532 2109 1586 2162 in
1608 2108 1863 2162 Antonino
1882 2105 2028 2175 Geta,

424 2219 547 2273 pag.
586 2200 739 2274 555).

417 2333 429 2344 -
495 2297 757 2352 Scaurum
824 2295 1123 2351 illustribus
1183 2295 1550 2367 grammaticis
1606 2305 1795 2351 auctor
1850 2303 2033 2350 noster

411 2389 537 2457 jure
601 2390 794 2445 merito
857 2390 1085 2445 adscivit
1133 2389 1394 2462 (Arnob.,
1448 2389 1538 2444 lib.
1592 2405 1652 2453 ι,
1704 2406 1823 2458 pag.
1875 2389 2026 2459 257).

417 2482 553 2537 Nam
575 2483 645 2538 ab
673 2481 737 2537 A.
768 2481 943 2537 Gellio
964 2482 1334 2538 nobilissimus
1357 2484 1743 2553 grammaticus
1761 2481 1847 2554 (Α.
1870 2479 2029 2547 Gell.,

422 2577 516 2632 lib.
548 2594 598 2631 ιιι
639 2576 792 2631 Noct.
828 2577 958 2641 Att.,
990 2593 1107 2641 cap.
1128 2577 1213 2635 l5.
1234 2595 1349 2648 pag.
1384 2576 1550 2649 599),
1580 2587 1634 2633 et
1661 2576 1900 2630 Adriano
1928 2577 2032 2629 im-

422 2680 648 2740 perante
676 2666 924 2724 floruisse
951 2669 1263 2739 perhibetur
1298 2688 1311 2725 :
1349 2689 1367 2721 ι
1398 2670 1688 2725 Terentius
1715 2713 1728 2735 ,
1767 2689 1785 2720 ι
1837 2670 2031 2740 inquit,

430 2782 452 2813 ‹
483 2763 721 2819 Scaurus
768 2763 875 2817 diri
901 2762 1122 2818 Adriani
1151 2764 1490 2834 temporibus
1518 2763 1906 2834 grammaticus
1934 2778 2034 2817 no-

421 2853 742 2909 bilissimus.
779 2874 798 2906 s
844 2855 1018 2912 Gellio
1044 2854 1358 2927 suffragium
1408 2857 1527 2911 tulit
1553 2854 1911 2925 Capitolinus,
1942 2856 2035 2927 qui

421 2947 586 3001 alium
618 2948 880 3002 Scaurum
904 2991 919 3015 ,
967 2947 1126 3018 hujus
1153 2949 1318 3003 tilium
1338 2991 1353 3014 ,
1404 2948 1565 3004 etiam
1596 2949 2029 3019 grammaticum,

421 3038 552 3097 Veri
583 3040 920 3111 imperatoris
964 3052 1355 3112 pra-captarem
1409 3040 1575 3097 fuisse
1627 3043 1709 3096 his
1746 3041 1812 3097 de
1838 3041 2032 3098 eodem

423 3133 755 3205 imperatore
804 3132 1073 3205 significat
1116 3133 1296 3190 verbis
1341 3148 1357 3189 :
1407 3150 1425 3184 ι
1464 3132 1685 3188 Autlivit
1726 3132 2033 3198 Scaurum,

2138 1919 2227 1974 lib.
2259 1935 2316 1975 ιιι
2388 1922 2451 1976 de
2478 1919 2614 1977 Hist.
2643 1937 2796 1993 grwc.
2828 1939 2844 1988 ;
2888 1938 3007 1994 pag.
3034 1923 3159 1988 421,
3216 1933 3261 1977 et
3299 1924 3364 1978 de
3390 1933 3523 1994 poet.
3564 1939 3744 1994 grana,

2136 2028 2253 2083 pag.
2288 2012 2359 2067 46
2386 2023 2432 2066 et
2461 2013 2573 2083 47).
2629 2013 2705 2067 lbi
2731 2026 2908 2069 autem
2956 2013 3050 2069 ille
3078 2030 3142 2070 ex
3173 2014 3339 2071 Suida
3371 2014 3537 2070 refert
3576 2017 3743 2070 alium

2134 2105 2305 2160 fuisse
2335 2105 2676 2161 Timotheum
2705 2148 2719 2169 ,
2757 2107 3040 2178 Euripidi,
3096 2119 3150 2163 et
3177 2108 3423 2180 Philippo
3462 2107 3743 2164 Macedoni

2136 2211 2378 2253 coaevum
2412 2240 2427 2265 ,
2481 2202 2569 2271 qui
2615 2199 2882 2256 decimam
2927 2210 2981 2256 et
3004 2200 3341 2257 undecimam
3379 2202 3510 2272 lyrae
3536 2201 3748 2258 addidit

2135 2292 2395 2349 chordam
2422 2337 2437 2359 ,
2470 2296 2732 2367 pluraque
2769 2297 3071 2367 composuit
3118 2296 3326 2368 poetica
3372 2311 3535 2368 opera
3561 2339 3577 2364 ,
3629 2312 3750 2366 qua:

2137 2386 2334 2442 Suidas
2360 2397 2607 2443 recenset
2652 2387 2829 2459 (Suid.
2849 2430 2864 2455 ,
2890 2390 2960 2442 ad
2989 2388 3124 2444 verb.
3155 2390 3427 2463 Τιμόθεοι).
3477 2390 3750 2445 Praeterea

2136 2480 2302 2535 alium
2332 2480 2509 2536 adhuc
2540 2480 2742 2535 indicat
2768 2480 3127 2537 Timothzeum
3158 2481 3547 2538 Atheniensem
3571 2527 3585 2551 ,
3635 2498 3752 2539 me—

2137 2572 2241 2628 dia:
2264 2572 2547 2629 comoedice
2578 2584 2813 2642 poetam,
2839 2574 3088 2645 illiusque
3114 2578 3601 2631 commentationes
3625 2592 3751 2631 enu-

2137 2679 2332 2726 merat.
2362 2668 2501 2737 Quid
2533 2666 2731 2734 plura?
2767 2667 2995 2735 Quidam
3024 2669 3247 2739 insuper
3270 2669 3603 2724 Tiniotbarus
3623 2668 3750 2724 sim-

2140 2762 2356 2833 pliciter
2381 2762 2449 2817 ab
2480 2761 2744 2818 Athenaeo
2772 2762 2992 2827 citatur,
3032 2776 3215 2832 quem,
3244 2772 3380 2818 teste
3406 2762 3746 2830 Casaubono,

2139 2871 2330 2925 parum
2360 2855 2723 2925 ingeniosum,
2759 2853 3108 2925 frigid0lll,el
3125 2854 3283 2910 nimis
3305 2870 3450 2925 saepe
3482 2858 3747 2928 ineptum,

2136 2943 2435 2999 facetorum
2468 2944 2634 2998 risum
2658 2944 2945 3000 sustulisse
2967 2943 3315 3014 perhibebsnt
3334 2985 3347 2999 .
3373 2944 3543 3001 Porro
3566 2958 3750 3005 autem

2137 3038 2182 3092 si
2214 3045 2407 3109 poeta},
2441 3039 2593 3092 utait
2619 3038 2976 3108 Augustinus,
3004 3038 3277 3111 theologi,
3322 3050 3378 3094 ut
3408 3050 3532 3111 pote
3559 3042 3651 3112 qui
3679 3041 3751 3099 de

2136 3130 2241 3185 diis
2267 3130 2507 3186 carmina
2534 3130 2865 3195 conderent.
2897 3131 2967 3187 ab
2995 3131 3227 3189 ethnicis
3265 3135 3619 3203 vocabantur,
3648 3152 3751 3193 no-

419 3228 830 3299 grammaticum
860 3228 1081 3281 latinum
1101 3270 1116 3292 ,
1157 3225 1345 3282 Scauri
1373 3225 1570 3280 Filium
1597 3267 1613 3291 ,
1643 3226 1733 3295 qui
1762 3241 2031 3296 gramma-
2061 3228 2108 3291 C
2138 3223 2223 3279 bis
2249 3224 2393 3279 hattd
2438 3240 2584 3296 aegre
2621 3224 3036 3295 persuadebitur
3066 3243 3228 3282 unum
3259 3243 3327 3285 ex
3371 3229 3455 3286 bis
3484 3232 3657 3301 poetis
3685 3231 3753 3288 ab

424 3323 564 3378 licus
610 3321 825 3378 Adriani
856 3319 957 3375 fuit
991 3339 1010 3372 ι
1044 3316 1373 3391 (Capilolin.,
1429 3321 1483 3372 in
1539 3317 1641 3372 Vit.
1702 3317 1847 3385 Ver.,
1896 3320 2034 3373 circa

423 3414 592 3485 init.).
613 3413 721 3469 Sed
753 3420 980 3483 uterque
1000 3427 1029 3464 a
1053 3409 1364 3480 Lampridio
1389 3409 1681 3465 Scaurinus
1707 3409 2028 3479 appellatur.

426 3504 526 3561 Ubi
583 3504 847 3575 siquidem
901 3507 969 3556 de
1018 3500 1328 3557 Alexandro
1379 3501 1586 3556 Severo
1638 3501 1803 3557 verba
1850 3500 1975 3556 facit
2016 3523 2031 3558 :

433 3618 454 3650 ι
493 3599 693 3656 Habuit
716 3597 929 3664 Romae,
952 3614 973 3647 ι
1002 3595 1214 3667 inquit,
1262 3615 1282 3646 ι
1310 3597 1689 3667 grammaticos
1714 3597 2036 3653 Scauriuum

432 3693 680 3749 Scaurini
712 3691 878 3746 filium
911 3690 1187 3745 doctorem
1216 3690 1628 3745 celeberrimum
1659 3709 1677 3741 ι
1714 3688 2030 3760 (Lamprid.,

424 3785 481 3839 in
520 3783 623 3838 Vit.
655 3783 803 3838 Alex.
841 3782 1017 3839 Sever.
1049 3782 1186 3837 circa
1214 3780 1372 3852 init.).
1406 3782 1662 3851 Quaedam
1697 3785 1839 3839 illius
1871 3798 2035 3851 Opera

430 3879 642 3934 notavit
662 3877 955 3945 Gesnerus,
989 3892 1171 3948 quem,
1196 3877 1242 3931 si
1272 3876 1439 3943 lubet,
1474 3876 1625 3933 adire
1657 3879 1859 3949 poteris
1886 3876 2038 3949 (Ges-

432 3986 541 4025 ner.
555 4012 570 4036 ,
603 3971 656 4024 in
685 3967 977 4040 Biblioth.).

503 4062 772 4118 Sosibium
786 4061 1160 4132 compellando
1173 4061 1444 4118 Arnobius
1455 4060 1792 4120 Clementem
1806 4063 2038 4119 Alexan-

430 4155 644 4212 drinum
672 4153 910 4227 (Arnob.,
941 4155 1030 4210 lib.
1061 4171 1135 4223 ιν,
1159 4173 1277 4228 pag.
1308 4157 1444 4223 “4;
1468 4155 1699 4214 Clemens
1728 4158 2035 4225 Alexandr.,

433 4248 697 4305 Admonit.
771 4248 842 4302 ad
910 4247 1119 4315 Gram,
1171 4266 1294 4322 pag.
1342 4249 1446 4311 25;
1502 4261 1624 4306 tom.
1677 4267 1695 4305 ι
1752 4251 2033 4323 Apparat.,

435 4359 558 4415 pag.
589 4341 718 4415 8l6)
742 4342 1004 4412 sequitur.
1049 4342 1125 4399 De
1156 4343 1248 4398 illo
1282 4353 1461 4399 autem
1492 4345 1617 4399 alibi
1644 4344 2038 4415 diSputavimus

2137 3318 2380 3374 Arnobio
2423 3326 2610 3373 nostro
2638 3319 2794 3375 citari
2823 3320 3076 3392 (Atium,
3133 3322 3223 3379 lib.
3276 3338 3369 3378 vm
3395 3365 3410 3390 ,
3438 3342 3560 3395 pag.
3607 3325 3746 3392 558;

2139 3408 2388 3477 Casaub.,
2418 3410 2473 3465 in
2500 3411 2671 3465 eumd.
2703 3410 2818 3475 lib.,
2843 3428 2958 3482 cap.
2983 3412 3017 3467 5
3046 3421 3091 3465 et
3121 3413 3209 3480 11;
3232 3413 3474 3488 August.,
3501 3416 3590 3472 lib.
3619 3432 3752 3473 xvm

2139 3501 2203 3558 de
2215 3503 2385 3566 Livia,
2412 3519 2528 3574 cap.
2557 3503 2641 3566 M,
2667 3519 2786 3574 pag.
2817 3503 2954 3569 478;
2983 3506 3199 3569 Arnob.,
3227 3505 3312 3562 lib.
3338 3523 3429 3576 vn,
3446 3525 3565 3581 pag.
3594 3509 3749 3580 256).

2211 3595 2496 3650 Trebatius
2524 3596 2595 3651 ab
2622 3595 2713 3653 illo
2737 3597 2994 3668 deinceps
3031 3597 3085 3654 in
3112 3600 3476 3658 testimonium
3505 3617 3747 3676 vocatus,

2138 3688 2186 3743 is
2243 3688 2598 3758 proculdubio
2646 3704 2769 3745 esse
2815 3690 3030 3747 videtur
3087 3693 3240 3764 cujus
3291 3695 3593 3754 Macrobius
3643 3700 3751 3769 pri-

2138 3795 2287 3836 mum
2315 3789 2370 3835 et
2399 3795 2624 3847 nonum,
2653 3789 2818 3851 atque
2839 3781 2907 3837 A.
2934 3781 3141 3839 Gellius
3160 3786 3404 3855 quintum
3436 3789 3500 3841 de
3517 3789 3751 3863 Religio-

2142 3873 2293 3928 nibus
2322 3873 2514 3929 librum
2542 3874 2863 3930 citaverunt.
2892 3874 3317 3946 Nuncupabatnr
3335 3890 3514 3935 autem
3530 3882 3594 3937 C.
3615 3882 3751 3942 Tre-

2138 3968 2318 4024 batius
2347 3967 2529 4034 Testa,
2560 3968 2650 4039 qui
2673 3968 2948 4026 Ciceronis
2975 3971 3254 4028 familiaris
3280 3983 3335 4029 et
3360 3975 3745 4047 coniunctissi-

2139 4077 2264 4117 mus
2318 4060 2437 4117 fuit.
2485 4061 2619 4118 Nam
2660 4063 2711 4119 ei
2741 4062 3007 4119 dedicavit
3056 4065 3377 4137 Topicorum
3412 4085 3635 4129 suorum
3686 4074 3750 4131 li-

2138 4154 2318 4220 brum,
2350 4170 2583 4226 eumque
2607 4154 2746 4225 juris
2772 4155 3120 4226 interpretem
3151 4159 3371 4216 snlutat.
3401 4162 3484 4218 Ad
3507 4164 3751 4224 Atticum

2139 4264 2270 4305 vero
2303 4249 2490 4306 scribit
2529 4266 2544 4304 :
2596 4268 2616 4301 ι
2648 4250 2984 4320 Quamquam
3026 4265 3130 4307 non
3170 4252 3473 4325 adspernor
3509 4256 3753 4315 Trebatii

2139 4340 2368 4410 litteras,
2399 4358 2552 4414 aquo
2574 4358 2660 4399 me
2692 4343 2853 4399 unice
2873 4343 3021 4415 diligi
3050 4346 3163 4400 scio
3193 4365 3213 4399 ι
3243 4346 3524 4418 (Μαστοὺη
3557 4352 3649 4408 lib.
3691 4369 3752 4409 ιιι

437 4434 677 4506 (Arnob.,
709 4435 799 4492 lib.
831 4451 888 4491 tv
910 4477 924 4503 ,
977 4454 1096 4509 pag.
1132 4436 1275 4504 H7;
1318 4436 1454 4507 Sup.
1484 4480 1498 4504 ,
1550 4454 1667 4508 cap.
1686 4420 1754 4504 ~9,
1787 4448 1889 4493 art.
1923 4444 1945 4493 1
1993 4447 2040 4494 et
2142 4433 2412 4491 Saturnal.
2435 4479 2452 4505 ,
2481 4453 2598 4499 cap.
2632 4436 2667 4492 5
2690 4445 2738 4490 et
2767 4435 2834 4502 9;
2878 4435 3010 4492 Gell.
3033 4479 3047 4503 ,
3080 4439 3171 4495 lib.
3203 4456 3292 4507 vr,
3332 4458 3451 4511 cap.
3484 4444 3590 4511 i2;
3636 4445 3748 4503 Cic.

437 4532 562 4577 tom.
588 4539 605 4577 ι
631 4523 905 4593 Apparat.,
932 4539 1053 4594 pag.
1072 4521 1228 4593 785).

2143 4526 2321 4600 Topic.
2349 4520 2364 4595 ζ
2398 4547 2516 4603 pag.
2549 4530 2698 4596 216;
2729 4528 2885 4595 idem,
2918 4531 3006 4585 lib.
3037 4547 3133 4601 vit,
3164 4537 3313 4605 epist.
3351 4537 3438 4607 16,
3469 4540 3540 4595 ad
3564 4540 3749 4613 Attia,

511 4614 829 4671 Theodorus
873 4615 1169 4688 Cyrenams
1213 4616 1267 4670 in
1312 4614 1594 4673 atheorum
1637 4631 1920 4672 numerum
1966 4616 2116 4683 abD
2140 4637 2260 4695 pag.
2293 4621 2430 4689 282;
2472 4622 2562 4677 lib.
2611 4638 2721 4689 vn,
2763 4624 2913 4694 epist.
2941 4625 2977 4680 6
3004 4636 3051 4680 et
3079 4628 3142 4693 7,
3192 4648 3315 4702 pag.
3341 4632 3372 4686 7
3427 4644 3474 4689 et
3499 4652 3675 4708 seqq.,
3702 4650 3755 4695 et

436 4710 673 4765 ethnicis
711 4725 833 4765 cum
859 4709 1001 4775 aliis,
1033 4724 1170 4780 quos
1198 4725 1359 4781 supra
1390 4712 1785 4765 nominavimus
1805 4753 1821 4778 ,
1850 4725 2040 4781 aggre-

436 4811 592 4875 gatns
620 4812 723 4858 est.
754 4801 861 4857 Sed
889 4801 959 4857 de
984 4802 1076 4856 illo
1100 4803 1420 4874 creterisque
1451 4802 1825 4873 hujuscemodi
1856 4804 2035 4874 impiis

429 4898 743 4956 hominibus
767 4913 872 4953 non
901 4899 1071 4954 semel
1097 4905 1277 4953 actum
1318 4917 1345 4952 ιι
1370 4898 1524 4954 nobis
1556 4899 1672 4954 fuit.

507 4990 850 5046 Timotheum
890 5006 995 5044 non
1030 4990 1320 5061 ignobilem
1375 4989 1749 5062 theologorum
1775 5032 1790 5056 ,
1837 5006 2033 5063 nempe

430 5084 711 5157 gentilium
731 5126 744 5149 ,
776 5084 943 5138 virum
965 5083 1199 5154 appellat
1241 5085 1512 5140 Arnobius
1556 5084 1773 5158 (Arnob.
1796 5128 1811 5153 ,
1851 5086 1940 5142 lib.
1972 5101 2029 5154 v,

432 5194 553 5249 pag.
590 5178 737 5245 157).
778 5176 886 5233 Sed
925 5178 1046 5249 quia
1076 5177 1320 5249 pluribus
1345 5193 1630 5235 commune
1661 5180 1757 5234 fuit
1796 5180 1897 5237 hoc
1935 5196 2032 5238 no-

429 5286 554 5326 men
576 5313 592 5336 ,
650 5272 772 5341 quis
800 5272 903 5327 iste
930 5272 1000 5326 sit
1028 5287 1188 5326 nemo
1215 5271 1370 5327 facile
1397 5272 1617 5329 dixerit.
1651 5273 1800 5331 Unus
1824 5276 1966 5331 enim
2000 5292 2031 5332 a

428 5361 719 5418 Plutarcho
739 5364 968 5430 citatur,
995 5365 1232 5437 Τιμόθεος
1262 5368 1312 5420 ἐν
1340 5367 1391 5421 ιὰ
1434 5369 1556 5441 περὶ
1595 5374 1840 5439 ποταμῶν
1878 5365 2032 5436 (Pla-

428 5454 616 5518 tore/1.,
649 5454 737 5509 lib.
767 5455 831 5509 de
858 5452 1077 5521 Fluviis,
1121 5473 1239 5527 pag.
1276 5457 1477 5524 1151),
1527 5455 1829 5514 Timotheus
1852 5500 1867 5523 .
1901 5459 2030 5515 libro

423 5546 713 5612 undecimo,
743 5548 807 5603 de
833 5547 1180 5603 Fluminibus.
1225 5549 1379 5604 Alius
1420 5549 1519 5604 fuit
1545 5547 1866 5607 Timotheus
1895 5550 2029 5607 Per-

425 5650 706 5704 gamenus,
732 5641 842 5707 qui,
873 5649 932 5695 ut
950 5642 1074 5696 alibi
1102 5641 1527 5709 observavimus,
1558 5642 1752 5700 librum
1768 5645 1837 5702 de
1851 5644 2028 5702 Forti-

427 5726 611 5780 tudine
633 5729 1069 5800 pbiIOSOpborum
1116 5743 1495 5805 composuerat
1525 5737 1672 5805 (tom.
1705 5753 1723 5792 ι
1749 5739 2026 5809 Apparat.,

426 5830 546 5888 pag.
577 5817 759 5889 1270).
796 5819 1011 5878 Tertius
1034 5823 1270 5879 Milesius
1294 5835 1474 5897 poeta,
1493 5826 1648 5899 cujus
1674 5829 1819 5885 varia
1859 5846 2023 5903 opera

2134 4716 2222 4771 lib.
2260 4732 2293 4771 Χ
2317 4758 2332 4782 ,
2379 4717 2449 4770 ad
2478 4717 2635 4771 Attio.
2667 4718 2818 4787 epist.
2854 4719 2919 4784 1,
2977 4735 3096 4791 pag.
3127 4721 3277 4794 515).
3334 4724 3441 4782 Sed
3481 4727 3534 4783 id
3566 4729 3751 4789 adhuc

2136 4809 2307 4881 magis
2331 4820 2475 4880 patet
2500 4826 2568 4867 ex
2593 4810 2735 4866 datis
2759 4811 2825 4867 ad
2855 4827 2977 4868 eum
3009 4814 3203 4871 litteris
3226 4817 3367 4876 bene
3390 4822 3598 4892 multis,
3624 4842 3749 4898 qua:

2134 4903 2276 4974 typis
2316 4904 2477 4960 edita:
2519 4914 2668 4961 sunt.
2730 4905 2872 4963 Alibi
2905 4921 3038 4963 vero
3084 4924 3205 4964 eum
3237 4911 3439 4970 bonum
3482 4916 3658 4975 virum
3693 4930 3750 4978 et

2129 4997 2306 5055 civem
2337 5001 2595 5071 appellat,
2624 5017 2784 5073 quem
2817 5005 3071 5065 Horatius
3096 5004 3174 5064 sic
3203 5002 3495 5079 alloquitur
3527 5029 3544 5066 :

3259 5103 3491 5165 Trebati,

2233 5158 2361 5218 Quid
2383 5158 2572 5223 faciam,
2609 5164 2895 5226 praescribe.

2541 5246 2761 5310 (Horal.,
2789 5247 2876 5300 lib.
2894 5264 2950 5313 ιι,
2972 5250 3112 5303 satir.
3134 5254 3183 5314 1,
3207 5266 3334 5307 vers.
3363 5254 3395 5303 4
3412 5260 3459 5307 el
3478 5253 3554 5319 5.)

2210 5368 2551 5428 Valerianum
2602 5375 2889 5445 quemdam
2943 5376 3210 5436 dictorum
3261 5397 3482 5437 suorum
3538 5392 3735 5443 testem

2134 5462 2409 5520 Arnobius
2442 5467 2692 5535 produxit
2719 5470 2963 5541 (Arnob,
2997 5473 3035 5527 l.
3067 5489 3140 5540 vt,
3173 5491 3227 5545 p.
3260 5472 3409 5545 194).
3435 5475 3516 5531 Eo
3554 5491 3739 5536 autem

2131 5558 2356 5614 nomine
2374 5575 2401 5613 a
2429 5558 2604 5616 Plinio
2627 5562 2874 5620 laudatus
2898 5575 3003 5621 est.
3033 5585 3053 5618 c
3081 5566 3366 5624 Cornelius
3392 5568 3735 5637 Valerianus,

2130 5652 2222 5721 qui
2279 5650 2588 5711 Phaenicem
2642 5655 2697 5710 in
2753 5656 3041 5731 Egyptum
3105 5659 3444 5719 devolavisse
3514 5665 3740 5722 tradidit

2130 5740 2328 5813 (Plin.,
2386 5746 2423 5800 l.
2485 5761 2518 5801 ι
2549 5745 2689 5803 Hist.
2712 5760 2908 5819 natur.,
2942 5767 2991 5808 ο.
3031 5750 3086 5818 2,
3117 5770 3172 5825 p.
3199 5752 3377 5826 389);
3416 5773 3436 5809 ι
3468 5765 3524 5812 et
3561 5757 3731 5813 alibi:

2137 5853 2159 5890 ι
2196 5835 2448 5918 Villaset
2482 5840 2678 5900 domos
2715 5843 2913 5901 ambiri
2951 5844 3282 5920 singularum
3326 5849 3640 5921 palmitibus
3665 5867 3730 5908 ac
