3978 6306
290 385 394 443 689

1473 387 1539 442 IN
1580 386 1958 455 ARNOBIUM,
1988 387 2144 445 CAP.
2189 389 2378 444 XXVI.

3480 389 3584 448 690

286 498 608 569 sequacibus
634 499 800 555 lauris
830 502 1089 556 memoria
1113 502 1330 573 dignum
1365 503 1506 558 inter
1529 503 1699 572 prima
1723 502 1878 560 Vale-
1906 514 1959 569 Α
1984 501 2044 557 El
2077 503 2127 558 id
2158 504 2376 574 quidem
2405 520 2434 559 a
2467 505 2620 560 nobis
2647 520 2769 561 cum
2802 506 2854 560 in
2887 506 2985 560 hac
3014 507 3397 564 dissertatione
3419 549 3434 574 ,
3466 518 3579 562 tum

285 593 469 647 rianus
499 609 713 664 quoque
733 591 1015 650 Cornelius
1037 597 1363 651 existimavit
1396 617 1416 649 ›
1449 596 1589 668 (Lib.
1611 614 1718 664 XIV,
1743 616 1790 655 c.
1824 601 1876 665 1,

285 702 340 755 p.
375 685 519 754 111).
563 705 582 738 ›
623 685 811 742 Utrum
840 703 970 743 vero
999 689 1138 744 idem
1181 693 1251 744 sit
1289 700 1450 760 atque
1481 691 1546 756 is,
1577 707 1737 762 quem
1780 694 1881 747 Ar.

284 781 479 835 nobius
512 796 797 843 memorat,
833 783 1062 837 aliorum
1093 795 1210 840 esto
1233 784 1516 854 judicium.

356 872 602 928 Valerius
653 873 898 930 Pontifex
944 876 1011 930 de
1059 876 1139 941 Ja,
1174 877 1328 932 Mida:
1381 877 1526 945 lilia,
1576 889 1631 932 et
1683 879 1882 936 Attidis

282 981 515 1036 Sponsa,
551 966 744 1021 litteris
776 968 901 1037 quid
935 969 1304 1034 mandaverit,
1337 979 1515 1024 narrat
1559 983 1746 1026 auctor
1784 988 1883 1026 no—

281 1073 394 1118 ster
419 1064 660 1135 (Arnob..
687 1068 723 1118 l.
758 1080 814 1126 ν.
849 1083 903 1135 ρ.
943 1065 1085 1138 160).
1118 1065 1222 1120 Sed
1252 1067 1370 1134 quia
1405 1065 1618 1137 plurimi
1647 1083 1709 1120 ex
1734 1067 1882 1122 cele-

283 1158 516 1214 berritna
556 1159 762 1213 Valeria
787 1170 947 1229 gente
978 1161 1080 1214 orti
1105 1168 1250 1226 sunt,
1275 1162 1394 1230 quis
1424 1161 1514 1214 ille
1543 1159 1784 1214 l’ontil'ex
1814 1159 1882 1215 ab

284 1267 351 1306 eo
381 1261 626 1318 vocetur,
654 1251 874 1306 dubium
905 1269 1036 1308 sane
1076 1255 1451 1324 incertumque
1481 1253 1650 1307 videri
1685 1263 1880 1322 potest.

285 1350 537 1404 Animum
570 1358 746 1401 tamen
777 1348 1000 1405 adverte
1050 1357 1224 1403 utrum
1273 1349 1363 1403 ille
1407 1349 1508 1403 dici
1561 1365 1667 1403 non
1714 1348 1884 1419 possit

286 1443 360 1498 Μ.
391 1443 627 1498 Valerius
659 1442 907 1505 Messala,
933 1444 1000 1498 de
1031 1459 1136 1515 quo
1170 1443 1508 1498 Macrobius:
1540 1463 1558 1496 ι
1593 1443 1822 1508 Marcus,
1857 1461 1879 1495 ›

285 1537 476 1606 inquit,
517 1555 534 1588 ε
571 1535 796 1591 Messala
827 1535 926 1590 Cn.
962 1537 1174 1591 Domitii
1223 1537 1275 1590 in
1321 1536 1600 1591 consulatu
1642 1535 1880 1605 collega,

279 1631 530 1701 idemque
573 1647 670 1701 per
705 1647 878 1686 annos
915 1632 1296 1704 quinquaginta
1326 1643 1375 1686 et
1409 1634 1645 1702 quinque
1674 1631 1880 1702 Augur,

277 1725 346 1780 de
375 1723 514 1779 Jano
545 1725 615 1778 ita
649 1724 768 1778 inﬁt
795 1741 808 1778 τ
841 1724 942 1792 Qui
973 1737 1166 1779 cuncta
1208 1725 1361 1794 ﬁngit
1399 1725 1696 1794 eademque
1748 1723 1884 1792 regit

277 1818 560 1890 (Macr-0b..
587 1819 624 1873 l.
655 1836 672 1874 ι
701 1819 971 1875 Saturnal.
999 1836 1045 1872 ε.
1080 1818 1158 1888 9).
1199 1837 1217 1870 ι
1247 1817 1326 1871 Ex
1359 1816 1518 1886 hnjus
1555 1817 1715 1870 etiam
1742 1815 1882 1869 Mes-

195 1978 197 1980 η
274 1914 405 1968 sake
438 1913 661 1985 Auguris
689 1913 948 1982 primode
968 1911 1231 1982 Auspiciis
1260 1911 1397 1965 libro
1426 1909 1629 1965 Gellius
1659 1909 1877 1978 longum
1910 1904 1957 1962 B

274 2007 636 2072 fragmentum
668 2006 1007 2076 transcripsit
1060 2006 1256 2079 (Gell.,
1303 2006 1343 2060 ι.
1394 2021 1491 2058 xnt
1537 2002 1694 2058 Noct.
1745 2004 1878 2070 Att.,

275 2117 324 2155 ε.
359 2100 474 2169 15).
503 2099 728 2154 ConStat
752 2100 930 2168 itaque
959 2099 1107 2152 illum
1138 2098 1205 2152 de
1225 2099 1327 2152 diis
1349 2097 1634 2166 scripsisse
1659 2095 1880 2166 :quidni

274 2207 407 2262 ergo
439 2191 526 2245 ille
555 2192 622 2246 de
646 2191 724 2246 ιω
755 2191 1002 2256 historia,
1029 2207 1121 2245 seu
1151 2192 1328 2262 potius
1361 2191 1532 2244 l'ahnla
1567 2189 1789 2260 aliquid,
1813 2189 1881 2243 ab

280 2285 526 2341 Arnohio
559 2287 802 2351 citatum,
837 2285 1114 2341 memoria:
1141 2284 1446 2354 prodidisse
1474 2283 1579 2337 dici
1609 2282 1881 2353 pomerit?

277 2379 491 2450 Stcpius
521 2395 651 2435 vero
689 2381 757 2434 ab
785 2380 1092 2434 auctoribus
1125 2379 1302 2434 latinis
1332 2377 1473 2432 haud
1507 2393 1693 2447 parum
1725 2390 1877 2430 com-

274 2473 581 2534 mendatur,
617 2475 940 2544 magnisque
982 2473 1260 2528 extollitur
1307 2472 1576 2526 laudihns.
1611 2471 1781 2537 Quatn
1824 2469 1878 2523 in

273 2581 388 2621 rem
420 2565 699 2633 Vossium,
731 2567 777 2621 si
803 2576 990 2633 vacat,
1026 2567 1173 2622 adire
1207 2576 1510 2636 promptum
1537 2575 1618 2620 est
1647 2566 1666 2636 (
1705 2563 1874 2632 Voss.,

275 2665 314 2718 l.
350 2661 456 2715 ide
490 2657 624 2714 Hist.
661 2660 758 2713 lat.
784 2677 832 2715 c.
867 2659 955 2722 18,
987 2677 1040 2730 p.
1071 2661 1187 2729 81).
1225 2661 1280 2714 Si
1324 2660 1488 2713 alium
1528 2660 1877 2715 nihilominus

282 2756 550 2812 Valerium
601 2756 916 2812 Pontiﬁcem
971 2759 1038 2812 ab
1092 2755 1334 2810 Arnobio
1382 2752 1708 2825 appellatum
1748 2767 1879 2808 con-

277 2852 491 2916 tendas,
524 2857 665 2907 hunc
695 2852 852 2906 nobis
881 2851 1126 2916 ostende,
1157 2860 1212 2905 et
1242 2850 1503 2904 cedimus.

347 2948 518 3002 Varro
546 2947 887 3017 Menippeus,
922 2946 1007 3000 vel
1037 2945 1176 3000 sicut
1207 2945 1258 2998 in
1291 2943 1659 3011 manuscripto
1688 2940 1876 2996 codice

273 3041 443 3111 regio,
476 3050 530 3094 et
557 3041 792 3110 antiquis
817 3039 1148 3093 editionihus
1178 3038 1393 3106 legitur,
1439 3035 1764 3104 Setenipeus,
1789 3033 1875 3087 vel

274 3143 334 3187 ut
363 3134 484 3188 aliis
515 3134 724 3202 placet,
753 3133 807 3186 in
836 3131 1117 3201 Mcnipcis,
1149 3146 1283 3184 unus
1314 3138 1395 3184 est
1424 3144 1490 3184 ex
1520 3126 1874 3198 scriptorihus

272 3225 340 3279 ab
368 3235 588 3280 auctore
617 3235 803 3279 nostro
832 3225 1032 3279 citatis.
1060 3223 1252 3278 Prima:
1277 3231 1454 3275 autem
1485 3221 1703 3275 lectioni
1732 3220 1876 3274 favet

1981 595 2131 660 alibi,
2164 596 2345 652 nbide
2388 598 2578 654 eodem
2627 598 2842 654 Zenone
2889 599 3107 672 Myndio
3159 601 3404 670 egimus,
3453 601 3584 656 satis

1983 704 2059 758 pri
2082 689 2264 744 batntn
2285 702 2530 760 putamus
2549 692 2798 765 (Supr.c.
2819 693 2989 757 9,art.
3014 695 3040 748 1
3078 704 3236 760 ;tom.
3264 710 3278 748 l
3307 695 3560 763 Apparet.

1981 797 2036 850 p.
2074 782 2174 835 7‘27
2204 792 2250 834 et
2277 799 2407 852 seq.,
2438 800 2498 836 ac
2530 803 2580 852 ρ.
2626 785 2777 856 817).

2056 875 2130 929 De
2183 875 2302 929 aliis
2354 876 2587 946 denique
2638 878 2954 946 quihusdam
3005 878 3400 946 scriptoribus,
3455 889 3584 950 puta

1982 969 2276 1024 Aristotele
2297 1012 2310 1030 .
2343 969 2607 1026 Cicerone
2627 1013 2641 1036 ,
2679 971 2933 1042 Euripide
2953 1014 2968 1036 ,
3002 971 3236 1026 llesiodo
3259 1013 3274 1036 ,
3326 972 3546 1041 Orpheo
3567 1015 3584 1040 ,

1985 1061 2248 1127 Pindaro,
2282 1063 2504 1118 Platone
2537 1074 2590 1119 et
2643 1064 2862 1130 Plauto,
2913 1065 3072 1119 verba
3121 1065 3248 1120 fecit
3292 1067 3584 1120 Arnohius.

1983 1158 2096 1216 Sed
2119 1174 2240 1212 cum
2271 1159 2515 1213 celebres
2542 1160 2615 1213 illi
2649 1159 2941 1228 scriptores
2971 1162 3195 1226 nemini,
3241 1161 3585 1232 quantumvis

1985 1254 2334 1308 mediocriter
2361 1254 2576 1310 erudito
2599 1297 2616 1322 ,
2640 1256 2897 1326 ineogniti
2928 1272 3052 1312 esse
3083 1260 3324 1326 possint,
3355 1267 3409 1312 et
3439 1259 3588 1312 varia

1984 1362 2171 1402 eorum
2204 1362 2387 1416 opera,
2421 1350 2534 1402 sive
2578 1365 2775 1418 grwczt,
2807 1350 2925 1405 sive
2975 1352 3169 1411 latina.
3201 1351 3340 1421 typis
3388 1351 3588 1421 sa-pius

1983 1439 2148 1502 edita,
2182 1441 2422 1494 omnium
2455 1450 2697 1495 terantur
2727 1443 2996 1509 manibus,
3027 1443 3158 1497 nihil
3197 1443 3265 1498 de
3310 1443 3414 1498 illis
3456 1459 3585 1514 spe-

1983 1531 2162 1586 ciatim
2195 1533 2482 1588 dicendum
2507 1549 2628 1590 esse
2652 1535 2932 1590 duximus.
2967 1537 3080 1591 Huc
3109 1537 3318 1592 accedit
3348 1538 3488 1608 quod
3516 1539 3587 1593 de

1983 1627 2175 1695 graecis
2220 1627 2606 1696 scriptoribus,
2647 1629 2714 1682 ab
2763 1641 2983 1683 auctore
3033 1640 3218 1684 nostro
3266 1631 3478 1696 citatis,
3524 1631 3580 1686 in

1984 1718 2157 1791 primo
2186 1725 2489 1788 Apparatus
2537 1721 2706 1775 nostri
2742 1732 2886 1777 tomo
2921 1723 3072 1787 satis,
3104 1723 3204 1778 nisi
3247 1721 3502 1790 fallimur,
3535 1723 3581 1792 fa

1985 1812 2162 1878 nobis,
2188 1823 2244 1866 ut
2269 1813 2520 1869 omnibus
2548 1813 2656 1868 noti
2683 1813 2831 1881 liant,
2861 1814 3191 1885 disputatum
3223 1823 3323 1871 est.

2575 1965 2870 2005 ARTICULUS
2901 1968 2976 2006 IV.

1981 2081 2057 2133 De
2099 2085 2262 2134 verbis
2297 2084 2552 2153 barbaris,
2598 2087 2861 2153 obsoletis,
2902 2089 3177 2150 inusitatis,
3215 2095 3301 2140 aut
3339 2089 3580 2153 obscuris,

2416 2150 2596 2212 quibus
2618 2148 2867 2199 Arnobius
2899 2164 3017 2201 usus
3048 2159 3141 2202 est.

2053 2293 2097 2347 A
2121 2293 2277 2348 nobis
2293 2292 2402 2360 jam
2425 2295 2765 2349 observatum
2792 2305 2877 2351 est
2901 2298 3154 2352 incultum
3177 2299 3568 2370 confusumque

1981 2401 2102 2441 esse
2145 2388 2366 2442 Arnobii
2415 2390 2612 2457 stylum
2653 2403 2717 2443 ac
2757 2404 3100 2457 sermonem,
3125 2406 3356 2461 eumque
3385 2391 3438 2446 iit
3467 2393 3585 2446 suis

1982 2482 2133 2536 libris
2162 2485 2379 2535 nomina
2411 2483 2724 2538 adhibuisse
2751 2484 2991 2539 obsoleta
3013 2529 3026 2552 ,
3073 2486 3321 2542 inusitata
3363 2496 3418 2540 et
3457 2485 3583 2540 bar—

1982 2573 2109 2628 bara
2129 2613 2145 2637 ,
2175 2589 2294 2642 qua:
2335 2575 2593 2630 lectorem
2625 2592 2692 2629 ne
2724 2589 3023 2645 morentur,
3055 2593 3087 2631 a
3119 2578 3290 2646 nobis,
3318 2586 3378 2632 ut
3401 2577 3583 2634 ol‘licio

1980 2674 2169 2719 nostro
2199 2666 2607 2728 satisfaciamus.
2638 2668 2838 2722 dehent
2878 2684 2975 2738 pro
3024 2670 3162 2724 virili
3209 2679 3358 2739 parte
3402 2669 3581 2742 expli—

1979 2760 2090 2813 cati
2117 2760 2306 2830 (Supr.
2355 2778 2470 2830 cap.
2501 2762 2556 2828 2,
2589 2772 2692 2816 art.
2723 2763 2802 2831 2).
2839 2764 3070 2818 Plurima
3114 2775 3294 2820 autem
3340 2779 3408 2820 ex
3446 2765 3573 2830 illis,

1979 2853 2102 2906 data
2150 2854 2399 2923 superius
2443 2864 2745 2924 opportuna
2789 2857 3109 2920 occisione,
3141 2857 3572 2927 explanavimus.

1979 2946 2084 3002 Sed
2113 2947 2277 3002 multa
2307 2964 2412 3003 non
2443 2952 2620 3004 minus
2647 2951 2873 3005 obscura
2914 2962 2969 3005 ct
3013 2952 3250 3006 dillicilia
3283 2951 3458 3006 adhuc
3483 2967 3577 3006 oc-

1978 3053 2201 3096 currunt
2225 3059 2451 3112 quorum
2483 3043 3007 3114 interpt'ctandorum
3040 3047 3220 3099 nullus
3255 3060 3378 3100 sese
3420 3045 3578 3100 nobis

1979 3136 2131 3190 locus
2175 3137 2308 3190 satis
2358 3137 2936 3206 commodus,obtulit.
2965 3142 3308 3208 Quapropter
3360 3138 3574 3193 illorum

1979 3229 2476 3298 interpretationem
2521 3241 2681 3299 atque
2723 3231 3132 3299 explicationem
3165 3230 3475 3285 censuimus
3505 3230 3572 3284 ad

272 3317 586 3383 Athena-ns,
614 3319 702 3387 qui
734 3318 876 3373 illius
900 3317 1218 3371 auctoritate
1249 3317 1540 3386 priemissis
1573 3315 1721 3370 ltisce
1743 3331 1865 3369 ver-
1895 3309 1942 3373 C
1973 3319 2194 3389 hujusce
2215 3322 2604 3376 dissertationis
2628 3324 2828 3377 calcem
2855 3337 2977 3377 esse
3003 3321 3367 3392 rejiciendam.
3395 3321 3452 3376 In
3473 3322 3574 3376 hac

270 3413 353 3467 bis
383 3414 548 3466 utitur
574 3411 808 3487 Οὕαρρον
838 3413 864 3467 ὁ
893 3415 1152 3472 Μενίππης
1182 3411 1576 3482 ἐπικαλούμενος
1614 3408 1633 3479 (
1658 3409 1870 3473 Alliam,

270 3509 306 3559 Ι.
340 3521 392 3559 tv
424 3505 694 3574 Deipnos.,
725 3523 777 3575 p.
816 3506 964 3570 160),
1026 3503 1191 3556 Varro
1215 3504 1514 3572 cognomine
1545 3501 1868 3572 Menippeas.

270 3597 526 3654 Ultimam
559 3613 688 3654 vero
719 3598 1003 3653 lectionem
1036 3598 1324 3652 conlirtnat
1359 3597 1423 3650 A.
1453 3593 1657 3649 Gellius
1697 3610 1727 3648 a
1765 3609 1872 3665 quo

269 3693 349 3746 sic
382 3691 628 3746 laudatur
661 3709 674 3744 :
712 3710 730 3741 ι
771 3690 944 3746 Varro
974 3690 1024 3743 in
1059 3689 1222 3742 satira
1266 3688 1542 3756 Menippea
1565 3727 1580 3752 ,
1612 3701 1770 3756 quam
1804 3685 1872 3740 de

268 3783 456 3840 Ollicio
476 3785 649 3838 mariti
681 3784 894 3854 scripsit
918 3781 1207 3851 (Gell.,lib.
1243 3797 1258 3834 ι
1291 3779 1592 3843 Νοει.Λιι.,
1623 3796 1739 3848 cap.
1777 3779 1868 3845 17,

269 3899 388 3951 pag.
429 3879 543 3949 80).
583 3878 834 3932 i-Verum
863 3877 956 3932 ille
985 3878 1098 3946 ipse
1128 3885 1310 3944 postea
1344 3874 1426 3929 his
1453 3889 1559 3926 non
1591 3873 1867 3926 minimam

267 3974 446 4027 attulit
488 3972 906 4032 obscuritatem,
951 3969 1038 4022 nhi
1081 3967 1149 4021 de
1178 3967 1348 4020 servis
1375 3966 1652 4035 disputat:
1692 3983 1711 4015 σ
1762 3964 1868 4019 Alii

269 4084 507 4139 quoque,
547 4086 566 4120 ι
599 4067 793 4135 inquit,
829 4084 847 4115 ι
883 4079 989 4118 non
1026 4062 1176 4132 pauci
1199 4063 1342 4116 servi
1373 4061 1606 4124 luerunt,
1629 4059 1718 4129 qtti
1748 4068 1868 4123 post

268 4161 572 4232 philosophi
605 4161 732 4215 clari
760 4160 1117 4218 exstiterunt.
1146 4171 1212 4210 ex
1241 4155 1435 4224 quibus
1467 4153 1554 4207 ille
1585 4151 1865 4222 Menippus

265 4257 385 4322 fuit,
417 4255 570 4324 cujus
602 4254 766 4307 lihros
798 4252 867 4306 Μ.
903 4251 1071 4305 Varro
1112 4250 1163 4302 in
1205 4248 1387 4302 satiris
1423 4246 1706 4301 :emulatus
1747 4255 1860 4308 est,

263 4365 397 4418 quas
423 4349 510 4402 alii
528 4347 776 4417 Cynicas,
796 4346 910 4415 ipse
935 4341 1522 4415 appellatMenippeas(
1547 4338 1714 4404 Idem,
1733 4338 1770 4395 l.
1801 4354 1859 4403 ll,

265 4460 310 4496 c.
347 4445 434 4508 18,
470 4461 522 4513 p.
559 4441 708 4511 151).
741 4458 760 4492 ι
812 4439 964 4506 Quod
995 4436 1210 4507 quidem
1257 4450 1287 4490 a
1329 4433 1596 4490 Macrobio
1641 4431 1861 4486 totidem

264 4535 444 4588 verbis
489 4534 746 4600 scriptum
797 4531 1020 4596 legimus
1093 4527 1377 4601 (.llacrob.,
1420 4527 1458 4580 l.
1504 4543 1518 4580 t
1567 4524 1858 4589 Saturnal.,

263 4645 310 4682 c.
343 4629 433 4690 11.
463 4646 516 4698 p.
545 4627 697 4694 2-24).
734 4625 788 4679 In
829 4623 1047 4678 dnhium
1078 4622 1257 4691 itaque
1289 4619 1430 4674 haud
1462 4617 1730 4672 immerito
1761 4631 1857 4668 vo-

1978 3429 2140 3484 porro
2169 3415 2543 3485 disquisitione
2583 3416 2831 3470 eumdem
2863 3427 3022 3485 atque
3050 3415 3102 3469 in
3130 3414 3395 3484 superiori
3439 3414 3570 3467 arti-

1976 3507 2096 3562 culo
2124 3507 2552 3578 alphabetiCum,
2585 3516 2643 3561 ut
2680 3508 2820 3577 loqui
2851 3519 3066 3573 amant,
3096 3505 3340 3560 ordinem
3370 3519 3568 3576 seque-

1973 3618 2112 3657 mur.
2152 3602 2384 3656 Pritnum
2415 3606 2592 3672 itaque
2619 3602 2756 3656 dixit
2782 3601 3051 3656 Arnobius
3079 3616 3093 3654 :

2051 3717 2070 3748 ι
2110 3696 2462 3751 Ancillatrum
2513 3696 2716 3751 servuli
2759 3695 3081 3766 pavibundis
3122 3692 3569 3764 trepidationibus

1973 3791 2233 3852 imitatus,
2262 3809 2281 3841 ι
2304 3787 2394 3858 qui
2419 3789 2623 3843 scilicet
2645 3789 2972 3857 potentiores
3001 3788 3245 3841 homines
3268 3785 3569 3840 humillime

1973 3885 2169 3937 salutat
2201 3883 2443 3955 (Arnob.,
2473 3882 2510 3935 ι.
2545 3899 2636 3947 vtt,
2664 3899 2714 3950 p.
2749 3881 2898 3954 ⁸321).
2931 3882 3003 3936 lta
3029 3896 3158 3936 sane
3187 3882 3238 3934 itt
3271 3878 3570 3934 manuscri-

1972 3984 2064 4046 pto
2091 3975 2276 4030 codice
2307 3976 2454 4044 regio
2485 3976 2729 4044 legimus.
2761 3975 2867 4030 Sed
2910 3975 3059 4030 illum
3097 3974 3311 4043 quidam
3357 3973 3426 4028 ibi
3467 3971 3568 4027 de-

1969 4079 2247 4138 pravatum
2279 4079 2556 4139 putantes,
2589 4070 2747 4124 scribi
2776 4069 3062 4124 voluerunt
3105 4069 3320 4122 Ancilla:
3343 4079 3431 4121 aut
3457 4083 3567 4121 ser-

1968 4162 2092 4215 vuli.
2133 4164 2203 4216 At
2250 4164 2364 4215 haec
2403 4163 2672 4217 correctio
2715 4163 3067 4233 sequentibus
3113 4161 3336 4216 Arnobli
3380 4159 3561 4214 verbis

1968 4270 2073 4307 non
2097 4253 2731 4321 Cohtnt'et.Qttamobrctn
2756 4255 2843 4309 alii
2869 4253 3256 4310 restituendum
3283 4253 3566 4322 suspican-

1967 4355 2054 4399 tur
2083 4366 2095 4400 :
2127 4347 2446 4401 Ancillarum
2467 4346 2650 4402 servuli
2681 4347 2893 4416 pavidas
2919 4346 3279 4415 trepidatione;
3307 4345 3559 4399 imitatus.

1965 4438 2072 4495 Sed
2123 4440 2324 4496 nullam
2372 4441 2592 4510 hujusce
2639 4439 2885 4494 lectionis
2917 4439 3282 4508 probationem
3311 4438 3396 4492 vel
3425 4451 3561 4492 cono
3630 4485 3638 4492 ,

1959 4533 2224 4604 jecturam
2277 4535 2574 4605 proferunt.
2625 4531 2761 4599 Quid
2808 4547 2966 4597 vero,
3010 4531 3054 4586 si
3099 4531 3370 4585 Arnobius
3417 4544 3558 4584 novo

1963 4629 2128 4684 verbo
2147 4629 2450 4691 servitium,
2469 4643 2564 4682 seu
2581 4627 2896 4696 obsequium
2923 4624 3120 4681 servuli
3143 4624 3555 4694 signiﬁcaverit,

261 4723 370 4776 cari
403 4730 614 4791 potest,
645 4728 820 4773 utrum
853 4717 1020 4770 Varro
1049 4715 1360 4783 Menippeas
1385 4753 1400 4777 ,
1429 4720 1522 4765 aut
1564 4709 1855 4765 celelierri-
1885 4708 1940 4768 D
1966 4721 2110 4790 quod
2138 4721 2249 4790 ipse
2277 4719 2625 4782 ancillatrum,
2645 4734 2739 4774 seu
2763 4718 2938 4790 potius
2963 4716 3268 4772 ancillatum
3287 4715 3560 4787 appellat?

263 4833 381 4871 inus
411 4815 480 4871 M.
505 4815 790 4869 Terentius
818 4812 988 4866 Varro
1015 4809 1290 4864 Romanus
1315 4808 1383 4861 ab
1405 4805 1646 4862 Arnobio
1671 4802 1858 4872 appel-

262 4912 420 4965 letur.
454 4909 509 4965 Si
541 4919 719 4964 autem
770 4907 912 4961 hunc
955 4905 1164 4975 petius,
1197 4917 1356 4973 quam
1403 4901 1566 4954 alium
1619 4900 1688 4954 ab
1737 4899 1857 4970 ipso

259 5004 532 5060 laudatum
563 5016 820 5062 censeas,
845 5000 968 5070 quia
1001 4998 1233 5061 latinus,
1273 5005 1328 5049 et
1367 4994 1474 5048 alio
1523 4993 1681 5063 longe
1727 4993 1852 5048 illu-

259 5096 443 5159 SIrior,
493 5093 640 5163 plura
668 5091 735 5147 de
762 5091 865 5146 diis
885 5133 899 5154 ,
925 5091 992 5146 de
1028 5089 1222 5162 quibus
1250 5095 1435 5140 auctor
1462 5095 1643 5138 noster
1683 5085 1856 5150 loqui-

261 5198 366 5254 tur,
416 5188 610 5242 litteris
655 5185 1028 5255 consignavit,
1068 5198 1134 5238 eo
1179 5180 1356 5258 minus
1403 5178 1850 5248 repugnabimus,

260 5299 367 5353 quo
396 5283 564 5352 magis
591 5280 823 5352 genuina
847 5279 1090 5350 ejusdem
1132 5275 1353 5331 Arnobii
1397 5273 1556 5328 lectio
1585 5273 1652 5326 ah
1681 5273 1851 5343 impe-

260 5377 365 5431 rito
395 5376 635 5435 librario.
665 5374 740 5428 uti
771 5372 1020 5435 vidimus,
1058 5370 1199 5428 laede
1225 5368 1523 5424 deformata
1552 5376 1655 5422 est.

332 5467 556 5523 Verrius
577 5468 645 5522 ab
671 5467 910 5522 Arnobio
939 5465 1204 5520 dictorum
1237 5478 1455 5520 suorum
1485 5477 1577 5516 vas
1604 5471 1658 5516 et
1690 5476 1856 5531 spono

263 5576 354 5616 sor
379 5561 575 5628 factus,
601 5562 714 5627 ipse
735 5571 815 5614 est
840 5559 1057 5614 Verrius
1081 5558 1323 5623 Flaccus,
1349 5556 1416 5611 de
1439 5571 1544 5626 quo
1569 5571 1667 5610 nos
1689 5570 1852 5626 supra

261 5654 325 5708 ad
358 5654 577 5708 \el‘blttll
612 5651 827 5707 Flaccus
858 5652 1097 5721 (Arnob.,
1131 5651 1167 5704 l.
1198 5668 1234 5713 ι,
1267 5668 1319 5719 p.
1353 5651 1469 5720 57).

331 5749 547 5802 Zonone
567 5763 630 5800 cx
657 5745 892 5818 Myndio,
921 5763 1041 5816 quae
1071 5745 1122 5800 in
1155 5745 1390 5800 medium
1421 5744 1696 5800 Arnobius
1729 5758 1855 5813 pro-

265 5841 382 5896 tulit
415 5840 652 5912 (Arnob.,
685 5839 722 5895 ι.
754 5856 826 5906 vr,
858 5858 910 5911 p.
961 5840 1111 5912 195),
1155 5838 1272 5894 haec
1314 5840 1403 5894 ille
1449 5855 1551 5894 non
1603 5838 1852 5907 aliunde,

265 5949 419 6004 quam
452 5951 515 5987 cx
562 5932 856 5986 Clementis
903 5931 1250 5985 Alexandrini
1297 5931 1531 5987 fontibus
1583 5930 1858 5986 hauserat.

1969 4814 2153 4868 Utrum
2184 4821 2362 4868 atttem
2392 4811 2620 4883 genuina
2658 4812 2728 4867 sit
2766 4814 2880 4867 hate
2908 4811 3144 4866 auctoris
3169 4812 3337 4864 nostri
3368 4808 3552 4876 lectio,

1960 4906 2266 4974 expendaut
2287 4905 2398 4966 alii.
2422 4913 2478 4959 et
2501 4905 2865 4971 pronuntient.
2894 4903 3060 4961 Nobis
3083 4913 3232 4961 certe
3262 4903 3406 4960 illius
3427 4916 3554 4958 sen-

1957 5011 2078 5052 sum
2103 4996 2417 5067 patefecisse
2443 4997 2658 5053 sullicit.

2033 5091 2282 5146 Anserem
2329 5093 2584 5164 grinnitus
2627 5092 2896 5150 Arnobius
2935 5093 3198 5165 appellat;
3243 5091 3365 5161 quia
3397 5089 3554 5145 Grin-

1958 5185 2103 5250 nire,
2149 5185 2321 5256 inquit
2372 5185 2598 5253 Festus,
2639 5203 2893 5244 anserum
2944 5191 3094 5244 vocis
3147 5189 3420 5257 proprium
3469 5193 3557 5240 est

1961 5276 2150 5347 (lbid.,
2175 5278 2213 5333 l.
2249 5293 2319 5341 vt.
2350 5297 2404 5348 p.
2428 5278 2556 5336 203.
2591 5278 2730 5335 Fest.
2759 5281 2826 5334 ad
2855 5282 2985 5335 verb.
3018 5285 3329 5349 causamn).

2028 5371 2193 5427 Arbor
2228 5385 2446 5444 pausata
2474 5375 2543 5430 ab
2569 5374 2808 5429 Arnobio
2851 5375 3008 5445 pinus
3037 5382 3277 5439 vocatur,
3309 5371 3412 5427 sub
3445 5384 3552 5441 qua

1958 5468 2100 5521 Attis
2128 5483 2187 5522 se
2217 5468 2315 5522 viri
2347 5469 2564 5523 nomine
2596 5468 2846 5537 privavit,
2878 5476 2933 5522 et
2970 5466 3122 5536 Cujus
3149 5467 3353 5520 circum
3385 5463 3549 5520 robur

1955 5571 2129 5615 mater
2155 5559 2312 5616 deum
2344 5561 2558 5615 SttCialiS
2583 5575 2703 5614 cum
2740 5558 2954 5614 Acdesti
2999 5558 3318 5629 planctibus,
3363 5566 3552 5628 pectus

1957 5653 2132 5708 tundit
2175 5663 2230 5708 et.
2275 5655 2480 5708 sauciat
2521 5650 2760 5721 (Arnob.,
2791 5653 2830 5706 l.
2859 5668 2912 5716 v,
2947 5669 2998 5721 ρ.
3031 5650 3172 5722 160).
3217 5650 3327 5706 Cur
3369 5663 3548 5705 autem

1957 5745 2121 5802 arbor
2153 5757 2369 5815 pausata
2401 5745 2624 5807 dicatur,
2656 5759 2845 5799 omnes
2885 5744 3074 5798 horum
3121 5743 3342 5799 Arnobii
3377 5744 3546 5798 libro.

1961 5854 2080 5893 rmn
2113 5843 2561 5893 commentatores
2589 5834 2688 5890 sibi
2723 5835 2956 5891 fatentur
2984 5851 3106 5892 esse
3133 5837 3546 5908 incompertum.

1966 5929 2165 5984 Vocem
2221 5931 2400 5998 itaque
2453 5938 2683 5999 pausata:
2732 5938 3043 6001 corruptam
3098 5928 3265 5990 fuisse
3312 5927 3555 5987 nonnulli
