3978 6342
418 364 516 421 691
1667 338 2062 403 DISSERTATI

2166 336 2435 397 ΡιωνιΑ
3612 329 3724 386 692

414 484 765 546 arbitrantur,
795 493 859 533 ac
884 489 982 547 pro
1001 488 1064 530 ea
1096 473 1303 535 lanatis,
1336 468 1421 524 vel
1449 468 1663 522 (auratis
1682 505 1697 530 ,
1724 464 1809 519 vel
1838 461 2017 533 posiae
2040 460 2095 520 Α
2118 457 2233 513 sive
2281 453 2539 511 ceteriam
2584 460 2939 509 mercaturam
2993 451 3235 524 (Donat.,
3276 448 3332 503 in
3365 447 3570 502 Terent.
3603 445 3720 500 Eu-

416 572 732 645 legendnm.
752 541 900 625 'Sed—
924 566 1041 621 haec
1067 563 1158 618 alii
1190 571 1250 617 ut
1290 574 1474 616 meras
1516 571 1688 630 nugas
1729 546 2027 626 exploduni
2126 552 2305 616 nuch.,
2336 560 2437 604 act.
2469 565 2525 616 n,
2557 565 2695 602 scen.
2729 546 2785 613 2,
2816 563 2949 602 vers.
2995 542 3112 617 26).
3143 542 3225 599 Ab
3253 541 3372 597 aliis
3398 551 3603 607 autem,
3633 542 3724 610 qui

419 633 586 739 atque
624 663 935 721 exsibilant.
979 657 1119 726 Quid
1154 656 1297 711 enim
1339 662 1486 709 velat
1532 651 1818 723 quominus
1848 648 2027 704 Arno-
2125 643 2390 699 Isidorum
2428 641 2629 705 citant,
2658 638 2887 694 sumitur
2915 652 3014 708 pro
3041 636 3136 700 iis,
3169 636 3261 707 qui
3288 633 3499 689 diversa
3528 647 3725 703 genera

420 723 544 819 bilis
572 771 698 813 usus
739 755 809 809 sit
842 754 1010 808 verho
1054 758 1307 823 pausans,
1356 746 1592 801 imitatus
1638 744 1907 802 Plautum.
1937 742 2028 811 qui
2126 735 2353 805 piscium
2391 733 2643 788 emebant
2689 739 2745 786 et
2789 728 3095 784 vendebant
3136 725 3385 798 (Isidor.,
3426 725 3482 779 in
3525 723 3728 791 Closs.,

424 854 565 911 dixit
619 850 815 911 Pansa,
845 846 896 901 id
926 853 1028 910 est,
1063 844 1303 914 quiesce.
1343 839 1475 894 Nam
1524 838 1596 892 ibi
1629 844 1818 890 auctor
1849 843 2031 889 noster

423 945 612 1002 scribit
641 949 869 996 matrem
900 936 1060 992 deum
1092 935 1146 989 in
1179 940 1393 987 antrum
1419 944 1573 984 suum
1594 926 1853 983 detulisse
1883 925 2027 978 illam

424 1040 703 1102 arborem,
757 1043 814 1089 et
855 1030 1059 1087 circum
1108 1028 1273 1083 robur
1320 1025 1461 1079 illius
1505 1022 1575 1077 ibi
1622 1028 1875 1092 pausans,
1918 1016 2032 1073 sive

424 1130 753 1207 quiescentis
778 1136 833 1183 et
860 1124 1053 1196 posita:
1086 1120 1292 1175 socialis
1321 1134 1438 1171 cum
1467 1114 1685 1171 Acdesti
1726 1110 2033 1184 planctibus

426 1241 584 1285 suum
615 1221 882 1278 tutudisse
910 1232 975 1271 ac
1000 1214 1329 1270 sauciavisse
1354 1217 1567 1281 pectus.

498 1319 731 1390 Arquata
760 1312 967 1376 sellula,
1004 1309 1107 1364 hoc
1147 1316 1251 1372 est,
1284 1300 1680 1367 semirotunda,
1707 1304 1761 1354 et
1795 1298 1846 1352 in
1877 1309 2035 1351 arcus

427 1409 835 1471 similitudinem
863 1405 1090 1461 formata
1119 1397 1358 1473 (Arnob.,
1385 1397 1422 1451 ι.
1448 1411 1487 1463 ι,
1520 1411 1573 1465 p.
1598 1390 1715 1464 59).
1734 1391 1852 1461 Quo
1874 1404 2036 1447 sensu

429 1508 497 1562 ab
522 1503 713 1561 Ovidio
743 1500 955 1557 canitur
984 1515 998 1551 :

528 1619 621 1670 iris
645 1623 698 1668 et
723 1604 1431 1679 arquato‘ctelumcurvami‘ne
1455 1602 1673 1667 signans.

902 1660 1089 1739 (Ovid.,
1111 1669 1193 1722 no.
1214 1683 1249 1718 ιι
1271 1660 1551 1726 mimi,
1573 1676 1686 1728 pag.
1713 1660 1851 1725 iis.)

508 1785 679 1854 Λιιααὶ
703 1779 929 1853 phrygia
976 1777 1153 1847 lingua
1185 1780 1479 1837 vocantur,
1524 1783 1660 1840 quos
1704 1767 1881 1821 hircos
1907 1762 2039 1819 diei-

2129 847 2183 901 p.
2240 826 2391 898 6'20).
2447 824 2659 881 Videsis
2710 821 3021 880 Turnebum
3078 820 3172 876 lib.
3236 834 3333 875 xui
3408 817 3730 885 Adversar.,

2131 936 2254 991 cap.
2285 919 2374 973 14.

2202 1012 2442 1079 Botulus,
2478 1019 2614 1066 teste
2659 1009 2840 1077 Festo,
2873 1024 3043 1079 genus
3088 1002 3388 1062 farciminis
3427 1014 3533 1071 est,
3561 1004 3732 1077 quod,

2134 1118 2353 1179 propter
2381 1105 2795 1167 connexionem,
2824 1116 2855 1157 a
2883 1102 3021 1156 bolis
3046 1101 3125 1155 sic
3165 1099 3466 1170 appellatur
3490 1097 3735 1167 (Arnob.,

2140 1204 2180 1258 ι.
2214 1220 2270 1268 ιι,
2304 1219 2353 1271 p.
2386 1202 2481 1267 75;
2526 1199 2734 1264 Festus,
2766 1198 2835 1252 ad
2862 1213 2992 1252 vers.
3023 1193 3313 1266 Borows).
3351 1192 3608 1248 Martialis
3637 1210 3734 1246 au-

2137 1305 2243 1351 tem
2271 1294 2467 1349 alicubi
2494 1292 2691 1348 cecinit
2722 1310 2737 1346 :

2232 1406 2322 1469 Qui
2343 1408 2481 1457 venit
2500 1404 2694 1457 botulus
2717 1406 2879 1457 medio
2901 1406 2990 1457 tibi
3010 1409 3237 1469 tempore
3259 1403 3467 1463 brumae,

2325 1470 2523 1521 Saturni
2546 1477 2741 1533 septem
2763 1477 2971 1520 venerat
2993 1467 3265 1517 antedies.
3354 1476 3358 1487 '

2708 1550 2972 1615 (Martia,
2998 1549 3083 1602 lib.
3111 1564 3212 1611 xrv,
3234 1550 3391 1617 epigr.
3417 1548 3522 1611 72.)

2141 1678 2503 1749 Quamobrem
2556 1676 2920 1732 Tertullianus
2975 1675 3220 1732 ethnicos
3268 1674 3411 1731 hunc
3473 1674 3745 1743 redarguit

2142 1773 2195 1827 in
2217 1770 2434 1828 modum
2467 1789 2479 1825 :
2511 1791 2529 1822 ι
2563 1769 2707 1825 inter
2733 1779 3059 1825 tentamenta
3089 1767 3503 1825 Christianorum
3532 1767 3747 1823 botulos

434 1892 555 1934 inus
583 1873 827 1949 (Arnob.,
861 1872 897 1925 ι.
928 1885 982 1935 v,
1011 1887 1064 1939 ρ.
1109 1862 1256 1934 159).
1293 1861 1450 1934 Apud
1490 1858 1832 1915 Eustachium
1884 1871 2035 1923 vero,

2166 1872 2305 1925 :tiam
2333 1883 2529 1924 cruore
2553 1868 2816 1923 distentos
2844 1865 3161 1927 admovetis,
3189 1863 3473 1921 certissimi
3498 1864 3746 1918 illicitum

432 1948 611 2039 inquit
657 1964 977 2027 Bcchartus,
1030 1957 1260 2031 ἅττηγοι,
1306 1956 1560 2011 dicuntur
1612 1949 1751 2025 αἶγες
1799 1948 2036 2023 ἆρρηνες,

436 2061 588 2131 capri
638 2055 863 2112 masculi
913 2068 1010 2107 seu
1061 2052 1196 2105 hirci
1246 2048 1537 2117 (Bochart.,
1575 2046 1613 2098 l.
1663 2060 1696 2097 ιι
1763 2042 1827 2095 de
1866 2041 2037 2094 Anim.

437 2170 578 2208 sacr.
624 2151 806 2219 scrip.,
836 2163 883 2201 c.
927 2146 1018 2212 53,
1048 2159 1103 2213 p.
1132 2138 1281 2213 647).
1316 2139 1400 2198 Ab
1446 2138 1549 2193 hoc
1595 2146 1774 2190 autem
1816 2131 2041 2202 phrygio

441 2246 665 2303 nomine
693 2240 962 2297 Arnobius
989 2245 1137 2307 putat
1160 2234 1360 2289 factum
1382 2246 1503 2287 esse
1533 2242 1726 2283 nomen
1752 2226 1910 2280 Attis.
1934 2223 2042 2278 Sed

440 2340 742 2399 Bocbartus
769 2352 838 2392 ex
875 2334 1104 2389 Hebraeo
1135 2328 1308 2383 Atliud
1353 2326 1532 2398 potius
1559 2323 1861 2379 derivatum
1900 2318 2044 2373 arbi-

446 2445 642 2500 tratur,
671 2447 854 2503 quem,
884 2432 930 2484 si
961 2428 1116 2491 veiis,
1147 2424 1390 2480 consule.

518 2522 842 2592 Auctiﬁcari,
896 2519 1034 2574 dixit
1074 2524 1263 2570 auctor
1308 2521 1515 2579 noster,
1562 2510 1767 2565 Ennius
1809 2520 1957 2572 vero,
1986 2514 2047 2559 ut

443 2628 596 2675 notat
641 2616 846 2670 Nonius
888 2609 1191 2672 Marcellus,
1241 2606 1520 2677 angi/icore
1550 2622 1568 2657 :
1596 2601 1692 2658 sed
1744 2600 2045 2655 obsoletum

447 2711 672 2767 verbum
727 2714 831 2773 est,
874 2702 1017 2774 quod
1073 2700 1216 2755 idem
1263 2708 1426 2769 atque
1470 2711 1669 2767 augere
1712 2692 2050 2764 signiﬁcabat

449 2802 688 2876 (Arnob.,
742 2805 781 2854 t.
833 2813 924 2863 vn,
973 2815 1029 2867 ῃ.
1078 2793 1217 2857 224;
1267 2790 1435 2857 Nam,
1463 2791 1526 2844 de
1568 2788 1830 2859 Propriet.
1870 2800 2046 2849 serm.,

450 2917 496 2953 ο.
527 2898 606 2969 2).
643 2894 797 2965 Apud
825 2892 1132 2948 Lucretium
1161 2896 1341 2942 autem
1368 2886 1598 2956 legimus
1627 2901 1640 2936 :

1486 2993 1806 3057 Auctiﬁcique

544 3076 704 3127 Motus
725 3078 967 3136 perpetuo
992 3072 1196 3131 possunt
1215 3076 1418 3115 servare
1449 3067 1638 3111 creata.

1102 3150 1339 3212 (Lucret.,
1361 3142 1446 3196 lib.
1474 3159 1524 3206 ιι,
1545 3154 1673 3192 rers.
1692 3138 1834 3203 571.)

532 3287 815 3358 Augustam
859 3278 1020 3336 simili
1062 3274 1224 3331 modo
1253 3274 1389 3329 dixit
1433 3268 1724 3333 Arnobius,
1755 3279 1853 3326 pro
1882 3279 2049 3334 augu-
2083 3252 2127 3314 C

456 3390 597 3435 stum
623 3376 850 3433 reddere
891 3371 1127 3445 (Arnob.,
1161 3369 1198 3421 ι.
1226 3370 1320 3431 vir,
1352 3382 1403 3432 ρ.
1431 3362 1584 3433 20]).

534 3473 763 3536 Batiaca,
790 3470 843 3523 in
870 3463 1236 3531 manuscripto
1264 3468 1444 3513 autem
1474 3456 1619 3525 regio
1647 3454 1833 3510 codice
1864 3453 2057 3524 pastio-

458 3588 544 3625 cas
590 3563 998 3634 corruptissime
1042 3556 1231 3629 (Ibid.,
1276 3556 1314 3607 ι.
1360 3568 1398 3617 ι,
1451 3566 1502 3619 p.
1542 3549 1654 3620 :59).
1688 3548 1820 3602 Nam
1863 3548 2060 3601 balinea

459 3677 636 3736 graece
685 3658 928 3731 βατιάκη,
980 3651 1119 3706 sicut
1154 3664 1220 3702 ex
1265 3644 1526 3700 Athenaeo
1575 3643 1853 3704 discimus,
1885 3640 2060 3711 poculi

464 3732 580 3811 erat
638 3764 805 3822 genus
849 3745 1081 3819 (Athan,
1123 3738 1209 3794 lib.
1252 3744 1290 3792 it
1320 3734 1592 3805 θείνωσι,
1624 3752 1675 3804 ρ.
1724 3734 1873 3805 486).
1909 3732 2062 3788 Unde

465 3849 692 3905 Plautus
717 3840 913 3896 alicubi
942 3836 1078 3892 dixit
1111 3852 1124 3887 :

659 3953 850 4013 Quibus
870 3949 1053 3998 divitiae
1077 3946 1208 3995 domi
1231 3950 1361 4004 sunt,
1388 3936 1603 4003 scapbio,
1624 3936 1886 3999 cantharis,

564 4017 770 4069 Batiolis
788 4015 980 4064 bibunt.

1066 4067 1271 4137 (Plaut.,
1299 4065 1488 4134 Sigeia,
1504 4070 1599 4117 act.
1621 4079 1668 4126 ν,
1685 4076 1815 4116 scen.
1839 4062 1911 4124 4.)

475 4197 546 4251 At
572 4192 644 4249 ibi
670 4184 989 4261 quibusdam
1007 4183 1062 4239 in
1084 4180 1411 4238 editionibus
1436 4177 1652 4248 legitur,
1679 4173 1923 4228 Batiocis.

549 4309 747 4382 Bigarii
793 4318 897 4361 vox
939 4310 1043 4370 est,
1074 4315 1193 4370 qua:
1233 4299 1287 4353 in
1327 4296 1570 4351 Romana
1614 4294 1804 4347 horum
1851 4287 2071 4344 Arnobii

479 4381 740 4461 librorum
768 4398 1004 4455 editione
1032 4401 1087 4450 et
1113 4392 1230 4447 aliis
1260 4386 1645 4461 posterioribus
1672 4382 1990 4439 exhibetur:
2018 4381 2073 4435 in

482 4492 855 4565 manuscripto
896 4500 1073 4545 autem
1113 4486 1261 4555 regio
1290 4482 1412 4538 cod.
1445 4478 1667 4549 Pigarii,
1715 4476 1768 4531 in
1806 4485 2074 4546 postrema

482 4592 743 4655 editione,
790 4586 1002 4658 cgbiarii
1051 4578 1301 4653 (Hrnob.,
1352 4578 1389 4632 ι.
1432 4591 1468 4631 ιι
1514 4592 1566 4645 p.
1611 4571 1724 4649 70).
1781 4569 1887 4627 Sed
1932 4569 2075 4625 nulla

483 4684 711 4755 hujusce
754 4675 1145 4735 immutationis
1170 4671 1307 4726 ratio
1341 4667 1604 4723 redditur.
1631 4662 1739 4717 Cur
1768 4678 1874 4716 non
1903 4660 2079 4731 potius

485 4753 696 4842 Cibarii,
726 4772 817 4843 qui
862 4769 1070 4825 scilicet
1095 4765 1245 4821 cibos
1273 4760 1568 4819 coniiciunt
1596 4764 1690 4812 aut
1734 4753 2083 4810 ministrant?

484 4870 661 4926 Varro
693 4865 835 4922 enim
874 4860 1016 4933 apud
1055 4860 1285 4916 Nonium
1332 4852 1639 4909 Marcellum
1671 4870 1684 4906 :
1720 4869 1738 4902 ι
1774 4847 1924 4904 Tuus
1968 4847 2083 4916 ipse

485 4960 655 5017 frater
677 4956 912 5014 cibarius
942 4954 1038 5008 l'uit
1079 4950 1414 5007 Aristoxenis
1445 4945 1614 5020 (Non.
1656 4942 1918 5010 Marceil.,
1952 4940 1989 4995 ι.
2020 4940 2084 4994 ds

488 5053 748 5123 Promisi.
781 5064 959 5115 serm.,
988 5062 1035 5099 ε.
1061 5045 1119 5108 2,
1153 5061 1206 5113 p.
1235 5043 1385 5111 556).
1424 5059 1442 5091 ι
1475 5038 1584 5093 Cur
1627 5051 1734 5091 non
1777 5037 1961 5101 etiam,
1997 5031 2082 5087 in-

488 5149 638 5219 quiet
681 5141 897 5213 aliquis,
944 5139 1151 5209 legatur
1194 5134 1411 5206 Bigarii,
1459 5146 1525 5186 ex
1572 5144 1681 5201 quo
1723 5128 1790 5183 ab
1835 5127 2083 5197 imperito

490 5238 710 5296 librario
751 5236 945 5290 factum
980 5229 1223 5302 Pigarii?
1250 5226 1523 5297 Superiori
1560 5224 1758 5295 quippe
1785 5221 1924 5276 linea
1951 5220 2086 5275 dixit

490 5333 762 5405 Arnobius
805 5326 1182 5400 quadrigarios.
1229 5321 1427 5377 Verum
1478 5333 1638 5374 nemo
1692 5315 1920 5372 fortasse
1968 5313 2085 5368 sine

492 5424 717 5485 alterius
740 5419 1088 5490 manuscripti
1112 5415 1315 5473 codicis
1337 5412 1543 5469 auxilio
1568 5411 1927 5467 adulteratum
1952 5406 2082 5462 illud

493 5533 692 5575 nomen
722 5513 1011 5571 emendare
1038 5511 1254 5581 poterit.

564 5612 806 5677 Bolones,
847 5610 900 5665 in
940 5621 1045 5662 ms.
1091 5603 1278 5661 codice
1324 5610 1513 5657 nostro
1553 5599 1799 5670 legimus,
1836 5608 1936 5666 pro
1978 5608 2084 5664 quo

494 5702 739 5761 nonnulli
780 5713 1062 5771 perperam
1084 5697 1418 5765 scripserunt
1446 5690 1666 5747 Volones
1686 5687 1926 5761 (Arnab.,
1957 5686 1995 5740 ι.
2022 5700 2083 5753 ιι,

474 5809 551 5864 σρ.
577 5794 693 5863 70).
723 5792 853 5846 Nam
882 5799 945 5846 ut
967 5790 1041 5845 ait
1083 5789 1319 5843 Donatus
1348 5803 1362 5840 :
1404 5783 1635 5846 Cetarii,
1664 5798 1686 5834 ι
1727 5779 1818 5851 qui
1846 5789 1962 5834 cete
1983 5817 1999 5845 ,
2031 5776 2087 5833 id

495 5895 599 5951 est,
630 5884 1053 5956 magnosﬁpisces
1093 5879 1371 5936 venditant
1398 5887 1455 5934 et
1480 5876 1708 5935 holones
1747 5880 2020 5940 exercent,
2063 5888 2084 5923 ι

2141 1978 2261 2019 esse
2285 1962 2424 2034 apud
2452 1962 2592 2028 illos,
2622 1976 2717 2030 per
2743 1959 2884 2030 quod
2913 1958 3222 2013 exorbitare
3251 1956 3368 2011 illos
3400 1956 3560 2010 vultis
3589 1953 3749 2026 (Ter-

2149 2064 2275 2128 tnt.,
2318 2057 2565 2128 Apotog.,
2619 2071 2664 2109 c.
2696 2054 2751 2119 9,
2785 2073 2839 2126 p.
2875 2052 2987 2124 ll).
3027 2072 3045 2105 ι
3094 2050 3233 2106 Alibi
3283 2052 3414 2105 vero
3462 2059 3747 2120 postquam

2141 2154 2210 2208 ab
2232 2150 2674 2215 orthodoxorum,
2718 2162 2851 2219 quos
2874 2144 3168 2218 Psychicos
3191 2152 3366 2211 vocat,
3394 2142 3635 2212 partibus
3658 2142 3751 2197 de-

2145 2246 2382 2311 fecisset,
2423 2245 2501 2298 sic
2548 2257 2641 2297 eos
2680 2239 2941 2310 corripit:
2978 2257 2996 2289 ι
3034 2236 3318 2305 Quomodo
3356 2244 3635 2307 protegam
3664 2250 3750 2289 ca-

2143 2339 2377 2394 stitatem
2402 2346 2455 2392 et
2475 2336 2816 2392 sobrietatem
2841 2334 2956 2387 sine
2978 2330 3246 2386 taxatione
3268 2327 3744 2384 adversariorum?

2145 2432 2371 2498 Quinam
2406 2430 2489 2483 isti
2522 2436 2648 2483 Sunt
2690 2424 2857 2481 semel
2890 2421 3204 2486 nominabo,
3239 2420 3538 2476 exteriores
3567 2428 3623 2473 et
3662 2419 3749 2473 iu-

2147 2523 2372 2577 teriorcs
2395 2518 2558 2575 botuli
2582 2516 2965 2590 Psychicorum
2993 2512 3187 2587 (Idem,
3213 2513 3250 2567 ι.
3277 2512 3339 2567 de
3359 2510 3609 2584 Jejuniis,
3625 2527 3672 2567 c.
3697 2512 3749 2578 l,

2150 2633 2203 2687 ρ.
2232 2614 2385 2684 701).
2422 2633 2442 2666 ι

2224 2706 2375 2761 Ruris
2415 2704 2611 2761 dicitur
2652 2720 2682 2758 a
2726 2700 3049 2773 quibusdam
3098 2706 3223 2770 pars
3251 2696 3418 2752 aratri
3460 2694 3749 2767 posterior,

2151 2792 2219 2856 ab
2262 2800 2382 2854 aliis
2416 2800 2645 2855 temonis
2684 2797 2952 2866 superior,
2985 2805 3039 2849 et
3066 2798 3290 2861 utraque
3323 2790 3597 2845 incurvata
3628 2782 3753 2858 (Ar-

2153 2892 2293 2959 nob.,
2324 2893 2361 2946 ι.
2392 2907 2451 2957 ιι,
2483 2908 2535 2960 ρ.
2566 2889 2681 2959 59).
2715 2889 2794 2945 Eo
2834 2898 3010 2942 autem
3054 2883 3271 2940 nomine
3312 2898 3440 2938 usus
3470 2889 3552 2937 est
3574 2879 3753 2950 Virgi-

2154 2984 2278 3051 lius,
2311 2984 2399 3040 ubi
2431 2983 2575 3039 cauit
2607 3002 2619 3037 :

2248 3118 2483 3182 Qontinuo
2500 3118 2548 3166 in
2567 3116 2713 3182 sylvis
2727 3127 2902 3182 magna
2926 3114 2973 3162 vi
3000 3113 3133 3182 Πομ
3154 3111 3393 3182 domatur,

2250 3168 2305 3230 In
2326 3181 2499 3243 burim,
2529 3168 2738 3228 et‘curvi
2766 3168 2967 3225 formam
2985 3173 3160 3236 accipit
3177 3172 3337 3221 ulmus
3358 3168 3530 3219 aratri.

2476 3259 2704 3329 (Virgil.,
2729 3256 2809 3310 lib.
2836 3274 2849 3307 ι
2873 3258 3213 3321 Georg.,vers.
3240 3254 3327 3304 169
3349 3252 3567 3317 διδωμι.)

2163 3393 2309 3462 Quos
2339 3393 2390 3446 in
2421 3405 2609 3446 versus
2634 3390 2750 3443 hinc
2779 3388 2999 3444 Servius
3021 3386 3270 3440 observat
3302 3403 3314 3438 :
3345 3402 3366 3434 ι
3396 3383 3452 3437 ln
3480 3382 3681 3450 burim,
3708 3383 3787 3451 in.

2163 3487 2215 3543 in
2246 3496 2618 3542 curvatnrum.
2655 3482 2789 3536 Nam
2829 3480 2981 3534 buris
3023 3488 3105 3534 est
3149 3486 3554 3532 curvamentum
3597 3478 3762 3530 aratri

2164 3584 2364 3637 dictum
2410 3580 2559 3650 quasi
2598 3579 2719 3651 βοὸς
2764 3578 2913 3651 οὐρὰ,
2956 3572 3099 3644 quod
3148 3578 3217 3626 sit
3260 3572 3312 3625 in
3353 3567 3763 3627 similitudinem

2164 3676 2349 3731 cauda:
2397 3672 2563 3728 bovis.
2599 3671 2705 3727 Alii
2753 3671 2925 3725 burim
2970 3676 3310 3722 curvaturam
3361 3666 3609 3730 temonis,
3645 3679 3766 3732 qua:

2164 3783 2326 3837 supra
2347 3776 2453 3832 est,
2477 3778 2529 3820 ct
2548 3764 2688 3835 quod
2713 3761 2850 3816 infra
2874 3773 2955 3816 est
2979 3775 3167 3814 urvum
3190 3759 3394 3812 dicunt.
3417 3756 3574 3810 Buris
3594 3753 3763 3821 enim,

2167 3871 2227 3917 ut
2254 3871 2524 3923 curvetur,
2554 3867 2679 3910 ante
2714 3854 2825 3924 igni
2868 3853 3137 3917 domatur,
3170 3848 3509 3905 amburitur:
3544 3848 3686 3901 unde
3714 3858 3769 3901 et

2169 3970 2288 4027 quae
2343 3952 2658 4007 naturaliter
2714 3948 3059 4005 inveniuntur
3122 3959 3301 3999 curvae
3355 3943 3428 3997 ita
3491 3941 3763 3996 dicuntur.

2173 4046 2341 4102 Varro
2370 4045 2443 4100 ait
2474 4057 2639 4099 totum
2679 4042 2851 4098 burim
2882 4039 3042 4095 indici
3072 4039 3139 4093 ab
3179 4037 3332 4092 urbe.
3368 4056 3387 4089 ι
3424 4035 3601 4092 Priori
3634 4050 3763 4089 sen-

2173 4144 2354 4201 tcntiae
2405 4142 2641 4198 Isidorus
2686 4136 3003 4206 subscripsit
3051 4133 3271 4206 (Isidor.
3303 4173 3320 4198 ,
3375 4133 3413 4186 ι.
3459 4147 3526 4185 xx
3596 4129 3769 4201 02-59.,

2172 4256 2220 4293 ε.
2254 4239 2351 4304 15;
2399 4237 2616 4301 Arnob.,
2661 4234 2701 4289 ι.
2746 4250 2787 4300 ι,
2819 4250 2875 4302 p.
2904 4231 2999 4298 “24,
3046 4239 3094 4283 et
3126 4229 3163 4282 ι.
3198 4242 3291 4293 vn,
3339 4244 3394 4299 p.
3427 4224 3566 4290 2‘22;
3608 4224 3767 4289 ibid.,

2174 4332 2213 4388 ι.
2247 4347 2323 4399 vi,
2352 4349 2404 4399 μ.
2432 4329 2584 4401 ΞΟΟ).

2174 4476 2184 4486 ,
2247 4424 2523 4490 Busticeta,
2554 4428 2612 4476 ut
2646 4415 3088 4475 animadvertitur
3132 4415 3188 4470 in
3235 4411 3429 4487 glossis
3465 4410 3643 4465 eidem
3678 4408 3774 4463 lsi-

2177 4521 2310 4577 doro
2329 4515 2621 4582 attributis,
2657 4521 2812 4569 erant
2838 4510 3088 4581 sepulcra
3114 4508 3167 4562 in
3194 4523 3344 4578 agro.

2105 4646 2158 4705 D
2243 4610 2551 4674 Cucabulus,
2567 4607 2942 4662 diminutivum
2958 4603 3097 4657 haud
3111 4603 3271 4657 dubie
3289 4604 3520 4659 nominis
3533 4609 3774 4675 cacabus,

2183 4707 2275 4779 qui
2305 4720 2400 4759 vas
2428 4703 2711 4774 signiﬁcat,
2745 4700 2799 4755 in
2848 4715 2956 4771 quo
2997 4697 3414 4769 pulmentarium
3446 4700 3774 4770 coquebant.

2186 4801 2397 4858 Videsis
2426 4799 2660 4854 Lexicon
2688 4794 2943 4862 Martinii,
2972 4803 3023 4849 et
3056 4791 3232 4847 Vossii
3258 4793 3679 4865 etymologicon.

2257 4892 2577 4950 Calumistris
2595 4890 2792 4945 vibrare
2812 4887 3094 4951 cwsariem,
3111 4885 3284 4955 inquit
3299 4885 3567 4942 Arnobius
3588 4886 3776 4961 (lbid.,

2187 4990 2225 5044 ι.
2256 5006 2315 5055 ιι,
2347 5007 2399 5059 ρ.
2431 4985 2543 5057 72).
2575 4982 2954 5039 Caiamistrum
2983 4979 3126 5036 enim
3157 4987 3272 5033 erat
3302 4993 3431 5035 acus
3460 4981 3653 5049 major,
3682 4996 3777 5051 sep

2186 5084 2410 5148 ferrum,
2439 5095 2545 5150 quo
2570 5078 2826 5134 calefacto
2854 5073 3078 5145 capillus
3122 5072 3462 5142 iutorquetur
3486 5083 3543 5130 et
3567 5073 3779 5145 crispa-

2189 5188 2298 5237 tur.
2328 5174 2467 5232 Audi
2495 5171 2773 5243 Virgilium
2803 5186 2816 5223 :

2716 5283 2925 5334 Fmdare
2948 5282 2999 5330 in
3023 5279 3227 5342 pulvere
3244 5280 3410 5331 crines
3532 5332 3545 5339 ,

2287 5354 2485 5403 V’ibrato
2511 5348 2664 5400 calido
2688 5348 2840 5407 ferro,
2870 5345 3166 5409 myrrliaque
3190 5344 3465 5394 madentes.

2671 5452 2796 5521 (Lib.
2818 5468 2885 5504 xu
2910 5448 3127 5511 λΕηεὶάη
3145 5462 3273 5501 vers.
3292 5450 3355 5500 90
3372 5455 3419 5501 et
3432 5447 3595 5515 seqq.)

2186 5588 2333 5660 Quibs
2363 5591 2416 5645 in
2464 5600 2649 5643 versus
2697 5585 2961 5643 Servius:
3001 5601 3019 5635 ι
3078 5580 3457 5637 Calamistrum
3500 5586 3585 5633 est
3630 5592 3777 5644 acus,

2188 5684 2379 5757 inquit,
2426 5682 2619 5753 major,
2665 5695 2786 5751 qua:
2825 5675 3103 5737 calefacta,
3136 5685 3190 5729 et
3232 5672 3467 5728 adhibita
3512 5672 3781 5742 intorquet

2190 5778 2435 5849 capillos.
2484 5794 2503 5828 ι
2552 5770 2762 5828 Vidcsis
2802 5768 3003 5826 Iulium
3051 5766 3358 5833 Pollucem,
3416 5772 3470 5819 et
3521 5762 3778 5820 lsidorum

2189 5869 2383 5944 (Poli.,
2406 5868 2443 5923 ι.
2475 5882 2531 5935 v,
2561 5882 2606 5919 c.
2638 5864 2735 5932 l6;
2768 5860 2985 5928 lsidor.,
3016 5859 3052 5914 ι.
3084 5868 3159 5913 xx
3189 5856 3361 5927 0ri9.,
3415 5854 3462 5912 ὲ.
3491 5854 3607 5923 l3).
