3978 6284
199 305 309 371 693
1410 309 1475 365 IN
1514 305 1888 375 AMOBIUH,
1929 306 2083 364 CAP.
2126 308 2315 367 XXVI.
3391 319 3496 379 θοι

272 422 539 480 Calicndri
585 425 799 483 nomine
849 427 1076 496 putabat
1117 425 1405 489 Turnebus
1447 424 1517 481 ab
1559 423 1797 487 Arnobio
1824 430 1874 497 Α
1900 422 2047 481 Festi
2071 427 2250 484 verbis
2270 436 2326 484 et
2351 430 2673 487 auctoritate
2696 431 2837 497 fulti,
2865 434 3252 504 putantCasltts
3275 438 3493 493 nomine

198 518 431 576 indicari
457 521 698 592 pallium,
726 522 868 592 quod
914 531 1039 578 ante
1080 523 1384 579 riciuiatum
1414 520 1798 591 appellaverat.
1906 515 2002 571 has
2028 532 2221 574 omnes
2247 522 2573 578 cerimonias
2596 524 2907 594 signiﬁcari.
2933 527 3298 586 Tertullianus
3316 543 3493 586 autem

194 613 305 672 Sed
357 630 420 672 re
471 617 736 673 maturius
794 632 1071 686 expensa,
1132 616 1462 673 existimavit
1518 612 1801 684 signiﬁcari
1905 609 1993 663 ubi
2021 610 2281 667 adversus
2310 615 2606 670 catholicos
2653 633 2750 687 pro
2793 631 3012 673 suorum
3050 619 3492 692 Montanistarum

193 708 391 778 capitis
415 709 841 779 operimentum.
890 709 1015 777 Quo
1051 726 1215 765 sensu
1260 710 1327 765 ab
1375 708 1597 765 Horatio
1642 723 1757 765 usui

1895 700 2113 771 jejuniis
2158 704 2392 775 disputat
2436 727 2449 762 :
2498 726 2518 759 ι
2545 708 2651 763 Sed
2700 709 2854 775 bene,
2887 730 2906 762 ι
2941 702 3159 781 inquit,
3201 732 3224 765 ς
3252 715 3394 783 quod
3440 716 3493 770 in

194 810 356 870 pm“
382 820 395 858 ε
1282 803 1287 808 ‘
1900 802 2101 851 nostris
2135 798 2493 872 Xerophagiis
2522 802 2887 873 blasphemiae
2908 805 3181 877 ingerens,
3211 806 3375 863 Casto
3401 809 3498 871 Isi-

1900 890 1983 945 dis
2013 900 2064 946 et
2106 890 2334 965 Cybeles
2379 895 2633 966 adaequas
2671 915 2715 948 »ι
2741 896 3002 969 (Tertull.,
3047 899 3138 954 lib.
3181 900 3245 954 de
3285 899 3492 973 Jejun.,

1899 1000 2014 1052 cap.
2048 987 2158 1056 16).
2185 986 2239 1041 Si
2264 990 2383 1057 quis
2405 1004 2533 1042 vero
2553 988 2714 1043 alium
2743 1005 2839 1059 pro
2869 991 3147 1056 catholicis
3172 1002 3353 1048 contra
3383 993 3496 1048 ha:-

1899 1077 2098 1131 rcticos
2142 1091 2392 1146 agentem
2426 1080 2616 1134 audire
2665 1082 2832 1147 malit,
2868 1099 2933 1136 cn
2966 1094 3166 1152 przcsto
3192 1095 3275 1139 est
3307 1085 3498 1141 [liere-

521 932 552 946 ..
576 894 743 947 Altum
763 896 971 958 Sagaurc
988 894 1308 946 caliendrum.

726 978 942 1044 (Horat,
963 975 1046 1029 lib.
1066 995 1100 1041 ι,
1128 977 1266 1029 satir.
1289 978 1337 1039 8,
1359 990 1484 1029 vers.
1505 976 1610 1039 48.)

193 1083 347 1153 Quod
365 1086 423 1141 in
446 1100 664 1143 carmen
687 1086 891 1151 Acron,
913 1088 1027 1142 sive
1048 1087 1226 1157 quivis
1250 1086 1368 1155 ejus
1396 1085 1614 1142 nomine
1633 1084 1791 1149 alius,

192 1179 470 1235 annotavit
510 1164 831 1235 caliendrum.
857 1180 979 1242 dici.
1013 1181 1126 1234 sive
1174 1191 1553 1239 ornamentum
1598 1178 1793 1248 capitis
1897 1184 2126 1240 nymtIS,
2166 1173 2257 1241 Qui
2299 1171 2560 1228 adversus
2604 1172 2871 1228 Ioviniani
2920 1190 3133 1229 errores
3170 1177 3493 1247 pugnando,

189 1274 503 1339 mulierum,
524 1291 634 1345 quo
655 1275 723 1330 ad
753 1275 1095 1331 cxornandos
1122 1275 1300 1330 crines
1329 1275 1651 1337 utebantur;
1680 1273 1792 1327 sive
1894 1262 2012 1321 haec
2058 1265 2327 1320 scribebat
2355 1286 2368 1320 :
2404 1285 2423 1317 ι
2466 1266 2539 1319 De
2569 1267 2809 1321 ciborum
2838 1266 2939 1321 sibi
2972 1268 3187 1336 placent
3213 1270 3491 1325 abstinen-

188 1368 567 1437 ευρροείιξιῖοε
609 1372 821 1435 crines,
870 1386 1006 1439 quos
1048 1384 1146 1439 μου
1175 1368 1508 1424 naturalibus
1554 1367 1788 1436 θεωρία.
1894 1357 1987 1422 tia,
2018 1358 2168 1427 quasi
2197 1375 2299 1410 non
2331 1369 2385 1413 et
2411 1360 2724 1427 superstitio
2750 1360 3034 1429 gentilium
3061 1371 3267 1416 castum
3297 1364 3488 1419 matris

188 1460 342 1515 bant.
373 1460 737 1519 Tertullianus
759 1477 973 1532 quinque
1004 1461 1105 1516 huc
1136 1477 1334 1517 nomen
1363 1460 1662 1529 usurpavit.
1695 1459 1757 1515 ub

1890 1448 2049 1507 deum
2091 1448 2361 1516 observet,
2385 1461 2437 1503 et
2458 1450 2686 1504 Osiridis
2714 1469 2736 1501 ι
2757 1449 3114 1522 (Ηὶενοηῃηιη
3139 1452 3255 1507 adu.
3282 1452 3486 1522 Jooin.,

186 1552 243 1613 in
272 1554 522 1609 mulieres
552 1553 823 1609 invehitur
853 1572 866 1607 :
898 1572 917 1606 ι
947 1556 1015 1608 At
1038 1569 1181 1608 nunc
1206 1554 1258 1609 in
1285 1553 1605 1623 semetipsos
1631 1552 1782 1607 leno-
1889 1541 1980 1596 lib.
2010 1558 2068 1605 lt,
2096 1558 2216 1612 pag.
2246 1541 2362 1611 91).
2396 1542 2593 1597 Postea
2642 1558 2769 1598 vero
2806 1543 3014 1613 planius
3052 1559 3116 1598 ac
3162 1547 3381 1615 propius
3421 1550 3487 1604 ad

182 1644 438 1713 dmum,
480 1662 587 1714 qm,
614 1647 827 1718 planius
853 1648 1136 1711 adeantur,
1168 1657 1226 1702 ει
1265 1647 1483 1708 stolam
1511 1656 1566 1702 οι
1596 1646 1783 1715 ιορρε,
1887 1634 2113 1691 Arnobii
2161 1636 2331 1688 nostri
2374 1645 2610 1691 mentem
2639 1653 2650 1687 :
2687 1654 2705 1688 ι
2737 1635 3055 1702 Quomodo,
3089 1636 3296 1708 inquit,
3326 1640 3488 1710 virgi—

179 1755 319 1805 rum,
352 1749 407 1795 et
430 1740 782 1810 crepidularn,
807 1750 860 1795 et
879 1740 1233 1807 caliendrum,
1256 1741 1400 1810 ipsas
1427 1754 1647 1809 quoque
1661 1746 1783 1809 jam
1889 1725 2041 1780 uitali
2069 1742 2210 1781 verae
2240 1740 2345 1787 non
2375 1726 2693 1795 prmjudicat
2722 1727 2949 1781 imitatio
2971 1727 3237 1798 virginum
3260 1730 3485 1795 diaboli,

177 1831 420 1899 lecticas,
448 1842 503 1889 et
529 1833 691 1888 sellas
718 1832 868 1901 queis
893 1833 949 1886 in
974 1832 1188 1902 publico
1214 1847 1430 1901 quoque
1458 1831 1779 1895 domestice,
1810 1837 1858 1896 B
1886 1820 1957 1885 ila
1987 1834 2086 1874 nec
2130 1820 2272 1875 "eris
2314 1820 2536 1889 ieiuniis
2584 1829 2789 1875 035mm
2838 1820 2995 1876 Ῐδίίιίδ
3035 1834 3088 1876 ei
3131 1820 3397 1892 Cybeles,
3429 1834 3485 1878 θι

177 1938 243 1978 ac
297 1933 510 1979 secrete
559 1925 918 1991 habebantur,
953 1924 1233 1994 genvere
1266 1944 1285 1976 ,
1324 1923 1595 1995 (unum,
1627 1925 1667 1978 ι,
1723 1925 1786 1983 ά,
1886 1912 2238 1981 quorumdam
2259 1910 2503 1967 ciborum
2528 1913 2581 1966 in
2603 1921 2863 1967 aeternum
2883 1911 3231 1981 abstinentia,
3252 1914 3485 1972 maxime

180 2015 386 2084 Pallio,
420 2034 467 2071 c.
500 2019 552 2085 4,
584 2036 635 2086 ρ.
671 2018 824 2087 156).

1887 2017 2009 2059 cum
2037 2003 2177 2073 apud
2209 2004 2331 2058 illos
2355 2003 2622 2073 jejunium
2652 2006 2828 2073 panis,
2858 2006 3042 2074 sagina
3070 2007 3313 2060 carnium
3339 2022 3486 2064 com-

254 2128 275 2162 ‹
299 2110 604 2165 Canacheni
633 2111 879 2165 obserata
899 2109 1196 2182 pandentes
1218 2108 1557 2164 remedorum
1581 2108 1757 2165 obscu

1884 2106 2198 2166 posceretur
2229 2115 2247 2149 ι
2284 2095 2470 2165 (Ibid.,
2500 2114 2622 2168 pag.
2653 2096 2801 2169 101).
2834 2096 3025 2153 Nonne
3050 2100 3196 2153 enim
3230 2098 3361 2155 illud
3398 2104 3481 2172 je-

172 2204 337 2260 ritate
384 2223 403 2256 ι
454 2203 696 2275 (Arnob.,
730 2204 767 2257 l.
800 2219 872 2268 γι,
906 2222 959 2272 ρ.
992 2203 1138 2273 108).
1172 2203 1349 2258 Verba
1380 2213 1507 2257 sunt
1545 2203 1749 2258 auctori

1874 2191 2081 2261 ⁸ᾔιιηὶιιηι
2112 2192 2282 2260 panis,
2308 2191 2451 2247 idem
2471 2200 2558 2246 est
2581 2201 2744 2262 atque
2775 2202 3104 2261 temperatus,
3129 2203 3188 2251 ut
3208 2194 3484 2251 Arnobius

171 2296 370 2361 nostri,
397 2310 519 2365 quae
545 2294 789 2365 pluribus
816 2296 977 2366 plane
998 2305 1253 2364 corrupta
1282 2308 1405 2349 esse
1433 2294 1571 2348 haud
1596 2295 1778 2348 imme-
1883 2284 2039 2351 dixit.
2070 2285 2136 2339 οὔ
2168 2285 2414 2341 alimonio
2437 2285 2628 2356 P0358?

170 2392 280 2446 ritu
306 2389 577 2444 videntur.
611 2389 843 2456 Quidam
870 2390 1053 2459 itaque
1077 2403 1176 2458 pro
1198 2389 1538 2453 remedorum,
1570 2386 1778 2450 restitui
1952 2377 2166 2433 Cimices
2194 2380 2472 2437 vermiculi
2501 2388 2628 2434 sunt
2657 2378 2829 2436 faetidi
2860 2395 2924 2435 ex
2955 2380 3100 2452 ligno
3118 2422 3133 2445 ,
3167 2381 3391 2451 chartis,
3423 2393 3480 2440 et

172 2483 364 2538 volunt
407 2483 750 2550 tenebrarum,
782 2483 877 2538 sed
909 2492 1011 2552 qua
1055 2484 1412 2539 auctoritate?
1444 2483 1523 2537 De
1562 2482 1757 2537 nomint

1881 2470 2052 2541 paleis
2083 2482 2389 2528 nascentes.
2421 2474 2658 2529 Isidorus
2688 2489 2818 2528 vero
2846 2493 2861 2530 :
2896 2494 2915 2527 ι
2954 2476 3173 2544 Cimex,
3214 2496 3234 2529 ι
3270 2478 3477 2549 inquit,

168 2586 349 2630 autem
384 2574 677 2630 Canacheni
721 2576 1071 2647 quaarendum
1118 2576 1348 2644 amplius
1378 2584 1625 2630 censent.
1669 2576 1757 2630 Set

1886 2582 1905 2615 ι
1942 2563 2011 2619 de
2041 2564 2393 2623 similitudine
2419 2566 2697 2636 cujusdam
2727 2567 2910 2622 herbae
2939 2581 3183 2635 vocatur,
3209 2571 3366 2640 cujus
3386 2571 3478 2628 lte-

167 2668 262 2723 ubi
292 2667 345 2723 id
374 2668 748 2738 quaerendum,
792 2669 894 2721 nisi
940 2668 1077 2720 alius
1109 2665 1352 2721 melioris
1379 2676 1522 2721 nota:
1548 2674 1603 2722 et
1633 2666 1742 2720 inte

1878 2665 2051 2711 torem
2076 2656 2237 2712 habet
2268 2675 2288 2708 ι
2313 2656 2559 2729 (Arnob.,
2583 2658 2671 2713 lib.
2695 2675 2753 2727 ιι,
2778 2676 2895 2731 pag.
2920 2661 3011 2728 75;
3035 2660 3252 2730 Isidor.,
3286 2664 3376 2719 lib.
3395 2682 3473 2720 xu

166 2762 316 2831 grior
354 2761 755 2829 manuscriptus
788 2760 961 2814 codex
1007 2758 1307 2813 habeatur?
1354 2759 1422 2812 At
1462 2766 1611 2812 certe
1641 2757 1774 2811 nulli
1881 2748 2052 2821 Orig..
2084 2766 2200 2818 cap.
2232 2750 2311 2822 5).

166 2853 459 2908 obscurum
496 2868 618 2908 esse
658 2861 839 2923 potest
868 2852 1169 2907 Arnobium
1212 2851 1359 2922 loqui
1394 2851 1463 2907 de
1494 2851 1772 2907 nocturnis
1952 2861 1970 2893 ι
2002 2841 2241 2910 Cinnam,
2273 2863 2293 2896 ι
2327 2845 2403 2901 aii
2442 2855 2630 2903 mw!
2672 2855 2887 2914 “05W.
2937 2867 2957 2901 α
2990 2864 3283 2921 cyceonem
3311 2868 3473 2923 quem

164 2946 547 3018 praedonibus,
596 2948 685 3015 qui
732 2946 953 2999 deorum
1004 2946 1292 2999 simulacra
1346 2955 1439 3000 aut
1492 2947 1763 3014 spoliave-
1874 2938 2630 3009 nuneupatCra'ciamggerit
2664 2941 3471 3019 i(Arnob.,lib.v,pag.i74).

162 3051 310 3107 ηηι,
339 3049 434 3095 θυι
463 3056 528 3096 ex
557 3040 771 3112 tempus
813 3040 1171 3096 οωιυιοηηι,
1206 3041 1289 3096 An
1330 3049 1509 3095 autem
1541 3056 1636 3095 εοε
1664 3039 1765 3096 de.
1872 3029 2001 3085 Haec
2041 3039 2218 3086 autem
2252 3031 2342 3087 ille
2379 3041 2434 3087 et
2462 3033 2609 3101 plura
2649 3035 2788 3099 alia,
2827 3050 2950 3103 quas
2980 3037 3051 3092 ibi
3079 3038 3148 3093 de
3179 3039 3472 3097 Eleusiniis

162 3135 369 3205 signa,
405 3135 497 3205 qui
529 3136 732 3205 magica
769 3142 889 3189 aue
912 3134 965 3189 ω
994 3133 1267 3199 facerem,
1295 3133 1525 3191 aliorum
1560 3133 1763 3204 judicio
1872 3124 2150 3193 mysteriis
2178 3134 2379 3189 narrat,
2408 3141 2475 3181 ex
2504 3126 2783 3182 Clemente
2808 3128 3195 3197 Alexandrino,
3223 3143 3279 3186 ut
3308 3147 3470 3204 supra

162 3226 546 3299 permittimus.

1873 3216 2210 3284 notavimus,
2258 3226 2534 3277 mutuatus
2570 3228 2672 3273 est.
2714 3220 2903 3276 Graece
2948 3222 3092 3276 enim
3153 3222 3345 3279 doctus
3389 3226 3472 3280 vir

235 3319 618 3377 Chatti/torulus
645 3319 715 3374 ab
746 3319 987 3376 Arnobio
1025 3318 1220 3375 dicitur
1248 3317 1436 3390 (Ibid.,
1463 3335 1600 3390 ,pag.
1627 3316 1765 3390 209)

158 3428 391 3485 parvum
418 3427 512 3466 vas
540 3413 808 3482 potorium
833 3454 848 3478 ,
878 3427 999 3465 cum
1037 3427 1146 3482 quo
1176 3408 1419 3465 Bacchus
1449 3409 1595 3480 pingi
1623 3410 1765 3465 sole-

159 3508 274 3564 bat.
307 3508 514 3563 Paucas
543 3508 686 3563 enim
712 3515 840 3562 ante
867 3506 1038 3560 lineas
1059 3506 1349 3573 scripserat
1378 3522 1391 3557 :
1422 3522 1440 3554 ε
1473 3504 1529 3558 In
1556 3502 1760 3569 Liberi,

158 3617 259 3659 seu
283 3602 502 3669 Bacchi,
526 3603 746 3658 dextera
777 3600 1021 3672 pendens
1046 3600 1248 3670 potoris
1278 3598 1592 3654 cantharus.
1610 3618 1628 3650 ι
1659 3597 1764 3652 Ila-

157 3697 365 3752 tionem
397 3697 441 3752 si
472 3710 715 3765 quaeras,
754 3694 894 3750 hanc
940 3692 1037 3747 tibi
1070 3692 1315 3747 Valerius
1345 3692 1606 3747 Maximus
1632 3706 1760 3762 sug-

156 3799 331 3862 geret.
366 3808 387 3841 ‹
416 3789 578 3844 Liber
606 3798 757 3859 pater
791 3803 857 3843 ex
889 3787 1015 3841 Asia
1047 3786 1252 3841 ducens
1282 3785 1632 3855 triumphum,
1660 3788 1762 3843 hoc

156 3896 291 3939 usus
331 3882 510 3952 poculi
553 3895 753 3952 genere
791 3881 1064 3935 ferebatur
1096 3898 1115 3931 ι
1170 3877 1320 3949 (Val.
1366 3876 1538 3942 Mam,
1568 3879 1658 3934 lib.
1692 3896 1757 3946 ιι,

156 3990 278 4045 cap.
310 3975 366 4042 6,
393 3974 420 4047 ᾗ
451 3975 529 4045 7).
559 3973 727 4044 Cujus
750 3972 1022 4040 exemplo,
1051 3970 1129 4025 uti
1160 3970 1250 4025 ille
1279 3979 1331 4025 et
1360 3971 1564 4026 Plinius
1590 3986 1762 4026 anuo-

156 4077 341 4125 taruut
364 4067 558 4138 (Plin.,
584 4067 673 4121 lib.
696 4080 865 4121 xxxut
891 4063 1029 4118 Hist.
1072 4071 1201 4123 nat,
1229 4079 1347 4130 cap.
1372 4063 1461 4132 11,
1493 4080 1612 4133 pag.
1639 4062 1754 4135 7'5),

156 4162 223 4218 C.
252 4162 449 4216 Marius
472 4170 590 4231 post
618 4160 901 4215 victoriam
938 4157 1275 4229 Cymbricam
1305 4155 1577 4212 cantharis
1610 4172 1756 4215 setn-

157 4270 257 4326 per
289 4253 515 4324 potavit.

230 4347 412 4416 Capite
455 4347 592 4400 censi
637 4345 887 4417 appellati
936 4354 1095 4409 sunt,
1140 4343 1342 4415 inquit,
1392 4354 1511 4413 post
1558 4343 1754 4401 Iulium

156 4439 417 4505 Paulum,
454 4440 516 4493 Α.
548 4437 788 4504 Gellius,
819 4438 909 4508 qui
944 4438 1125 4501 nullo,
1168 4447 1261 4493 aut
1302 4453 1559 4507 perquam
1593 4454 1756 4507 parvo

157 4548 266 4588 tere
314 4533 708 4596 censebantur,
758 4547 819 4585 ac
869 4547 1089 4601 parvum
1135 4540 1228 4585 aut
1274 4532 1483 4585 nullum
1526 4533 1755 4603 vectigal

1867 3310 2161 3379 scripserat
2187 3328 2200 3364 :
2233 3308 2373 3366 ἔπιον
2400 3313 2484 3368 τὸν
2511 3320 2750 3378 κυκεῶνα,
2780 3312 2895 3368 Bibi
2939 3331 3227 3385 cyceoncm.
3261 3318 3467 3373 Ciuntts

1866 3412 2068 3468 autem,
2100 3412 2236 3458 teste
2265 3404 2436 3460 Nonio
2468 3405 2739 3469 Marcello,
2773 3407 3008 3476 potionis
3031 3423 3201 3476 genus
3231 3419 3366 3476 erat,
3395 3423 3464 3465 ex

1865 3495 2049 3553 multis
2071 3496 2370 3567 liquoribus
2391 3500 2698 3555 confectum
2730 3500 2983 3571 (Clemens
3007 3501 3288 3558 Alexandr.
3310 3544 3324 3568 ,
3355 3502 3465 3557 Ad-

1865 3590 2043 3643 monit.
2071 3590 2138 3643 ad
2167 3601 2329 3660 gent.,
2370 3608 2490 3662 pag.
2520 3591 2609 3656 15;
2645 3590 2789 3646 Non.
2818 3590 3084 3660 Marcell.,
3112 3594 3174 3647 de
3199 3594 3459 3668 PrOpriet.

1863 3684 2024 3747 verb.,
2051 3700 2168 3754 cap.
2193 3686 2220 3739 1
2250 3695 2297 3739 et
2316 3684 2392 3756 6).
2419 3685 2651 3742 Monitos
2673 3702 2835 3756 porro
2857 3701 2956 3742 nos
2983 3688 3073 3743 ille
3097 3686 3224 3743 facit
3249 3704 3311 3744 ea
3332 3706 3466 3746 voce

1863 3792 2023 3833 usum
2071 3792 2193 3833 esse
2236 3776 2577 3835 Ciceronem.
2633 3779 2844 3835 Videsis
2881 3780 3227 3848 Turnebum,
3261 3782 3334 3836 lib
3389 3798 3463 3838 xu

1862 3871 2153 3927 Adversar.
2173 3910 2189 3936 ,
2216 3884 2338 3941 cap.
2368 3872 2424 3928 8.

1935 3963 2149 4018 Classici
2186 3964 2597 4032 appellabantur
2634 3967 2780 4022 cives
2815 3967 3043 4024 Romani
3101 3974 3190 4040 qui
3238 3972 3459 4044 quidem

1862 4058 2039 4113 varias
2082 4057 2137 4110 in
2166 4056 2369 4112 classes
2398 4058 2671 4128 quomodo
2697 4060 2969 4117 distributi
3001 4062 3231 4132 fuerint,
3275 4066 3458 4123 Livius

1861 4161 1915 4206 et
1965 4150 2250 4220 Dionysius
2306 4150 2748 4210 Halicarnasseus
2799 4155 3139 4228 descripsere
3187 4161 3461 4231 (Arnob.,

1860 4244 1951 4299 lib.
1976 4261 2034 4311 ιι,
2063 4261 2185 4315 pag.
2219 4243 2312 4312 63;
2342 4244 2479 4315 Liv.,
2516 4246 2605 4303 lib.
2638 4263 2696 4314 ιι,
2728 4265 2844 4322 cap.
2867 4251 2957 4315 45,
2987 4250 3205 4323 Diongs.
3260 4253 3461 4320 Halic.,

1862 4337 1950 4392 lib.
1975 4353 2050 4402 IV,
2072 4354 2192 4408 pag.
2226 4337 2327 4393 221
2354 4348 2401 4396 et
2425 4338 2613 4411 seqq)
2640 4340 2907 4412 Singulari
2932 4352 3111 4400 tamen
3129 4347 3456 4416 signiﬁcatu,

1861 4438 1921 4484 ut
1950 4429 2137 4485 refert.
2159 4430 2229 4486 A.
2260 4430 2487 4498 Gellius,
2521 4433 2732 4489 classici
2770 4436 3098 4493 vocabantur
3123 4438 3310 4507 prima!
3339 4453 3456 4498 tan-

1863 4532 1972 4583 tum
2003 4525 2194 4582 classis
2220 4526 2506 4593 homines,
2538 4528 2629 4598 qui
2655 4538 2871 4583 centum
2899 4540 2954 4584 et
2994 4532 3178 4601 viginti
3221 4535 3455 4604 quinque

156 4625 465 4697 pendebant
510 4622 725 4697 (Arnob.
750 4667 762 4689 ,
797 4624 885 4677 lib.
943 4630 1000 4690 ιι,
1040 4640 1161 4694 pag.
1194 4623 1295 4687 (53;
1334 4622 1490 4689 Gell.,
1526 4622 1615 4677 lib.
1646 4639 1753 4692 xvr,
1783 4626 1837 4686 D
1862 4621 2028 4676 millia
2043 4623 2169 4677 acris
2189 4622 2489 4692 ampliusve
2507 4621 2657 4678 censi
2674 4622 3035 4690 eraut(G¢ll.,
3060 4625 3149 4681 lib.
3170 4643 3242 4681 vlt
3293 4627 3451 4683 Noct.

157 4718 321 4774 Nocl.
352 4719 530 4785 Allia,
560 4733 680 4790 cap.
711 4716 821 4785 10).

228 4810 414 4866 Castus
437 4810 694 4880 peculiari
716 4822 877 4865 Seusu
897 4808 962 4860 ab
979 4805 1218 4861 Arnobio
1234 4808 1494 4876 accipitur
1513 4807 1724 4880 (Arnob.
1738 4852 1751 4875 ,

158 4904 246 4959 lib.
275 4921 333 4971 γ,
367 4920 487 4976 pag.
520 4902 673 4969 167),
698 4902 784 4956 ubi
811 4900 997 4955 matris
1022 4900 1179 4953 deum
1211 4912 1303 4954 seu
1330 4899 1583 4972 Cybeles,
1609 4916 1754 4974 mys-

157 4998 292 5054 teria
338 4996 483 5052 hunc
526 4994 764 5065 exagitat
807 4992 859 5047 in
904 4991 1119 5046 modum
1155 5010 1169 5043 :
1205 5010 1225 5041 ‹
1259 4992 1396 5057 Quid
1430 5003 1753 5061 temperatus

158 5089 227 5144 ab
260 5089 517 5143 alimonio
546 5084 734 5156 panis,
769 5087 854 5140 cui
884 5086 958 5139 rei
988 5082 1215 5139 dedistis
1248 5090 1442 5139 nomen
1488 5093 1687 5139 castus.
1731 5106 1749 5137 ι

158 5183 311 5251 Quod
336 5182 554 5252 quidem
581 5190 637 5234 ut
659 5181 1008 5249 intelligatur,
1034 5195 1098 5233 ex
1122 5179 1371 5248 Apuleio,
1393 5176 1750 5245 Tcrtulliauo,

157 5277 489 5349 Hieronymo
518 5283 573 5330 et
601 5274 740 5341 aliis,
783 5271 1317 5327 animadvertendum
1350 5274 1453 5337 est,
1484 5273 1535 5327 In
1563 5273 1752 5329 hormn

159 5367 543 5441 mysteriorum
570 5366 935 5422 celebratione
962 5366 1303 5422 observatam
1333 5366 1528 5434 fuisse,
1560 5378 1757 5437 praeter

159 5466 293 5519 alios
343 5461 529 5531 plures
573 5461 980 5530 superstitiosos
1033 5461 1210 5525 ritus,
1262 5461 1507 5515 ciborum
1563 5460 1752 5516 saltem

159 5557 527 5618 communium
576 5555 953 5613 abstinentiam
1001 5554 1234 5624 (Aput,
1283 5553 1373 5613 lib.
1417 5568 1473 5609 ιι
1516 5553 1751 5617 Mettum.

161 5670 283 5723 pag.
312 5651 422 5708 206
448 5659 496 5706 et
525 5649 653 5714 209;
683 5648 926 5715 Tertull.,
954 5649 1044 5704 lib.
1074 5649 1138 5702 de
1164 5649 1369 5717 Jejun.,
1396 5664 1512 5719 cap.
1542 5649 1595 5719 2;
1631 5647 1754 5704 Hie-

159 5764 388 5819 ronym.,
412 5746 557 5812 epist.
584 5745 614 5801 7
637 5744 706 5799 ad
732 5743 946 5809 Latum,
970 5759 1092 5814 pag.
1122 5743 1212 5809 59,
1245 5753 1293 5797 et
1326 5742 1416 5797 lib.
1448 5758 1486 5799 ιι
1538 5742 1750 5798 Advers.

162 5838 306 5909 iam,
340 5855 462 5912 pag.
503 5834 615 5906 98).
649 5839 717 5893 At
748 5835 983 5906 quidam,
1018 5835 1090 5891 uti
1122 5835 1401 5892 Martinius
1425 5847 1478 5892 et
1502 5834 1748 5905 Vossius,

1862 4720 2041 4787 Attia,
2071 4736 2188 4789 cap.
2210 4718 2326 4789 15).
2348 4718 2419 4772 At
2443 4733 2512 4773 eo
2536 4718 2840 4789 signiﬁcatu
2863 4720 2967 4775 hoc
2987 4735 3182 4777 nomen
3211 4724 3452 4781 classicus

1859 4812 1929 4866 ab
1956 4811 2197 4865 Arnobio
2222 4809 2476 4876 sumitur,
2509 4810 2553 4864 si
2585 4812 2793 4882 integer
2821 4822 2875 4867 et
2905 4811 3249 4883 incorruptus
3277 4817 3348 4871 sit
3373 4818 3450 4873 ibi

1859 4904 2002 4961 illius
2029 4913 2241 4963 textus.
2283 4902 2371 4957 ubi
2410 4903 2562 4972 plura
2603 4905 2829 4974 turpiter
2873 4905 3070 4962 foedata
3103 4908 3266 4965 fuisse
3293 4925 3452 4967 nemo

1863 4996 2084 5055 difﬁteri
2109 5005 2303 5066 potest.
2335 4997 2410 5052 De
2437 4996 2627 5053 iisdem
2650 5010 2828 5054 autem
2857 5000 3223 5059 Romanorum
3257 5005 3449 5061 civium

1863 5091 2125 5147 classibus
2154 5088 2425 5146 Arnobius
2454 5088 2571 5162 (lib.
2599 5108 2657 5155 ιι,
2688 5110 2807 5164 pag.
2837 5092 2963 5165 91),
2988 5097 3063 5151 uti
3089 5098 3336 5167 superius
3370 5099 3451 5153 vi-

1862 5182 2063 5247 dimus,
2094 5182 2310 5238 locutus
2333 5191 2489 5239 antea
2523 5186 2715 5241 luerat.
2740 5189 2808 5242 At
2838 5188 2906 5244 de
2934 5188 3017 5245 his
3039 5197 3297 5259 pra-terea
3321 5205 3449 5247 con-
3488 5242 3499 5250 .

1860 5276 2040 5335 solere
2086 5277 2326 5345 poteris,
2372 5279 2441 5333 Α.
2489 5276 2760 5347 Gellium,
2808 5280 2904 5336 lib.
2950 5297 2980 5336 χ
3046 5281 3202 5337 Noct.
3242 5284 3446 5353 Attic.,

1808 5424 1817 5431 ,
1860 5385 1983 5440 cap.
2009 5369 2102 5437 9.8,
2130 5377 2186 5425 et
2208 5369 2472 5441 Lipsium,
2496 5371 2592 5428 lib.
2628 5388 2644 5426 ι
2669 5371 2738 5429 de
2760 5372 2911 5428 Milit.
2938 5372 3122 5441 Rom.,
3155 5375 3357 5448 Dialog.
3385 5377 3444 5445 2,

1858 5472 1992 5520 tum.
2017 5480 2095 5531 ut,
2125 5479 2246 5535 pag.
2278 5464 2363 5521 15.

1932 5554 2190 5624 Crateras,
2238 5558 2282 5610 si
2313 5556 2486 5612 Nonio
2514 5556 2766 5611 Marcello
2789 5557 3118 5627 credideris,
3157 5575 3284 5616 vasa
3324 5571 3448 5619 sunt

1859 5650 2001 5717 vini;
2033 5661 2274 5707 crateres
2302 5665 2432 5707 vero
2464 5664 2591 5705 vasa
2621 5649 2855 5717 olearia;
2904 5666 2968 5708 ac
3015 5660 3300 5725 utrumque
3329 5654 3447 5711 Vir-

1858 5744 1971 5815 gilii
2001 5745 2327 5807 auctoritate
2350 5744 2581 5817 probare
2607 5743 2796 5802 nititur
2816 5743 3004 5815 (lbid.,
3028 5763 3146 5819 pag.
3184 5748 3274 5815 56;
3300 5747 3445 5805 Mar-

1858 5837 1997 5907 cell.,
2030 5854 2144 5907 cap.
2177 5834 2287 5906 19).
