4020 6266
484 286 590 345 695

1753 296 2193 357 DISSEBTA'I'IO
2216 300 2493 359 PREVIA

3658 302 3765 364 696
3790 302 3801 311 ”

510 403 696 475 :iCupa
736 415 818 461 est
845 406 970 470 vas‘,
1017 406 1201 478 in'quo
1232 408 1459 474 bibitur;
1490 411 1608 473 vel,
1654 422 1713 466 ut
1748 414 2065 484 quibusdam
2093 419 2146 479 Α
2168 418 2280 474 sius
2309 418 2595 486 Hieroclis,
2645 430 2699 476 et
2743 421 3177 479 Elmenhorstius
3217 423 3465 481 Hieronis
3495 424 3761 481 Alexand.

483 496 676 567 placet,
718 513 808 553 vas
833 498 1091 554 vinarium
1119 501 1289 570 majus
1320 501 1559 573 (Arnob.,
1581 504 1695 569 lib.,
1722 520 1780 572 tt,
1804 522 1923 576 pag.
1946 506 2059 577 59).

552 590 812 655 Curculio,
844 608 939 649 seu
966 594 1239 664 curgulio,
1268 607 1361 650 aut
1398 598 1646 667 gurgulio
1667 640 1682 661 ,
1734 615 1953 669 parvum
1984 612 2067 657 est

482 684 677 739 animal
706 684 1029 741 frumentum
1058 687 1353 744 corrodens
1380 687 1430 758 (1
1439 688 1570 755 bid.,
1599 707 1721 761 pag.
1753 692 1869 761 75),
1895 701 1953 747 ut
1973 709 2068 764 pa-

484 787 561 833 tet
590 778 692 833 hoc
717 779 920 851 Virgilii
945 782 1183 837 carmine
1217 801 1232 837 :

575 954 610 1005 Ε
737 955 766 1003 Γ
822 892 1127 958 POpulatque
1150 896 1405 958 ingentem
1431 895 1569 947 farris
1586 910 1817 948 acervum

613 967 730 1005 urcu
755 968 818 1005 ιο.

613 967 818 1006 υιειιιιο.

975 1017 1203 1088 (Virgil,
1231 1018 1314 1071 lib.
1338 1036 1354 1069 ι
1384 1022 1578 1087 Georg,
1602 1036 1723 1075 vers.
1755 1023 1880 1085 185.)

481 1146 643 1216 Lege,
690 1149 737 1203 si
780 1150 933 1217 velis,
964 1149 1031 1205 de
1068 1150 1148 1205 Re
1178 1152 1376 1208 rustica
1408 1153 1721 1222 scriptores,
1748 1154 2071 1223 Varronem,

480 1255 597 1308 cap.
625 1240 714 1307 65;
742 1242 1024 1309 Catonem,
1049 1259 1169 1315 cap.
1194 1244 1250 1309 2;
1277 1245 1653 1312 Columellam,
1677 1247 1772 1301 lib.
1800 1263 1838 1314 ι,
1872 1262 1991 1318 cap.
2015 1246 2069 1315 6;

480 1330 775 1388 Palladium
806 1350 1035 1405 quoque,
1072 1336 1164 1391 lib.
1200 1352 1239 1402 ι,
1274 1336 1355 1390 tit.
1385 1338 1473 1393 l9.

551 1424 809 1497 Defanata
853 1428 1073 1493 cpaliola
1115 1429 1242 1484 dicit
1281 1430 1552 1485 Arnobius
1592 1431 1832 1503 (Arnob.,
1862 1432 1951 1487 lib.
1992 1448 2076 1500 tv,

480 1537 535 1589 ῃ.
566 1519 715 1590 155),
761 1520 811 1573 id
844 1530 927 1574 est
956 1522 1232 1590 profanata
1275 1524 1523 1591 spatiola.
1558 1523 1688 1579 Nam
1723 1524 1796 1580 ibi
1831 1525 2075 1582 alludere

480 1612 693 1667 videtur
721 1612 786 1666 ad
817 1628 880 1668 ea
910 1630 1029 1684 quae
1059 1614 1127 1670 de
1154 1614 1370 1669 Tiberio
1399 1615 1644 1672 Graccho
1664 1659 1678 1681 ,
1711 1618 1938 1684 Cicero,
1973 1619 2076 1673 Va-

481 1703 643 1758 lerius
670 1703 1037 1773 Maximus,_et
1056 1707 1146 1762 alii
1171 1719 1472 1764 memorant
1494 1708 1645 1782 (Cic.,
1672 1710 1759 1765 lib.
1789 1726 1823 1766 tt
1873 1712 1938 1767 de
1961 1711 2075 1767 Na-

2167 511 2489 567 conlirmant
2511 515 2844 571 testimonio.

2238 605 2576 663 Enterocelici
2601 621 2859 665 vocantur
2902 611 2996 681 qui
3024 591 3264 667 intestini
3293 626 3323 666 a
3344 612 3563 682 proprio
3592 620 3648 667 et
3668 625 3766 666 na-

2172 700 2330 755 turali
2362 702 2485 758 loco
2505 702 2797 769 descensu,
2825 718 2920 759 seu
2941 703 3131 759 hernia
3152 704 3417 760 laborant.
3444 703 3525 760 Eo
3552 718 3769 776 quoque

2169 809 2347 865 graeco
2372 795 2593 851 nomine
2620 796 2826 852 Plinius
2851 813 2977 851 usus
3019 807 3123 863 eSI,
3152 807 3207 854 et
3236 797 3463 853 latinum
3492 796 3622 852 fecit
3648 794 3773 869 (Ar-

2106 943 2112 955 ,
2171 889 2315 954 nob.,
2337 887 2427 943 lib.
2455 905 2617 961 vu,p.
2646 890 2791 959 240;
2832 889 2998 960 Plin.,
3028 891 3119 946 lib.
3151 907 3219 947 xx
3262 890 3455 947 Natur.
3476 892 3625 960 Irish,
3648 907 3765 962 cap.

2170 979 2225 1042 4,
2247 997 2301 1042 p.
2335 979 2448 1042 15).

2288 1019 2301 1033 .
2335 980 2358 1034 l
2433 1019 2448 1035 .

2247 979 2597 1130 ἓωιῗέιονανε
2619 1075 2751 1133 deos
2777 1077 2925 1147 ipsos
2951 1076 3088 1134 dixit
3110 1077 3635 1152 Arnobius.(Eodcm
3652 1078 3771 1146 ιιι,

2173 1182 2228 1233 ρ.
2251 1164 2404 1237 256).
2427 1183 2526 1239 pro
2551 1170 2926 1226 auctoritatem
2948 1171 3029 1226 eis
3055 1171 3295 1227 adimere
3318 1181 3374 1227 et
3393 1186 3628 1244 eripere.

2244 1256 2490 1314 Fasciola
2518 1300 2534 1325 ,
2567 1259 2746 1317 fascia:
2769 1260 3184 1329 diminutivum,
3217 1262 3466 1335 idemque
3491 1276 3651 1319 sonat
3687 1274 3778 1319 at-

2174 1364 2279 1419 que
2304 1350 2586 1406 linteolum
2618 1350 2862 1424 (Arnob.,
2892 1354 2980 1409 lib.
3010 1370 3070 1421 ιι,
3090 1372 3142 1425 p.
3166 1352 3300 1427 59),
3325 1355 3467 1427 quod
3499 1354 3564 1410 ad
3596 1355 3775 1427 ligan-

2174 1440 2301 1496 dum
2328 1441 2526 1512 aliquid
2555 1454 2738 1513 aptum
2760 1454 2865 1509 est,
2899 1446 2987 1501 vel
3015 1462 3124 1516 quo
3149 1448 3430 1518 speciatim
3448 1448 3671 1503 vulnera
3693 1448 3776 1503 al-

2177 1535 2431 1607 ligantur,
2480 1537 2638 1592 sicuti
2685 1537 2923 1595 lsidorus
2968 1541 3350 1597 animadvertit
3398 1541 3652 1612 (Isidem,
3681 1543 3774 1598 lib.

2178 1646 2269 1685 xtx
2317 1630 2489 1703 0rig.,
2511 1649 2629 1703 cap.
2650 1634 2765 1702 35).
2788 1634 2854 1689 Et
2880 1634 3072 1691 Cicero
3092 1636 3307 1706 quidem
3325 1637 3377 1692 in
3396 1637 3627 1707 quadam
3648 1653 3774 1693 ora-

2179 1725 2325 1781 tione
2368 1727 2545 1798 primo
2599 1742 2763 1783 sensu
2808 1726 2946 1785 dixit
2976 1747 2992 1784 :
3028 1748 3047 1782 ι
3070 1729 3130 1785 Ρ.
3165 1730 3386 1787 Clodius
3413 1748 3442 1785 a
3473 1744 3714 1800 croc0ta,
3754 1753 3775 1787 ι

481 1809 582 1854 tur.
608 1799 776 1866 deor.,
800 1817 854 1869 ρ.
878 1803 1005 1866 215,
1035 1802 1124 1856 lib.
1148 1819 1163 1857 ι
1209 1803 1273 1858 de
1296 1802 1493 1869 I)ivin.,
1519 1821 1572 1872 ρ.
1597 1803 1725 1867 261ς
1761 1803 1878 1858 Val.
1902 1805 2072 1872 Max.,

2201 1818 2348 1888 nquit
2367 1861 2384 1884 ,
2424 1838 2443 1871 ι
2468 1834 2496 1872 a
2529 1821 2709 1887 mitra,
2734 1837 2764 1875 a
2791 1822 3142 1879 muliebribus
3171 1825 3354 1891 soleis,
3385 1828 3781 1898 purpureisque

483 1891 571 1945 lib.
601 1908 638 1956 t,
668 1908 783 1963 cap.
818 1894 871 1955 l,
899 1892 927 1965 §
958 1892 1034 1965 3).
1060 1892 1195 1949 Cum
1227 1895 1337 1961 ille,
1370 1896 1637 1965 inquiunt,
1669 1897 2075 1955 tabernaculum

482 1986 613 2041 vitio
651 1987 885 2054 cepisset
928 1987 1273 2059 imprudens,
1302 1998 1359 2044 et
1399 1989 1699 2059 pomarium
1744 1991 2077 2062 inauspicato

484 2086 849 2149 transgressus
874 2089 1038 2146 esset,
1068 2080 1189 2135 ideo
1218 2081 1346 2136 vitio
1366 2093 1576 2137 creatos
1606 2083 1856 2138 consules
1880 2085 1949 2138 ab
1980 2099 2078 2139 au-

483 2171 703 2240 guribus
726 2173 1145 2240 pronuntiatum.
1170 2173 1320 2241 Quod
1346 2174 1560 2243 quidem
1591 2175 1636 2231 si
1661 2176 1731 2229 ita
1759 2176 1850 2241 sit,
1887 2186 2077 2232 auctor

485 2275 673 2320 naster
701 2265 1107 2322 tabernaculum
1132 2267 1260 2321 illud
1290 2276 1343 2321 et
1366 2269 1662 2336 pomarium
1684 2269 1927 2339 defuncta
1952 2285 2078 2338 spa-

485 2357 609 2411 tiola
651 2358 921 2428 appellare
968 2360 1198 2415 videtur.
1243 2360 1300 2414 Si
1327 2372 1507 2415 tamen
1538 2361 1605 2416 ad
1649 2361 1807 2416 aliam
1846 2362 2076 2417 similem

486 2451 763 2508 historiam
807 2458 930 2508 etim
965 2457 1270 2525 respexisse
1301 2457 1609 2525 probaveris
1630 2499 1644 2519 ,
1674 2457 1767 2511 tibi
1796 2466 1946 2512 certe
1970 2471 2077 2513 non

486 2546 900 2615 repugnabimus
928 2564 941 2599 :
972 2547 1067 2602 sed
1096 2547 1286 2603 eadem
1313 2564 1529 2620 semper
1563 2549 1667 2605 erit
1695 2552 1983 2606 verborum
2010 2551 2079 2605 il-

487 2635 590 2691 lius
609 2637 948 2706 signiﬁcatio.

564 2748 584 2779 ι
618 2728 948 2797 Desultores,
985 2750 1003 2784 ι
1041 2732 1214 2803 inquit
1237 2732 1510 2799 Isidorus,
1548 2753 1568 2786 ι
1599 2736 1902 2803 nominati,
1933 2737 2079 2807 quod

487 2821 614 2876 olim
634 2862 650 2888 ,
681 2831 838 2893 prout
878 2822 1104 2894 quisque
1131 2825 1199 2879 ad
1230 2824 1392 2881 linem
1429 2841 1620 2882 cursus
1646 2838 1871 2883 venerat
1890 2871 1906 2895 ,
1934 2829 2082 2885 desi-

489 2914 651 2971 liebat
695 2932 758 2972 ac
803 2919 1051 2974 currebat
1093 2937 1107 2972 :
1162 2920 1275 2975 sive
1319 2921 1463 2990 quod
1512 2922 1580 2977 de
1606 2938 1745 2993 equo
1797 2924 1848 2978 in
1879 2939 2080 2994 equum

490 3010 821 3066 transiliebat
847 3029 867 3062 ι
896 3010 1133 3083 (Arnob.,
1160 3012 1250 3067 lib.
1275 3029 1332 3074 tt,
1365 3031 1419 3083 p.
1445 3015 1543 3081 70;
1570 3014 1784 3082 lsidor.,
1810 3016 1899 3073 lib.
1948 3032 2078 3073 xvut

495 3102 718 3176 0rigt'n..
742 3122 858 3175 cap.
889 3106 996 3176 59).
1029 3107 1208 3176 Atque
1236 3107 1340 3163 hoc
1367 3124 1531 3163 sensu
1560 3124 1588 3162 a
1618 3110 1769 3164 Livio
1796 3111 2078 3180 accipitur,

2178 1912 2412 1968 fasciolis
2439 1932 2459 1965 ι
2486 1912 2670 1987 (Cicer.
2694 1914 2841 1970 Orat.
2865 1916 2935 1971 30
2964 1917 3029 1972 de
3080 1916 3309 1988 Harusp.
3336 1936 3498 1990 ηιμ,
3547 1940 3602 1993 p.
3622 1920 3777 1996 456).

2178 2002 2432 2060 Horatius
2460 2014 2640 2061 autem
2667 2006 2906 2062 secundo
2932 2022 3094 2064 sensu
3123 2010 3345 2081 scripsit
3375 2029 3389 2065 :

2918 2126 3081 2177 Ponas
3105 2129 3313 2192 insignia
3348 2132 3528 2193 morbi,

2275 2184 2532 2236 Fasciolas.

2434 2250 2654 2311 (Horat,
2675 2249 2758 2302 lib.
2786 2267 2838 2313 ιι,
2860 2250 2997 2303 satir.
3022 2255 3073 2314 5,
3104 2266 3231 2306 vers.
3256 2254 3348 2305 εδδ
3370 2263 3416 2307 et
3436 2258 3593 2323 seqq.)

2253 2356 2557 2413 Fellitanm
2588 2375 2840 2413 mammas
2861 2371 3188 2431 exsurgerent,
3220 2361 3455 2419 honesto
3485 2362 3786 2433 signiﬁcatu

2181 2450 2251 2505 ab
2290 2450 2528 2505 Arnobio
2562 2450 2757 2506 dicitur
2807 2450 3049 2522 (Arnob.,
3082 2453 3171 2507 lib.
3213 2469 3271 2520 ιι,
3301 2471 3357 2524 p.
3398 2455 3510 2526 70).
3540 2455 3676 2511 Nam
3717 2456 3786 2513 dc

2182 2542 2479 2599 infantibus
2505 2542 2768 2613 loquitur,
2799 2545 2889 2613 qui
2918 2555 3149 2600 matrum
3185 2554 3277 2600 aut
3305 2547 3572 2601 nutricum
3616 2563 3785 2603 mam-

2182 2651 2298 2691 mas
2325 2636 2608 2707 sugebant.
2637 2634 2855 2692 Solinus
2882 2652 3012 2692 vero
3031 2637 3166 2693 dixit
3193 2655 3207 2692 :
3244 2656 3264 2690 ι
3294 2638 3643 2710 Nequaquam
3668 2656 3787 2696 ma-

2185 2743 2266 2789 ter
2292 2732 2439 2802 pullo
2477 2732 2641 2788 ubera
2664 2734 2871 2804 praebet
2900 2733 3197 2790 fellitanda.
3229 2755 3247 2788 ι
3280 2735 3500 2804 (Solim,
3535 2753 3655 2807 cap.
3684 2738 3782 2794 45.

2181 2843 2236 2896 p.
2271 2826 2388 2893 74.)
2418 2825 2562 2897 Lege
2584 2826 2914 2893 Turnebum,
2960 2827 3057 2884 lib.
3088 2844 3228 2883 xxiv
3260 2828 3516 2898 Advers.,
3539 2844 3657 2898 cap.
3695 2831 3785 2897 15,

2183 2928 2239 2973 et
2267 2918 2359 2973 lib.
2393 2934 2543 2984 xxix,
2572 2935 2692 2989 cap.
2722 2921 2809 2978 10.

2256 3011 2609 3067 Ferunculum
2645 3014 2698 3068 in
2740 3014 3001 3070 librorum
3043 3016 3265 3071 Arnobii
3304 3016 3674 3087 manuscripto
3690 3030 3789 3071 co-

2183 3105 2303 3161 dice
2352 3108 2504 3178 regio
2542 3106 2770 3177 legimus
2799 3107 3041 3178 (Arnob.,
3065 3109 3154 3164 lib.
3183 3126 3242 3176 ιι,
3271 3128 3323 3180 p.
3347 3107 3459 3181 b7).
3492 3110 3597 3165 Sed
3648 3109 3793 3167 hanc

491 3196 581 3251 ubi
603 3199 670 3252 de
692 3196 1037 3253 Numidarum
1060 3200 1302 3270 agilitate
1325 3203 1395 3255 ita
1425 3201 1664 3257 disserit.
1699 3221 1718 3253 ι
1754 3202 1863 3259 Nec
1889 3219 2080 3260 omnes
2108 3200 2155 3263 C
2188 3215 2378 3257 vocem
2430 3201 2647 3272 quidam
2700 3213 3009 3272 corruptam
3058 3205 3259 3273 opinati
3290 3245 3307 3271 ,
3352 3204 3684 3287 furunculum
3732 3206 3789 3264 in

491 3290 733 3345 Numida:
762 3292 812 3345 in
839 3290 1031 3346 dextro
1073 3292 1232 3346 locati
1264 3308 1469 3357 cornu,
1502 3295 1597 3349 sed
1628 3296 1823 3364 quibus
1848 3295 2089 3351 desulto-

491 3400 607 3440 rum
636 3386 687 3440 in
720 3386 959 3450 modum,
991 3385 1146 3442 binos
1176 3387 1514 3443 trahentibus
1542 3403 1736 3458 equos,
1767 3390 1907 3444 inter
1933 3406 2091 3446 acer-

492 3480 682 3533 rimam
709 3494 854 3550 szepe
882 3495 1142 3549 pugnam,
1198 3481 1249 3533 in
1283 3494 1554 3535 recentem
1596 3498 1791 3552 equum
1833 3498 1901 3537 ex
1946 3483 2091 3539 fesso

491 3574 712 3627 armatis
742 3573 1060 3627 transultare
1104 3588 1219 3629 mos
1261 3585 1378 3631 erat
1412 3593 1426 3629 :
1458 3585 1603 3630 tanta
1630 3577 1890 3631 velocitas
1919 3577 2049 3646 ipsis
2073 3620 2089 3641 ,

496 3674 710 3733 tamque
751 3663 927 3718 docile
953 3680 1213 3734 equorum
1250 3682 1419 3737 genus
1469 3678 1551 3721 est
1587 3688 1607 3719 ι
1645 3667 1805 3739 (Liu.,
1837 3669 1926 3723 lib.
1961 3686 2091 3725 xxttt

496 3772 614 3825 cap.
643 3755 756 3826 9.9).
809 3755 1020 3810 Videsis
1046 3755 1315 3828 Lipsium,
1349 3760 1440 3814 lib.
1495 3775 1549 3814 ιιι
1596 3761 1663 3815 de
1707 3762 1862 3816 milit.
1906 3762 2089 3828 Rom.,

496 3847 706 3919 Dialog.
736 3850 792 3915 8,
836 3865 955 3919 pag.
1002 3850 1091 3913 95,
1135 3863 1265 3906 tom.
1316 3867 1394 3918 tn;
1440 3866 1495 3909 et
1535 3855 1664 3910 Ctel.
1706 3855 2089 3928 thodiginum,

498 3942 594 3996 lib.
627 3958 780 4008 xxttt,
810 3942 933 3997 lect.
963 3945 1170 4014 Antiq.,
1198 3961 1316 4015 cap.
1347 3947 1439 4003 ὅθ.

575 4033 734 4087 Bibas
773 4036 825 4088 in
858 4036 1006 4105 regio
1044 4034 1354 4092 Aruobiano
1386 4039 1572 4094 codice
1608 4042 1803 4111 legitur
1837 4042 2050 4112 (Arnob.
2074 4086 2091 4112 ,

500 4126 590 4181 lib.
614 4142 672 4192 ιι,
695 4143 814 4197 pag.
845 4125 961 4197 60).
988 4127 1095 4182 Sed
1135 4128 1262 4199 quid
1291 4144 1355 4185 ea
1391 4145 1492 4185 vox
1534 4132 1830 4203 signiticet,
1860 4137 1979 4206 quia
2008 4135 2094 4191 in-

501 4235 833 4292 compertum
864 4232 1000 4291 erat,
1033 4240 1132 4295 pro
1159 4241 1222 4280 ea
1261 4225 1313 4279 in
1346 4226 1665 4296 quibusdam
1696 4228 1856 4285 editis
1894 4246 2091 4288 nomen

502 4316 658 4371 cubas
683 4318 913 4386 positum
939 4328 1043 4372 εει.
1074 4317 1371 4373 Salmasius
1390 4334 1519 4374 vero
1542 4320 1698 4384 hanc,
1729 4337 1886 4391 quam
1907 4327 2097 4393 genui-

504 4426 628 4467 nam
660 4421 807 4481 putat
826 4412 1113 4468 lectionem
1138 4423 1447 4482 corruptam
1474 4415 1639 4471 fuisse
1662 4417 1913 4486 opinatur
1934 4421 2097 4489 impe-

506 4505 627 4560 ritia
654 4504 1017 4572 librariorum,
1048 4506 1139 4577 qui
1170 4507 1458 4562 secundam
1489 4507 1648 4578 hujus
1680 4511 1912 4565 nominis
1945 4513 2094 4569 litte-

506 4615 622 4654 ram
668 4617 703 4653 u
742 4601 1064 4669 diviserunt,
1116 4616 1180 4657 ac
1208 4602 1445 4675 priorem
1488 4604 1606 4674 ejus
1649 4614 1855 4673 partem
1904 4606 2091 4675 prima:
2117 4591 2173 4652 D

510 4694 703 4750 littera:
729 4712 757 4748 c
784 4696 1175 4768 coniungentes
1214 4697 1458 4754 fecerunt
1507 4698 1686 4755 Dibuc.
1716 4698 1841 4754 Alio
1881 4711 2095 4769 autem,

510 4788 604 4843 sed
634 4803 737 4842 non
768 4790 984 4859 majoris
1008 4792 1267 4847 momenti
1311 4793 1558 4864 exemplo
1584 4793 1632 4848 id
1658 4794 1887 4863 probare
1913 4795 2099 4850 conni-

512 4882 658 4936 titur.
688 4883 755 4936 At
780 4882 1040 4939 Meursius
1065 4886 1289 4955 primam
1318 4886 1600 4942 lectionem
1628 4886 1809 4953 Dibus,
1839 4903 1943 4959 qua
1969 4904 2098 4945 usus

513 4987 597 5032 est
621 4976 895 5048 Agatbias,
928 4987 982 5033 et
1005 4996 1124 5048 qua:
1146 4980 1418 5036 binionem
1445 4981 1732 5051 signiﬁcat,
1761 4982 2098 5038 retinendam

513 5086 633 5127 esse
672 5071 880 5126 censuit
908 5071 1147 5142 (Maura,
1187 5073 1275 5127 lib.
1313 5089 1350 5128 ιι
1390 5073 1545 5137 Crit.,
1595 5090 1712 5143 cap.
1746 5074 1810 5138 6;
1846 5075 2098 5139 Salmas.,

516 5165 795 5220 Exercitat.
821 5166 874 5219 in
898 5164 1096 5229 Solin.,
1120 5182 1239 5237 pag.
1261 5166 1368 5221 M7
1391 5179 1436 5220 et
1456 5165 1605 5237 699).
1630 5168 1732 5221 Alii
1764 5176 1940 5224 tamen
1971 5168 2102 5224 illud

516 5258 585 5312 ab
610 5272 675 5312 eo
709 5257 1003 5313 voluissent
1026 5257 1147 5312 aliis
1180 5256 1443 5327 exemplis
1469 5259 1795 5313 conlirmari.
1826 5262 1895 5315 At
1923 5276 2102 5317 nonne

518 5350 583 5406 ad
614 5350 668 5405 id
700 5350 1030 5420 probandum
1059 5350 1191 5404 satis
1214 5359 1316 5415 est,
1345 5350 1485 5421 quod
1516 5350 1585 5403 ibi
1615 5350 1880 5406 Arnobius
1907 5353 1974 5407 de
2005 5370 2104 5408 nu-

520 5444 685 5497 meris
709 5442 963 5513 ἀίεμιιιθι,
986 5458 1049 5499 ac
1070 5444 1216 5499 varia
1240 5457 1587 5498 numerorum
1610 5443 1824 5498 nomina
1846 5446 2102 5502 continuo

522 5533 886 5604 subjunxcrit?
1375 5523 1385 5529 ’

523 5644 537 5666 ι
600 5627 844 5696 Dynamis
868 5637 1046 5684 autem
1073 5630 1139 5685 ab
1168 5630 1261 5685 illo
1290 5630 1487 5686 ibidem
1529 5639 1763 5696 notatur,
1791 5640 1847 5686 et
1883 5632 1937 5686 in
1983 5632 2104 5702 qui-

2192 3303 2337 3349 textu
2382 3295 2523 3350 haud
2567 3304 2746 3351 tamen
2795 3297 2986 3351 merito
3018 3298 3141 3367 jure
3184 3308 3502 3369 posuerunt.
3549 3298 3681 3354 Nam
3732 3310 3790 3355 ut

2192 3389 2449 3458 scriptum
2497 3387 2735 3443 Isidorus
2772 3390 2989 3460 reliquit
3023 3409 3035 3443 :
3073 3410 3092 3441 ι
3130 3390 3469 3447 Furunculus
3495 3403 3579 3448 est
3608 3402 3789 3449 tumor

2193 3481 2245 3534 in
2273 3492 2486 3536 acutmn
2516 3482 2974 3551 surgens,tlictus,
3006 3483 3150 3553 quod
3183 3484 3412 3549 ferveat,
3431 3486 3583 3556 quasi
3609 3485 3793 3541 lerun-

2192 3573 2364 3637 culns,
2395 3572 2534 3628 unde
2571 3588 2746 3644 graece
2776 3572 2957 3654 ἄνθραξ
2989 3575 3204 3643 dicitur,
3231 3577 3373 3648 quod
3406 3579 3476 3633 sit
3504 3577 3723 3648 ignitus.
3766 3602 3784 3630 ι

2195 3663 2435 3736 (Isidor.,
2467 3666 2556 3719 lib.
2588 3682 2639 3720 tv
2669 3665 2898 3735 0rigin.,
2925 3684 3043 3738 cap.
3069 3669 3151 3739 8.)
3173 3669 3277 3724 Sed
3296 3685 3509 3740 quoquo
3535 3669 3694 3725 modo
3710 3671 3792 3725 lc-

2193 3768 2369 3827 gatur,
2426 3759 2555 3814 illud
2595 3760 2796 3830 optime
2845 3764 3081 3815 auctoris
3133 3764 3300 3817 nostri
3338 3764 3615 3833 proposito
3657 3777 3794 3818 cou-

2194 3854 2353 3926 gruit.
2389 3854 2685 3910 Dicitenitn
2719 3856 2921 3909 nullum
2945 3857 3028 3910 vel
3060 3856 3400 3921 levissimum
3434 3858 3786 3926 furunculum,

2194 3950 2309 4003 sive
2327 3948 2652 4021 ferunculum
2678 3948 2747 4003 ab
2769 3949 2915 4005 nullo
2932 3966 3183 4021 umquam
3206 3949 3525 4019 philosopho
3550 3964 3652 4004 una
3676 3950 3794 4005 sola

2195 4060 2328 4099 voce
2372 4055 2637 4100 sanatum.
2674 4042 2749 4100 De
2811 4045 3095 4101 furunculo
3136 4052 3316 4121 autem
3355 4045 3553 4114 Saepius
3592 4044 3794 4100 Plinius

2197 4139 2292 4196 lib.
2323 4157 2412 4207 xx,
2445 4153 2499 4197 et
2527 4143 2639 4198 alii.

2269 4257 2482 4314 Flatare
2506 4261 2714 4314 calamo
2734 4301 2747 4324 ,
2772 4271 2819 4315 et
2841 4261 2953 4314 caeli
2974 4261 3189 4329 [laturas
3210 4259 3342 4314 dixit
3368 4268 3556 4314 auctor
3583 4270 3790 4323 noster,

2198 4365 2298 4422 pro
2320 4352 2449 4407 llare
2470 4352 2678 4407 calamo
2700 4366 2795 4406 seu
2822 4352 2969 4418 tibia,
2996 4361 3050 4407 et
3070 4352 3191 4408 caali
3214 4351 3341 4407 ﬂatu
3367 4350 3606 4423 (Arnob.,
3639 4353 3727 4408 lib.
3755 4370 3792 4421 i,

2200 4461 2254 4513 p.
2279 4445 2334 4524 7,
2363 4453 2409 4498 et
2436 4444 2552 4498 libr.
2578 4460 2634 4509 ll,
2666 4460 2718 4513 p.
2737 4443 2850 4514 69).

2412 4562 2484 4615 ria
2499 4576 2711 4632 quoque
2757 4561 2925 4617 verbo
2952 4560 3096 4617 haud
3126 4562 3291 4618 semel
3314 4562 3406 4618 ille
3434 4562 3602 4617 utitur
3625 4601 3643 4629 ,
3686 4578 3796 4633 quo

2201 4655 2363 4711 etiam
2401 4656 2619 4709 nomine
2675 4670 2827 4710 usum
2882 4670 3003 4711 esse
3048 4654 3263 4710 Festum
3302 4653 3504 4727 (Fect.,
3539 4654 3607 4707 ad
3653 4657 3790 4712 verb.

2202 4746 2515 4819 vammt),
2574 4749 2879 4819 Apuleium.
2909 4749 3152 4805 Soliuum
3178 4791 3193 4813 ,
3222 4764 3285 4804 ac
3316 4746 3587 4818 principue
3616 4748 3791 4805 medi-

2198 4858 2292 4900 cos
2317 4844 2564 4915 legimus,
2597 4852 2653 4898 ut
2679 4842 2882 4898 ﬂuxum
2909 4844 3231 4914 significent.

2278 4937 2589 4993 Formatura
2611 4938 2752 4992 varia
2801 4954 2882 4992 res
2920 4945 3177 5007 spectans,
3212 4938 3377 4992 verba
3413 4945 3538 4991 sunt
3568 4935 3795 4992 Arnobii

2205 5034 2317 5101 (lib.
2348 5049 2403 5098 ιι,
2435 5052 2486 5104 ρ.
2516 5032 2584 5088 59
2612 5032 2659 5106 ),
2701 5033 2792 5104 qui
2822 5047 2973 5088 more
3009 5046 3129 5098 suo,
3160 5040 3216 5086 ut
3236 5030 3365 5086 alibi
3396 5032 3651 5102 vidimus,
3687 5032 3792 5088 Lu-

2203 5125 2430 5182 cretium
2452 5126 2696 5196 sequitur
2728 5144 2742 5179 :

2297 5218 2681 5280 Formaturaque
2706 5216 2952 5266 labrorum
2978 5230 3068 5280 pro
3089 5225 3227 5281 parte
3252 5216 3429 5281 ﬁgurat

2296 5344 2474 5393 Servat
2492 5343 2625 5393 enim
2649 5340 2979 5399 formaturam,
3005 5350 3270 5406 servatque
3293 5343 3519 5406 figuram.

2663 5423 2898 5487 (Lucret.,
2924 5422 3008 5474 lib.
3034 5438 3100 5486 tv,
3124 5438 3250 5477 vers.
3275 5425 3369 5476 554
3386 5431 3431 5476 et
3446 5425 3580 5489 560.)

2281 5532 2530 5586 Frustilla
2552 5530 2702 5603 ignea
2717 5531 2887 5587 stellae
2916 5532 2985 5587 ab
3010 5532 3249 5587 Arnobio
3270 5543 3529 5587 vocantur
3580 5531 3691 5603 (lib.
3715 5547 3753 5587 ιι
3771 5573 3788 5598 ,

2207 5644 2259 5694 p.
2292 5621 2408 5697 84),
2437 5623 2490 5679 id
2530 5635 2634 5690 est,
2654 5622 2823 5679 frusta
2855 5625 3072 5695 parvula
3099 5626 3272 5695 ignea.
3298 5627 3340 5680 A
3369 5625 3636 5680 ditniuuto
3649 5625 3792 5680 enim

529 5717 748 5773 busdam
770 5721 1095 5777 editionibus
1120 5723 1357 5794 damonis
1376 5765 1392 5791 ,
1419 5722 1515 5781 sed
1538 5723 1817 5780 mendose.
1844 5723 2106 5796 Dynamis
2207 5720 2423 5775 nomine
2469 5719 2696 5775 frustum
2739 5719 2936 5775 factum
2962 5729 3048 5776 est
3074 5718 3388 5777 frustillum.
3420 5718 3640 5776 Plautus
3665 5733 3794 5776 vero

531 5820 707 5866 autem
724 5816 1131 5881 quaternioncm
1145 5817 1427 5889 signiﬁcat,
1449 5817 1900 5891 quemadmodum
1925 5817 2101 5877 Meur-

2203 5814 2397 5873 alicubi
2427 5814 2616 5871 eodem
2649 5813 2808 5873 modo
2831 5813 3002 5873 dixit:
