4020 6278
621 332 727 389 705

1878 331 2321 391 DISSERTATIO
2348 333 2626 392 PBEVIA

3808 332 3920 390 701-

621 452 749 523 quid
776 452 885 525 pati
924 459 1122 523 potest.
1152 450 1307 508 Unde
1336 452 1497 507 etiam
1528 454 1699 524 passio
1742 452 1897 519 illud,
1940 451 2084 524 quod
2113 453 2211 507 ali-
2239 464 2290 524 Α
2314 461 2646 508 mortuorum
2669 465 2897 526 corpora
2938 455 3205 522 lavabant,
3237 463 3399 527 atque
3421 456 3682 511 curabant
3729 453 3925 510 fasciis

620 545 748 617 quid
798 546 1025 615 patitur,
1069 555 1122 601 et
1150 546 1364 614 tolerat,
1413 562 1512 603 seu
1562 548 1900 603 tolerantiam
1938 548 2211 618 signilicat

620 639 644 711 (
672 639 864 702 Idem,
894 639 981 694 lib.
1014 655 1069 709 ιι,
1105 658 1225 712 pag.
1253 640 1316 698 61
1348 651 1393 696 et
1418 640 1605 713 seqq.).

695 734 1103 802 Peniculantem,
1117 738 1365 792 decurtan
1378 738 1764 793 temcantlierios
1784 736 2022 793 Liberum
2060 737 2113 808 (1
2118 738 2152 791 d
2163 785 2170 793 .
2183 780 2200 806 ,

622 830 712 885 lib.
744 846 801 894 ν,
832 847 955 901 pag.
983 830 1135 904 165),
1171 848 1267 887 seu
1293 831 1582 895 Bacchum,
1621 832 1790 886 videre
1818 832 2016 896 vellem,
2046 831 2211 886 verba

620 922 739 980 hzec
764 933 890 979 sunt
918 925 1162 991 Arnobii,
1185 925 1279 981 sed
1309 924 1626 996 quihusdam
1657 934 1910 995 corrupta
1948 925 2069 995 jure
2098 941 2204 978 non

621 1017 878 1073 immeriti
945 1017 1216 1073 videnlur.
1279 1017 1691 1074 Restitueudum
1748 1028 1927 1073 autem
1994 1017 2209 1085 quidam

620 1112 931 1165 ominantur
971 1111 1422 1181 peniculamenta;
1470 1112 1558 1166 alii
1601 1111 1840 1183 peniculo
1871 1112 2214 1165 decurtantem

621 1204 1017 1259 cantheriorum.
1061 1203 1336 1259 Martinius
1374 1220 1540 1272 vero,
1586 1205 1677 1277 qui
1707 1204 1851 1260 favet
1892 1204 2055 1275 priori
2106 1204 2216 1259 lec-

622 1297 786 1365 tioni,
837 1298 1088 1369 opinatur
1133 1298 1626 1370 peniculamentum
1676 1298 1983 1369 signiﬁcare
2031 1299 2215 1353 vincu-

621 1390 732 1446 lum
776 1406 844 1447 ex
887 1393 1017 1448 setis
1046 1393 1482 1456 cantheriorum;
1517 1390 1721 1447 Nonius
1763 1406 1893 1446 vero
1941 1390 2084 1446 idem
2125 1404 2213 1445 so—

622 1499 750 1541 nare
792 1500 855 1541 ac
897 1486 1063 1541 vestis
1106 1484 1409 1550 ﬁmbriam,
1451 1486 1565 1541 sive
1608 1496 1815 1556 partem
1861 1484 2046 1550 illius,
2095 1499 2215 1554 quae

621 1585 821 1633 terram
861 1566 1075 1649 attingit
1107 1575 1366 1652 (Nonius,
1398 1595 1514 1649 cap.
1542 1578 1598 1645 2,
1642 1579 1711 1634 ad
1745 1578 1881 1633 verb.
1927 1594 2217 1634 PBNICULA-

621 1671 887 1745 IBN‘I'UI).
914 1673 1021 1731 Sed
1043 1673 1159 1729 haec
1189 1689 1379 1745 parum
1419 1674 1619 1729 faciunt
1648 1673 1715 1729 ad
1748 1672 1968 1729 Aruobii
2015 1688 2215 1744 propo-

620 1768 806 1832 situm,
840 1768 942 1823 nisi
972 1767 1213 1823 Bacchus
1240 1768 1355 1837 ipse
1379 1782 1663 1838 equorum,
1693 1767 1887 1838 quibus
1914 1782 1945 1822 e
1980 1766 2121 1823 ccelo
2160 1766 2214 1820 in

621 1870 820 1915 terram
866 1860 1179 1927 vehebatur,
1226 1876 1409 1917 curam
1456 1859 1707 1915 habuisse
1749 1860 1981 1915 dicatur.
2035 1860 2217 1915 Potuit
2247 1878 2337 1957 B'

620 1951 836 2023 quidem
882 1952 1150 2008 Arnobius
1180 1951 1311 2008 illud
1341 1951 1571 2008 ethnicis
1602 1951 1741 2006 haud
1786 1951 1943 2023 plane
1972 1950 2207 2007 infaceta

620 2046 791 2101 ironia
813 2045 1141 2117 exprobrare
1166 2062 1180 2098 :
1204 2044 1298 2101 sed
1328 2044 1445 2100 sine
1471 2044 1702 2114 alicujus
1725 2044 2071 2100 correctioris
2102 2059 2217 2098 rua-

621 2137 883 2210 nuscripti
925 2137 1130 2195 codicis
1164 2137 1367 2193 auxilio
1407 2136 1539 2192 nihil
1582 2147 1734 2194 certo
1770 2136 1998 2194 deﬁnire
2037 2136 2208 2193 aude-

623 2247 762 2288 mus.

693 2325 955 2383 Pestilitas
993 2325 1231 2382 Arnobio
1280 2325 1420 2381 idem
1466 2334 1551 2382 est
1574 2341 1640 2382 ac
1681 2326 1884 2397 pestis,
1938 2336 2101 2398 atque
2145 2327 2219 2383 ibi

626 2421 962 2488 Lucretium,
996 2429 1054 2475 ut
1075 2419 1202 2475 alibi
1236 2420 1452 2489 smpius,
1477 2420 1616 2474 sicut
1643 2436 1672 2473 a
1702 2420 1857 2475 nobis
1876 2420 2218 2475 observatum

622 2523 725 2579 est,
756 2512 1015 2580 imitatus,
1046 2510 1148 2567 hoc
1178 2512 1398 2567 verbum
1428 2511 1670 2567 adhibuit
1719 2510 1968 2585 (Arnob.,
2002 2513 2090 2567 lib.
2124 2528 2217 2579 vn,

624 2621 747 2677 pag.
793 2604 935 2669 248;
962 2603 1302 2671 Lucret.,lib.
1334 2621 1405 2672 v1,
1435 2621 1565 2661 vers.
1613 2605 1772 2670 1096,
1826 2606 1984 2673 1125,
2033 2606 2215 2677 1150).

695 2698 1016 2771 Phrygiones
1038 2699 1072 2753 ii
1093 2707 1375 2765 vocantur,
1402 2699 1494 2767 qui
1536 2707 1714 2754 vestes
1758 2710 1849 2752 aut
1878 2700 2100 2769 pingunt
2129 2709 2223 2753 aut

625 2790 888 2847 intexunt.
944 2789 1133 2846 Testes
1173 2790 1218 2844 si
1247 2789 1411 2856 velis,
1462 2790 1709 2845 Servium
1758 2788 1852 2844 tibi
1901 2791 2215 2856 citabimus,

629 2885 884 2950 Nonium,
911 2896 967 2940 et
989 2883 1253 2940 lsidorum
1283 2883 1523 2953 (Arnob.,
1547 2885 1636 2939 lib.
1669 2900 1726 2951 ιι,
1765 2900 1887 2954 pag.
1916 2885 2018 2951 70;
2048 2885 2219 2948 Serv.,

624 2980 680 3033 in
709 2979 799 3034 lib.
833 2995 890 3034 ιιι
919 2977 1159 3043 ιΕηεὶάη
1191 2994 1322 3032 vers.
1352 2978 1492 3042 484;
1545 2976 1770 3041 Nonius,
1807 2995 1923 3048 cap.
1965 2980 2018 3044 1,
2076 2996 2218 3034 nunt.

629 3071 729 3134 10;
757 3069 974 3134 Isidor.,
1003 3069 1091 3126 lib.
1120 3085 1209 3125 xl:
1239 3068 1464 3142 0rigin.,
1489 3085 1601 3141 cap.
1648 3068 1766 3143 22).
1794 3069 2023 3125 Plinium
2048 3070 2223 3127 adhuc

628 3163 712 3220 his
730 3165 1103 3236 adiungemus,
1126 3164 1280 3235 cujus
1306 3164 1421 3220 haec
1447 3174 1573 3218 sunt
1596 3164 1758 3220 verba
1794 3183 1806 3218 :
1842 3185 1859 3215 ι
1898 3166 2074 3221 Pietas
2103 3182 2221 3223 ves-

627 3267 707 3314 tes
730 3258 841 3330 jam
885 3259 1026 3331 apud
1089 3258 1376 3314 Homerum
1424 3256 1626 3324 fuisse,
1680 3258 1821 3313 unde
1868 3260 2219 3329 triumphales
2247 3289 2292 3352 ρ

625 3367 787 3412 natae.
843 3357 953 3413 Aut
1003 3356 1181 3412 facere
1208 3357 1259 3412 id
1317 3358 1555 3430 Phryges
1600 3357 1939 3421 invenerunt,
1992 3355 2220 3425 ideoque

624 3447 993 3521 Phrygionica‘.
1064 3449 1348 3519 appellatae
1402 3469 1421 3501 ι
1476 3448 1703 3523 (Plin.,
1752 3449 1840 3503 lib.
1917 3463 2009 3502 vm
2079 3446 2217 3502 Hist.

625 3554 825 3608 natura,
850 3560 992 3614 cap.,
1022 3544 1115 3611 48,
1136 3562 1190 3616 ρ.
1217 3543 1368 3617 250).
1394 3544 1464 3600 At
1489 3543 1806 3616 Phrygionis
1828 3542 2043 3598 nomine
2062 3541 2219 3596 Plau-

626 3647 711 3692 tus
739 3652 883 3707 szepe
911 3653 1041 3693 usus
1065 3647 1147 3694 est
1176 3657 1190 3694 :

722 3773 909 3823 Pallam
933 3773 1083 3837 illam,
1111 3788 1257 3838 quam
1282 3775 1463 3828 dudum
1485 3778 1716 3839 dederas,
1741 3776 1800 3827 ad
1817 3775 2148 3839 Phrygionem
2166 3784 2222 3826 ut

726 3897 790 3949 Ut
815 3904 1213 3961 reconcinnetur,
1238 3912 1387 3964 atque
1412 3907 1468 3953 ut
1489 3915 1641 3968 Opera
1675 3902 1927 3961 addantur,
1955 3838 2217 3964 (ἓξὲξ)ῗέ

691 3981 902 4044 (Plaut,
921 3982 971 4035 in
989 3985 1247 4047 Memech.,
1268 3993 1362 4037 act.
1386 4002 1420 4048 ι,
1439 3999 1567 4038 scen.
1587 3988 1634 4048 8,
1657 3994 1702 4038 et
1721 3991 1813 4038 act.
1839 4000 1910 4046 ιιι,
1932 3997 2061 4037 scen.
2083 3984 2157 4049 2.)
2180 4056 2181 4059 η

630 4091 696 4147 Et
719 4092 845 4148 alibi
880 4112 894 4148 ε
994 4066 1059 4107 ν
1650 4066 1653 4067 ί

723 4209 836 4260 Stas
857 4208 994 4273 fullo,
1011 4210 1244 4277 Phrygio,
1262 4214 1477 4275 aurifex,
1503 4214 1729 4267 lanarius.

1220 4296 1400 4361 (Idem,
1419 4297 1471 4348 in
1489 4294 1715 4361 Aulular,
1736 4311 1849 4363 pag.
1875 4299 2008 4362 176.)

704 4397 994 4473 Pinguitias
1033 4402 1329 4459 hostiarum
1383 4404 1519 4461 dixit
1562 4406 1830 4461 Arnobius
1857 4404 1987 4479 (lib.
2018 4422 2091 4462 vn
2117 4448 2131 4474 ,
2166 4424 2220 4479 p.

638 4489 803 4562 226),
829 4509 925 4563 pro
950 4510 1133 4551 earum
1164 4497 1502 4568 pinguedine.

705 4584 864 4641 Pleni
889 4596 1016 4643 sunt
1058 4588 1217 4645 iidem
1248 4604 1313 4644 ac
1337 4590 1703 4662 sycophantae,
1736 4588 1977 4654 fallaces,
2026 4590 2223 4647 seduc-

2314 546 2704 618 scpulcralibus
2723 557 2778 602 et
2803 548 3001 603 institis
3021 550 3153 604 solvi
3184 559 3237 604 et
3269 550 3512 620 expediri
3540 550 3801 622 (Arnob.,
3822 548 3923 603 lib.

2314 659 2381 704 ιι.
2414 660 2465 712 p.
2497 640 2591 713 26)
2651 641 2757 697 Eas
2779 652 2957 699 autem
3004 644 3196 699 fascias
3220 643 3488 699 volumina
3519 642 3760 713 appellat
3805 643 3925 697 Ar-

2284 739 2526 803 -nobiu-.,
2554 741 2677 811 quia
2707 740 2771 794 iis
2791 755 2989 812 corpus
3020 753 3290 797 mortuum
3322 741 3716 797 involvebatur.

2387 829 2669 885 Polubrum
2699 846 2793 885 vas
2820 841 2902 887 est
2922 875 2938 901 ,
2977 841 3113 888 teste
3141 832 3321 897 Festo,
3352 832 3494 899 quod
3548 846 3647 887 nos
3688 830 3923 901 pelvim,

2317 924 2446 989 vel,
2498 934 2555 979 ut
2602 924 2678 979 ait
2725 924 2929 981 Nonius
2978 925 3297 992 Marcellus,
3355 925 3607 980 trulleum
3655 939 3928 981 voramus

2316 1015 2509 1087 (Idem.
2536 1017 2622 1071 lib.
2645 1034 2714 1085 ιι,
2744 1036 2796 1089 p.
2821 1019 2925 1075 59;
2956 1016 3117 1080 Fest.
3150 1018 3218 1072 ad
3238 1018 3371 1073 verb.
3398 1032 3713 1084 Ροιιιιιιιιιιις
3741 1016 3928 1085 Νοη.,

2314 1128 2428 1181 cap.
2462 1114 2548 1179 19,
2580 1129 2717 1166 num.
2752 1110 2864 1184 11).
2908 1112 3039 1178 Hos,
3068 1112 3112 1166 si
3150 1112 3315 1178 lubet,
3346 1113 3676 1179 consule,'et
3698 1111 3933 1167 Turne-

2280 1205 2441 1260 -bnm
2463 1248 2476 1270 ,
2510 1206 2603 1261 lib.
2637 1222 2806 1262 xxvm
2840 1208 3153 1272 Adversar.,
3184 1222 3304 1276 cap.
3333 1207 3386 1261 7.

2391 1298 2810 1372 Porrinugenns
2838 1310 2921 1356 est
2949 1300 3112 1355 oleris
3152 1302 3415 1371 porraeei,
3453 1316 3555 1357 nec
3598 1300 3705 1355 alio
3749 1315 3933 1356 sensu

2317 1395 2383 1449 ab
2412 1394 2651 1451 Arnobio
2699 1397 2867 1465 accipi
2909 1396 3120 1451 videtur
3147 1395 3498 1465 (Arnob.,lib.
3543 1410 3596 1462 ιι,
3628 1414 3682 1466 p.
3730 1396 3829 1461 85,
3883 1404 3933 1449 et

2316 1487 2404 1541 lib.
2435 1503 2524 1548 vn.
2550 1504 2602 1555 p.
2622 1485 2769 1559 225).
2794 1487 2877 1543 Ab
2899 1503 2964 1543 eo
2990 1499 3169 1542 autem
3194 1486 3386 1541 dicitur
3407 1502 3616 1557 porrum
3644 1487 3931 1551 sectivum,

2315 1579 2479 1648 quod,
2513 1580 2777 1649 inquiunt,
2809 1580 3007 1650 swpius
3037 1580 3089 1635 in
3115 1579 3311 1636 culina:
3333 1594 3488 1635 usum
3516 1588 3751 1635 secatur.
3786 1577 3931 1634 Ju--

2319 1672 2521 1728 venalis
2551 1688 2680 1728 vero
2708 1673 2840 1729 dixit
2873 1694 2886 1728 :

2442 1805 2650 1872 Filaque
2674 1810 2846 1860 sectivi
2870 1818 3122 1861 numerata
3143 1810 3398 1861 includere
3425 1811 3577 1874 porri.

2882 1890 3153 1955 (Juvenal.,
3175 1892 3315 1945 satir.
3336 1893 3413 1955 14,
3438 1905 3567 1944 vers.
3593 1891 3730 1954 135.)

2324 1996 2531 2053 Vidcsis
2571 1998 2827 2065 Plinium,
2853 1999 2945 2057 lib.
2991 1997 3107 2068 ius,
3136 2016 3256 2071 cap.
3285 2001 3340 2068 6,
3374 2017 3493 2073 pag.
3527 1999 3635 2055 595
3657 2010 3711 2054 et
3738 2014 3938 2072 seqq.,

2319 2103 2383 2145 ac
2408 2088 2783 2161 Columellam,
2830 2093 2921 2149 lib.
2952 2110 2971 2148 ι
3008 2093 3077 2150 de
3104 2093 3177 2149 lie
3203 2094 3421 2161 rustica,
3454 2108 3573 2164 cap.
3602 2094 3656 2159 5,
3689 2100 3745 2147 et
3792 2092 3939 2163 quid

2322 2197 2539 2252 porrum
2571 2186 2830 2241 sectivum
2871 2202 2902 2241 a
2930 2187 3165 2257 capitato
3198 2186 3432 2256 differat,
3467 2185 3752 2256 intelliges.

2402 2280 2777 2353 Posterganeus
2804 2282 2866 2335 ab
2888 2282 2995 2336 sole
3011 2297 3239 2341 occasus,
3266 2280 3317 2336 id
3336 2290 3438 2346 est,
3482 2281 3561 2335 sol
3584 2280 3763 2335 oriens
3798 2288 3941 2349 post

2323 2388 2530 2447 tergum
2578 2374 2721 2429 illius
2765 2373 3016 2438 habetur,
3043 2373 3136 2444 qui
3173 2372 3510 2429 occidentem
3551 2371 3767 2442 reSpicit
3800 2370 3944 2439 (Ar-

2321 2470 2466 2535 nob.,
2508 2468 2596 2522 lib.
2623 2484 2694 2532 tv,
2736 2485 2789 2538 p.
2817 2466 2965 2539 150.)

2398 2564 2714 2621 Prwsidatus
2741 2566 2809 2620 ab
2861 2565 3102 2620 Arnobio
3138 2573 3380 2631 vocatur,
3430 2561 3769 2634 praefectura,
3828 2575 3945 2617 seu

2322 2656 2557 2711 ofﬁcium
2580 2657 2846 2728 praesidiis
2866 2700 2879 2725 ,
2911 2656 3185 2728 praepositi
3206 2700 3222 2722 ,
3263 2666 3317 2712 et
3338 2654 3575 2726 praefecti
3604 2651 3801 2725 (Idem,
3831 2654 3943 2711 lib.

2323 2763 2415 2815 ιιι,
2446 2767 2499 2820 ρ.
2531 2750 2654 2817 114,
2679 2760 2722 2805 et
2745 2748 2833 2806 lib.
2858 2765 2932 2817 tv,
2958 2767 3011 2819 p.
3044 2749 3191 2821 150).

2398 2842 2576 2908 Priva’,
2609 2860 2703 2897 seu
2765 2860 2851 2898 res
2904 2844 3209 2914 singularis,
3263 2856 3365 2896 una
3391 2850 3445 2895 et
3491 2840 3625 2893 sola.
3666 2839 3808 2893 Nam
3878 2850 3945 2896 ut

2326 2936 2480 2991 docet
2528 2936 2719 2992 Festus
2755 2955 2767 2990 :
2799 2957 2817 2989 ι
2854 2937 3041 2991 Privos
3091 2937 3373 3006 privasque
3407 2932 3613 3001 antiqui
3667 2931 3944 2991 dicebant

2326 3043 2422 3098 pro
2462 3030 2820 3100 singuliszob
2844 3046 3002 3100 quam
3030 3042 3244 3085 causam
3295 3037 3349 3080 et
3396 3025 3598 3096 privata
3643 3022 3943 3095 dicuntur,

2324 3138 2443 3193 qua:
2475 3123 2890 3194 uniuscujusque
2919 3123 3029 3177 sint
3064 3140 3082 3174 ι
3117 3119 3348 3190 (Festus,
3395 3119 3462 3172 ad
3505 3119 3640 3173 vcrb.
3687 3122 3943 3190 pmvus).

2327 3216 2393 3271 Et
2418 3217 2468 3271 id
2499 3218 2715 3287 quidem
2768 3217 2957 3289 probat
2997 3214 3316 3286 quibusdam
3357 3214 3544 3270 Lucilii
3579 3211 3772 3285 (Nam,
3801 3229 3941 3281 cap.

2323 3311 2378 3376 2,
2411 3329 2550 3367 num.
2569 3313 2681 3382 69),
2711 3322 2765 3367 et
2794 3312 2873 3366 his
2899 3310 3134 3366 Lucretii
3163 3309 3491 3366 carminibus
3524 3325 3540 3362 :

2417 3451 2555 3511 Quod
2580 3452 2621 3500 si
2638 3450 2767 3500 forte
2792 3452 2979 3501 animas
3000 3451 3313 3499 extrinsecus
3330 3449 3569 3498 insinuari

2415 3514 2697 3585 fertilibus,
2722 3520 2775 3563 et
2796 3516 2963 3577 privas
2984 3516 3032 3562 in
3057 3524 3257 3576 corpora
3283 3525 3425 3575 posse
3453 3513 3624 3561 venire

2414 3576 2605 3626 credls'
2820 3639 3059 3702 (Lucret.,
3081 3636 3164 3688 lib.
3189 3653 3258 3698 ιιι,
3282 3649 3409 3687 vers.
3433 3634 3527 3686 722
3545 3640 3592 3686 et
3608 3633 3767 3698 seqq.)

2323 3766 2429 3822 Sed
2459 3783 2564 3823 non
2597 3768 2767 3823 solum
2793 3767 2901 3832 ibi,
2930 3766 3024 3821 sed
3044 3765 3170 3821 alibi
3197 3766 3371 3819 adhuc
3397 3765 3523 3821 illud
3543 3778 3736 3819 nomen
3766 3776 3943 3819 usur-

2324 3864 2467 3935 pavit
2494 3861 2681 3933 (Ibid.,
2707 3880 2835 3917 vers.
2861 3863 2987 3928 390,
3019 3872 3063 3914 et
3094 3861 3182 3915 lib.
3211 3877 3279 3924 tv,
3314 3877 3442 3914 vers.
3467 3858 3568 3914 261
3593 3867 3639 3912 et
3663 3854 3819 3929 570).

2400 3957 2673 4013 Protelarii
2693 4001 2707 4025 ,
2741 3973 2835 4012 seu
2864 3958 3139 4028 proletarii
3169 3956 3296 4011 dicti
3328 3963 3473 4019 sunt,
3502 3954 3675 4024 inquit
3703 3954 3766 4007 A.
3797 3952 3940 4009 0ρὶ-

2323 4052 2450 4117 lius,
2473 4053 2560 4123 qui
2603 4053 2655 4107 in
2691 4038 2847 4122 plebe
2877 4051 3118 4106 Romana
3146 4049 3444 4104 tenuissimi
3492 4046 3941 4119 pauperrimique

2325 4157 2512 4213 erant,
2543 4160 2718 4216 neque
2763 4144 2992 4214 amplius
3015 4187 3029 4210 ,
3062 4158 3219 4213 quam
3253 4142 3417 4196 millia
3465 4142 3753 4211 quingenta
3801 4142 3939 4196 teris

2326 4241 2379 4295 in
2408 4256 2629 4296 censum
2658 4240 2973 4296 deferebant
2992 4239 3231 4311 (Arnob.,
3266 4238 3354 4293 lib.
3379 4253 3437 4303 ιι,
3463 4253 3516 4306 p.
3545 4234 3659 4307 65).
3685 4236 3724 4289 A
3759 4233 3939 4288 Paulo

2326 4346 2527 4402 autem,
2560 4344 2613 4390 et
2638 4334 2813 4389 Nonio
2842 4333 3094 4389 Marcello
3119 4334 3384 4404 proletarii
3406 4330 3696 4401 nuncuan
3728 4328 3937 4385 dicun-

2326 4435 2433 4494 tur,
2467 4428 2556 4496 qui
2579 4426 2906 4496 Reipublicae
2930 4426 3132 4496 prolem
3157 4437 3361 4480 tantum
3389 4424 3747 4479 sufﬁciebant.
3768 4422 3937 4480 Unde

2329 4522 2699 4593 Augustinus:
2735 4540 2754 4573 ι
2786 4521 3101 4588 Proletarii,
3150 4537 3216 4576 eo
3261 4521 3402 4591 quod
3459 4519 3595 4589 proli
3641 4518 3936 4587 gignenda:

2329 4616 2623 4683 vacabant,
2653 4614 2722 4671 ob
2747 4624 3039 4685 egestatem
3090 4614 3321 4668 militare
3369 4628 3475 4666 non
3517 4610 3793 4671 valentes,
3828 4609 3934 4665 hoc

632 4689 796 4748 tores,
853 4694 908 4737 et
956 4684 1278 4753 impostores
1326 4683 1527 4752 (Idem,
1556 4684 1646 4738 lib.
1675 4700 1747 4747 ιι,
1789 4701 1842 4754 p.
1885 4683 2001 4754 66).
2061 4685 2220 4753 Audi,

2337 4724 2527 4763 nomen
2555 4717 2893 4779 acceperant.
2934 4728 2953 4759 ›
2973 4707 3330 4775 Quamobrem
3363 4701 3684 4774 proletarius
3706 4717 3896 4759 sermo
3922 4744 3935 4770 ,

632 4789 837 4845 quaeso,
863 4776 930 4831 A.
953 4774 1185 4831 Gellium
1219 4796 1233 4831 :
1263 4795 1281 4828 ι
1314 4775 1537 4831 Planum
1564 4792 1660 4846 pro
1686 4775 2014 4848 sycophanta
2041 4778 2111 4833 Μ.
2135 4777 2226 4834 Ci-

633 4881 762 4922 cero
792 4867 846 4921 in
875 4870 1120 4923 oratione
1150 4870 1409 4939 scriptum
1439 4870 1675 4940 reliquit,
1707 4885 1864 4939 quam
1909 4886 2005 4939 pro
2032 4864 2231 4928 Cluen-

634 4959 711 5014 tio
739 4959 872 5013 dixit
918 4980 937 5013 ι
989 4959 1168 5034 (Gcll.,
1215 4963 1304 5017 lib.
1357 4978 1444 5017 xvr
1494 4961 1651 5018 Noct.
1700 4964 1833 5033 Att.,
1888 4981 2002 5035 cap.
2064 4965 2094 5018 7
2124 5007 2139 5031 ,
2171 4982 2223 5034 p.

635 5052 773 5121 880;
804 5051 993 5120 Cicer.,
1015 5067 1127 5109 orat
1172 5056 1261 5125 li,
1286 5074 1339 5127 p.
1371 5056 1527 5120 264).
1560 5058 1624 5112 Ει
1665 5073 1724 5115 re
1748 5057 1963 5130 quidem
2012 5059 2127 5129 ipsa
2175 5059 2229 5116 id

638 5148 691 5203 in
722 5162 785 5203 ea
812 5148 1055 5204 oratione
1086 5149 1300 5221 legitur.
1331 5150 1578 5206 Horatius
1604 5166 1817 5223 quoque
1851 5151 2088 5207 cecinit:

728 5287 836 5351 Nec
851 5288 1007 5338 semel
1031 5291 1221 5351 irrisus,
1237 5294 1395 5343 triviis
1416 5294 1645 5345 attollere
1667 5302 1806 5345 curat

730 5350 905 5402 Fracto
925 5366 1069 5417 crure
1096 5350 1310 5417 planum.

951 5416 1170 5481 (Horal.,
1198 5417 1280 5468 lib.
1302 5434 1336 5478 ι,
1360 5418 1497 5482 epist.
1518 5419 1596 5479 17,
1619 5432 1745 5471 vers.
1767 5417 1828 5470 62
1850 5425 1893 5470 et
1917 5419 2076 5484 seqq.)

638 5543 841 5598 Eodem
896 5560 1110 5616 quoque
1137 5548 1301 5603 verbo
1327 5548 1624 5619 eodemque
1674 5548 1974 5618 signiﬁcatu
2021 5547 2230 5603 Plinius

639 5635 801 5689 utitur
829 5636 1024 5706 (Pliu..
1048 5640 1139 5694 lib.
1170 5656 1320 5696 xxxv
1349 5640 1490 5696 Hist.
1516 5650 1716 5707 natur.,
1741 5658 1858 5710 cap.
1889 5639 1976 5697 10.
2002 5639 2222 5711 p.2l0).

718 5729 1123 5799 Pollinctoru-m,
1156 5737 1230 5790 ait
1271 5736 1571 5800 Arnobius,
1618 5735 1959 5790 voluminibus
1996 5737 2228 5805 expediri

640 5843 826 5883 eorum
848 5843 1074 5897 corpora
1097 5870 1110 5895 ,
1135 5827 1228 5900 qui
1256 5828 1433 5883 divina
1463 5828 1664 5885 Christi
1690 5830 1857 5899 gratia
1886 5844 1918 5885 a
1947 5839 2124 5887 morte
2157 5829 2225 5885 ad

642 5922 805 5975 vitam
849 5923 1085 5977 revocati
1123 5924 1337 5980 fuerant
1366 5964 1383 5988 ,
1413 5924 1463 5978 id
1490 5933 1601 5989 est,
1628 5937 1792 5993 opera
1840 5923 2089 5993 illorum,
2132 5923 2225 5994 qui

2331 4803 2469 4874 apud
2495 4803 2763 4869 Plautum,
2796 4802 2958 4858 vilem
2987 4813 3041 4856 ct
3068 4800 3334 4873 plebeium
3376 4811 3685 4852 sermonem
3723 4797 3935 4867 signifi-

2332 4906 2419 4951 cat
2460 4894 2729 4969 (Paulus.,
2782 4895 2849 4949 ad
2884 4895 3016 4947 verb.
3047 4904 3452 4952 PROLETARIUM;
3497 4886 3661 4955 Nom,
3708 4906 3831 4960 cap.
3863 4891 3888 4946 1
3920 4933 3936 4959 ,

2335 5006 2478 5044 num.
2506 4990 2631 5055 512,
2664 5000 2710 5043 et
2732 5006 2847 5059 cap.
2879 4986 2934 5051 2,
2987 5002 3128 5038 num.
3174 4982 3241 5036 66
3271 4999 3313 5049 v;
3341 4980 3585 5052 August.,
3628 4982 3717 5036 lib.
3760 4997 3819 5036 ιιι
3870 4985 3938 5037 de

2338 5082 2511 5148 Civil.,
2533 5099 2650 5153 cap.
2682 5082 2770 5149 17,
2795 5099 2845 5153 p.
2885 5079 2981 5143 75;
3018 5076 3219 5139 Plaut.,
3242 5076 3295 5129 in
3327 5073 3444 5129 Mil.
3477 5075 3711 5145 glorias,
3737 5083 3840 5128 act.
3868 5078 3931 5143 5,

2335 5194 2473 5232 scen.
2503 5177 2579 5246 1).

2408 5268 2708 5339 Psyllorum
2732 5310 2748 5335 ,
2776 5277 2830 5322 et
2859 5266 3149 5321 Marsorum
3178 5268 3263 5322 ubi
3297 5265 3623 5322 mentionem
3654 5261 3933 5317 Arnobius

2335 5362 2461 5416 facit
2508 5360 2745 5431 (Arnob.,
2776 5360 2863 5414 lib.
2918 5377 2985 5420 ιι,
3031 5378 3084 5430 p.
3114 5359 3229 5429 66),
3262 5359 3333 5413 ibi
3362 5363 3644 5425 corruptus
3682 5364 3765 5408 est
3808 5355 3931 5424 ejus

2337 5463 2535 5509 textus.
2555 5452 2644 5506 Sic
2663 5462 2840 5506 autem
2865 5452 2916 5506 in
2943 5450 3179 5507 editione
3207 5451 3349 5505 illius
3380 5450 3565 5504 ultima
3596 5445 3887 5501 exhibetur
3912 5466 3926 5503 :

2338 5565 2357 5599 ι
2394 5546 2646 5601 adversus
2697 5547 2832 5602 ictus
2863 5547 3085 5610 noxios,
3114 5554 3169 5601 et
3211 5553 3503 5600 venenatos
3576 5540 3924 5597 colubrarum

2334 5654 2544 5696 morsus
2574 5640 2807 5695 remedia
2856 5655 3001 5709 smpe
3047 5638 3448 5708 conquirimus,
3495 5644 3549 5691 et
3592 5632 3926 5703 protegimus

2330 5748 2429 5789 nos
2450 5734 2681 5796 laminis,
2713 5734 2900 5805 Psyllis
2929 5734 3054 5807 (ms.
3080 5733 3200 5789 cod.
3230 5748 3343 5803 reg.
3377 5728 3646 5786 lamminis
3675 5725 3876 5799 pbyllis
3901 5730 3921 5797 )

2330 5826 2518 5883 Marsis
2563 5828 2920 5885 vendentibus
2967 5828 3195 5899 aliisque
3236 5821 3567 5882 institoribus
3599 5819 3739 5893 (ms.
3788 5821 3918 5876 cod.

2329 5936 2441 5991 reg.
2497 5922 2923 5996 institutoribus)
2975 5935 3029 5979 et
3087 5921 3275 5993 planis.
3313 5938 3333 5971 ι
3364 5916 3680 5973 Theodorus
3733 5924 3940 5970 autem.
