4020 6268
105 347 219 405 705

1298 352 1364 411 IN
1390 348 1764 426 ARNOBIUM,
1805 358 1960 416 CAP.
2001 352 2189 416 XXVI.

3294 368 3399 428 706

106 464 381 521 Canterus
405 465 546 523 hunc
571 469 745 523 locum
774 470 849 525 sic
873 471 1246 543 corrigendum
1271 476 1551 547 Opinatur:
1578 476 1709 530 Pro-
1737 478 1789 538 Α
1813 477 1880 533 de
1906 477 2008 543 his,
2041 479 2115 533 uti
2146 477 2398 546 diximus,
2431 479 2626 552 Psyllis
2671 488 2725 536 et
2749 480 2940 537 Marsis
2969 481 3162 540 fecisse
3194 496 3401 542 sermo-

104 560 324 631 tegimus
350 577 442 615 nos
465 561 611 617 labiis
655 562 852 635 Psyllis
875 608 888 628 .
922 566 1169 622 Marsisve
1208 570 1458 624 dentibus.
1489 571 1705 641 Optimo

103 650 325 721 quidem
375 668 535 709 sensu
582 656 624 708 si
676 654 967 728 Psyllorum
992 669 1047 714 et
1078 660 1368 716 Marsorum
1412 664 1700 735 legeretur.

105 742 412 800 Salmasius
435 761 614 803 autem
646 748 760 805 hac
789 752 859 806 ita
891 753 1001 807 vult
1043 755 1355 819 emendari,
1385 756 1580 829 Psyllis
1626 761 1705 814 la-

104 832 276 903 binis,
324 836 574 893 Marsisve
599 841 849 897 dentibus.
874 843 1077 900 Eodem
1110 862 1242 903 sane
1286 863 1468 904 sensu.
1501 851 1703 917 Quibus

100 928 252 984 enim
278 942 558 1001 serpentes
605 936 833 992 mortale
861 938 1171 994 infuderunt
1216 942 1509 998 mordendo
1540 960 1702 1000 vene-

101 1034 237 1075 num
262 1064 280 1089 ,
322 1021 421 1079 hos
451 1024 615 1098 Psylli
660 1036 715 1082 et
743 1027 900 1083 Marsi
929 1032 1169 1102 sugendo
1206 1034 1485 1088 sanabant.
1518 1035 1704 1091 Nullus

102 1123 292 1169 autem
339 1117 491 1185 plane
520 1118 795 1175 dubitandi
828 1122 977 1178 locus
1018 1124 1229 1179 videtur
1263 1127 1390 1196 quin
1437 1128 1704 1182 Arnobius

101 1205 357 1276 loquatur
394 1209 461 1266 de
483 1210 630 1268 hisce
655 1213 849 1286 Psyllis
877 1214 1090 1283 Africae,
1123 1228 1177 1273 et
1201 1218 1390 1275 Marsis
1418 1220 1584 1277 Italiae
1610 1237 1705 1292 po-

99 1299 269 1368 pulis,
298 1302 389 1372 qui
422 1302 595 1373 reipsa
626 1308 907 1362 venenatis
930 1311 1260 1380 serpentium
1285 1311 1553 1367 morsibus
1592 1329 1704 1368 me-

97 1392 395 1451 debantur.
424 1397 650 1469 Scriptis
671 1401 871 1471 quippe
897 1418 925 1455 a
959 1402 1132 1458 Plinio
1158 1406 1409 1460 traditum
1440 1406 1700 1477 legimus:

103 1502 128 1537 ι
161 1486 352 1544 Crates
383 1488 746 1561 Pergamenus
776 1493 828 1548 in
864 1493 1235 1566 Hellesponto,
1267 1498 1407 1553 circa
1439 1498 1700 1565 Parrium,

94 1593 275 1651 genus
295 1581 569 1640 hominum
601 1588 765 1644 fuisse
793 1588 976 1658 tradit,
1002 1606 1139 1662 quos
1158 1591 1501 1663 Ophiog‘cnes
1526 1605 1700 1662 vocat,

93 1676 433 1746 serpentium
485 1680 621 1735 ictus
645 1695 894 1738 contactu
924 1683 1104 1741 levare
1152 1688 1376 1755 solitos,
1438 1698 1495 1745 et
1541 1705 1703 1745 manu

94 1768 372 1841 imposita,
408 1789 613 1830 venena
636 1777 921 1834 extrahere
947 1782 1180 1850 corpori.
1215 1780 1387 1836 Varro
1408 1784 1703 1838 etiamnum

93 1875 221 1918 csse
252 1879 451 1933 paucos
480 1868 573 1936 ibi,
597 1886 824 1940 quorum
877 1873 1060 1927 salivm
1088 1884 1273 1929 contra
1305 1875 1439 1931 ictus
1472 1892 1697 1946 serpen-
1730 1884 1778 1944 Β

94 1962 236 2008 tium
268 1957 603 2014 medeantur.
636 1960 838 2017 Similis
880 1962 933 2018 in
981 1963 1160 2021 Africa
1209 1981 1341 2037 gens
1391 1967 1692 2039 Psyllorum

89 2043 233 2113 fuit,
267 2057 323 2102 ut
368 2048 796 2121 Agatharchides
827 2056 1036 2122 scribit,
1069 2074 1097 2111 a
1130 2059 1307 2130 Psyllo
1352 2075 1479 2131 rege
1521 2061 1660 2116 dicta
1681 2105 1695 2129 ,

90 2139 253 2210 cujus
316 2144 663 2209 sepulchrum
707 2149 759 2203 in
799 2159 953 2221 parte
1003 2149 1239 2222 Syrtium
1289 2154 1550 2225 majorum
1591 2172 1693 2217 est.

89 2230 304 2290 Horum
326 2241 540 2310 corpori
569 2243 863 2313 ingenitum
894 2244 991 2299 luit
1018 2246 1163 2303 virus
1193 2250 1408 2314 exitiale
1433 2257 1699 2325 serpenti-

88 2325 220 2395 lsus,
246 2340 300 2386 et
328 2334 481 2403 cujus
503 2347 669 2392 odore
695 2339 937 2408 sepirent
961 2356 1169 2399 eos.....
1212 2343 1399 2403 Simile
1428 2358 1483 2403 et
1509 2350 1560 2404 in
1592 2349 1697 2405 lta-

90 2422 166 2477 lia
201 2424 502 2483 Marsorum
544 2446 713 2501 genus
741 2432 930 2499 durat,
964 2452 1099 2506 quos
1143 2453 1172 2491 a
1213 2438 1383 2497 (ἰὴ-(σω
1413 2442 1520 2497 lilio
1551 2455 1698 2500 ortos

91 2529 409 2588 servant,et
434 2522 555 2578 idco
582 2526 755 2581 inesse
775 2527 837 2581 iis
856 2529 960 2582 vim
986 2532 1283 2588 naturalem
1312 2550 1432 2590 eam
1461 2556 1480 2589 ι
1501 2537 1696 2609 (Plin.,

95 2612 189 2668 lib.
241 2631 309 2670 vn
366 2615 504 2672 Hist.
550 2630 723 2676 natur.
766 2638 882 2692 cap.
904 2620 963 2689 2,
988 2642 1041 2694 p.
1068 2626 1100 2679 7
1129 2636 1173 2680 et
1198 2628 1276 2698 8).
1307 2627 1432 2685 Alio
1459 2631 1511 2685 in
1561 2632 1700 2688 libro

96 2704 241 2761 idem
267 2708 444 2766 adhuc
469 2714 667 2776 retulit,
694 2714 875 2785 aitque
899 2714 996 2772 hos
1019 2719 1242 2789 populos
1262 2730 1399 2774 tactu
1426 2723 1559 2791 ipso,
1586 2741 1699 2777 suc-

98 2808 219 2853 tuve
240 2802 438 2858 modica
464 2804 643 2860 levare
670 2822 700 2859 a
729 2810 1071 2876 serpentibus
1094 2812 1365 2880 perculsos
1387 2811 1571 2885 (lbitl.,
1607 2814 1697 2868 lib.

96 2911 263 2950 xxvtn
281 2937 295 2960 ,
319 2915 436 2969 cap.
464 2900 518 2966 5,
538 2918 577 2971 p
615 2900 767 2973 566).
792 2902 1150 2972 Quamobrem
1182 2906 1309 2963 alibi
1337 2907 1541 2964 Marsos
1582 2925 1699 2964 ser-

96 2988 339 3058 pentium
369 2991 662 3047 domitores
694 3005 842 3049 vocat
891 2995 1099 3066 (Ibid.,
1141 2998 1229 3053 lib.
1274 3015 1399 3067 xxv,
1424 3017 1538 3069 cap.
1560 3000 1616 3063 2,
1643 3018 1694 3071 p.

96 3080 254 3154 3‘76).
288 3083 526 3155 Denique
553 3086 659 3142 alio
679 3087 854 3143 adhuc
883 3089 934 3143 in
996 3090 1116 3146 loco
1139 3092 1385 3148 eamdem
1414 3106 1462 3149 et
1494 3093 1699 3149 Marso-

94 3192 221 3237 rum
250 3184 304 3231 et
333 3177 632 3249 Psyllorum
669 3190 933 3237 memorat
984 3184 1230 3240 virtutem
1263 3186 1390 3259 (lib.
1420 3202 1509 3243 χιιι
1532 3229 1548 3255 ,
1580 3204 1697 3259 cap.

100 3269 193 3335 ιδ,
231 3269 465 3344 ρ.151).

172 3360 416 3418 ίΕΙῘὶΙΠυε
443 3380 572 3421 vero
601 3378 782 3422 narrat
809 3367 1031 3424 eosdem
1062 3372 1396 3440 serpentium
1425 3387 1636 3429 morsus
1667 3389 1698 3430 a

95 3453 284 3525 Psyllo
311 3458 507 3521 curari,
539 3458 585 3513 si
606 3458 828 3514 salivam
850 3461 1022 3517 solum
1047 3462 1260 3534 inspuat
1285 3464 1577 3535 (ίΕΙὶαηιιδ,
1609 3468 1696 3522 lib.

97 3564 119 3603 ι
152 3547 216 3602 tle
258 3547 456 3617 Anim,
479 3568 595 3622 cap.
626 3552 742 3627 57),
784 3564 876 3609 aut
904 3570 1026 3611 cum
1065 3572 1264 3628 corpus
1294 3574 1510 3616 veneno
1541 3561 1702 3617 nimis

96 3642 364 3699 imbutum
392 3644 582 3713 fuerit,
614 3648 657 3702 si
701 3664 892 3715 aquam
941 3651 1186 3717 multam,
1231 3652 1284 3707 in
1335 3669 1431 3710 ore
1468 3663 1522 3709 et
1558 3655 1698 3711 intra

97 3737 293 3794 dentes
320 3739 407 3794 diu
435 3741 710 3811 agitatam,
735 3758 800 3799 ac
824 3756 1005 3813 pOStea
1028 3747 1080 3800 in
1111 3748 1384 3816 speculum
1415 3749 1689 3819 injectum,

96 3830 384 3885 vulnerato
410 3832 689 3901 propinet,
724 3847 1003 3905 postquam
1026 3852 1088 3892 ea
1118 3854 1311 3893 manus
1341 3839 1487 3895 illius
1515 3842 1701 3899 ablue-

95 3924 192 3979 rit.
217 3924 454 3994 Denique
475 3925 518 3979 si
546 3927 735 3981 veneni
754 3927 832 3983 vis
853 3931 1029 3983 acrius
1051 3929 1347 3987 invalescat
1362 3975 1377 3999 ,
1404 3943 1513 3987 tum
1548 3934 1699 4006 Psyl-

98 4016 187 4074 lus
231 4020 513 4089 aegrotanti
544 4020 689 4077 nudo
738 4023 913 4078 nudus
940 4024 1219 4089 incumbit,
1251 4035 1306 4081 et
1346 4029 1562 4097 proprio
1600 4044 1699 4085 suo

99 4127 334 4183 corpore
360 4112 435 4167 illi
460 4113 727 4170 medetur.
757 4117 858 4171 Alii
879 4132 1041 4187 porro
1071 4117 1288 4173 tradunt
1319 4118 1526 4191 Psyllos
1553 4122 1698 4177 virus

99 4208 222 4279 ipso
249 4221 349 4263 suo
370 4224 465 4263 ore
481 4209 712 4277 suxisse,
736 4221 790 4266 et
812 4213 1266 4270 incantationibus
1286 4213 1571 4272 hebetasse
1591 4230 1697 4273 ser-

98 4312 310 4373 pontes.
342 4300 499 4359 Unde
530 4302 645 4359 lucc
674 4305 871 4361 cecinit
895 4304 1143 4362 Lucanus
1174 4324 1187 4360 :

875 4442 1009 4495 Gens
1031 4446 1175 4497 unica
1195 4453 1356 4497 terras

196 4501 373 4571 incolit
394 4518 424 4571 a
438 4517 567 4571 saevo
588 4512 875 4571 serpentum
895 4507 1096 4556 innoxia
1120 4522 1312 4571 morsu;

199 4562 499 4635 Marmaridae
524 4562 690 4633 Psylli;
719 4583 802 4635 par
826 4568 993 4632 lingtta
1022 4562 1310 4635 potentibus
1327 4571 1515 4635 herbis,

194 4628 310 4695 ipse
333 4643 476 4679 cruor
499 4628 652 4690 tutus,
676 4628 962 4695 nullumque
986 4628 1250 4683 admittere
1271 4636 1421 4694 virus,

240 4692 288 4742 el
309 4700 450 4741 cantu
473 4701 719 4753 cessante,
745 4692 906 4755 potest
933 4708 945 4742 :
975 4703 1150 4743 natura
1172 4696 1386 4746 locorum

196 4753 347 4805 Jussit
365 4762 418 4805 ut
437 4755 679 4805 immunes
703 4753 845 4806 mixti
864 4758 1180 4818 serpentibus
1202 4768 1388 4808 essent.

565 4838 790 4904 (Lucam,
818 4837 903 4889 lib.
925 4853 995 4899 rx,
1019 4852 1143 4890 vers.
1169 4840 1258 4890 891
1286 4848 1330 4892 et
1354 4847 1514 4907 seqq.)

98 4970 316 5029 Videsis
360 4968 706 5025 Plutarchum
736 4970 788 5025 in
819 4968 926 5023 vita
957 4968 1176 5024 Catonis
1211 4968 1465 5038 Minoris,
1495 4979 1625 5026 tom.
1648 4988 1696 5040 ι,

97 5080 223 5137 pag.
247 5064 352 5119 727
373 5081 388 5129 ;
412 5064 754 5126 Strabonem,
782 5063 875 5119 lib.
904 5078 1018 5119 xvu
1044 5062 1375 5134 Geograph.,
1401 5080 1521 5135 pag.
1553 5065 1658 5121 8M
1678 5109 1694 5132 ,

98 5154 452 5220 Suetonium,
490 5154 544 5209 in
580 5153 694 5209 Vita
717 5153 995 5210 Octaviani
1019 5153 1279 5222 Caesaris,
1312 5170 1433 5226 cap.
1470 5155 1567 5217 17;
1600 5156 1700 5212 So-

95 5248 293 5314 liuum,
322 5263 440 5319 cap.
483 5247 575 5312 27,
611 5262 730 5319 pag.
749 5247 847 5311 52;
877 5246 1263 5320 Hieronymum
1291 5246 1498 5318 pra-fat.
1532 5249 1583 5302 in
1610 5247 1700 5303 Jo-

94 5342 283 5402 helem
313 5342 629 5414 prophetam
655 5342 721 5397 ad
754 5342 1179 5399 Pammachium.
1216 5342 1291 5398 De
1331 5343 1522 5399 Marsis
1549 5343 1702 5400 deni-

96 5455 205 5512 que
236 5443 333 5495 hos
364 5438 554 5495 Lucilii
580 5453 769 5494 versus
793 5439 960 5494 citant
986 5458 999 5493 :

192 5556 221 5605 π
226 5568 304 5606 am
328 5555 657 5618 disrumpatur
674 5555 883 5619 medius,
900 5558 998 5619 jam
1022 5564 1078 5607 ut
1093 5554 1300 5610 Marsins
1322 5560 1548 5611 colubras

192 5620 470 5685 Disrumpit
487 5627 652 5682 cantu,
680 5632 831 5670 venas
851 5633 961 5670 cum
986 5622 1287 5673 extenderet
1304 5638 1494 5675 omnes.

940 5702 1138 5768 (Lucil.,
1164 5703 1247 5756 lib.
1270 5720 1300 5756 κ
1322 5706 1485 5771 satir.)

94 5835 167 5897 Et
197 5834 318 5893 haec
357 5834 576 5907 quidem
606 5832 887 5891 manifeste
914 5833 1045 5891 satis
1064 5834 1362 5892 ostendunt
1404 5835 1698 5895 Arnobium

1722 4684 1776 4745 Β
1804 4726 1878 4765 vn
1923 4684 2113 4765 Natur.
2160 4684 2281 4765 ltist.
2311 4753 2327 4778 ,

1812 588 1953 627 nem.
1974 572 2161 629 Utrum
2186 589 2312 629 vero
2336 588 2492 629 voces
2507 575 2731 642 laminis,
2748 577 3135 632 etvendentibus
3155 581 3401 648 genuina:

1807 667 1935 727 sint,
1953 678 2042 721 aut
2069 667 2194 738 quid
2221 683 2317 738 pro
2347 669 2425 723 eis
2448 671 2841 738 reponendum,
2870 673 2988 729 sine
3012 673 3195 744 aliquo
3214 673 3402 731 codice

1810 760 2020 832 integro
2048 772 2103 817 et
2147 762 2455 833 incorrupto
2483 764 2603 835 quis
2633 780 2879 820 asserere
2921 765 3157 822 audeat?
3205 769 3273 822 At
3305 782 3402 838 pro

1806 852 2176 909 institutoribus
2225 867 2368 913 recte
2397 857 2711 913 institoribus
2740 858 3067 926 restitutum,
3094 875 3159 916 ex
3183 858 3268 915 his
3288 859 3403 916 col-

1807 950 1974 1020 ligere
1999 961 2081 1005 cst
2101 994 2116 1017 ,
2149 967 2268 1021 qua:
2300 967 2458 1022 supra
2490 951 2556 1007 ad
2587 968 2780 1008 nomen
2813 954 3016 1008 institor
3039 953 3292 1010 diximus.

1878 1044 2161 1107 Pulticula,
2194 1044 2243 1099 id
2273 1055 2377 1109 est,
2403 1044 2521 1115 puls
2545 1060 2730 1114 parva,
2760 1045 2847 1100 vel
2870 1046 3110 1114 minima,
3135 1046 3277 1117 quod
3306 1062 3404 1103 no-

1805 1155 1928 1194 men
1960 1155 1990 1194 a
2018 1139 2190 1194 Plinio
2212 1148 2266 1195 et
2284 1139 2583 1195 Columella
2614 1140 2901 1197 adhibetur
2921 1141 3168 1211 (Arnob.,
3203 1142 3290 1198 lib.
3316 1159 3401 1212 v1,

1805 1250 1859 1302 p.
1887 1230 2029 1296 242;
2079 1230 2246 1296 Plin.,
2277 1232 2366 1286 lib.
2401 1248 2532 1287 xxvr
2564 1231 2755 1288 Natur.
2788 1235 2933 1301 Itist.,
2966 1252 3081 1307 cap.
3106 1235 3161 1301 8,
3191 1252 3246 1306 p.
3273 1234 3400 1306 460,

1806 1321 2102 1391 Columell.,
2132 1323 2222 1378 lib.
2251 1339 2365 1391 vm,
2394 1325 2458 1378 de
2489 1325 2564 1380 Re
2592 1328 2767 1381 rustic.
2798 1344 2914 1399 cap.
2938 1326 3062 1401 l2).

1876 1415 2115 1485 Pupulus
2141 1417 2515 1473 diminutivum
2548 1419 2777 1473 nominis
2804 1435 2995 1490 pupus,
3028 1436 3090 1475 ac
3122 1423 3400 1493 parvulum

1805 1524 2029 1580 puerum
2058 1511 2325 1581 signiﬁcnt
2356 1510 2610 1583 (Arnob.,
2655 1512 2743 1567 lib.
2776 1529 2870 1581 vn,
2904 1533 2958 1586 p.
2986 1511 3145 1586 2l5).
3180 1513 3403 1572 Catulus

1805 1602 1911 1659 hoc
1936 1620 2098 1660 sensu
2126 1604 2193 1660 ad
2222 1604 2481 1661 Catonem
2512 1605 2648 1661 dixit
2678 1623 2692 1659 ε

1994 1718 2250 1786 Deprendi
2272 1720 2415 1770 modo
2432 1720 2662 1784 populum
2680 1721 2861 1786 puellae

1992 1780 2306 1832 Trusautem.

2683 1865 2904 1931 (CtttulL,
2928 1865 3082 1936 epigr.
3108 1870 3215 1932 57.)

1800 1971 2104 2043 Aliquando
2124 1989 2252 2029 vero
2280 1989 2377 2045 pro
2405 1976 2636 2046 imagine
2661 1974 2839 2047 aliqua
2868 1977 3146 2047 accipitur,
3185 1993 3286 2049 qua
3315 1977 3403 2035 in.

1799 2066 1977 2123 iantes
2001 2080 2057 2123 et
2081 2069 2229 2136 pueri
2260 2067 2450 2124 ludere
2477 2068 2674 2134 solent,
2703 2078 2753 2123 et
2773 2084 2802 2122 a
2835 2068 2990 2125 nobis
3013 2070 3205 2140 gallice
3234 2086 3400 2127 voca-

1801 2169 1889 2215 tur
1920 2163 2136 2231 poupée.
2184 2163 2359 2231 Atque
2382 2176 2449 2217 eo
2474 2176 2636 2217 sensu
2659 2162 2726 2216 ab
2752 2162 2991 2217 Arnobio
3022 2152 3330 2233 usurpatur.

1875 2252 2171 2321 Querquera
2202 2252 2367 2308 febris
2387 2262 2471 2309 est
2491 2268 2611 2309 cum
2640 2269 2834 2324 magno
2860 2254 3059 2325 frigore
3085 2267 3137 2310 et
3167 2263 3404 2313 tremore

1802 2344 2044 2416 (Arnob,
2075 2345 2160 2399 lib.
2194 2361 2232 2412 ι,
2264 2363 2316 2416 ρ.
2346 2344 2461 2419 28).
2499 2344 2626 2401 Inde
2658 2345 2702 2400 A
2750 2332 2993 2402 Gellius:
3027 2364 3047 2398 ι
3079 2349 3162 2402 An
3187 2357 3239 2403 tu
3289 2347 3399 2403 for-

1800 2449 1893 2504 te,
1933 2460 1953 2492 ι
1989 2440 2190 2511 inquit,
2231 2459 2250 2491 ι
2287 2441 2531 2496 morbum
2561 2440 2823 2512 appellari
2849 2440 2935 2497 hic
2977 2452 3135 2513 putas
3165 2451 3398 2515 aegrota-

1802 2534 2002 2590 tionem
2020 2550 2400 2605 gravem,cnm
2419 2535 2554 2590 febri
2588 2535 2773 2602 rapida
2801 2543 2856 2591 et
2888 2551 3144 2607 quercera
3176 2556 3196 2589 ι
3216 2535 3401 2610 (Gell.,

1802 2627 1889 2681 lib.
1924 2644 1993 2682 xx
2032 2627 2187 2681 Noct.
2224 2626 2357 2693 Att.,
2388 2644 2502 2698 cap.
2539 2629 2600 2694 1,
2623 2647 2676 2701 ρ.
2706 2628 2886 2702 1096).
2938 2629 3115 2702 Lege,
3160 2632 3205 2686 si
3238 2632 3399 2698 velis,

1800 2724 1976 2775 varias
2004 2724 2056 2776 in
2087 2724 2228 2776 hunc
2249 2721 2425 2776 locum
2448 2722 2845 2788 annotationes,
2863 2738 2926 2778 ac
2947 2722 3165 2780 Festum
3189 2738 3243 2781 et
3268 2725 3404 2782 Pau-

1802 2815 1912 2871 lum
1944 2816 2010 2870 ad
2041 2816 2264 2871 verbum
2296 2816 2613 2887 Querqttera.

1876 2910 2189 2966 Rancescere
2218 2913 2445 2965 olearum
2466 2912 2680 2981 ﬂuenta,
2711 2911 2763 2967 id
2793 2922 2905 2979 est,
2950 2930 3180 2973 rancore
3221 2926 3275 2974 et
3304 2933 3403 2990 pu-

1803 3004 2014 3060 tredine
2045 3002 2224 3073 putida
2266 3003 2380 3059 ﬁeri
2408 3003 2644 3076 (Arnob.,
2707 3005 2794 3060 lib.
2830 3024 2880 3073 ι,
2913 3024 2965 3076 p.
3002 3008 3114 3082 i2).

1876 3096 2075 3152 Radius
2095 3140 2109 3164 ,
2133 3098 2323 3163 codex,
2345 3097 2506 3165 liber,
2534 3099 2609 3153 ait
2637 3098 2907 3154 Arnobius
2931 3098 3113 3173 (lbid.,
3149 3102 3235 3158 lib.
3261 3120 3317 3169 tt,
3344 3122 3399 3175 ρ.

1805 3188 1916 3259 59).
1965 3190 2151 3246 Plures
2173 3201 2351 3246 autem
2383 3201 2508 3246 sunt
2537 3191 2670 3246 radii
2713 3191 3153 3263 signiﬁcationes,
3184 3195 3278 3251 sed
3305 3197 3403 3251 ali-

1730 3289 1775 3352 ο
1806 3282 2022 3353 quando
2042 3284 2273 3339 sumitur
2300 3299 2401 3355 pro
2432 3284 2812 3352 instrumento,
2836 3300 2943 3357 quo
2967 3296 3259 3358 geometrae
3280 3289 3403 3342 alii-

1801 3392 1908 3448 que
1959 3376 2132 3433 lineas
2183 3375 2515 3432 describunt.
2566 3376 2647 3432 Eo
2704 3388 2881 3432 autem
2935 3392 3098 3435 sensu
3148 3378 3402 3451 Virgilius

1805 3468 1945 3525 dixit
1971 3487 1985 3523 :

1890 3562 2164 3628 Descripsit
2187 3563 2323 3615 radio
2346 3568 2501 3615 totum
2525 3564 2611 3627 qui
2635 3563 2874 3626 gentibus
2896 3563 3105 3614 orbem:

2437 3645 2661 3712 (Virgil.,
2686 3645 2839 3713 eclog.
2865 3662 2934 3712 tu,
2956 3661 3086 3700 vers.
3107 3648 3216 3713 41.)

1800 3733 1868 3789 Ει
1896 3748 2087 3789 rursus
2127 3732 2256 3789 alibi
2290 3752 2303 3787 :

2585 3801 2805 3868 Caelique
2837 3809 3032 3854 meatus

1892 3867 2183 3917 Describent
2205 3864 2363 3925 radio,
2390 3874 2443 3917 et
2458 3864 2897 3929 surgentia'sidera
2920 3868 3104 3919 dicent.

2628 3947 2711 4013 (Et
2734 3945 2819 3999 lib.
2845 3964 2910 4009 vr,
2930 3961 3057 4000 vers.
3076 3948 3215 4015 844.)

1799 4053 2182 4111 Verumtamen
2226 4054 2349 4126 quia
2394 4053 2667 4110 Arnobius
2706 4055 2917 4110 radium
2964 4054 3137 4111 codici
3167 4064 3224 4111 et
3266 4055 3403 4113 libro

1798 4146 2101 4215 conjunxit,
2134 4160 2200 4200 eo
2229 4144 2448 4201 nomine
2474 4146 2693 4217 stylum,
2726 4161 2833 4214 quo
2859 4146 3101 4205 scribere
3126 4161 3245 4203 mos
3263 4149 3405 4206 anti-

1797 4240 1918 4310 qttis
1938 4248 2075 4308 erat,
2106 4238 2176 4294 ab
2199 4238 2290 4295 illo
2315 4237 2586 4310 designari
2616 4237 2755 4294 haud
2777 4237 2958 4294 forsan
2983 4238 3257 4296 immerito
3280 4242 3403 4314 quis

1799 4334 2203 4404 suSpicabitur?

1871 4428 2109 4494 Rediria,
2133 4443 2228 4484 seu
2257 4429 2499 4494 reduvia,
2522 4436 2580 4484 et
2599 4427 2902 4494 reduvium,
2933 4436 3067 4484 teste
3091 4427 3274 4496 Festo,
3304 4446 3396 4502 ap-

1799 4522 2044 4591 pellatur,
2074 4538 2196 4577 cum
2228 4523 2371 4578 circa
2401 4536 2608 4592 ungues
2634 4521 2773 4576 cutis
2813 4536 2875 4576 se
2900 4520 3124 4576 resolvit
3159 4520 3397 4593 (Arnob.,

1798 4615 1886 4669 lib.
1921 4632 1970 4678 ι,
2002 4635 2055 4687 p.
2089 4615 2201 4688 51).
2250 4617 2327 4672 Eo
2381 4616 2549 4672 verbo
2574 4614 2772 4685 smpius
2803 4614 3033 4671 Plinium
3056 4614 3253 4688 (Plin.,
3307 4617 3397 4671 lib.

2375 4727 2489 4781 cap.
2523 4711 2610 4775 19,
2645 4728 2698 4779 p.
2730 4708 2845 4779 58),
2878 4721 2929 4766 et
2962 4709 3156 4767 alicubi
3180 4712 3399 4769 Cicero-

1806 4817 1931 4858 nem
1954 4819 2105 4857 usum
2129 4817 2249 4858 esse
2275 4803 2502 4873 legimus
2526 4800 2742 4875 (Cicer.,
2772 4812 2901 4857 orat.
2928 4821 3021 4875 pro
3045 4804 3189 4860 Sext.
3216 4804 3397 4876 Rosa,

1804 4912 1859 4966 p.
1894 4896 1984 4960 54,
2016 4895 2109 4950 lin.
2139 4892 2219 4966 2).
2250 4894 2470 4964 Legesis
2511 4893 2845 4961 Turnebum,
2875 4897 2913 4951 Ι.
2961 4913 3072 4953 xvn
3104 4898 3392 4957 Adversar.

1806 5002 1923 5058 cap.
1960 4987 2016 5043 8.

1877 5079 2226 5150 Repelenliam
2253 5080 2481 5152 priorum
2500 5090 2657 5137 vocat
2694 5090 2882 5138 auctor
2909 5092 3092 5141 noster
3116 5086 3399 5157 repetendi

1804 5171 2114 5227 rcsumendi
2162 5180 2341 5228 actum
2370 5173 2620 5245 (Arnab.,
2653 5174 2744 5230 lib.
2774 5190 2845 5243 ιι,
2880 5196 2933 5243 p.
2960 5175 3074 5248 62).
3108 5178 3174 5234 Et
3200 5179 3250 5235 id
3276 5180 3398 5251 qui-

1803 5264 1923 5320 dem
1954 5263 2197 5320 hausisse
2224 5264 2434 5321 videtur
2470 5281 2543 5322 ex
2575 5266 2679 5322 hoc
2715 5266 2918 5323 Luretii
2944 5284 3107 5325 versu
3138 5287 3154 5326 :

1896 5379 2177 5444 lntcrrupta
2202 5380 2361 5432 semel
2384 5383 2583 5454 cum_sit
2599 5387 2885 5454 repetentia
2911 5387 3083 5439 nostri.

2466 5446 2702 5510 (Lucret,
2723 5446 2804 5498 lib.
2831 5462 2901 5509 nr,
2923 5461 3049 5502 vers.
3075 5450 3212 5514 868.)

1804 5551 2016 5608 Scimus
2039 5553 2254 5624 quidem
2285 5553 2339 5609 in
2357 5553 2467 5625 jam
2495 5554 2654 5609 editis
2682 5554 2783 5626 legi
2813 5558 3042 5628 repentia
3065 5560 3226 5616 nostri
3253 5577 3272 5616 :
3299 5562 3399 5620 sed

1804 5662 1870 5703 eo
1890 5691 1905 5714 ,
1933 5664 2041 5719 quo
2069 5648 2327 5717 diximus,
2361 5649 2524 5705 modo
2551 5649 2811 5720 scriptum
2842 5651 2910 5706 ab
2934 5651 3192 5710 Lucretio
3228 5655 3401 5714 fuisse

1799 5739 1931 5796 inde
1960 5740 2155 5813 conjici
2197 5740 2341 5798 haud
2376 5757 2598 5813 prorsus
2624 5742 2856 5800 absurde
2882 5757 3082 5816 petest,
3107 5748 3250 5820 quod
3296 5752 3400 5808 Ar-

1802 5836 1995 5895 nobius
2021 5836 2210 5895 eodem
2241 5838 2363 5896 loco
2388 5838 2525 5896 dixit
2556 5857 2570 5895 :
2605 5838 2713 5898 Usu
2744 5852 2817 5901 est
2839 5844 2944 5902 illis
2969 5846 3072 5905 vita
3105 5862 3209 5905 non
3252 5864 3399 5908 man-
