4020 6274
597 392 698 459 707
1871 382 2322 443 DISSERTATIO
2349 382 2629 442 PBABVIA
3774 369 3886 427 708

596 521 728 590 cipio
756 515 962 572 tradita.
1009 511 1140 582 Quis
1167 511 1309 566 cnim
1342 507 1496 563 facile
1543 506 1643 562 sibi
1666 518 1770 560 non
1804 500 2144 573 persuadebit
2164 544 2178 567 ,
2211 505 2262 564 Α
2287 511 2407 568 vat,
2450 501 2617 557 salem
2644 498 2943 565 faciebant,
2975 497 3133 570 idque
3161 503 3343 552 vetere
3370 492 3722 565 inscriptione
3748 507 3890 547 con—

599 616 649 668 id
673 614 739 668 ab
766 612 880 682 ipso
910 607 1153 664 Arnobio
1193 614 1465 675 sumptum
1493 617 1560 657 ex
1590 600 1691 655 hoc
1752 598 1856 653 alio
1897 595 2013 666 ejus
2061 608 2182 679 car.
2287 595 2484 649 lirmat.
2519 593 2589 650 At
2614 593 2649 647 ii
2676 592 2837 648 etiam
2860 591 2963 646 hoc
2985 602 3177 645 nomen
3213 588 3385 644 sortiti
3416 587 3661 653 fuerant,
3695 584 3789 657 qui
3815 599 3891 640 ex

598 704 780 761 mine?
2030 678 2035 685 ”
2160 676 2169 679 ’
2287 702 2498 743 annona
2541 685 2732 741 salaria
2764 701 2989 750 novum,
3031 692 3092 739 ut
3127 683 3360 754 loquitur
3397 680 3583 736 Livius
3606 721 3621 744 ,
3651 675 3892 750 vectigal

2288 780 2599 835 statuissent
2629 779 2649 854 (
2676 777 2810 845 Liv.,
2842 778 2930 833 lib.
2961 792 3137 845 xxvn,
3165 792 3279 846 cap.
3310 774 3378 829 57
3403 772 3465 846 )..
3494 771 3666 828 Priori
3702 779 3891 826 autem

2290 888 2450 928 sensu
2478 873 2672 942 potius,
2699 887 2855 941 quam
2885 869 3166 941 posteriori
3196 868 3324 924 illud
3356 867 3423 923 ab
3452 866 3697 922 Arnobio
3730 864 3891 921 vide-

2293 976 2378 1024 tur
2408 969 2684 1037 usurpari.
2717 966 2960 1035 quamvis
2988 975 3215 1036 utroque
3243 964 3404 1020 modo
3433 961 3500 1020 ad
3527 961 3645 1034 ejus
3684 974 3896 1035 propo—

2293 1062 2453 1115 situm
2483 1060 2659 1115 facere
2682 1059 2941 1115 videatur.

2367 1153 2693 1220 Scientiolas,
2716 1153 2980 1208 Arnobius
2992 1150 3223 1224 appellat
3236 1151 3485 1207 minimas
3499 1148 3693 1205 artium
3710 1147 3901 1224 scien-

2295 1247 2396 1302 tias
2421 1256 2473 1301 et
2500 1246 2832 1317 cognitiones
2858 1222 3099 1320 (Arnobi,
3134 1245 3223 1300 lib.
3247 1261 3307 1312 ιι,
3342 1261 3393 1317 ρ.
3428 1243 3541 1316 56).
3564 1242 3699 1298 Nam
3729 1222 3904 1298 sicuti

2295 1340 2437 1397 haud
2478 1341 2645 1396 semel
2692 1316 3209 1407 animadvertimus,
3240 1316 3421 1395 verbis
3461 1335 3903 1393 diminutivisli-

2297 1436 2513 1493 bentius
2535 1436 2722 1489 utitur.

2369 1528 2597 1585 Scitula:
2634 1538 2777 1583 vocat
2825 1525 3013 1600 Lydia,
3042 1526 3214 1596 inquit
3237 1524 3505 1582 Arnobius
3535 1521 3693 1597 (Ibib.
3714 1564 3732 1592 ,
3761 1523 3804 1578 ι.
3838 1540 3907 1592 v,

2300 1643 2354 1696 p.
2383 1623 2531 1697 159),
2555 1638 2650 1692 eos
2683 1622 2958 1686 nimirum,
2983 1622 3070 1693 qui
3094 1620 3310 1677 aluntur
3338 1619 3476 1674 lacte
3510 1617 3787 1688 hirquina.
3831 1615 3915 1671 Et

603 1734 966 1803 tiianuscripto
996 1732 1142 1802 regio
1171 1726 1377 1791 codice,
1408 1742 1470 1779 ea:
1509 1722 1758 1794 sanguine
1792 1714 2073 1781 saburatio,
2105 1712 2199 1768 sed
2302 1728 2484 1790 postea
2538 1719 2637 1773 hos
2685 1718 2799 1789 ipse
2853 1726 3124 1786 nuncupat
3171 1715 3378 1769 εεῑιιιιοε
3422 1714 3655 1785 pugiones
3702 1708 3910 1784 (υἱώ,

606 1828 808 1884 librarii
859 1824 1213 1897 proculdubio
1253 1816 1869 1887 errore-Quamobrem
1912 1811 1965 1867 in
2013 1809 2197 1864 ultima
2232 1892 2269 1897 _
2303 1832 2354 1885 p.
2394 1812 2542 1885 179).
2572 1811 2687 1866 Non
2716 1812 2944 1866 deerunt
2974 1811 3200 1865 fortasse
3240 1808 3326 1873 qui
3358 1805 3719 1876 Opinabuntur
3756 1803 3914 1858 scri—

606 1922 841 1977 editione
874 1919 1105 1989 positum
1136 1934 1198 1971 ex
1235 1914 1482 1985 sanguine
1507 1910 1837 1981 saporaliore.
1864 1906 1994 1974 Quis
2022 1911 2200 1957 autem
2232 1892 2280 1951 Β
2308 1917 2455 1976 plum
2485 1904 2555 1959 ab
2583 1904 2823 1959 Arnobio
2863 1902 3027 1958 fuisse
3055 1902 3244 1969 δεξιαιὶ,
3268 1915 3444 1972 graece
3489 1897 3719 1954 σκίταλοι
3744 1937 3758 1960 ,
3794 1910 3919 1965 quo

611 2032 718 2071 non
742 2014 883 2069 videt
911 2013 963 2067 id
993 2029 1056 2067 ex
1075 2011 1188 2066 sola
1212 2009 1521 2079 Coniectura
1549 2002 1909 2066 emendatum,
1936 1998 2077 2070 quod
2106 1995 2205 2049 ali-
2307 2001 2524 2056 nomine
2539 1982 2946 2071 appellabantur
2969 1998 3103 2053 viles
3125 2005 3180 2052 et
3205 1995 3433 2066 improbi
3458 1993 3724 2060 homines,
3747 1989 3917 2062 quia,

610 2125 712 2180 qua
748 2107 1058 2178 probatione
1085 2104 1307 2158 stabiliri
1336 2099 1562 2157 debuit?
1598 2097 1788 2169 Agitur
1817 2102 1995 2150 autem
2038 2091 2105 2148 ibi
2137 2091 2205 2145 de
2309 2103 2367 2150 ut
2395 2095 2645 2150 observat
2689 2092 2915 2148 Suidas:
2950 2091 3130 2145 Sciton
3172 2089 3302 2161 [ulla
3329 2088 3426 2158 fuit
3458 2087 3607 2141 homo
3634 2084 3780 2149 vilis,
3818 2081 3924 2155 qui

614 2176 919 2273 profluente
936 2216 999 2255 ex
1022 2196 1310 2268 amputatis
1325 2194 1572 2250 Acdcstis
1589 2189 1906 2263 genitalibus
1923 2184 2203 2255 sanguine,
2311 2197 2517 2258 propter
2536 2184 2911 2256 improbitatem
2927 2201 2958 2238 a
2979 2181 3199 2238 Comicis
3231 2181 3555 2253 carpebatur.
3598 2176 3925 2247 Aristopha-

611 2313 678 2352 cx
722 2310 830 2365 quo
885 2293 1084 2365 malum
1126 2291 1373 2362 punicum
1424 2296 1597 2343 ortum
1647 2282 2043 2339 fabulabantur.
2071 2278 2209 2332 Dicit
2311 2298 2396 2337 ne;
2426 2284 2477 2336 in
2508 2280 2757 2350 equilibus
2784 2295 2803 2333 ,-

614 2363 791 2461 itaque
816 2363 1085 2440 Arnobius
1108 2398 1264 2459 poma
1307 2379 1448 2434 illius
1489 2377 1696 2432 arboris
1722 2387 1842 2428 esse
1874 2370 2027 2426 uuida
2051 2376 2106 2424 et
2135 2367 2208 2421 vi-

614 2497 737 2534 nosa
755 2497 775 2546 ;
806 2480 930 2548 quia
961 2493 1025 2532 ex
1054 2475 1302 2543 sanguine
1329 2472 1421 2527 illo
1449 2469 1785 2542 saporatiore,
1821 2465 1904 2521 vel
1934 2471 2205 2534 soporato,

688 816 902 885 Vitaqne
926 814 1164 878 mancipio
1187 809 1306 885 nulli
1331 810 1491 885 datur,
1514 806 1742 885 pmqibus
1763 818 1873 885 usu:

1187 875 1420 938 (Lucret.,
1440 864 1549 922 eod.
1576 867 1682 930 lib.,
1708 881 1835 918 vers.
1863 864 2003 929 984.)

669 986 908 1041 Runcina
954 986 1021 1040 ab
1049 992 1270 1039 auctore
1320 988 1505 1035 nostro
1526 976 1828 1048 appellatur
1859 974 2187 1028 instrumen-

598 1095 709 1139 tum
737 1082 889 1149 illud,
918 1096 1027 1152 quo
1051 1078 1187 1133 fabri
1213 1078 1354 1148 ligna
1385 1088 1579 1145 aspera
1612 1072 1881 1141 latvigant,
1914 1075 1968 1122 et
1999 1062 2192 1137 gallica

600 1176 746 1231 rabot
773 1183 1131 1243 nuncupatur.
1172 1169 1377 1224 Plinius
1426 1168 1528 1222 hoc
1557 1163 1745 1220 eodem
1797 1159 2095 1232 signiﬁcatu
2123 1153 2193 1209 de

599 1268 773 1323 abiete
798 1264 933 1321 dixit
962 1280 975 1317 :
1017 1282 1036 1314 ι
1072 1263 1388 1332 Pampinato
1408 1272 1623 1329 semper
1645 1255 1776 1310 orbe
1798 1267 1857 1308 se
1877 1252 2099 1305 volvens
2124 1245 2193 1301 ad

602 1361 851 1415 incitatos
875 1357 1221 1412 runcinarum
1260 1362 1445 1423 raptus
1471 1370 1489 1404 ι
1515 1347 1753 1422 (Arnob,
1780 1344 1867 1401 lib.
1893 1362 1963 1411 vr,
1987 1339 2190 1415 p.200;

603 1452 771 1518 Elim,
806 1452 896 1505 lib.
928 1466 1016 1504 xvi
1048 1446 1183 1502 Hist.
1216 1458 1414 1539 vagiam,
1445 1461 1562 1515 cap.
1586 1442 1678 1510 42,
1712 1458 1766 1512 p.
1796 1436 1949 1508 504).

675 1546 933 1603 Saburato
954 1543 1202 1614 sanguine
1230 1529 1387 1612 genus
1415 1539 1626 1600 ducant,
1667 1536 1722 1590 in
1748 1530 2068 1606 quibusdam
2098 1529 2197 1582 Ar-

603 1642 746 1698 nobii
782 1640 1104 1697 editionibus
1133 1638 1325 1707 legitur
1371 1632 1613 1705 (Arnob.,
1644 1628 1732 1683 lib.
1753 1642 1820 1692 v,
1849 1643 1903 1697 p.
1937 1622 2070 1693 164)
2096 1638 2109 1674 :
2142 1620 2198 1675 in

2467 2398 2537 2459 Ᾰγι
2560 2404 2609 2456 δὴ
2632 2407 2800 2448 σκὶταλοε.
2822 2419 2879 2453 τι,
2902 2406 2963 2444 ul
2984 2408 3149 2457 φιναιις,
3168 2398 3212 2452 ἦν
3237 2400 3271 2443 δ’
3298 2406 3387 2457 ἰτὼ,

2468 2472 2677 2523 Βιρισχιθοὶ
2699 2484 2740 2509 τι
2761 2469 2821 2508 καὶ
2839 2469 3009 2515 ιόεαλοι,
3037 2470 3098 2506 ul
3119 2469 3273 2517 μόθυης
3293 2496 3305 2514 ,

614 2572 668 2628 id
697 2580 800 2634 est,
835 2569 1045 2639 sapldo,
1083 2570 1167 2621 vel
1197 2580 1393 2638 sapore
1422 2563 1662 2619 delibuto
1686 2574 1844 2632 genus
1865 2558 2074 2611 ducant.
2099 2552 2211 2607 No-

614 2666 695 2719 bis
716 2662 931 2735 quidem
978 2676 1083 2716 nou
1116 2660 1243 2714 latet
1265 2659 1507 2715 Plautum
1550 2669 1702 2711 USUIII
1734 2667 1857 2708 esse
1883 2648 2102 2705 nomine
2125 2661 2213 2702 sa-

614 2759 896 2825 burratus,
933 2756 1020 2813 ubi
1051 2753 1245 2811 cecinit
1270 2770 1284 2807 :

1188 2866 1309 2924 Qua:
1332 2864 1415 2913 ubi
1443 2863 1717 2913 saburrata:
1739 2870 1927 2908 sumus.

1157 2915 1368 2991 (Plaut,
1390 2924 1595 2985 Cistell.,
1619 2927 1716 2974 act.
1739 2938 1772 2983 ι,
1794 2933 1924 2973 scen.
1950 2915 2025 2980 Ξ.)

620 3045 677 3100 id
708 3053 812 3109 est,
839 3049 897 3097 ut
924 3047 1077 3094 notat
1100 3038 1366 3107 interpres
1387 3034 1507 3089 cibo
1528 3042 1581 3088 et
1602 3040 1730 3102 potu
1760 3034 1989 3083 onustae.
2022 3021 2215 3078 Tralao

630 3139 704 3193 tio
736 3146 818 3192 est
839 3150 868 3189 a
897 3133 1123 3189 navibus
1153 3128 1437 3194 onerariis,
1468 3142 1587 3197 qua:
1612 3139 1733 3179 cum
1756 3119 1902 3177 omni
1928 3131 2093 3173 onere
2111 3114 2220 3169 sint

618 3246 801 3290 vacuae
824 3273 839 3297 ,
869 3229 1089 3285 saburra
1119 3234 1414 3281 onerantur
1434 3263 1448 3284 ,
1494 3227 1551 3275 ut
1578 3218 1688 3274 sint
1714 3216 1974 3270 adversus
2001 3218 2213 3277 tempe-

620 3334 815 3379 statem
838 3329 894 3376 ct
920 3319 1116 3374 ﬂuctus
1147 3316 1314 3386 magis
1337 3314 1505 3368 ﬁrmae
1526 3326 1590 3365 ac
1613 3308 1854 3365 stabiles.
1888 3304 2027 3371 Quid
2058 3315 2208 3370 ergo,

2467 2522 2599 2586 Amici
2613 2549 2655 2575 τι
2678 2536 2714 2573 ιν
2737 2538 2761 2583 is
2782 2536 2868 2578 ταις
2884 2533 2946 2578 διν,
2971 2528 3183 2580 ἱπιιιδώοην
3207 2522 3330 2582 ιτει,ι

2470 2604 2543 2638 Νῦν
2562 2612 2626 2649 μοι
2644 2598 2790 2649 θράσος,
2812 2596 2874 2634 καὶ
2896 2596 3063 2647 γλῶτταν
3088 2593 3234 2646 εὔπορον
3256 2590 3344 2635 δότι
3361 2623 3373 2641 ,

2436 2658 2439 2665 λ
2468 2663 2591 2709 diua-liv
2614 2661 2649 2700 τ’
2667 2656 2813 2706 ἀναιδῆ.

2388 2731 2408 2802 (
2433 2730 2717 2803 ArisIOpIi.,
2747 2729 2949 2800 Equit.,
2976 2745 3029 2797 p.
3056 2728 3184 2795 825,
3210 2738 3331 2782 toni.
3361 2742 3420 2793 ιι,
3449 2725 3624 2780 Poeta:
3650 2724 3857 2798 ιιι-ωε.)

2410 2822 2556 2886 Agite
2577 2826 2744 2883 igitur,
2764 2822 3033 2886 Scitaligue
3052 2826 3106 2886 et
3123 2820 3399 2886 Phenaces,
3427 2818 3620 2880 inquam
3642 2828 3761 2879 ego,

2407 2881 2821 2949 Bérescbetique,
2844 2894 2896 2935 et
2918 2881 3106 2940 Cebali,
3133 2890 3185 2949 et
3208 2881 3483 2949 Mothones,

2410 2940 2906 3011 Forutnque,'inquo
2927 2959 3052 3009 puer
3076 2945 3315 3011 existens,
3344 2943 3594 3011 institutus
3618 2940 3707 3011 fui,

2410 3010 2550 3061 Nunc
2574 3004 2979 3068 m'ibi'auda'ciatii,
3010 3014 3061 3057 et
3086 3004 3307 3070 linguam
3326 3005 3535 3055 uberem
3558 3004 3691 3065 date,

2408 3074 2695 3137 Vocemque
2719 3072 3075 3136 impudentem.

2318 3186 2480 3257 Atqui
2512 3186 2563 3240 hi
2593 3182 2811 3255 quidem
2854 3196 3046 3238 versus
3076 3181 3130 3235 in
3188 3179 3350 3235 citata
3408 3174 3790 3248 Aristophanis
3824 3188 3939 3230 co-

2240 3282 2286 3345 C
2317 3281 2514 3337 moedia
2565 3280 2837 3350 leguntur.
2879 3275 3260 3329 Verumtamen
3300 3271 3425 3343 quia
3469 3271 3737 3326 Arnobius
3782 3269 3945 3327 dixit

620 3418 824 3489 inquiet
859 3412 1083 3484 aliquis,
1126 3409 1172 3465 si
1212 3409 1265 3463 in
1303 3405 1524 3462 Arnobii
1554 3412 1703 3458 textu
1752 3400 2011 3469 scriptum
2052 3394 2218 3449 fuerit

2334 3375 2527 3430 icitalos
2569 3372 2809 3444 pusiones
2868 3378 3018 3439 atque
3062 3367 3263 3421 adultos
3322 3365 3687 3421 venustissimis
3741 3365 3936 3435 lineis,

2334 3465 2597 3489 11.2,“-‘I-
2644 3462 2996 3489 .ι..,υι..1,1..ιιῖι.
3040 3460 3254 3489 “hinc..-
3283 3459 3396 3489 Imma
3431 3474 3532 3489 unv
3579 3457 3786 3489 ..ἕωΙηο
3848 3459 3936 3489 Ιὶη

624 3525 780 3581 poma
812 3522 874 3561 ea:
892 3504 1140 3576 sanguine
1167 3502 1430 3565 saburata,
1455 3496 1509 3551 id
1532 3505 1634 3558 est,
1665 3492 1869 3564 repleta
1894 3499 1949 3545 et
1971 3496 2216 3552 onerata,

2320 3465 2602 3525 retinenda
2644 3462 2998 3536 proculdubio
3040 3460 3254 3515 videtur
3282 3459 3398 3515 haec
3431 3474 3532 3513 vox
3576 3457 3807 3515 scitulos.
3845 3459 3939 3515 De

626 3551 780 3581 μνη...
813 3551 872 3561 υ..
892 3551 1134 3576 --ησπη
1623 3551 1632 3558 ,
1728 3551 1745 3564 _
2202 3551 2208 3552 ί

623 3616 792 3672 genus
831 3613 987 3655 suum
1015 3594 1249 3651 ducant?
1287 3591 1394 3647 Sed
1428 3590 1544 3644 haec
1581 3585 1846 3643 correctio
1880 3597 1988 3637 non
2034 3578 2219 3635 multis

2334 3559 2639 3634 quibusdam
2667 3559 2813 3614 enim
2842 3554 3156 3652 mulieribus
3179 3554 3398 3608 Plautus
3429 3551 3657 3607 canebat
3688 3567 3701 3604 :

627 3694 856 3748 fortasse
887 3691 956 3744 ita
995 3688 1158 3743 etiam
1194 3684 1459 3755 explicata
1491 3675 1822 3752 probabitur.
1864 3673 2007 3729 Nihil
2040 3672 2223 3741 itaque

626 3786 828 3855 absque
852 3781 1068 3837 alterius
1097 3778 1301 3837 codicis
1331 3775 1438 3837 ﬁde
1458 3817 1473 3842 ,
1508 3772 1592 3829 vel
1619 3768 1839 3827 certiori
1880 3765 2220 3829 auctoritate,

631 3886 894 3934 mutatum
924 3875 1193 3928 volumus.

706 3970 912 4026 Saccati
951 3970 1082 4021 inter
1120 3963 1478 4019 obcenissintas
1516 3960 1708 4025 serias,
1752 3957 1806 4012 in
1852 3963 2006 4011 utero
2042 3948 2232 4007 matris

635 4064 872 4134 positum
901 4059 1157 4116 infantem
1186 4098 1201 4124 ,
1248 4057 1381 4111 dixit
1408 4053 1683 4110 Arnobius
1730 4053 1751 4121 (
1787 4048 1980 4107 Arnob.
2006 4089 2021 4115 ,
2051 4046 2141 4102 lib.
2170 4061 2230 4112 ιι,

639 4178 693 4231 p.
724 4160 791 4214 09
818 4156 860 4229 )-
890 4158 968 4210 At-
994 4173 1013 4205 ι
1048 4161 1321 4208 saccatum
1354 4168 1400 4215 ι,
1432 4149 1510 4203 uti
1538 4145 1915 4201 animadvertit
1950 4141 2190 4197 Isidorus
2213 4179 2231 4207 ,

639 4273 657 4306 ι
685 4255 859 4323 liquor
884 4256 973 4306 est
998 4261 1152 4317 aquae
1186 4243 1288 4299 feci
1314 4241 1424 4297 vini
1467 4239 1776 4304 admixtus,
1822 4249 1979 4291 sacco
2006 4246 2234 4303 expres-

632 4364 726 4406 sus
757 4366 775 4400 ι
807 4347 826 4419 (
857 4342 1079 4406 Isidor.,
1108 4340 1198 4394 lib.
1241 4353 1299 4405 v,
1339 4334 1566 4405 0rigin.,
1598 4347 1715 4402 cap.
1749 4332 1782 4385 5
1804 4330 1844 4399 ).
1875 4328 2075 4384 Verum
2119 4326 2238 4381 haec

644 4457 746 4497 vox
791 4416 859 4492 ab
898 4432 1151 4491 Lucretio
1189 4429 1453 4500 accipitur
1491 4439 1591 4496 pro
1627 4423 1761 4478 lotio
1798 4434 1895 4475 seu
1936 4419 2105 4475 urina.
2160 4416 2239 4472 De

637 4534 825 4610 pueris
855 4531 1001 4588 enim
1031 4523 1428 4584 somniantibus
1455 4520 1640 4576 eaitit:

1239 4638 1458 4691 Credunt
1480 4632 1708 4685 attollere
1726 4636 1938 4688 vestem,

729 4711 904 4763 Totius
924 4708 1183 4759 humorem
1210 4711 1455 4763 saccatum
1475 4704 1530 4747 ut
1554 4696 1773 4763 corporis
1789 4694 2022 4763 fundant.

1139 4750 1375 4831 (Lucra,
1400 4759 1483 4815 lib.
1509 4775 1575 4822 tv,
1599 4750 1726 4809 vers.
1756 4756 1871 4807 1021
1899 4759 1944 4805 et
1961 4750 2118 4816 seqq.)

715 4883 884 4942 Seria:
920 4893 1051 4934 vero
1097 4870 1404 4945 signiﬁcant
1454 4881 1579 4923 vasa
1619 4861 1905 4936 quaedam,
1950 4858 2005 4915 in
2050 4855 2245 4928 quibus

644 4991 779 5048 aqua
808 4970 1209 5029 asservabatur.
1240 4963 1373 5019 Inde
1398 4959 1685 5015 Terentius
1720 4976 1733 5011 :

768 5086 933 5139 Relivi
956 5082 1086 5134 dolia
1113 5078 1293 5133 omnia,
1318 5087 1491 5126 omnes
1504 5074 1688 5139 serias.

990 5144 1235 5210 (Terent.,
1255 5132 1603 5197 Heautontim,
1622 5140 1715 5186 act.
1742 5149 1812 5196 ιιι,
1835 5145 1967 5184 scen.
1990 5132 2061 5195 1.)

648 5257 916 5317 Arnobius
957 5268 1118 5325 porro
1143 5290 1159 5316 ,
1203 5258 1259 5302 ut
1303 5243 1560 5303 humilem
1605 5251 1659 5301 et
1697 5241 1961 5311 abjectam
2004 5235 2247 5295 hominis

649 5350 1010 5409 conditionem
1038 5339 1344 5400 evidentius
1369 5335 1803 5401 demonstraret,
1837 5330 2053 5401 scripsit
2083 5342 2205 5381 eum
2228 5367 2245 5391 ,

651 5462 770 5501 cum
803 5444 854 5497 iu
898 5439 1086 5499 matris
1117 5445 1273 5493 utero
1314 5430 1578 5487 formatus
1623 5438 1747 5494 est,
1792 5427 1924 5479 inter
1965 5421 2173 5494 pituita;
2201 5426 2249 5471 et

653 5538 956 5610 sanguinem
986 5533 1200 5603 degere,
1230 5529 1362 5580 inter
1388 5522 1626 5579 stercoris
1653 5522 1742 5576 hos
1772 5530 1932 5585 utres,
1978 5524 2023 5571 et
2061 5512 2253 5569 saccati

654 5603 847 5701 sup'ple
875 5624 1140 5689 humoris,
1157 5617 1562 5679 abscienissimas
1582 5614 1761 5669 serias.
1784 5611 1861 5671 Ita
1890 5623 2019 5666 sane
2045 5603 2253 5662 auctori

661 5697 851 5779 nostro
881 5713 1207 5788 przegnantis
1232 5709 1471 5767 fmmina:
1488 5715 1700 5764 uterum
1727 5702 2000 5775 appellare
2028 5697 2252 5770 placuit.

733 5814 1065 5869 Salinator-es
1116 5800 1639 5875 wgnominabantur
1683 5795 1701 5867 (
1744 5794 1937 5850 Arnob.
1967 5834 1983 5860 ,
2045 5791 2133 5845 lib.
2176 5805 2254 5857 ιι,

668 5926 718 5977 ρ.
751 5905 886 5973 70.),
916 5902 1027 5971 qui,
1060 5898 1158 5966 uti,
1187 5905 1307 5967 post
1338 5891 1576 5960 Papiam,
1602 5887 2031 5946 Elmenhorstius
2069 5884 2257 5940 obser-

3024 3670 3131 3731 Qua
3155 3675 3269 3719 sunt
3283 3668 3445 3719 facie?
3466 3666 3672 3718 Scitula.

2826 3752 3036 3820 (Plaut.,
3064 3751 3302 3812 ﬁndens,
3326 3754 3421 3801 σοι.
3441 3764 3494 3811 ιι,
3515 3761 3645 3801 scen.
3662 3749 3738 3813 7.)

2329 3869 2396 3927 Et
2424 3869 2527 3924 hoc
2556 3868 2717 3923 etiam
2747 3866 2924 3920 altero
2956 3880 2970 3918 :

2422 3962 2586 4025 Atque
2611 3960 2778 4009 ambas
2798 3955 2954 4009 forma
2969 3955 3159 4020 scitula,
3184 3962 3333 4082 atque?
3357 3953 3574 4067 aetatu;
3603 4014 3627 4064 1
3655 4012 3677 4077 )

3337 4030 3501 4078 .ιν,εο
3567 4054 3581 4067 .
3637 4050 3652 4063 .

3337 4058 3348 4067 .
3368 4033 3435 4078 ιν,
3449 4030 3581 4070 scen.
3603 4030 3652 4064 ι.

2334 4132 2387 4188 id
2418 4140 2535 4200 est,
2582 4130 2753 4187 forma
2785 4127 3120 4199 subeleganti
3162 4134 3217 4182 et
3256 4134 3502 4181 venusta.
3535 4123 3615 4180 Eo
3641 4123 3807 4180 etiam
3837 4140 3950 4179 no-

2336 4227 2481 4281 mine
2529 4224 2785 4295 Apuleius
2832 4237 2976 4292 saepe
3024 4221 3193 4276 utitur
3247 4218 3453 4291 (Apul.,
3505 4218 3595 4274 lib.
3626 4234 3666 4274 ιι
3710 4216 3945 4276 Metam.

2343 4338 2465 4391 pag.
2490 4320 2575 4387 19,
2608 4318 2676 4373 26
2698 4327 2744 4372 et
2764 4317 2935 4388 alibi).
3482 4370 3493 4383 κ

2411 4416 2666 4473 Scurrula
2688 4414 2935 4483 urbanus,
2968 4428 3165 4469 nomen
3189 4423 3271 4468 est
3295 4411 3675 4468 diminutivum
3704 4424 3946 4476 scurra,

2339 4512 2425 4567 cui
2456 4510 2673 4565 Plautus
2701 4508 3024 4578 adjectivum
3067 4506 3311 4575 urbanus,
3340 4503 3793 4577 quemadmodum
3826 4505 3945 4559 Ar-

2343 4606 2537 4661 nobius
2560 4592 2806 4659 scurrula:
2827 4603 3105 4674 conjunxit
3138 4600 3380 4676 (Arnob,
3413 4602 3453 4657 ι.
3483 4616 3581 4670 vn,
3609 4618 3663 4671 p.
3686 4597 3845 4668 206).
3876 4598 3950 4655 Hi

2268 4669 2322 4737 Β
2344 4709 2522 4755 autem
2551 4706 2675 4753 sunt
2702 4698 2871 4753 Plauti
2897 4712 3086 4753 versus
3112 4714 3125 4748 :

2437 4792 2513 4857 In
2536 4794 2752 4857 urbanus
2776 4805 2896 4857 vero
2915 4802 3100 4857 scurra,
3136 4787 3328 4839 deliciae
3350 4785 3535 4852 pOpuli,

2437 4856 2544 4907 Rus
2562 4856 2680 4906 mihi
2708 4866 2757 4905 tu
2781 4853 3017 4915 objecias.

2663 4936 2871 5004 (Plaut.,
2896 4933 3125 4996 Mostell.,
3141 4939 3236 4984 act.
3263 4948 3299 4995 1,
3326 4943 3458 4985 scen.
3479 4932 3526 4994 1,
3545 4942 3659 4998 pag.
3680 4929 3815 4993 521.)

2352 5029 2415 5085 Et
2442 5028 2571 5084 alibi
2599 5046 2612 5082 :

2443 5124 2599 5183 Quam
2622 5121 2796 5173 urbani
2821 5118 2999 5169 assidui
3019 5119 3169 5178 cives,
3197 5128 3321 5179 quos
3336 5127 3529 5167 scurras
3547 5120 3739 5167 vocant.

2632 5204 2816 5269 (Idem,
2846 5200 3086 5261 Triumn.,
3114 5206 3211 5251 act.
3234 5214 3268 5262 ι,
3291 5211 3424 5251 scen.
3445 5199 3494 5261 2,
3520 5212 3632 5264 pag.
3656 5196 3821 5262 1022.)

2349 5314 2605 5371 Scurram
2651 5320 2827 5367 autem
2857 5309 3120 5365 urbanum
3173 5318 3329 5379 poeta
3361 5308 3562 5379 aliique
3609 5316 3826 5364 veteres
3853 5320 3954 5377 ap«

2352 5408 2624 5479 pellabant
2649 5404 2882 5461 facetum
2909 5402 3243 5474 politumque
3266 5402 3562 5469 hominem,
3598 5401 3687 5473 qui
3726 5401 3953 5457 minime

2353 5501 2423 5557 sit
2450 5500 2707 5556 rusticus.
2742 5499 2919 5569 Atque
2966 5497 3069 5552 hoc
3114 5513 3280 5553 sensu
3311 5497 3378 5553 ab
3408 5495 3649 5552 Arnobio
3681 5494 3952 5552 scurrula

2355 5576 2548 5651 nomen
2583 5591 2831 5648 similiter
2858 5591 3141 5662 accipitur.
3173 5592 3362 5647 Postea
3403 5601 3578 5647 tamen
3604 5590 3711 5645 alia
3739 5604 3869 5644 sane
3894 5596 3955 5644 et

2357 5688 2625 5745 contraria
2670 5686 3065 5758 signiﬁcatione
3090 5696 3404 5757 usurpatum
3431 5695 3531 5741 est.
3570 5683 3677 5741 Sed
3709 5698 3769 5739 ea
3798 5682 3866 5738 de
3891 5697 3957 5738 re

2360 5784 2557 5839 videsis
2584 5780 2914 5844 Turnebum,
2954 5781 3046 5836 lib.
3076 5796 3169 5835 tux
3193 5779 3510 5850 Adversar.,
3544 5792 3665 5847 cap.
3696 5777 3784 5845 15;
3810 5775 3955 5834 Vos-

2360 5879 2521 5946 sium,
2551 5876 2603 5934 in
2627 5875 2929 5949 Etymolog.
2955 5917 2970 5943 ,
3003 5885 3055 5931 ct
3084 5874 3238 5929 alios.
