3978 6294
552 397 611 453 7i
630 396 652 452 1
1837 379 2214 439 DISSERTAT

2318 377 2599 436 PRAEVIA
3753 362 3860 421 712

552 511 883 569 Suminatam
912 518 1041 564 vero
1059 516 1278 562 carnem
1301 499 1568 557 Arnobius
1588 512 1707 555 eam
1737 498 1989 570 appellat,
2017 514 2135 566 qua:
2161 501 2215 561 Α
2315 496 2524 551 Trilices
2565 500 2749 554 vestes,
2794 502 2825 542 a
2858 487 3029 543 tribus
3068 484 3206 542 liciis
3226 525 3241 551 ,
3270 483 3346 539 ait
3371 482 3642 550 Isidorus,
3688 480 3857 538 dicta:

557 618 626 658 ex
656 602 761 656 illis
790 599 992 655 ventris
1021 596 1161 653 suilli
1193 594 1433 664 partibus
1456 592 1739 662 desumpta
1768 599 1871 656 est,
1903 591 2059 645 sicuti
2086 606 2152 645 ex
2259 587 2498 661 (Arnob.,
2533 586 2620 641 lib.
2657 599 2729 648 IV,
2759 598 2880 653 pag.
2916 578 3065 652 144).
3096 575 3251 649 Apud
3284 574 3747 648 Virgilium‘enim
3777 574 3857 631 le-

558 693 932 767 supcrioribus
957 691 1077 761 ejus
1104 688 1286 745 verbis
1314 686 1536 757 intelligi
1568 685 1723 740 facile
1751 693 1949 756 potest.
2260 683 2433 753 gimus
2458 699 2471 734 :

631 790 874 860 Suppara
901 784 1091 851 Varro,
1114 783 1272 855 paulo
1289 790 1414 837 ante
1429 780 1644 845 citatus,
1666 778 1825 832 docet
1842 791 1962 832 esse
1985 775 2148 846 quod-
2357 795 2577 845 Loricam
2601 796 2877 842 conseram
2900 788 3074 848 hamis,
3101 798 3323 849 auroque
3351 783 3582 835 "ilicem.

558 885 682 941 dam
710 858 881 955 genus
924 880 1109 944 vestis,
1154 893 1257 949 qua
1302 873 1741 947 superinduimur
1767 872 1944 944 (Arn.,
1975 870 2063 925 lib.
2094 886 2154 936 ιι,

2723 867 2951 937 (Virgil.,
2972 868 3055 921 lib.
3081 886 3132 921 ιιι
3155 867 3371 931 ίΕηεὶάη
3393 879 3517 918 vers.
3538 865 3676 929 467.)

563 996 618 1052 p.
667 978 775 1044 56;
814 974 997 1042 Varr.,
1025 974 1067 1028 l.
1096 988 1149 1028 tv
1177 971 1241 1026 de
1265 969 1416 1042 Ling.
1453 968 1571 1036 lat.,
1602 983 1721 1038 pag.
1753 962 1867 1037 28).
1898 962 2159 1031 Quocirca
2264 991 2335 1046 Ει
2359 989 2466 1045 alio
2492 988 2545 1043 in
2571 987 2708 1044 “bro
2735 1004 2748 1040 ε

562 1074 812 1129 Lucanus
837 1066 1035 1125 cecinit
1061 1083 1075 1121 :

659 1189 881 1252 Suppara
902 1181 1110 1232 nudatos
1130 1181 1335 1244 cingunt
1358 1186 1565 1241 angusta
1586 1176 1813 1227 lacertos.

1224 1263 1449 1328 (Lucam,
1476 1258 1563 1313 lib.
1586 1275 1638 1319 ιι,
1665 1271 1790 1310 vers.
1808 1256 1947 1320 555.)

569 1354 686 1413 Non
714 1354 910 1411 desunt
924 1362 1122 1418 tamen,
1149 1348 1238 1420 qui
1261 1361 1553 1417 supparum
1581 1344 1721 1400 idem
1740 1357 1803 1397 ac
1822 1337 2164 1402 subuculam,

573 1450 642 1509 de
672 1467 775 1522 qua
799 1448 956 1521 paulo
981 1462 1141 1518 supra
1163 1444 1419 1509 diximus,
1444 1456 1565 1497 esse
1586 1440 1897 1511 opinentur.
1919 1433 2024 1489 Sed
2046 1446 2169 1487 cum

574 1559 764 1603 auctor
802 1552 991 1600 noster
1019 1556 1083 1597 ea
1114 1539 1243 1594 satis
1269 1544 1458 1608 aperte
1485 1531 1813 1597 distinxerit,
1846 1528 2002 1584 nobis
2029 1524 2170 1580 haud

578 1653 800 1711 prorsus
828 1635 1047 1691 dubium
1069 1645 1151 1688 est
1177 1644 1492 1702 supparum,
1512 1627 1625 1693 illa,
1654 1639 1812 1697 quam
1843 1620 2169 1687 notavimus,

579 1731 991 1806 signiﬁcatione,
1023 1729 1091 1784 ab
1111 1729 1230 1798 ipso
1256 1723 1524 1780 adhiberi.

654 1826 1041 1898 ngplegmata
1096 1822 1386 1876 mimorum
1453 1826 1607 1872 vocat
1655 1812 1927 1870 Arnobius
1989 1824 2177 1866 eorum

583 1920 920 1991 complexus,
952 1914 1381 1986 complexiones,
1417 1919 1474 1965 et
1517 1907 1959 1977 complicationes
2000 1903 2178 1974 (Anu,
2210 1913 2259 1974 Β

589 2013 680 2070 lib.
713 2029 804 2078 vn,
833 2028 954 2082 pag.
983 2008 1137 2078 259).
1171 2003 1430 2061 Martialis
1457 2010 1636 2057 autem
1666 1999 1895 2055 canebat
1928 2014 1941 2051 :

2357 1099 2585 1151 Levibus
2600 1098 2715 1147 huic
2737 1096 2897 1147 hamis
2918 1100 3196 1145 consertam
3231 1103 3453 1155 auroque
3476 1087 3711 1140 trilicem.

3169 1172 3295 1240 (Lib.
3319 1189 3370 1238 ν,
3393 1186 3521 1226 vers.
3542 1170 3684 1235 259.)

2269 1292 2329 1349 In
2361 1291 2596 1363 priorem
2623 1297 2804 1345 autem
2827 1300 3045 1342 versum
3075 1282 3317 1349 Servius,
3343 1278 3609 1349 Trilicem,
3632 1277 3709 1333 ait
3729 1274 3868 1332 trino

2272 1404 2405 1444 nexu
2433 1389 2698 1441 intextam.

2347 1480 2580 1535 Trullam
2622 1486 2678 1533 et
2715 1473 2937 1530 trulleos
2985 1478 3251 1528 memorat
3291 1467 3562 1524 Arnobius
3599 1463 3838 1537 (Arnob.
3862 1503 3880 1530 ,

2277 1576 2365 1631 lib.
2399 1590 2472 1642 ιι,
2504 1589 2623 1644 pag.
2650 1570 2720 1627 56
2748 1578 2794 1624 et
2824 1566 2943 1639 59).
2972 1564 3155 1621 Trulla
3187 1574 3396 1629 autem,
3426 1556 3883 1632 quemadmodum

2276 1685 2308 1723 a
2338 1668 2577 1723 Varrone
2606 1662 2885 1727 discimus,
2915 1659 3058 1715 idem
3087 1672 3150 1713 ac
3177 1659 3367 1728 ingens
3394 1653 3673 1717 c0chlear,
3704 1661 3763 1707 et
3788 1666 3886 1705 vas

2279 1760 2542 1817 vinarium
2581 1766 2739 1814 sonat
2774 1753 2985 1827 (Varn,
3036 1750 3124 1805 lib.
3158 1765 3210 1805 Iv
3236 1748 3300 1803 de
3325 1747 3484 1818 Ling.
3522 1746 3639 1811 lat.,
3674 1762 3729 1815 p.
3761 1743 3884 1812 29).

2284 1857 2376 1913 Sic
2414 1863 2593 1910 autem
2622 1851 2751 1907 ille:
2790 1868 2810 1902 ι
2840 1846 3057 1912 Trulla,
3093 1864 3114 1899 ι
3162 1844 3370 1915 inquit,
3411 1860 3430 1893 ι
3474 1854 3504 1894 a
3530 1836 3892 1895 similitudine

2288 1959 2455 2016 trum,
2497 1962 2618 2019 quae
2660 1942 2803 2015 quod
2843 1954 3073 2013 magna,
3102 1946 3157 1994 et
3184 1937 3300 1991 haec
3343 1933 3567 2005 pusilla,
3599 1941 3655 1986 ut
3685 1928 3890 1986 truula.

2288 2043 2428 2099 Hinc
2456 2040 2614 2112 gra'ci
2642 2038 2901 2114 τρυϐλίον,
2933 2047 3032 2089 nos
3059 2031 3294 2086 trullam.
3324 2026 3484 2083 Trita:
3511 2040 3630 2096 qua:
3654 2039 3683 2076 a
3710 2021 3895 2078 culina

2291 2141 2343 2194 in
2371 2137 2689 2194 lavatrinam
2711 2144 2908 2202 aquam
2935 2127 3184 2183 fundunt.
3209 2123 3377 2189 Trua,
3403 2119 3546 2192 quod
3576 2117 3808 2174 travolat
3831 2130 3895 2170 ea

2292 2249 2465 2304 aqua;
2513 2231 2580 2285 ab
2626 2226 2820 2283 eodem
2868 2231 2952 2279 est
2997 2218 3327 2291 appellatum
3376 2213 3651 2269 trulleum.
3699 2207 3897 2266 Simile

2294 2299 2435 2382 enim
2468 2323 2655 2393 ﬁgura,
2679 2319 2783 2375 nisi
2810 2314 2955 2389 quod
2978 2313 3138 2369 latius
3158 2308 3390 2377 concipit
3418 2320 3637 2377 aquam,
3660 2311 3716 2358 et
3741 2299 3889 2372 quod

2295 2418 2632 2475 manubrium
2655 2429 2844 2470 cavum
2870 2424 2980 2467 non
3006 2417 3111 2475 est,
3142 2405 3246 2461 nisi
3269 2401 3476 2460 vinaria
3509 2397 3666 2454 trulla
3705 2408 3902 2450 acces-

2298 2512 2387 2567 sit.
2418 2529 2437 2562 ›
2475 2506 2642 2563 Priori
2673 2512 2850 2559 autem
2881 2515 3046 2558 sensu
3074 2514 3103 2553 a
3132 2496 3328 2560 Plinio,
3361 2504 3416 2551 et
3442 2488 3725 2564 posteriori
3758 2503 3790 2541 a
3818 2484 3905 2542 Ci-

590 2147 597 2189 ε
686 2127 962 2189 Praestent,
976 2128 1029 2172 et
1066 2127 1278 2189 taceant,
1303 2117 1420 2181 quid
1446 2115 1657 2189 exso'leli

590 2180 607 2255 ξ
687 2189 794 2250 Quo
814 2179 1168 2251 symplegmate
1191 2179 1410 2245 quintiue
1437 2179 1744 2241 cupulentur.

1206 2260 1464 2331 (Martiul.,
1493 2262 1573 2314 lib.
1602 2278 1687 2323 xu,
1711 2261 1868 2326 epigr.
1896 2257 2002 2323 45.)

667 2381 963 2439 Textricula
991 2378 1166 2452 puella
1200 2370 1619 2430 nominc'adhuc
1647 2366 1967 2423 diminutive
1992 2363 2059 2419 ab
2090 2363 2190 2417 Ar-

599 2477 763 2535 nobio
814 2484 1000 2531 nostro
1054 2465 1597 2541 nuncupatnr(Arn.,
1640 2460 1727 2515 lib.
1778 2475 1830 2523 v,
1863 2474 1990 2529 pag.
2040 2453 2191 2522 l66),

602 2571 754 2644 quasi
784 2568 1003 2624 minima
1047 2563 1265 2629 textrix,
1306 2574 1426 2631 quae
1466 2556 1674 2612 scilicet
1721 2548 1920 2622 aliquid
1957 2546 2193 2603 nondum

605 2662 762 2721 (locta
789 2677 950 2718 manu
979 2657 1214 2713 texebat.

681 2754 885 2827 Tiputa,
916 2753 969 2807 in
1015 2746 1377 2815 manuscripto
1417 2740 1604 2798 codice
1652 2736 1888 2808 hippula,
1920 2734 2016 2789 sed
2059 2731 2199 2786 male

611 2825 830 2924 (ldein.,
858 2847 946 2902 lib.
977 2862 1037 2909 ιι,
1067 2861 1121 2914 p.
1150 2837 1264 2912 84).
1295 2835 1489 2907 Tipula
1517 2844 1695 2888 autem
1728 2838 1811 2885 est
1839 2825 2051 2897 species
2080 2839 2200 2879 ver-

610 2946 736 3012 mis,
769 2959 864 2999 seu
889 2937 1152 3003 araneoli,
1180 2948 1274 2989 sex
1309 2931 1513 2986 habens
1546 2926 1729 2998 pedes,
1760 2932 1920 2978 tantae
1950 2918 2202 2983 levitatis,

613 3051 852 3110 utsnper
890 3047 1057 3106 aquas
1098 3028 1373 3102 gradiatur
1405 3046 1418 3081 :
1458 3021 1599 3078 unde
1630 3020 1718 3075 hic
1746 3016 1919 3072 Plauti
1964 3027 2156 3069 versus
2187 3027 2200 3063 :

2304 2616 2504 2660 cerone
2530 2597 2824 2669 accipitur,
2850 2593 2940 2648 ubi
2965 2593 3043 2648 sic
3066 2588 3343 2646 invehitur
3367 2586 3423 2641 in
3455 2584 3676 2640 Verrem
3703 2579 3904 2651 (Plin.,

2302 2696 2393 2753 lib.
2418 2709 2627 2751 xxxvu.
2654 2700 2825 2745 natur.
2862 2686 3026 2752 Hist.,
3051 2700 3168 2754 cap.
3196 2682 3255 2749 2,
3282 2697 3335 2752 p.
3360 2678 3491 2745 562;
3520 2675 3654 2742 Cic.,
3686 2682 3827 2729 orat.
3851 2671 3906 2737 4,

2303 2800 2466 2845 contr.
2506 2785 2734 2849 Verrem,
2765 2799 2819 2853 p.
2846 2779 2992 2851 172).
3032 2796 3051 2828 ι
3082 2777 3212 2832 Erat
3232 2778 3393 2830 etiam
3424 2785 3522 2826 vas
3548 2766 3823 2823 vinarium
3844 2779 3910 2820 ex

2304 2900 2411 2941 una
2450 2895 2657 2954 gemma
2691 2874 3007 2951 pergrandi,
3037 2871 3196 2927 trulla
3239 2876 3524 2932 excavata,
3563 2880 3687 2921 cum
3718 2876 3910 2917 manu-

2305 2979 2425 3036 brio
2454 2991 2735 3032 aureo.....
2764 2972 2922 3028 Mittit
2951 2968 3114 3024 etiam
3162 2965 3377 3021 trullam
3406 2975 3709 3035 gemmeam
3752 2973 3913 3026 roga--

2313 3080 2449 3138 tum,
2475 3071 2613 3127 velle
2635 3084 2754 3126 eam
2780 3082 2839 3123 se
2858 3060 3170 3134 diligentius
3195 3056 3575 3120 considerare;
3602 3068 3663 3108 ea
3693 3063 3916 3121 quoque

705 3154 884 3217 Neque
906 3148 1074 3213 tipulaa
1090 3145 1250 3197 levius
1269 3139 1457 3205 pondus
1475 3143 1572 3197 est,
1594 3146 1738 3199 quam
1762 3131 1886 3180 ﬁdes
1908 3129 2140 3180 lenoniae.

1146 3226 1357 3294 (Plaut.,
1375 3226 1544 3283 Pers.,
1561 3224 1660 3271 act.
1684 3231 1740 3279 ιι,
1760 3228 1891 3267 scen.
1918 3212 1991 3276 2).

616 3356 651 3421 ῑξ
689 3350 888 3408 Trabea
929 3351 1047 3402 erat
1075 3337 1275 3404 vestis,
1316 3332 1471 3403 cujus
1497 3326 1695 3398 triplex
1737 3336 1928 3395 genus.
1970 3318 2208 3374 Primum
2236 3300 2281 3364 C

620 3411 855 3522 purpura
909 3440 1110 3496 factum
1163 3432 1269 3488 diis
1311 3422 1729 3485 consecrabatur
1778 3416 1952 3490 (Arn.,
2005 3411 2095 3466 lib.
2152 3425 2212 3478 ιι,

776 3536 892 3610 56).
944 3530 1105 3589 Aliud
1136 3539 1343 3597 regum,
1373 3529 1430 3576 et
1456 3514 1589 3573 illud
1616 3525 1830 3585 quoque
1859 3518 2214 3579 purpureum,

748 3600 865 3687 albi,
878 3624 1079 3697 aliquid
1101 3616 1302 3677 coloris
1328 3615 1552 3670 mixtum
1581 3606 1833 3697 habebat.
1859 3600 2100 3658 Tertium
2125 3612 2219 3651 au-

627 3725 835 3800 gurale,
886 3691 1117 3792 purpura
1158 3712 1383 3767 mixtum
1426 3715 1481 3761 et
1526 3714 1712 3758 cocco.
1761 3696 2039 3766 Frequens
2078 3691 2221 3745 illius

629 3782 769 3892 apud
796 3782 970 3873 bonos
988 3782 1246 3865 auctores
1282 3800 1504 3857 mentio.
1535 3793 1749 3850 Videsis
1776 3787 2091 3847 Suetonium
2124 3782 2219 3837 lib.

630 3875 700 3971 de
727 3923 924 3985 genere
944 3903 1194 3966 vestium,
1225 3895 1414 3953 Isidor.
1454 3892 1545 3947 lib.
1582 3887 1673 3944 l9.
1702 3883 1909 3954 Origin.
1952 3878 2127 3949 capite
2151 3875 2221 3931 24

631 4017 692 4065 et
712 4007 939 4062 aliorum
966 3999 1036 4055 de
1064 4011 1126 4053 re
1147 3990 1399 4049 vestiaria
1427 3987 1615 4041 libros.

602 4132 605 4135 »
640 4063 1018 4171 hTrapetum,
1060 4105 1155 4147 seu
1204 4096 1418 4154 trapes,
1459 4077 1603 4159 mola
1642 4082 1727 4131 est
1772 4068 1973 4127 olearia
2019 4063 2222 4139 (lbid.,

636 4216 692 4272 p.
723 4194 836 4265 59).
867 4187 1120 4261 Virgilius
1143 4183 1341 4255 quippe
1370 4175 1504 4232 dixit
1533 4192 1548 4228 :

654 4342 657 4347 η
731 4308 886 4359 Venit
906 4304 1094 4368 hyems,
1110 4287 1710 4368 tegituESiczoniarbaﬁca
1730 4281 1955 4368 trapetis:1

1126 4340 1352 4426 ῖῐῖῦᾖέιῖ,
1373 4340 1457 4406 lib.
1483 4367 1516 4401 ιι
1542 4350 1738 4413 συοτρη
1761 4340 1885 4397 vers.
1907 4340 2042 4401 519).

639 4489 811 4559 Quem
836 4482 891 4537 in
922 4472 1137 4534 versum
1162 4467 1382 4526 Servius
1406 4480 1421 4516 :
1456 4456 1712 4528 Trapetis,
1741 4450 1938 4522 inquit,
1965 4444 2115 4501 molis
2134 4441 2233 4498 oli-

640 4544 876 4647 garibus,
908 4586 955 4633 et
982 4571 1269 4630 declinatur
1297 4569 1551 4633 trapetum
1589 4556 1718 4611 sicut
1746 4549 2010 4620 templum.
2042 4544 2232 4598 Teren-

640 4638 813 4734 tianus
838 4638 1031 4736 ε’ριιοε
1067 4677 1218 4734 super
1244 4655 1472 4712 insidens
1499 4657 1722 4719 trapetas
1754 4644 1901 4714 signa
1927 4638 2065 4711 gyris
2104 4647 2234 4689 tem-

646 4778 810 4844 perat.
860 4728 1009 4830 ρῙωα
1059 4728 1273 4812 metrum
1323 4759 1501 4819 aptum
1567 4750 1640 4798 est
1697 4738 1884 4793 olivam
1940 4728 2233 4786 terentibus.

646 4823 1139 4922 viaesis'caionem
1158 4849 1251 4904 lib.
1281 4844 1349 4901 de
1378 4842 1457 4898 Re
1480 4836 1703 4901 rustica,
1733 4847 1854 4903 cap.
1881 4827 1952 4883 ao
1978 4823 2150 4922 erae,
2178 4834 2241 4922 ac

646 4918 1005 5017 Columellam
1029 4946 1123 5003 lib.
1153 4958 1213 5008 ιι,
1230 4939 1300 4997 de
1328 4938 1409 4994 Re
1432 4933 1657 4999 rustica,
1689 4942 1808 4999 cap.
1839 4925 1930 4990 50,
1950 4929 2006 4978 et
2033 4918 2129 4976 lib.
2160 4918 2240 4984 ιιι,

648 5049 961 5205 magna,
984 5150 1081 5193 seu
1102 5129 1353 5188 tribulum
1374 5123 1504 5197 quid
1526 5121 1597 5177 sit
1617 5115 1857 5192 (Arnob.,
1885 5110 2062 5182 ibid.),
2084 5106 2244 5165 docet

652 5239 797 5299 idem
827 5231 1052 5293 Servius
1082 5229 1135 5284 in
1167 5226 1270 5281 hoc
1296 5218 1500 5289 Virgilii
1529 5228 1746 5271 carmen
1775 5228 1789 5264 :

744 5349 1067 5406 Tribulaque,
1088 5338 1475 5406 trah_e:eque,__et
1491 5320 2083 5406 iniquoponqepelgaftri.

950 5359 1067 5412 que,
1088 5350 1232 5395 trahe
1309 5350 1659 5404 ue,_etm1quu
1677 5350 1895 5389 puuucrc
1921 5350 2027 5372 luam

1120 5350 1351 5468 (Virgil,
1378 5395 1462 5447 lib.
1488 5407 1506 5443 ι
1530 5392 1725 5458 Georg.,
1747 5401 1873 5439 vers.
1895 5384 2027 5447 164.)

728 5499 949 5560 Tribula
987 5466 1169 5560 enim,
1203 5466 1373 5557 inquit
1400 5481 1513 5545 ille,
1547 5486 1631 5534 est
1662 5493 1682 5527 ι
1727 5486 1896 5545 genus
1921 5466 2154 5524 vehiculi
2184 5480 2250 5519 ex

658 5597 809 5657 omni
839 5602 992 5666 parte
1020 5588 1299 5643 dentatum
1318 5619 1336 5647 ,
1363 5574 1508 5632 unde
1537 5578 1781 5629 teruntur
1810 5566 2075 5621 frumenta
2097 5601 2113 5628 ,
2144 5573 2251 5630 quo

924 5683 981 5739 in
1010 5676 1188 5737 Africa
1219 5671 1529 5728 utebantur.
1566 5682 1585 5715 ι
1618 5660 1757 5724 Adi,
1786 5658 1833 5713 si
1862 5655 2012 5719 velis,
2047 5651 2248 5705 Varro-

663 5742 823 5842 ita,
851 5776 950 5831 lib.
980 5788 1036 5828 ιν
1077 5770 1145 5825 de
1175 5766 1328 5835 Ling.
1362 5762 1483 5826 lat.,
1524 5770 1647 5828 pag.
1693 5751 1749 5817 6,
1778 5747 1953 5842 etlib:
2003 5760 2023 5800 ι
2054 5742 2123 5800 de
2170 5742 2254 5798 Re

668 5839 832 5933 rust.,
872 5881 991 5934 cap.
1024 5862 1124 5926 5‘2;
1178 5854 1567 5917 Columellam,
1608 5846 1703 5902 lib.
1738 5858 1760 5899 ι
1812 5840 1881 5898 de
1921 5839 2001 5895 Re
2041 5849 2255 5910 quoque

674 5961 893 6028 rustica,
922 5971 1043 6029 cap.
1070 5953 1123 6020 6,
1154 5960 1211 6009 et
1235 5950 1331 6007 lib.
1359 5962 1420 6016 ιι,
1452 5960 1571 6016 cap.
1599 5940 1689 5997 21.

2311 3168 2359 3223 ei
2390 3166 2638 3221 mittitur.
2675 3184 2694 3217 ι
2725 3159 3000 3218 Iuvenalis
3040 3171 3171 3213 vero
3215 3168 3310 3209 vas
3345 3150 3614 3223 potorium
3652 3161 3775 3204 esse
3812 3145 3915 3200 hoc

2314 3261 2578 3333 signiticet
2609 3270 2769 3313 versu
2803 3273 2817 3311 :

2412 3379 2466 3429 Si
2482 3376 2627 3429 trulla
2646 3378 2847 3426 inverso
2868 3373 3112 3429 crepitum
3134 3370 3275 3419 dedit
3296 3378 3445 3416 aurea
3468 3363 3638 3429 fundo.

2922 3423 3192 3497 (iuverint,
3213 3429 3353 3482 satir.
3368 3429 3426 3489 ,3,
3443 3439 3571 3479 vers.
3594 3423 3726 3487 tos).

2322 3548 2496 3618 Atque
2520 3544 2682 3600 etiam
2708 3540 3000 3597 Horatius:

2417 3661 2509 3721 Qui
2532 3659 2861 3709 Veientanum
2883 3654 3022 3721 festis
3046 3661 3218 3719 potare
3240 3652 3421 3703 diebus
3482 3710 3503 3721 η
3552 3674 3555 3679 ·

2415 3710 2653 3787 Campana
2684 3720 2859 3771 solitus
2881 3710 3369 3781 trulla,'vappamque
3395 3710 3640 3777 profestis.

2574 3804 2795 3866 (Horat.,
2819 3799 2903 3852 lib.
2926 3816 2979 3865 ιι,
3003 3798 3144 3851 satir.
3168 3802 3218 3859 3,
3240 3810 3364 3849 vers.
3388 3795 3480 3847 145
3496 3800 3543 3845 et
3574 3794 3738 3859 seqq.)

2327 3912 2537 3968 Videsis
2557 3924 2820 3982 praeterea
2842 3908 3062 3964 citatum
3078 3905 3190 3977 jam
3211 3920 3242 3959 a
3266 3902 3421 3959 nobis
3437 3900 3685 3958 Plautum
3709 3898 3917 3972 (Supr.,

2327 4006 2396 4061 ad
2427 4005 2562 4061 verb.
2594 3998 2949 4075 LANCILULA),
2977 4013 3080 4055 nec
3108 4015 3216 4053 non
3246 3995 3565 4055 Martialem.
3588 3992 3685 4048 lib.
3706 4007 3785 4059 Ix,
3813 3990 3921 4060 epi-

2328 4114 2502 4171 gram.
2538 4097 2639 4164 98;
2672 4097 2935 4161 Plinium,
2967 4093 3064 4149 lib.
3097 4107 3261 4147 xxxiv
3312 4088 3437 4145 Nat.
3470 4088 3689 4152 histor.,
3720 4100 3842 4155 cap.
3870 4082 3918 4147 2,

2331 4208 2453 4265 pag.
2476 4191 2568 4249 9i.
2591 4192 2874 4255 Catonem,
2903 4186 2973 4242 de
2998 4185 3077 4242 Re
3104 4185 3325 4249 ruStica,
3355 4196 3474 4251 cap.
3503 4178 3574 4235 l0
3601 4178 3775 4242 etii,
3798 4185 3853 4231 et
3874 4174 3921 4229 in

2332 4283 2609 4341 Iuvenalis
2657 4295 2875 4337 carmen
2926 4278 3322 4333 cunctationes.
3373 4272 3611 4341 Denique
3653 4269 3816 4325 trulla
3852 4274 3924 4323 est

2334 4382 2747 4438 instrumentum
2784 4372 3117 4431 caementarii
3163 4370 3412 4425 omnibus
3457 4378 3645 4423 notum
3679 4383 3695 4422 :
3725 4364 3825 4421 sed
3866 4377 3925 4418 eo

2336 4492 2502 4533 sensu
2525 4476 2593 4531 ab
2617 4470 2858 4529 Arnobio
2885 4484 2993 4524 non
3020 4466 3253 4524 sumitur
3274 4462 3512 4535 (Arnob.,
3536 4462 3625 4518 lib.
3654 4476 3712 4525 ιι,
3742 4478 3797 4532 p.
3822 4456 3923 4524 75).

2409 4568 2630 4633 Tuceta,
2662 4565 2708 4620 si
2735 4561 3020 4633 Fulgentio
3061 4559 3287 4627 credas,
3334 4557 3576 4611 dicuntur
3611 4568 3741 4610 eccm
3784 4550 3926 4621 regia:

2260 4701 2314 4762 Β
2341 4661 2632 4737 (Fulgent.,
2657 4658 2721 4712 de
2741 4656 2907 4728 prisco
2927 4670 3107 4721 serm.,
3130 4669 3275 4707 num.
3289 4648 3597 4721 4).Callim.
3624 4647 3678 4702 in
3702 4644 3920 4700 Pisaeis:

2465 4778 2719 4830 Ambrosio
2732 4773 2961 4826 redolent
2975 4776 3139 4823 tuceta
3160 4780 3351 4833 sapore.

2342 4889 2541 4946 Verum
2571 4883 2844 4945 Johannes
2871 4876 3213 4935 Britannicus
3240 4875 3294 4929 in
3324 4873 3428 4927 hoc
3476 4870 3649 4928 Persii
3673 4880 3921 4926 carmen:

2785 4974 3010 5025 Grandes
3024 4970 3203 5034 patinae
3216 4971 3489 5029 tucetaque
3506 4976 3688 5015 crassa.

3046 5056 3235 5119 (Pers.,
3257 5048 3395 5103 satir.
3421 5049 3472 5103 2.
3500 5061 3624 5100 vers.
3648 5046 3756 5108 40.)

2344 5175 2598 5232 observat
2635 5175 2813 5224 tuceta
2851 5177 3021 5236 genus
3062 5175 3184 5217 esse
3234 5155 3529 5212 i‘arciminis
3569 5168 3634 5209 ex
3683 5150 3926 5207 carnibus

2347 5267 2523 5324 suillis
2555 5261 2802 5319 minutim
2840 5254 3093 5313 concisis.
3133 5250 3243 5308 Nec
3272 5263 3414 5321 aegre
3448 5246 3602 5302 nobis
3630 5243 3925 5316 probabitur

2348 5359 2455 5415 hoc
2497 5370 2695 5413 nomen
2732 5351 2826 5407 illo
2864 5362 3026 5404 sensu
3066 5345 3136 5400 ab
3179 5342 3419 5399 Arnobio
3453 5338 3643 5409 accipi.
3686 5332 3925 5407 Apuleios

2352 5464 2482 5507 vero
2524 5445 2715 5503 alicubi
2757 5442 2927 5498 dixit:
2961 5458 2981 5492 ι
3009 5438 3140 5508 Quis
3182 5434 3433 5491 dominus
3475 5430 3702 5503 parabat
3738 5428 3925 5482 viscum

2352 5542 2537 5600 furtim
2576 5536 2875 5602 concisum,
2919 5545 2974 5590 et
3015 5532 3229 5604 pulpam
3269 5526 3533 5583 frustatim
3565 5523 3842 5580 collectam
3869 5514 3925 5570 ad

2354 5620 2551 5708 pascua
2580 5632 2882 5694 virulenta;
2909 5637 2966 5682 ct
2989 5624 3204 5697 quidem
3232 5621 3472 5677 naribus.
3498 5618 3614 5674 Jam
3645 5615 3774 5672 mihi
3798 5614 3926 5667 ario-

2354 5736 2506 5793 labar
2534 5741 2772 5790 tucetum
2802 5743 2903 5801 per
2931 5739 3091 5798 quam
3123 5720 3520 5778 suavissimum.
3554 5734 3573 5768 ι
3608 5714 3741 5770 Alibi
3773 5721 3925 5765 vero:

2360 5848 2383 5883 ‹
2414 5828 2692 5886 Pulmenta
2721 5820 2957 5881 recentia
2987 5817 3179 5875 tacetis
3205 5821 3488 5887 temperat,
3519 5824 3705 5867 mensa
3732 5803 3934 5876 largiter

2359 5925 2616 5984 instructa
2649 5938 2668 5974 ι
2700 5916 2909 5992 (ApuL,
2934 5914 3024 5971 lib.
3050 5929 3088 5969 ιι
3117 5911 3354 5977 Metam,
3379 5925 3429 5979 p.
3462 5902 3578 5976 20).
