  <div class='ocr_page' id='page_1' title='image "/cluster/home/n/w/nwhite01/storage/ocr_20150623/5/umn.31951002477299b/366.png"; bbox 0 0 4020 6274; ppageno 0'>
   <div class='ocr_carea' id='block_1_1' title="bbox 248 333 352 390">
    <p class='ocr_par' dir='ltr' id='par_1_1' title="bbox 248 333 352 390">
     <span class='ocr_line' id='line_1_1' title="bbox 248 333 352 390; baseline 0 -2"><span class='ocrx_word' id='word_1_1' title='bbox 248 333 352 390; x_wconf 82' lang='grc'><strong>715</strong></span> 
     </span>
    </p>
   </div>
   <div class='ocr_carea' id='block_1_2' title="bbox 1096 345 2638 432">
    <p class='ocr_par' dir='ltr' id='par_1_2' title="bbox 1096 345 2638 432">
     <span class='ocr_line' id='line_1_2' title="bbox 1096 345 2638 432; baseline 0.019 -29"><span class='ocrx_word' id='word_1_2' title='bbox 1096 345 1376 408; x_wconf 83' lang='lat' dir='ltr'><strong>ARNOBII</strong></span> <span class='ocrx_word' id='word_1_3' title='bbox 1413 352 1780 415; x_wconf 79' lang='lat' dir='ltr'><strong>ADVERSUS</strong></span> <span class='ocrx_word' id='word_1_4' title='bbox 1815 358 2087 422; x_wconf 83' lang='lat' dir='ltr'><strong>GENTES</strong></span> <span class='ocrx_word' id='word_1_5' title='bbox 2124 363 2327 426; x_wconf 80' lang='lat' dir='ltr'><strong>LIBER</strong></span> <span class='ocrx_word' id='word_1_6' title='bbox 2367 371 2638 432; x_wconf 76' lang='lat' dir='ltr'><strong>PRIMUS.</strong></span> 
     </span>
    </p>
   </div>
   <div class='ocr_carea' id='block_1_3' title="bbox 3428 397 3533 454">
    <p class='ocr_par' dir='ltr' id='par_1_3' title="bbox 3428 397 3533 454">
     <span class='ocr_line' id='line_1_3' title="bbox 3428 397 3533 454; baseline 0.029 -3"><span class='ocrx_word' id='word_1_7' title='bbox 3428 397 3533 454; x_wconf 76' lang='lat' dir='ltr'><strong>7M</strong></span> 
     </span>
    </p>
   </div>
   <div class='ocr_carea' id='block_1_4' title="bbox 325 422 3532 551">
    <p class='ocr_par' dir='ltr' id='par_1_4' title="bbox 325 422 3532 551">
     <span class='ocr_line' id='line_1_4' title="bbox 2198 422 3532 454; baseline 0.022 -30"><span class='ocrx_word' id='word_1_8' title='bbox 2198 422 2327 426; x_wconf 39' lang='lat'><strong>,_._-</strong></span> <span class='ocrx_word' id='word_1_9' title='bbox 2367 422 2638 432; x_wconf 64' lang='grc' dir='ltr'><strong>..-ην-ν...-</strong></span> <span class='ocrx_word' id='word_1_10' title='bbox 3436 422 3532 454; x_wconf 57' lang='lat' dir='ltr'><strong>lli</strong></span> 
     </span>
     <span class='ocr_line' id='line_1_5' title="bbox 325 422 3532 551; baseline 0.022 -75"><span class='ocrx_word' id='word_1_11' title='bbox 325 422 623 481; x_wconf 83' lang='lat' dir='ltr'><strong>meorum</strong></span> <span class='ocrx_word' id='word_1_12' title='bbox 673 428 1047 507; x_wconf 84' lang='lat' dir='ltr'><strong>sirpiarumque</strong></span> <span class='ocrx_word' id='word_1_13' title='bbox 1088 441 1276 499; x_wconf 76' lang='lat' dir='ltr'><strong>vitorcs</strong></span> <span class='ocrx_word' id='word_1_14' title='bbox 1319 444 1372 499; x_wconf 91' lang='lat' dir='ltr'><strong>in</strong></span> <span class='ocrx_word' id='word_1_15' title='bbox 1419 446 1641 505; x_wconf 83' lang='lat' dir='ltr'><strong>Arnobii</strong></span> <span class='ocrx_word' id='word_1_16' title='bbox 1690 460 1836 509; x_wconf 82' lang='lat' dir='ltr'><strong>textu</strong></span> <span class='ocrx_word' id='word_1_17' title='bbox 1862 456 1914 514; x_wconf 83' lang='lat' dir='ltr'><strong>A</strong></span> <span class='ocrx_word' id='word_1_18' title='bbox 1941 457 2234 529; x_wconf 87' lang='lat' dir='ltr'><strong>vindicare,</strong></span> <span class='ocrx_word' id='word_1_19' title='bbox 2261 472 2313 519; x_wconf 92' lang='lat' dir='ltr'><strong>et</strong></span> <span class='ocrx_word' id='word_1_20' title='bbox 2336 481 2583 525; x_wconf 86' lang='lat' dir='ltr'><strong>asserere</strong></span> <span class='ocrx_word' id='word_1_21' title='bbox 2623 469 2806 540; x_wconf 89' lang='lat' dir='ltr'><strong>(Ibid..</strong></span> <span class='ocrx_word' id='word_1_22' title='bbox 2835 473 2923 529; x_wconf 93' lang='lat' dir='ltr'><strong>lib.</strong></span> <span class='ocrx_word' id='word_1_23' title='bbox 2953 491 3026 543; x_wconf 74' lang='grc' dir='ltr'><strong>ιν,</strong></span> <span class='ocrx_word' id='word_1_24' title='bbox 3057 494 3109 548; x_wconf 91' lang='lat' dir='ltr'><strong>p.</strong></span> <span class='ocrx_word' id='word_1_25' title='bbox 3139 480 3289 551; x_wconf 71' lang='grc'><strong>128).</strong></span> <span class='ocrx_word' id='word_1_26' title='bbox 3327 483 3532 547; x_wconf 80' lang='lat' dir='ltr'><strong>Vidcsis</strong></span> 
     </span>
     <span class='ocr_line' id='line_1_6' title="bbox 325 516 1980 551; baseline 0.008 0"><span class='ocrx_word' id='word_1_27' title='bbox 325 516 469 551; x_wconf 53' lang='lat' dir='ltr'><strong>imus</strong></span> <span class='ocrx_word' id='word_1_28' title='bbox 503 520 695 551; x_wconf 71' lang='lat' dir='ltr'><strong>IA..-..L</strong></span> <span class='ocrx_word' id='word_1_29' title='bbox 776 525 839 551; x_wconf 78' lang='lat' dir='ltr'><strong>ru.</strong></span> <span class='ocrx_word' id='word_1_30' title='bbox 892 544 928 551; x_wconf 92' lang='lat'><strong>--</strong></span> <span class='ocrx_word' id='word_1_31' title='bbox 986 548 1013 551; x_wconf 89' lang='lat'>__</span> <span class='ocrx_word' id='word_1_32' title='bbox 1067 532 1154 551; x_wconf 68' lang='lat' dir='ltr'><strong>In“</strong></span> <span class='ocrx_word' id='word_1_33' title='bbox 1212 536 1256 551; x_wconf 73' lang='grc' dir='ltr'><strong>ιν</strong></span> <span class='ocrx_word' id='word_1_34' title='bbox 1300 538 1329 551; x_wconf 92' lang='grc'><strong>..</strong></span> <span class='ocrx_word' id='word_1_35' title='bbox 1637 545 1649 551; x_wconf 94' lang='grc'><strong>-</strong></span> <span class='ocrx_word' id='word_1_36' title='bbox 1722 544 1735 551; x_wconf 87' lang='lat'><strong>-</strong></span> <span class='ocrx_word' id='word_1_37' title='bbox 1945 547 1980 551; x_wconf 86' lang='lat'><strong>—</strong></span> 
     </span>
    </p>
   </div>
   <div class='ocr_carea' id='block_1_5' title="bbox 241 515 3535 645">
    <p class='ocr_par' dir='ltr' id='par_1_5' title="bbox 241 515 3535 645">
     <span class='ocr_line' id='line_1_7' title="bbox 2159 515 3532 551; baseline 0.023 -35"><span class='ocrx_word' id='word_1_38' title='bbox 2159 515 2168 516; x_wconf 59' lang='lat'><strong><em>,</em></strong></span> <span class='ocrx_word' id='word_1_39' title='bbox 2195 515 2234 529; x_wconf 75' lang='grc'><strong>,,</strong></span> <span class='ocrx_word' id='word_1_40' title='bbox 2267 515 2312 519; x_wconf 46' lang='grc' dir='ltr'><strong>ν-</strong></span> <span class='ocrx_word' id='word_1_41' title='bbox 2337 515 2582 525; x_wconf 52' lang='grc' dir='ltr'><strong>---νην</strong></span> <span class='ocrx_word' id='word_1_42' title='bbox 2623 515 2806 540; x_wconf 57' lang='grc' dir='ltr'><strong>μνη...</strong></span> <span class='ocrx_word' id='word_1_43' title='bbox 2835 515 2923 529; x_wconf 75' lang='grc' dir='ltr'><strong>ην.</strong></span> <span class='ocrx_word' id='word_1_44' title='bbox 2953 515 3026 543; x_wconf 74' lang='grc' dir='ltr'><strong>ιν,</strong></span> <span class='ocrx_word' id='word_1_45' title='bbox 3057 515 3109 548; x_wconf 68' lang='grc' dir='ltr'><strong>με</strong></span> <span class='ocrx_word' id='word_1_46' title='bbox 3143 515 3289 551; x_wconf 74' lang='grc' dir='ltr'><strong>ιιοιο</strong></span> <span class='ocrx_word' id='word_1_47' title='bbox 3338 515 3532 547; x_wconf 70' lang='grc' dir='ltr'><strong>νιυυδιε</strong></span> 
     </span>
     <span class='ocr_line' id='line_1_8' title="bbox 241 515 3535 645; baseline 0.02 -76"><span class='ocrx_word' id='word_1_48' title='bbox 241 515 471 587; x_wconf 76' lang='lat' dir='ltr'><strong>legimus</strong></span> <span class='ocrx_word' id='word_1_49' title='bbox 503 520 739 589; x_wconf 79' lang='lat' dir='ltr'><strong>(Arnob.,</strong></span> <span class='ocrx_word' id='word_1_50' title='bbox 772 525 859 580; x_wconf 86' lang='lat' dir='ltr'><strong>lib.</strong></span> <span class='ocrx_word' id='word_1_51' title='bbox 892 544 951 597; x_wconf 89' lang='lat' dir='ltr'><strong>tt,</strong></span> <span class='ocrx_word' id='word_1_52' title='bbox 983 548 1035 601; x_wconf 92' lang='lat' dir='ltr'><strong>p.</strong></span> <span class='ocrx_word' id='word_1_53' title='bbox 1067 532 1179 607; x_wconf 81' lang='grc'><strong>70).</strong></span> <span class='ocrx_word' id='word_1_54' title='bbox 1211 536 1399 595; x_wconf 88' lang='lat' dir='ltr'><strong>Nullus</strong></span> <span class='ocrx_word' id='word_1_55' title='bbox 1427 553 1606 597; x_wconf 90' lang='lat' dir='ltr'><strong>autem</strong></span> <span class='ocrx_word' id='word_1_56' title='bbox 1636 545 1689 600; x_wconf 91' lang='lat' dir='ltr'><strong>in</strong></span> <span class='ocrx_word' id='word_1_57' title='bbox 1721 544 1838 603; x_wconf 76' lang='lat' dir='ltr'><strong>lucc</strong></span> <span class='ocrx_word' id='word_1_58' title='bbox 1940 547 2181 619; x_wconf 76' lang='lat' dir='ltr'><strong>Festum,</strong></span> <span class='ocrx_word' id='word_1_59' title='bbox 2208 564 2261 609; x_wconf 87' lang='lat' dir='ltr'><strong>et</strong></span> <span class='ocrx_word' id='word_1_60' title='bbox 2292 558 2483 614; x_wconf 84' lang='lat' dir='ltr'><strong>citatus</strong></span> <span class='ocrx_word' id='word_1_61' title='bbox 2502 562 2570 616; x_wconf 91' lang='lat' dir='ltr'><strong>ab</strong></span> <span class='ocrx_word' id='word_1_62' title='bbox 2594 562 2686 617; x_wconf 82' lang='lat' dir='ltr'><strong>illo</strong></span> <span class='ocrx_word' id='word_1_63' title='bbox 2711 578 2983 634; x_wconf 85' lang='lat' dir='ltr'><strong>auelores,</strong></span> <span class='ocrx_word' id='word_1_64' title='bbox 3011 579 3171 639; x_wconf 71' lang='lat' dir='ltr'><strong>atquc</strong></span> <span class='ocrx_word' id='word_1_65' title='bbox 3195 572 3447 645; x_wconf 86' lang='lat' dir='ltr'><strong>Gellium,</strong></span> <span class='ocrx_word' id='word_1_66' title='bbox 3477 591 3535 637; x_wconf 89' lang='lat' dir='ltr'><strong>et</strong></span> 
     </span>
     <span class='ocr_line' id='line_1_9' title="bbox 241 606 2045 645; baseline 0.013 0"><span class='ocrx_word' id='word_1_67' title='bbox 241 606 385 645; x_wconf 61' lang='lat' dir='ltr'><strong>“lina</strong></span> <span class='ocrx_word' id='word_1_68' title='bbox 405 610 567 645; x_wconf 67' lang='lat' dir='ltr'><strong>vnnhn</strong></span> <span class='ocrx_word' id='word_1_69' title='bbox 598 613 680 645; x_wconf 67' lang='grc' dir='ltr'><strong>..ΔΙ</strong></span> <span class='ocrx_word' id='word_1_70' title='bbox 706 617 983 645; x_wconf 69' lang='lat' dir='ltr'><strong>m:.-.:.......-</strong></span> <span class='ocrx_word' id='word_1_71' title='bbox 1020 625 1141 645; x_wconf 73' lang='lat' dir='ltr'><strong>_--:J</strong></span> <span class='ocrx_word' id='word_1_72' title='bbox 1177 641 1193 645; x_wconf 51' lang='grc' dir='ltr'><strong><em>Α</em></strong></span> <span class='ocrx_word' id='word_1_73' title='bbox 1260 644 1267 645; x_wconf 44' lang='grc' dir='ltr'><em>κ</em></span> <span class='ocrx_word' id='word_1_74' title='bbox 1294 641 1329 645; x_wconf 45' lang='grc' dir='ltr'><strong>κ-</strong></span> <span class='ocrx_word' id='word_1_75' title='bbox 1409 631 1441 645; x_wconf 79' lang='grc'><strong>⁸-</strong></span> <span class='ocrx_word' id='word_1_76' title='bbox 1511 633 1523 645; x_wconf 87' lang='grc'><strong>·</strong></span> <span class='ocrx_word' id='word_1_77' title='bbox 1638 636 1649 645; x_wconf 87' lang='grc'><strong>·</strong></span> <span class='ocrx_word' id='word_1_78' title='bbox 1695 638 1706 645; x_wconf 72' lang='lat'><em>‘</em></span> <span class='ocrx_word' id='word_1_79' title='bbox 1752 640 1762 645; x_wconf 87' lang='grc'>·</span> <span class='ocrx_word' id='word_1_80' title='bbox 1788 639 1798 645; x_wconf 89' lang='grc'><strong>·</strong></span> <span class='ocrx_word' id='word_1_81' title='bbox 2040 644 2045 645; x_wconf 63' lang='grc'><strong><em>⁷</em></strong></span> 
     </span>
    </p>
   </div>
   <div class='ocr_carea' id='block_1_6' title="bbox 238 606 1835 699">
    <p class='ocr_par' dir='ltr' id='par_1_6' title="bbox 238 606 1835 699">
     <span class='ocr_line' id='line_1_10' title="bbox 238 606 1835 699; baseline 0.022 -40"><span class='ocrx_word' id='word_1_82' title='bbox 238 606 386 663; x_wconf 87' lang='lat' dir='ltr'><strong>illius</strong></span> <span class='ocrx_word' id='word_1_83' title='bbox 405 610 569 666; x_wconf 84' lang='lat' dir='ltr'><strong>verba</strong></span> <span class='ocrx_word' id='word_1_84' title='bbox 598 613 682 669; x_wconf 98' lang='lat' dir='ltr'><strong>vel</strong></span> <span class='ocrx_word' id='word_1_85' title='bbox 704 617 984 675; x_wconf 87' lang='lat' dir='ltr'><strong>minimqu</strong></span> <span class='ocrx_word' id='word_1_86' title='bbox 1015 625 1143 694; x_wconf 91' lang='lat' dir='ltr'><strong>quid</strong></span> <span class='ocrx_word' id='word_1_87' title='bbox 1171 631 1478 699; x_wconf 86' lang='lat' dir='ltr'><strong>annotavit;</strong></span> <span class='ocrx_word' id='word_1_88' title='bbox 1509 633 1649 690; x_wconf 83' lang='lat' dir='ltr'><strong>haud</strong></span> <span class='ocrx_word' id='word_1_89' title='bbox 1675 638 1835 695; x_wconf 89' lang='lat' dir='ltr'><strong>dubie</strong></span> 
     </span>
    </p>
   </div>
   <div class='ocr_carea' id='block_1_7' title="bbox 238 699 1833 791">
    <p class='ocr_par' dir='ltr' id='par_1_7' title="bbox 238 699 1833 791">
     <span class='ocr_line' id='line_1_11' title="bbox 238 699 1833 791; baseline 0.022 -39"><span class='ocrx_word' id='word_1_90' title='bbox 238 699 364 769; x_wconf 89' lang='lat' dir='ltr'><strong>quia</strong></span> <span class='ocrx_word' id='word_1_91' title='bbox 411 700 685 760; x_wconf 81' lang='lat' dir='ltr'><strong>difﬁcilior</strong></span> <span class='ocrx_word' id='word_1_92' title='bbox 736 706 908 780; x_wconf 89' lang='lat' dir='ltr'><strong>locus,</strong></span> <span class='ocrx_word' id='word_1_93' title='bbox 958 728 1369 791; x_wconf 89' lang='lat' dir='ltr'><strong>corruptusque,</strong></span> <span class='ocrx_word' id='word_1_94' title='bbox 1427 740 1525 780; x_wconf 88' lang='lat' dir='ltr'><strong>nec</strong></span> <span class='ocrx_word' id='word_1_95' title='bbox 1578 730 1833 787; x_wconf 84' lang='lat' dir='ltr'><strong>sanabilis</strong></span> 
     </span>
    </p>
   </div>
   <div class='ocr_carea' id='block_1_8' title="bbox 236 792 1833 883">
    <p class='ocr_par' dir='ltr' id='par_1_8' title="bbox 236 792 1833 883">
     <span class='ocr_line' id='line_1_12' title="bbox 236 792 1833 883; baseline 0.023 -37"><span class='ocrx_word' id='word_1_96' title='bbox 236 792 385 849; x_wconf 88' lang='lat' dir='ltr'><strong>visus</strong></span> <span class='ocrx_word' id='word_1_97' title='bbox 417 805 520 851; x_wconf 89' lang='lat' dir='ltr'><strong>est.</strong></span> <span class='ocrx_word' id='word_1_98' title='bbox 553 797 692 867; x_wconf 84' lang='lat' dir='ltr'><strong>Quid</strong></span> <span class='ocrx_word' id='word_1_99' title='bbox 731 817 861 875; x_wconf 88' lang='lat' dir='ltr'><strong>ergo</strong></span> <span class='ocrx_word' id='word_1_100' title='bbox 899 806 944 861; x_wconf 92' lang='lat' dir='ltr'><strong>si</strong></span> <span class='ocrx_word' id='word_1_101' title='bbox 980 810 1242 867; x_wconf 91' lang='lat' dir='ltr'><strong>medicam</strong></span> <span class='ocrx_word' id='word_1_102' title='bbox 1283 831 1499 874; x_wconf 89' lang='lat' dir='ltr'><strong>manum</strong></span> <span class='ocrx_word' id='word_1_103' title='bbox 1546 822 1596 877; x_wconf 90' lang='lat' dir='ltr'><strong>ei</strong></span> <span class='ocrx_word' id='word_1_104' title='bbox 1637 823 1833 883; x_wconf 79' lang='lat' dir='ltr'><strong>all‘erre</strong></span> 
     </span>
    </p>
   </div>
   <div class='ocr_carea' id='block_1_9' title="bbox 237 887 1832 985">
    <p class='ocr_par' dir='ltr' id='par_1_9' title="bbox 237 887 1832 985">
     <span class='ocr_line' id='line_1_13' title="bbox 237 887 1832 985; baseline 0.021 -46"><span class='ocrx_word' id='word_1_105' title='bbox 237 887 515 973; x_wconf 74' lang='lat' dir='ltr'><strong>tentando,</strong></span> <span class='ocrx_word' id='word_1_106' title='bbox 573 892 768 963; x_wconf 86' lang='lat' dir='ltr'><strong>aliquis</strong></span> <span class='ocrx_word' id='word_1_107' title='bbox 823 912 922 967; x_wconf 89' lang='lat' dir='ltr'><strong>pro</strong></span> <span class='ocrx_word' id='word_1_108' title='bbox 972 902 1247 973; x_wconf 87' lang='lat' dir='ltr'><strong>sirpiarum</strong></span> <span class='ocrx_word' id='word_1_109' title='bbox 1297 907 1497 966; x_wconf 80' lang='lat' dir='ltr'><strong>dixerit</strong></span> <span class='ocrx_word' id='word_1_110' title='bbox 1545 913 1832 985; x_wconf 88' lang='lat' dir='ltr'><strong>sirpearum</strong></span> 
     </span>
    </p>
   </div>
   <div class='ocr_carea' id='block_1_10' title="bbox 233 961 1825 1075">
    <p class='ocr_par' dir='ltr' id='par_1_10' title="bbox 233 961 1825 1075">
     <span class='ocr_line' id='line_1_14' title="bbox 233 961 1825 1075; baseline 0.021 -44"><span class='ocrx_word' id='word_1_111' title='bbox 233 961 560 1048; x_wconf 78' lang='lat' dir='ltr'><strong>legendum?</strong></span> <span class='ocrx_word' id='word_1_112' title='bbox 585 961 739 1055; x_wconf 77' lang='lat' dir='ltr'><strong>Apud</strong></span> <span class='ocrx_word' id='word_1_113' title='bbox 768 961 1061 1048; x_wconf 73' lang='lat' dir='ltr'><strong>varronem</strong></span> <span class='ocrx_word' id='word_1_114' title='bbox 1091 996 1234 1052; x_wconf 90' lang='lat' dir='ltr'><strong>enim</strong></span> <span class='ocrx_word' id='word_1_115' title='bbox 1547 961 1825 1075; x_wconf 51' lang='lat' dir='ltr'><strong>videmus,</strong></span> 
     </span>
    </p>
   </div>
   <div class='ocr_carea' id='block_1_11' title="bbox 232 1068 1829 1161">
    <p class='ocr_par' dir='ltr' id='par_1_11' title="bbox 232 1068 1829 1161">
     <span class='ocr_line' id='line_1_15' title="bbox 232 1068 1829 1161; baseline 0.023 -40"><span class='ocrx_word' id='word_1_116' title='bbox 232 1068 428 1141; x_wconf 84' lang='lat' dir='ltr'><strong>sirpeas</strong></span> <span class='ocrx_word' id='word_1_117' title='bbox 481 1079 832 1144; x_wconf 86' lang='lat' dir='ltr'><strong>stercorarias,</strong></span> <span class='ocrx_word' id='word_1_118' title='bbox 883 1091 937 1138; x_wconf 88' lang='lat' dir='ltr'><strong>et</strong></span> <span class='ocrx_word' id='word_1_119' title='bbox 977 1095 1163 1155; x_wconf 87' lang='lat' dir='ltr'><strong>postea</strong></span> <span class='ocrx_word' id='word_1_120' title='bbox 1207 1068 1429 1161; x_wconf 79' lang='lat' dir='ltr'><strong>sirpeam</strong></span> <span class='ocrx_word' id='word_1_121' title='bbox 1472 1102 1829 1157; x_wconf 85' lang='lat' dir='ltr'><strong>stercorariam</strong></span> 
     </span>
    </p>
   </div>
   <div class='ocr_carea' id='block_1_12' title="bbox 232 1158 1828 1254">
    <p class='ocr_par' dir='ltr' id='par_1_12' title="bbox 232 1158 1828 1254">
     <span class='ocr_line' id='line_1_16' title="bbox 232 1158 1828 1254; baseline 0.024 -41"><span class='ocrx_word' id='word_1_122' title='bbox 232 1158 451 1230; x_wconf 85' lang='lat' dir='ltr'><strong>(Varro,</strong></span> <span class='ocrx_word' id='word_1_123' title='bbox 489 1164 579 1221; x_wconf 86' lang='lat' dir='ltr'><strong>lib.</strong></span> <span class='ocrx_word' id='word_1_124' title='bbox 611 1168 675 1223; x_wconf 88' lang='lat' dir='ltr'><strong>de</strong></span> <span class='ocrx_word' id='word_1_125' title='bbox 702 1169 779 1226; x_wconf 87' lang='lat' dir='ltr'><strong>Re</strong></span> <span class='ocrx_word' id='word_1_126' title='bbox 803 1174 1003 1241; x_wconf 85' lang='lat' dir='ltr'><strong>rustic.,</strong></span> <span class='ocrx_word' id='word_1_127' title='bbox 1037 1194 1154 1250; x_wconf 89' lang='lat' dir='ltr'><strong>cap.</strong></span> <span class='ocrx_word' id='word_1_128' title='bbox 1186 1181 1252 1238; x_wconf 85' lang='grc'><strong>10</strong></span> <span class='ocrx_word' id='word_1_129' title='bbox 1276 1158 1328 1238; x_wconf 79' lang='lat' dir='ltr'><strong>et</strong></span> <span class='ocrx_word' id='word_1_130' title='bbox 1357 1187 1470 1254; x_wconf 85' lang='grc'><strong>11).</strong></span> <span class='ocrx_word' id='word_1_131' title='bbox 1517 1189 1657 1247; x_wconf 84' lang='lat' dir='ltr'><strong>Alibi</strong></span> <span class='ocrx_word' id='word_1_132' title='bbox 1701 1209 1828 1251; x_wconf 89' lang='lat' dir='ltr'><strong>vero</strong></span> 
     </span>
    </p>
   </div>
   <div class='ocr_carea' id='block_1_13' title="bbox 231 1252 1823 1356">
    <p class='ocr_par' dir='ltr' id='par_1_13' title="bbox 231 1252 1823 1356">
     <span class='ocr_line' id='line_1_17' title="bbox 231 1252 1823 1356; baseline 0.022 -49"><span class='ocrx_word' id='word_1_133' title='bbox 231 1252 430 1310; x_wconf 83' lang='lat' dir='ltr'><strong>clarius</strong></span> <span class='ocrx_word' id='word_1_134' title='bbox 473 1258 600 1328; x_wconf 91' lang='lat' dir='ltr'><strong>quid</strong></span> <span class='ocrx_word' id='word_1_135' title='bbox 639 1262 817 1334; x_wconf 86' lang='lat' dir='ltr'><strong>sirpea</strong></span> <span class='ocrx_word' id='word_1_136' title='bbox 860 1266 949 1335; x_wconf 92' lang='lat' dir='ltr'><strong>sit,</strong></span> <span class='ocrx_word' id='word_1_137' title='bbox 994 1271 1264 1341; x_wconf 82' lang='lat' dir='ltr'><strong>explicat:</strong></span> <span class='ocrx_word' id='word_1_138' title='bbox 1295 1295 1314 1328; x_wconf 72' lang='grc' dir='ltr'>ι</span> <span class='ocrx_word' id='word_1_139' title='bbox 1343 1252 1553 1350; x_wconf 84' lang='lat' dir='ltr'><strong>Sirpea,</strong></span> <span class='ocrx_word' id='word_1_140' title='bbox 1585 1300 1605 1335; x_wconf 77' lang='grc' dir='ltr'><strong><em>ι</em></strong></span> <span class='ocrx_word' id='word_1_141' title='bbox 1633 1284 1823 1356; x_wconf 78' lang='lat' dir='ltr'><strong>inquit,</strong></span> 
     </span>
    </p>
   </div>
   <div class='ocr_carea' id='block_1_14' title="bbox 237 1351 1822 1448">
    <p class='ocr_par' dir='ltr' id='par_1_14' title="bbox 237 1351 1822 1448">
     <span class='ocr_line' id='line_1_18' title="bbox 237 1351 1822 1448; baseline 0.024 -49"><span class='ocrx_word' id='word_1_142' title='bbox 237 1364 256 1397; x_wconf 73' lang='grc' dir='ltr'><strong>ε</strong></span> <span class='ocrx_word' id='word_1_143' title='bbox 288 1363 411 1418; x_wconf 64' lang='lat' dir='ltr'><strong>quae</strong></span> <span class='ocrx_word' id='word_1_144' title='bbox 440 1351 603 1422; x_wconf 79' lang='lat' dir='ltr'><strong>virgis</strong></span> <span class='ocrx_word' id='word_1_145' title='bbox 631 1356 879 1425; x_wconf 80' lang='lat' dir='ltr'><strong>stipatur,</strong></span> <span class='ocrx_word' id='word_1_146' title='bbox 924 1360 976 1416; x_wconf 91' lang='lat' dir='ltr'><strong>id</strong></span> <span class='ocrx_word' id='word_1_147' title='bbox 1017 1374 1123 1433; x_wconf 91' lang='lat' dir='ltr'><strong>est,</strong></span> <span class='ocrx_word' id='word_1_148' title='bbox 1154 1368 1458 1440; x_wconf 90' lang='lat' dir='ltr'><strong>colligando</strong></span> <span class='ocrx_word' id='word_1_149' title='bbox 1495 1351 1822 1448; x_wconf 77' lang='lat' dir='ltr'><strong>implicatur,</strong></span> 
     </span>
    </p>
   </div>
   <div class='ocr_carea' id='block_1_15' title="bbox 229 1440 1825 1545">
    <p class='ocr_par' dir='ltr' id='par_1_15' title="bbox 229 1440 1825 1545">
     <span class='ocr_line' id='line_1_19' title="bbox 229 1440 1825 1545; baseline 0.023 -50"><span class='ocrx_word' id='word_1_150' title='bbox 229 1440 284 1496; x_wconf 92' lang='lat' dir='ltr'><strong>in</strong></span> <span class='ocrx_word' id='word_1_151' title='bbox 316 1458 418 1514; x_wconf 92' lang='lat' dir='ltr'><strong>qua</strong></span> <span class='ocrx_word' id='word_1_152' title='bbox 452 1455 661 1503; x_wconf 87' lang='lat' dir='ltr'><strong>stercus</strong></span> <span class='ocrx_word' id='word_1_153' title='bbox 687 1450 900 1510; x_wconf 85' lang='lat' dir='ltr'><strong>aliudve</strong></span> <span class='ocrx_word' id='word_1_154' title='bbox 927 1456 1053 1526; x_wconf 90' lang='lat' dir='ltr'><strong>quid</strong></span> <span class='ocrx_word' id='word_1_155' title='bbox 1084 1461 1351 1520; x_wconf 88' lang='lat' dir='ltr'><strong>evehitur.</strong></span> <span class='ocrx_word' id='word_1_156' title='bbox 1382 1484 1403 1517; x_wconf 76' lang='grc' dir='ltr'><strong><em>ι</em></strong></span> <span class='ocrx_word' id='word_1_157' title='bbox 1430 1440 1616 1538; x_wconf 81' lang='lat' dir='ltr'><strong>Sirpea</strong></span> <span class='ocrx_word' id='word_1_158' title='bbox 1644 1440 1825 1545; x_wconf 82' lang='lat' dir='ltr'><strong>itaque</strong></span> 
     </span>
    </p>
   </div>
   <div class='ocr_carea' id='block_1_16' title="bbox 228 1534 1824 1638">
    <p class='ocr_par' dir='ltr' id='par_1_16' title="bbox 228 1534 1824 1638">
     <span class='ocr_line' id='line_1_20' title="bbox 228 1534 1824 1638; baseline 0.022 -49"><span class='ocrx_word' id='word_1_159' title='bbox 228 1534 452 1592; x_wconf 85' lang='lat' dir='ltr'><strong>canistri</strong></span> <span class='ocrx_word' id='word_1_160' title='bbox 492 1554 587 1595; x_wconf 91' lang='lat' dir='ltr'><strong>seu</strong></span> <span class='ocrx_word' id='word_1_161' title='bbox 630 1542 849 1613; x_wconf 89' lang='lat' dir='ltr'><strong>cophini</strong></span> <span class='ocrx_word' id='word_1_162' title='bbox 893 1562 1060 1619; x_wconf 90' lang='lat' dir='ltr'><strong>genus</strong></span> <span class='ocrx_word' id='word_1_163' title='bbox 1103 1562 1187 1608; x_wconf 91' lang='lat' dir='ltr'><strong>est</strong></span> <span class='ocrx_word' id='word_1_164' title='bbox 1226 1560 1555 1617; x_wconf 88' lang='lat' dir='ltr'><strong>stercoribus</strong></span> <span class='ocrx_word' id='word_1_165' title='bbox 1596 1564 1824 1638; x_wconf 90' lang='lat' dir='ltr'><strong>aliisque</strong></span> 
     </span>
    </p>
   </div>
   <div class='ocr_carea' id='block_1_17' title="bbox 138 1625 1822 1715">
    <p class='ocr_par' dir='ltr' id='par_1_17' title="bbox 138 1625 1822 1715">
     <span class='ocr_line' id='line_1_21' title="bbox 138 1625 1822 1715; baseline 0.021 -35"><span class='ocrx_word' id='word_1_166' title='bbox 138 1625 144 1632; x_wconf 88' lang='grc'><em>’</em></span> <span class='ocrx_word' id='word_1_167' title='bbox 228 1627 392 1684; x_wconf 86' lang='lat' dir='ltr'><strong>rebus</strong></span> <span class='ocrx_word' id='word_1_168' title='bbox 433 1631 728 1690; x_wconf 86' lang='lat' dir='ltr'><strong>evehendis</strong></span> <span class='ocrx_word' id='word_1_169' title='bbox 778 1636 1121 1699; x_wconf 89' lang='lat' dir='ltr'><strong>destinatum.</strong></span> <span class='ocrx_word' id='word_1_170' title='bbox 1174 1647 1296 1703; x_wconf 81' lang='lat' dir='ltr'><strong>Alio</strong></span> <span class='ocrx_word' id='word_1_171' title='bbox 1334 1658 1509 1708; x_wconf 85' lang='lat' dir='ltr'><strong>tamen</strong></span> <span class='ocrx_word' id='word_1_172' title='bbox 1552 1669 1714 1712; x_wconf 90' lang='lat' dir='ltr'><strong>sensu</strong></span> <span class='ocrx_word' id='word_1_173' title='bbox 1735 1625 1822 1715; x_wconf 49' lang='lat' dir='ltr'><strong>.ab</strong></span> 
     </span>
    </p>
   </div>
   <div class='ocr_carea' id='block_1_18' title="bbox 224 1720 1257 1800">
    <p class='ocr_par' dir='ltr' id='par_1_18' title="bbox 224 1720 1257 1800">
     <span class='ocr_line' id='line_1_22' title="bbox 224 1720 1257 1800; baseline 0.018 -23"><span class='ocrx_word' id='word_1_174' title='bbox 224 1720 424 1781; x_wconf 90' lang='lat' dir='ltr'><strong>Ovidio</strong></span> <span class='ocrx_word' id='word_1_175' title='bbox 450 1728 735 1800; x_wconf 85' lang='lat' dir='ltr'><strong>accipitur,</strong></span> <span class='ocrx_word' id='word_1_176' title='bbox 765 1732 853 1788; x_wconf 91' lang='lat' dir='ltr'><strong>ubi</strong></span> <span class='ocrx_word' id='word_1_177' title='bbox 882 1733 1000 1791; x_wconf 67' lang='lat' dir='ltr'><strong>haec</strong></span> <span class='ocrx_word' id='word_1_178' title='bbox 1025 1739 1217 1795; x_wconf 82' lang='lat' dir='ltr'><strong>cecinit</strong></span> <span class='ocrx_word' id='word_1_179' title='bbox 1244 1759 1257 1795; x_wconf 92' lang='lat'><strong>:</strong></span> 
     </span>
    </p>
   </div>
   <div class='ocr_carea' id='block_1_19' title="bbox 315 1840 1445 1915">
    <p class='ocr_par' dir='ltr' id='par_1_19' title="bbox 315 1840 1445 1915">
     <span class='ocr_line' id='line_1_23' title="bbox 315 1840 1445 1915; baseline 0.021 -24"><span class='ocrx_word' id='word_1_180' title='bbox 315 1840 579 1915; x_wconf 69' lang='lat' dir='ltr'><strong>Nec_mora</strong></span> <span class='ocrx_word' id='word_1_181' title='bbox 599 1859 612 1895; x_wconf 86' lang='lat'><strong>:</strong></span> <span class='ocrx_word' id='word_1_182' title='bbox 630 1850 847 1900; x_wconf 79' lang='lat' dir='ltr'><strong>convivae</strong></span> <span class='ocrx_word' id='word_1_183' title='bbox 865 1851 1025 1904; x_wconf 82' lang='lat' dir='ltr'><strong>valido</strong></span> <span class='ocrx_word' id='word_1_184' title='bbox 1049 1856 1308 1911; x_wconf 83' lang='lat' dir='ltr'><strong>titubantia</strong></span> <span class='ocrx_word' id='word_1_185' title='bbox 1331 1865 1445 1915; x_wconf 87' lang='lat' dir='ltr'><strong>vino</strong></span> 
     </span>
    </p>
   </div>
   <div class='ocr_carea' id='block_1_20' title="bbox 408 1904 1764 1993">
    <p class='ocr_par' dir='ltr' id='par_1_20' title="bbox 408 1904 1764 1993">
     <span class='ocr_line' id='line_1_24' title="bbox 408 1904 1764 1993; baseline 0 0"><span class='ocrx_word' id='word_1_186' title='bbox 408 1904 629 1993; x_wconf 57' lang='lat' dir='ltr'><strong>EETPEE</strong></span> <span class='ocrx_word' id='word_1_187' title='bbox 645 1920 882 1993; x_wconf 63' lang='lat' dir='ltr'><strong>.&quot;lﬂlff’li</strong></span> <span class='ocrx_word' id='word_1_188' title='bbox 902 1915 1037 1993; x_wconf 59' lang='grc' dir='ltr'><strong>ειυιξιὲ</strong></span> <span class='ocrx_word' id='word_1_189' title='bbox 1056 1904 1572 1993; x_wconf 60' lang='grc' dir='ltr'><strong>έίεῖπῖιᾶίιῖιέὺἓῖιιςιυθ</strong></span> <span class='ocrx_word' id='word_1_190' title='bbox 1596 1933 1764 1993; x_wconf 78' lang='lat' dir='ltr'><strong>pedes.</strong></span> 
     </span>
    </p>
   </div>
   <div class='ocr_carea' id='block_1_21' title="bbox 315 1963 1672 2059">
    <p class='ocr_par' dir='ltr' id='par_1_21' title="bbox 315 1963 1672 2059">
     <span class='ocr_line' id='line_1_25' title="bbox 315 1963 1672 2059; baseline 0.023 -45"><span class='ocrx_word' id='word_1_191' title='bbox 315 1963 380 2017; x_wconf 74' lang='lat' dir='ltr'><strong>At</strong></span> <span class='ocrx_word' id='word_1_192' title='bbox 399 1965 624 2059; x_wconf 45' lang='lat' dir='ltr'><strong>gantiam;</strong></span> <span class='ocrx_word' id='word_1_193' title='bbox 644 1963 1037 2059; x_wconf 36' lang='lat' dir='ltr'><strong>{disceditefait—</strong></span> <span class='ocrx_word' id='word_1_194' title='bbox 1046 1963 1077 2029; x_wconf 58' lang='grc' dir='ltr'><em>ἶ</em></span> <span class='ocrx_word' id='word_1_195' title='bbox 1085 1963 1672 2059; x_wconf 48' lang='grc' dir='ltr'><strong>διξῖιξῖίοίῇιῧῗῖἕηῆἒ</strong></span> 
     </span>
    </p>
   </div>
   <div class='ocr_carea' id='block_1_22' title="bbox 405 2028 1376 2105">
    <p class='ocr_par' dir='ltr' id='par_1_22' title="bbox 405 2028 1376 2105">
     <span class='ocr_line' id='line_1_26' title="bbox 405 2028 1376 2105; baseline 0.018 -26"><span class='ocrx_word' id='word_1_196' title='bbox 405 2028 633 2094; x_wconf 84' lang='lat' dir='ltr'><strong>Sustulit,</strong></span> <span class='ocrx_word' id='word_1_197' title='bbox 659 2035 711 2083; x_wconf 88' lang='lat' dir='ltr'><strong>in</strong></span> <span class='ocrx_word' id='word_1_198' title='bbox 733 2028 952 2099; x_wconf 78' lang='lat' dir='ltr'><strong>plaustro</strong></span> <span class='ocrx_word' id='word_1_199' title='bbox 967 2028 1376 2105; x_wconf 45' lang='lat' dir='ltr'><strong>sirpéalata&#39;iuit&#39;.</strong></span> 
     </span>
    </p>
   </div>
   <div class='ocr_carea' id='block_1_23' title="bbox 839 2122 1624 2203">
    <p class='ocr_par' dir='ltr' id='par_1_23' title="bbox 839 2122 1624 2203">
     <span class='ocr_line' id='line_1_27' title="bbox 839 2122 1624 2203; baseline 0.02 -30"><span class='ocrx_word' id='word_1_200' title='bbox 839 2122 1026 2188; x_wconf 66' lang='lat' dir='ltr'><strong>(Ovid,</strong></span> <span class='ocrx_word' id='word_1_201' title='bbox 1053 2123 1139 2177; x_wconf 91' lang='lat' dir='ltr'><strong>lib.</strong></span> <span class='ocrx_word' id='word_1_202' title='bbox 1168 2143 1214 2180; x_wconf 76' lang='lat' dir='ltr'><strong>Vl</strong></span> <span class='ocrx_word' id='word_1_203' title='bbox 1232 2130 1447 2195; x_wconf 88' lang='lat' dir='ltr'><strong>Fastor.,</strong></span> <span class='ocrx_word' id='word_1_204' title='bbox 1470 2134 1497 2199; x_wconf 83' lang='lat'><strong>§</strong></span> <span class='ocrx_word' id='word_1_205' title='bbox 1524 2138 1624 2203; x_wconf 75' lang='lat'><strong>12.)</strong></span> 
     </span>
    </p>
   </div>
   <div class='ocr_carea' id='block_1_24' title="bbox 214 2212 1813 2309">
    <p class='ocr_par' dir='ltr' id='par_1_24' title="bbox 214 2212 1813 2309">
     <span class='ocr_line' id='line_1_28' title="bbox 214 2212 1813 2309; baseline 0.02 -38"><span class='ocrx_word' id='word_1_206' title='bbox 214 2212 274 2273; x_wconf 87' lang='lat' dir='ltr'><strong>Id</strong></span> <span class='ocrx_word' id='word_1_207' title='bbox 306 2226 411 2287; x_wconf 88' lang='lat' dir='ltr'><strong>est,</strong></span> <span class='ocrx_word' id='word_1_208' title='bbox 442 2220 740 2291; x_wconf 85' lang='lat' dir='ltr'><strong>plaustrum</strong></span> <span class='ocrx_word' id='word_1_209' title='bbox 777 2242 872 2282; x_wconf 90' lang='lat' dir='ltr'><strong>seu</strong></span> <span class='ocrx_word' id='word_1_210' title='bbox 910 2229 1236 2301; x_wconf 85' lang='lat' dir='ltr'><strong>vehiculum,</strong></span> <span class='ocrx_word' id='word_1_211' title='bbox 1280 2239 1420 2309; x_wconf 85' lang='lat' dir='ltr'><strong>quod</strong></span> <span class='ocrx_word' id='word_1_212' title='bbox 1460 2250 1659 2299; x_wconf 92' lang='lat' dir='ltr'><strong>tectum</strong></span> <span class='ocrx_word' id='word_1_213' title='bbox 1696 2255 1813 2302; x_wconf 87' lang='lat' dir='ltr'><strong>erat</strong></span> 
     </span>
    </p>
   </div>
   <div class='ocr_carea' id='block_1_25' title="bbox 211 2314 1808 2404">
    <p class='ocr_par' dir='ltr' id='par_1_25' title="bbox 211 2314 1808 2404">
     <span class='ocr_line' id='line_1_29' title="bbox 211 2314 1808 2404; baseline 0.019 -40"><span class='ocrx_word' id='word_1_214' title='bbox 211 2320 403 2379; x_wconf 85' lang='lat' dir='ltr'><strong>malta,</strong></span> <span class='ocrx_word' id='word_1_215' title='bbox 434 2314 521 2369; x_wconf 89' lang='lat' dir='ltr'><strong>vel</strong></span> <span class='ocrx_word' id='word_1_216' title='bbox 553 2327 756 2385; x_wconf 86' lang='lat' dir='ltr'><strong>storea,</strong></span> <span class='ocrx_word' id='word_1_217' title='bbox 786 2321 979 2391; x_wconf 84' lang='lat' dir='ltr'><strong>gallice</strong></span> <span class='ocrx_word' id='word_1_218' title='bbox 1006 2335 1163 2382; x_wconf 87' lang='lat' dir='ltr'><strong>natte.</strong></span> <span class='ocrx_word' id='word_1_219' title='bbox 1195 2329 1266 2384; x_wconf 77' lang='lat' dir='ltr'><strong>At</strong></span> <span class='ocrx_word' id='word_1_220' title='bbox 1299 2332 1342 2385; x_wconf 91' lang='lat' dir='ltr'><strong>si</strong></span> <span class='ocrx_word' id='word_1_221' title='bbox 1386 2348 1485 2404; x_wconf 90' lang='lat' dir='ltr'><strong>pro</strong></span> <span class='ocrx_word' id='word_1_222' title='bbox 1523 2336 1722 2402; x_wconf 79' lang='lat' dir='ltr'><strong>vitam,</strong></span> <span class='ocrx_word' id='word_1_223' title='bbox 1756 2338 1808 2393; x_wconf 90' lang='lat' dir='ltr'><strong>in</strong></span> 
     </span>
    </p>
   </div>
   <div class='ocr_carea' id='block_1_26' title="bbox 210 2404 1810 2486">
    <p class='ocr_par' dir='ltr' id='par_1_26' title="bbox 210 2404 1810 2486">
     <span class='ocr_line' id='line_1_30' title="bbox 210 2404 1810 2486; baseline 0.018 -29"><span class='ocrx_word' id='word_1_224' title='bbox 210 2404 442 2459; x_wconf 83' lang='lat' dir='ltr'><strong>Arnobii</strong></span> <span class='ocrx_word' id='word_1_225' title='bbox 485 2415 635 2477; x_wconf 79' lang='lat' dir='ltr'><strong>textu</strong></span> <span class='ocrx_word' id='word_1_226' title='bbox 665 2410 813 2482; x_wconf 90' lang='lat' dir='ltr'><strong>legas</strong></span> <span class='ocrx_word' id='word_1_227' title='bbox 842 2417 1144 2485; x_wconf 74' lang='lat' dir='ltr'><strong>venditores,</strong></span> <span class='ocrx_word' id='word_1_228' title='bbox 1179 2423 1348 2478; x_wconf 86' lang='lat' dir='ltr'><strong>tribus</strong></span> <span class='ocrx_word' id='word_1_229' title='bbox 1377 2433 1579 2483; x_wconf 84' lang='lat' dir='ltr'><strong>tantum</strong></span> <span class='ocrx_word' id='word_1_230' title='bbox 1618 2429 1810 2486; x_wconf 85' lang='lat' dir='ltr'><strong>litteris</strong></span> 
     </span>
    </p>
   </div>
   <div class='ocr_carea' id='block_1_27' title="bbox 208 2495 1809 2580">
    <p class='ocr_par' dir='ltr' id='par_1_27' title="bbox 208 2495 1809 2580">
     <span class='ocr_line' id='line_1_31' title="bbox 208 2495 1809 2580; baseline 0.019 -31"><span class='ocrx_word' id='word_1_231' title='bbox 208 2495 300 2550; x_wconf 89' lang='lat' dir='ltr'><strong>vel</strong></span> <span class='ocrx_word' id='word_1_232' title='bbox 325 2495 667 2571; x_wconf 88' lang='lat' dir='ltr'><strong>ahbreviatis,</strong></span> <span class='ocrx_word' id='word_1_233' title='bbox 698 2503 786 2559; x_wconf 88' lang='lat' dir='ltr'><strong>vel</strong></span> <span class='ocrx_word' id='word_1_234' title='bbox 809 2511 1156 2566; x_wconf 82' lang='lat' dir='ltr'><strong>amanuensis</strong></span> <span class='ocrx_word' id='word_1_235' title='bbox 1181 2513 1382 2571; x_wconf 85' lang='lat' dir='ltr'><strong>librarii</strong></span> <span class='ocrx_word' id='word_1_236' title='bbox 1410 2516 1613 2575; x_wconf 89' lang='lat' dir='ltr'><strong>incuria</strong></span> <span class='ocrx_word' id='word_1_237' title='bbox 1642 2523 1809 2580; x_wconf 89' lang='lat' dir='ltr'><strong>omis-</strong></span> 
     </span>
    </p>
   </div>
   <div class='ocr_carea' id='block_1_28' title="bbox 208 2586 1807 2685">
    <p class='ocr_par' dir='ltr' id='par_1_28' title="bbox 208 2586 1807 2685">
     <span class='ocr_line' id='line_1_32' title="bbox 208 2586 1807 2685; baseline 0.02 -44"><span class='ocrx_word' id='word_1_238' title='bbox 208 2586 311 2655; x_wconf 92' lang='lat' dir='ltr'><strong>sis,</strong></span> <span class='ocrx_word' id='word_1_239' title='bbox 338 2589 527 2659; x_wconf 83' lang='lat' dir='ltr'><strong>planus</strong></span> <span class='ocrx_word' id='word_1_240' title='bbox 550 2603 876 2669; x_wconf 89' lang='lat' dir='ltr'><strong>apertusque</strong></span> <span class='ocrx_word' id='word_1_241' title='bbox 901 2602 1006 2656; x_wconf 90' lang='lat' dir='ltr'><strong>erit</strong></span> <span class='ocrx_word' id='word_1_242' title='bbox 1032 2605 1253 2662; x_wconf 84' lang='lat' dir='ltr'><strong>Arnobii</strong></span> <span class='ocrx_word' id='word_1_243' title='bbox 1275 2623 1489 2667; x_wconf 89' lang='lat' dir='ltr'><strong>sensus.</strong></span> <span class='ocrx_word' id='word_1_244' title='bbox 1524 2614 1807 2685; x_wconf 88' lang='lat' dir='ltr'><strong>Proposito</strong></span> 
     </span>
    </p>
   </div>
   <div class='ocr_carea' id='block_1_29' title="bbox 207 2677 1803 2780">
    <p class='ocr_par' dir='ltr' id='par_1_29' title="bbox 207 2677 1803 2780">
     <span class='ocr_line' id='line_1_33' title="bbox 207 2677 1803 2780; baseline 0.02 -46"><span class='ocrx_word' id='word_1_245' title='bbox 207 2677 478 2749; x_wconf 86' lang='lat' dir='ltr'><strong>siquidem</strong></span> <span class='ocrx_word' id='word_1_246' title='bbox 520 2683 665 2741; x_wconf 89' lang='lat' dir='ltr'><strong>illius</strong></span> <span class='ocrx_word' id='word_1_247' title='bbox 699 2700 849 2745; x_wconf 90' lang='lat' dir='ltr'><strong>recte</strong></span> <span class='ocrx_word' id='word_1_248' title='bbox 892 2696 1158 2765; x_wconf 76' lang='lat' dir='ltr'><strong>congruit,</strong></span> <span class='ocrx_word' id='word_1_249' title='bbox 1203 2700 1249 2754; x_wconf 89' lang='lat' dir='ltr'><strong>si</strong></span> <span class='ocrx_word' id='word_1_250' title='bbox 1292 2708 1803 2780; x_wconf 76' lang='lat' dir='ltr'><strong>uanuoruntsirpea-</strong></span> 
     </span>
    </p>
   </div>
   <div class='ocr_carea' id='block_1_30' title="bbox 206 2778 1804 2873">
    <p class='ocr_par' dir='ltr' id='par_1_30' title="bbox 206 2778 1804 2873">
     <span class='ocr_line' id='line_1_34' title="bbox 206 2778 1804 2873; baseline 0.021 -47"><span class='ocrx_word' id='word_1_251' title='bbox 206 2788 425 2842; x_wconf 85' lang='lat' dir='ltr'><strong>rumque</strong></span> <span class='ocrx_word' id='word_1_252' title='bbox 450 2778 738 2836; x_wconf 79' lang='lat' dir='ltr'><strong>venditores</strong></span> <span class='ocrx_word' id='word_1_253' title='bbox 767 2781 840 2838; x_wconf 87' lang='lat' dir='ltr'><strong>ibi</strong></span> <span class='ocrx_word' id='word_1_254' title='bbox 866 2787 1225 2855; x_wconf 86' lang='lat' dir='ltr'><strong>appellentur.</strong></span> <span class='ocrx_word' id='word_1_255' title='bbox 1251 2791 1362 2849; x_wconf 89' lang='lat' dir='ltr'><strong>Nec</strong></span> <span class='ocrx_word' id='word_1_256' title='bbox 1392 2796 1602 2853; x_wconf 89' lang='lat' dir='ltr'><strong>mireris</strong></span> <span class='ocrx_word' id='word_1_257' title='bbox 1630 2778 1804 2873; x_wconf 86' lang='lat' dir='ltr'><strong>impe-</strong></span> 
     </span>
    </p>
   </div>
   <div class='ocr_carea' id='block_1_31' title="bbox 205 2863 1804 2950">
    <p class='ocr_par' dir='ltr' id='par_1_31' title="bbox 205 2863 1804 2950">
     <span class='ocr_line' id='line_1_35' title="bbox 205 2863 1804 2950; baseline 0.02 -32"><span class='ocrx_word' id='word_1_258' title='bbox 205 2863 301 2919; x_wconf 88' lang='lat' dir='ltr'><strong>riti</strong></span> <span class='ocrx_word' id='word_1_259' title='bbox 330 2864 530 2923; x_wconf 82' lang='lat' dir='ltr'><strong>librarii</strong></span> <span class='ocrx_word' id='word_1_260' title='bbox 562 2872 843 2929; x_wconf 89' lang='lat' dir='ltr'><strong>oscitantia</strong></span> <span class='ocrx_word' id='word_1_261' title='bbox 870 2877 954 2932; x_wconf 87' lang='lat' dir='ltr'><strong>vel</strong></span> <span class='ocrx_word' id='word_1_262' title='bbox 981 2878 1247 2950; x_wconf 87' lang='lat' dir='ltr'><strong>imperitia</strong></span> <span class='ocrx_word' id='word_1_263' title='bbox 1278 2892 1388 2941; x_wconf 88' lang='lat' dir='ltr'><strong>tres</strong></span> <span class='ocrx_word' id='word_1_264' title='bbox 1408 2888 1614 2946; x_wconf 91' lang='lat' dir='ltr'><strong>litteras</strong></span> <span class='ocrx_word' id='word_1_265' title='bbox 1636 2863 1804 2950; x_wconf 76' lang='lat' dir='ltr'><strong>fuisse</strong></span> 
     </span>
    </p>
   </div>
   <div class='ocr_carea' id='block_1_32' title="bbox 205 2959 1801 3052">
    <p class='ocr_par' dir='ltr' id='par_1_32' title="bbox 205 2959 1801 3052">
     <span class='ocr_line' id='line_1_36' title="bbox 205 2959 1801 3052; baseline 0.022 -44"><span class='ocrx_word' id='word_1_266' title='bbox 205 2959 624 3025; x_wconf 70' lang='lat' dir='ltr'><strong>prtetermissas.</strong></span> <span class='ocrx_word' id='word_1_267' title='bbox 663 2961 799 3020; x_wconf 84' lang='lat' dir='ltr'><strong>Nam</strong></span> <span class='ocrx_word' id='word_1_268' title='bbox 838 2968 1026 3025; x_wconf 89' lang='lat' dir='ltr'><strong>eadem</strong></span> <span class='ocrx_word' id='word_1_269' title='bbox 1072 2974 1258 3045; x_wconf 82' lang='lat' dir='ltr'><strong>pagina</strong></span> <span class='ocrx_word' id='word_1_270' title='bbox 1298 2992 1397 3048; x_wconf 91' lang='lat' dir='ltr'><strong>pro</strong></span> <span class='ocrx_word' id='word_1_271' title='bbox 1431 2983 1653 3052; x_wconf 83' lang='lat' dir='ltr'><strong>mentiri,</strong></span> <span class='ocrx_word' id='word_1_272' title='bbox 1687 2996 1801 3042; x_wconf 86' lang='lat' dir='ltr'><strong>tan-</strong></span> 
     </span>
    </p>
   </div>
   <div class='ocr_carea' id='block_1_33' title="bbox 207 3050 1802 3142">
    <p class='ocr_par' dir='ltr' id='par_1_33' title="bbox 207 3050 1802 3142">
     <span class='ocr_line' id='line_1_37' title="bbox 207 3050 1802 3142; baseline 0.022 -42"><span class='ocrx_word' id='word_1_273' title='bbox 207 3050 489 3107; x_wconf 89' lang='lat' dir='ltr'><strong>tummodo</strong></span> <span class='ocrx_word' id='word_1_274' title='bbox 524 3053 591 3107; x_wconf 84' lang='lat' dir='ltr'><strong>iri</strong></span> <span class='ocrx_word' id='word_1_275' title='bbox 628 3055 939 3128; x_wconf 87' lang='lat' dir='ltr'><strong>scripserat.</strong></span> <span class='ocrx_word' id='word_1_276' title='bbox 972 3061 1078 3118; x_wconf 86' lang='lat' dir='ltr'><strong>Has</strong></span> <span class='ocrx_word' id='word_1_277' title='bbox 1104 3074 1280 3123; x_wconf 91' lang='lat' dir='ltr'><strong>tamen</strong></span> <span class='ocrx_word' id='word_1_278' title='bbox 1309 3070 1645 3142; x_wconf 85' lang='lat' dir='ltr'><strong>conjecturas</strong></span> <span class='ocrx_word' id='word_1_279' title='bbox 1670 3078 1802 3134; x_wconf 89' lang='lat' dir='ltr'><strong>alio—</strong></span> 
     </span>
    </p>
   </div>
   <div class='ocr_carea' id='block_1_34' title="bbox 200 3143 987 3218">
    <p class='ocr_par' dir='ltr' id='par_1_34' title="bbox 200 3143 987 3218">
     <span class='ocr_line' id='line_1_38' title="bbox 200 3143 987 3218; baseline 0.019 -23"><span class='ocrx_word' id='word_1_280' title='bbox 200 3155 325 3196; x_wconf 86' lang='lat' dir='ltr'><strong>rum</strong></span> <span class='ocrx_word' id='word_1_281' title='bbox 353 3143 578 3200; x_wconf 85' lang='lat' dir='ltr'><strong>arbitrio</strong></span> <span class='ocrx_word' id='word_1_282' title='bbox 608 3149 987 3218; x_wconf 86' lang='lat' dir='ltr'><strong>permittimus.</strong></span> 
     </span>
    </p>
   </div>
   <div class='ocr_carea' id='block_1_35' title="bbox 290 3234 1802 3337">
    <p class='ocr_par' dir='ltr' id='par_1_35' title="bbox 290 3234 1802 3337">
     <span class='ocr_line' id='line_1_39' title="bbox 290 3234 1802 3337; baseline 0.022 -48"><span class='ocrx_word' id='word_1_283' title='bbox 290 3234 566 3296; x_wconf 81' lang='lat' dir='ltr'><strong>Vectitatus</strong></span> <span class='ocrx_word' id='word_1_284' title='bbox 613 3258 770 3299; x_wconf 87' lang='lat' dir='ltr'><strong>curru</strong></span> <span class='ocrx_word' id='word_1_285' title='bbox 821 3248 1133 3324; x_wconf 86' lang='lat' dir='ltr'><strong>quadrijugo</strong></span> <span class='ocrx_word' id='word_1_286' title='bbox 1180 3253 1313 3311; x_wconf 82' lang='lat' dir='ltr'><strong>dixit</strong></span> <span class='ocrx_word' id='word_1_287' title='bbox 1360 3256 1650 3331; x_wconf 82' lang='lat' dir='ltr'><strong>Arnobius,</strong></span> <span class='ocrx_word' id='word_1_288' title='bbox 1704 3280 1802 3337; x_wconf 92' lang='lat' dir='ltr'><strong>pro</strong></span> 
     </span>
    </p>
   </div>
   <div class='ocr_carea' id='block_1_36' title="bbox 200 3332 1535 3425">
    <p class='ocr_par' dir='ltr' id='par_1_36' title="bbox 200 3332 1535 3425">
     <span class='ocr_line' id='line_1_40' title="bbox 200 3332 1535 3425; baseline 0.019 -43"><span class='ocrx_word' id='word_1_289' title='bbox 200 3332 392 3385; x_wconf 84' lang='lat' dir='ltr'><strong>vectus</strong></span> <span class='ocrx_word' id='word_1_290' title='bbox 420 3342 509 3387; x_wconf 85' lang='lat' dir='ltr'><strong>aut</strong></span> <span class='ocrx_word' id='word_1_291' title='bbox 533 3344 773 3393; x_wconf 89' lang='lat' dir='ltr'><strong>vectatus</strong></span> <span class='ocrx_word' id='word_1_292' title='bbox 804 3338 1042 3411; x_wconf 59' lang='lat' dir='ltr'><strong>(Arnob,</strong></span> <span class='ocrx_word' id='word_1_293' title='bbox 1070 3345 1160 3399; x_wconf 87' lang='lat' dir='ltr'><strong>lib.</strong></span> <span class='ocrx_word' id='word_1_294' title='bbox 1188 3362 1268 3417; x_wconf 81' lang='grc' dir='ltr'><strong>ιιι,</strong></span> <span class='ocrx_word' id='word_1_295' title='bbox 1301 3367 1354 3420; x_wconf 93' lang='lat' dir='ltr'><strong>p.</strong></span> <span class='ocrx_word' id='word_1_296' title='bbox 1384 3352 1535 3425; x_wconf 79' lang='grc'><strong>185).</strong></span> 
     </span>
    </p>
   </div>
   <div class='ocr_carea' id='block_1_37' title="bbox 290 3420 1804 3507">
    <p class='ocr_par' dir='ltr' id='par_1_37' title="bbox 290 3420 1804 3507">
     <span class='ocr_line' id='line_1_41' title="bbox 290 3420 1804 3507; baseline 0.022 -33"><span class='ocrx_word' id='word_1_297' title='bbox 290 3420 567 3480; x_wconf 76' lang='lat' dir='ltr'><strong>Venucula</strong></span> <span class='ocrx_word' id='word_1_298' title='bbox 604 3428 750 3485; x_wconf 88' lang='lat' dir='ltr'><strong>collis</strong></span> <span class='ocrx_word' id='word_1_299' title='bbox 792 3432 932 3489; x_wconf 88' lang='lat' dir='ltr'><strong>haud</strong></span> <span class='ocrx_word' id='word_1_300' title='bbox 967 3438 1134 3493; x_wconf 91' lang='lat' dir='ltr'><strong>semel</strong></span> <span class='ocrx_word' id='word_1_301' title='bbox 1171 3440 1241 3497; x_wconf 89' lang='lat' dir='ltr'><strong>ab</strong></span> <span class='ocrx_word' id='word_1_302' title='bbox 1272 3442 1362 3497; x_wconf 93' lang='lat' dir='ltr'><strong>illo</strong></span> <span class='ocrx_word' id='word_1_303' title='bbox 1386 3420 1584 3502; x_wconf 72' lang='lat' dir='ltr'><strong>duum</strong></span> <span class='ocrx_word' id='word_1_304' title='bbox 1605 3447 1804 3507; x_wconf 90' lang='lat' dir='ltr'><strong>editior</strong></span> 
     </span>
    </p>
   </div>
   <div class='ocr_carea' id='block_1_38' title="bbox 196 3510 1801 3619">
    <p class='ocr_par' dir='ltr' id='par_1_38' title="bbox 196 3510 1801 3619">
     <span class='ocr_line' id='line_1_42' title="bbox 196 3510 1801 3619; baseline 0.021 -53"><span class='ocrx_word' id='word_1_305' title='bbox 196 3510 471 3585; x_wconf 87' lang='lat' dir='ltr'><strong>altiorque</strong></span> <span class='ocrx_word' id='word_1_306' title='bbox 496 3517 795 3589; x_wconf 76' lang='lat' dir='ltr'><strong>cuiuspiam</strong></span> <span class='ocrx_word' id='word_1_307' title='bbox 822 3525 978 3581; x_wconf 87' lang='lat' dir='ltr'><strong>collis</strong></span> <span class='ocrx_word' id='word_1_308' title='bbox 1008 3529 1160 3586; x_wconf 88' lang='lat' dir='ltr'><strong>locus</strong></span> <span class='ocrx_word' id='word_1_309' title='bbox 1189 3530 1381 3603; x_wconf 79' lang='lat' dir='ltr'><strong>(Idem,</strong></span> <span class='ocrx_word' id='word_1_310' title='bbox 1412 3536 1501 3592; x_wconf 91' lang='lat' dir='ltr'><strong>lib.</strong></span> <span class='ocrx_word' id='word_1_311' title='bbox 1535 3555 1596 3603; x_wconf 78' lang='grc' dir='ltr'><strong>ιι,</strong></span> <span class='ocrx_word' id='word_1_312' title='bbox 1621 3558 1675 3611; x_wconf 91' lang='lat' dir='ltr'><strong>p.</strong></span> <span class='ocrx_word' id='word_1_313' title='bbox 1710 3544 1801 3619; x_wconf 40' lang='lat'><strong>7.7,</strong></span> 
     </span>
    </p>
   </div>
   <div class='ocr_carea' id='block_1_39' title="bbox 195 3603 1804 3690">
    <p class='ocr_par' dir='ltr' id='par_1_39' title="bbox 195 3603 1804 3690">
     <span class='ocr_line' id='line_1_43' title="bbox 195 3603 1804 3690; baseline 0.023 -35"><span class='ocrx_word' id='word_1_314' title='bbox 195 3612 249 3657; x_wconf 84' lang='lat' dir='ltr'><strong>et</strong></span> <span class='ocrx_word' id='word_1_315' title='bbox 277 3603 367 3658; x_wconf 90' lang='lat' dir='ltr'><strong>lib.</strong></span> <span class='ocrx_word' id='word_1_316' title='bbox 390 3622 445 3672; x_wconf 91' lang='lat' dir='ltr'><strong>v,</strong></span> <span class='ocrx_word' id='word_1_317' title='bbox 472 3625 525 3678; x_wconf 91' lang='lat' dir='ltr'><strong>p.</strong></span> <span class='ocrx_word' id='word_1_318' title='bbox 557 3610 707 3683; x_wconf 83' lang='grc'><strong>156).</strong></span> <span class='ocrx_word' id='word_1_319' title='bbox 740 3613 831 3671; x_wconf 90' lang='lat' dir='ltr'><strong>Sic</strong></span> <span class='ocrx_word' id='word_1_320' title='bbox 855 3619 997 3674; x_wconf 91' lang='lat' dir='ltr'><strong>enim</strong></span> <span class='ocrx_word' id='word_1_321' title='bbox 1028 3621 1180 3688; x_wconf 88' lang='lat' dir='ltr'><strong>Cato,</strong></span> <span class='ocrx_word' id='word_1_322' title='bbox 1211 3632 1346 3683; x_wconf 90' lang='lat' dir='ltr'><strong>teste</strong></span> <span class='ocrx_word' id='word_1_323' title='bbox 1369 3630 1431 3682; x_wconf 78' lang='grc' dir='ltr'><strong>Α.</strong></span> <span class='ocrx_word' id='word_1_324' title='bbox 1466 3603 1642 3687; x_wconf 82' lang='lat' dir='ltr'><strong>Gellio</strong></span> <span class='ocrx_word' id='word_1_325' title='bbox 1668 3603 1804 3690; x_wconf 53' lang='lat' dir='ltr'><strong>Ver;</strong></span> 
     </span>
    </p>
   </div>
   <div class='ocr_carea' id='block_1_40' title="bbox 196 3694 1802 3790">
    <p class='ocr_par' dir='ltr' id='par_1_40' title="bbox 196 3694 1802 3790">
     <span class='ocr_line' id='line_1_44' title="bbox 196 3694 1802 3790; baseline 0.022 -41"><span class='ocrx_word' id='word_1_326' title='bbox 196 3694 375 3750; x_wconf 88' lang='lat' dir='ltr'><strong>rulam</strong></span> <span class='ocrx_word' id='word_1_327' title='bbox 394 3697 567 3754; x_wconf 81' lang='lat' dir='ltr'><strong>locum</strong></span> <span class='ocrx_word' id='word_1_328' title='bbox 587 3702 791 3759; x_wconf 91' lang='lat' dir='ltr'><strong>editum</strong></span> <span class='ocrx_word' id='word_1_329' title='bbox 806 3717 861 3762; x_wconf 94' lang='lat' dir='ltr'><strong>et</strong></span> <span class='ocrx_word' id='word_1_330' title='bbox 877 3723 1126 3781; x_wconf 88' lang='lat' dir='ltr'><strong>asperum</strong></span> <span class='ocrx_word' id='word_1_331' title='bbox 1145 3717 1381 3787; x_wconf 87' lang='lat' dir='ltr'><strong>appellat</strong></span> <span class='ocrx_word' id='word_1_332' title='bbox 1396 3719 1578 3790; x_wconf 86' lang='lat' dir='ltr'><strong>(Gell.,</strong></span> <span class='ocrx_word' id='word_1_333' title='bbox 1603 3725 1692 3781; x_wconf 91' lang='lat' dir='ltr'><strong>lib.</strong></span> <span class='ocrx_word' id='word_1_334' title='bbox 1708 3743 1802 3784; x_wconf 87' lang='lat' dir='ltr'><strong>vm</strong></span> 
     </span>
    </p>
   </div>
   <div class='ocr_carea' id='block_1_41' title="bbox 196 3783 1803 3877">
    <p class='ocr_par' dir='ltr' id='par_1_41' title="bbox 196 3783 1803 3877">
     <span class='ocr_line' id='line_1_45' title="bbox 196 3783 1803 3877; baseline 0.024 -40"><span class='ocrx_word' id='word_1_335' title='bbox 196 3783 362 3841; x_wconf 84' lang='lat' dir='ltr'><strong>Noct.</strong></span> <span class='ocrx_word' id='word_1_336' title='bbox 394 3787 575 3861; x_wconf 64' lang='lat' dir='ltr'><strong>Attia,</strong></span> <span class='ocrx_word' id='word_1_337' title='bbox 622 3810 740 3865; x_wconf 86' lang='lat' dir='ltr'><strong>cap.</strong></span> <span class='ocrx_word' id='word_1_338' title='bbox 769 3797 822 3862; x_wconf 93' lang='lat'><strong>7,</strong></span> <span class='ocrx_word' id='word_1_339' title='bbox 855 3817 908 3868; x_wconf 91' lang='lat' dir='ltr'><strong>p.</strong></span> <span class='ocrx_word' id='word_1_340' title='bbox 942 3801 1095 3877; x_wconf 72' lang='lat'><strong>224).</strong></span> <span class='ocrx_word' id='word_1_341' title='bbox 1286 3783 1476 3868; x_wconf 77' lang='lat' dir='ltr'><strong>auctor</strong></span> <span class='ocrx_word' id='word_1_342' title='bbox 1511 3783 1696 3873; x_wconf 80' lang='lat' dir='ltr'><strong>noster</strong></span> <span class='ocrx_word' id='word_1_343' title='bbox 1720 3820 1803 3875; x_wconf 89' lang='lat' dir='ltr'><strong>di-</strong></span> 
     </span>
    </p>
   </div>
   <div class='ocr_carea' id='block_1_42' title="bbox 192 3877 1517 3969">
    <p class='ocr_par' dir='ltr' id='par_1_42' title="bbox 192 3877 1517 3969">
     <span class='ocr_line' id='line_1_46' title="bbox 192 3877 1517 3969; baseline 0.021 -37"><span class='ocrx_word' id='word_1_344' title='bbox 192 3877 519 3936; x_wconf 88' lang='lat' dir='ltr'><strong>minutivum</strong></span> <span class='ocrx_word' id='word_1_345' title='bbox 550 3898 746 3942; x_wconf 89' lang='lat' dir='ltr'><strong>nomen</strong></span> <span class='ocrx_word' id='word_1_346' title='bbox 773 3902 872 3958; x_wconf 92' lang='lat' dir='ltr'><strong>pro</strong></span> <span class='ocrx_word' id='word_1_347' title='bbox 904 3907 1059 3951; x_wconf 89' lang='lat' dir='ltr'><strong>more</strong></span> <span class='ocrx_word' id='word_1_348' title='bbox 1087 3912 1186 3952; x_wconf 90' lang='lat' dir='ltr'><strong>suo</strong></span> <span class='ocrx_word' id='word_1_349' title='bbox 1216 3901 1453 3958; x_wconf 88' lang='lat' dir='ltr'><strong>adhibet.</strong></span> <span class='ocrx_word' id='word_1_350' title='bbox 1511 3962 1517 3969; x_wconf 84' lang='lat'><em>_</em></span> 
     </span>
    </p>
   </div>
   <div class='ocr_carea' id='block_1_43' title="bbox 281 3965 1799 4066">
    <p class='ocr_par' dir='ltr' id='par_1_43' title="bbox 281 3965 1799 4066">
     <span class='ocr_line' id='line_1_47' title="bbox 281 3965 1799 4066; baseline 0.024 -46"><span class='ocrx_word' id='word_1_351' title='bbox 281 3965 532 4026; x_wconf 84' lang='lat' dir='ltr'><strong>Versuras</strong></span> <span class='ocrx_word' id='word_1_352' title='bbox 565 3973 618 4029; x_wconf 86' lang='lat' dir='ltr'><strong>in</strong></span> <span class='ocrx_word' id='word_1_353' title='bbox 655 3976 950 4048; x_wconf 73' lang='lat' dir='ltr'><strong>huiusmodi</strong></span> <span class='ocrx_word' id='word_1_354' title='bbox 983 3986 1115 4056; x_wconf 88' lang='lat' dir='ltr'><strong>cogi,</strong></span> <span class='ocrx_word' id='word_1_355' title='bbox 1146 3987 1249 4045; x_wconf 92' lang='lat' dir='ltr'><strong>hoc</strong></span> <span class='ocrx_word' id='word_1_356' title='bbox 1274 4000 1378 4058; x_wconf 89' lang='lat' dir='ltr'><strong>est,</strong></span> <span class='ocrx_word' id='word_1_357' title='bbox 1409 3994 1462 4049; x_wconf 91' lang='lat' dir='ltr'><strong>in</strong></span> <span class='ocrx_word' id='word_1_358' title='bbox 1491 3965 1799 4066; x_wconf 72' lang='lat' dir='ltr'><strong>huiusmodi</strong></span> 
     </span>
    </p>
   </div>
   <div class='ocr_carea' id='block_1_44' title="bbox 189 4063 1791 4150">
    <p class='ocr_par' dir='ltr' id='par_1_44' title="bbox 189 4063 1791 4150">
     <span class='ocr_line' id='line_1_48' title="bbox 189 4063 1791 4150; baseline 0.022 -37"><span class='ocrx_word' id='word_1_359' title='bbox 189 4074 410 4128; x_wconf 88' lang='lat' dir='ltr'><strong>sensus,</strong></span> <span class='ocrx_word' id='word_1_360' title='bbox 443 4063 937 4141; x_wconf 88' lang='lat' dir='ltr'><strong>interpretationes,</strong></span> <span class='ocrx_word' id='word_1_361' title='bbox 980 4085 1035 4132; x_wconf 90' lang='lat' dir='ltr'><strong>et</strong></span> <span class='ocrx_word' id='word_1_362' title='bbox 1070 4080 1453 4150; x_wconf 81' lang='lat' dir='ltr'><strong>explicationes</strong></span> <span class='ocrx_word' id='word_1_363' title='bbox 1492 4063 1791 4148; x_wconf 81' lang='lat' dir='ltr'><strong>fabularum</strong></span> 
     </span>
    </p>
   </div>
   <div class='ocr_carea' id='block_1_45' title="bbox 189 4154 1790 4246">
    <p class='ocr_par' dir='ltr' id='par_1_45' title="bbox 189 4154 1790 4246">
     <span class='ocr_line' id='line_1_49' title="bbox 189 4154 1790 4246; baseline 0.019 -36"><span class='ocrx_word' id='word_1_364' title='bbox 189 4168 294 4211; x_wconf 85' lang='lat' dir='ltr'><strong>seu</strong></span> <span class='ocrx_word' id='word_1_365' title='bbox 356 4154 704 4217; x_wconf 88' lang='lat' dir='ltr'><strong>historiarum</strong></span> <span class='ocrx_word' id='word_1_366' title='bbox 755 4169 1040 4237; x_wconf 86' lang='lat' dir='ltr'><strong>converti,</strong></span> <span class='ocrx_word' id='word_1_367' title='bbox 1107 4174 1421 4246; x_wconf 82' lang='lat' dir='ltr'><strong>transferri,</strong></span> <span class='ocrx_word' id='word_1_368' title='bbox 1481 4189 1537 4236; x_wconf 91' lang='lat' dir='ltr'><strong>et</strong></span> <span class='ocrx_word' id='word_1_369' title='bbox 1596 4182 1790 4241; x_wconf 89' lang='lat' dir='ltr'><strong>adduci</strong></span> 
     </span>
    </p>
   </div>
   <div class='ocr_carea' id='block_1_46' title="bbox 192 4242 921 4329">
    <p class='ocr_par' dir='ltr' id='par_1_46' title="bbox 192 4242 921 4329">
     <span class='ocr_line' id='line_1_50' title="bbox 192 4242 921 4329; baseline 0.022 -33"><span class='ocrx_word' id='word_1_370' title='bbox 192 4242 441 4314; x_wconf 84' lang='lat' dir='ltr'><strong>(Arnob.,</strong></span> <span class='ocrx_word' id='word_1_371' title='bbox 474 4249 562 4305; x_wconf 86' lang='lat' dir='ltr'><strong>lib.</strong></span> <span class='ocrx_word' id='word_1_372' title='bbox 596 4268 652 4319; x_wconf 75' lang='grc' dir='ltr'><strong>ν,</strong></span> <span class='ocrx_word' id='word_1_373' title='bbox 682 4271 736 4325; x_wconf 91' lang='lat' dir='ltr'><strong>p.</strong></span> <span class='ocrx_word' id='word_1_374' title='bbox 772 4255 921 4329; x_wconf 89' lang='grc'><strong>187).</strong></span> 
     </span>
    </p>
   </div>
   <div class='ocr_carea' id='block_1_47' title="bbox 276 4336 1788 4424">
    <p class='ocr_par' dir='ltr' id='par_1_47' title="bbox 276 4336 1788 4424">
     <span class='ocr_line' id='line_1_51' title="bbox 276 4336 1788 4424; baseline 0.022 -33"><span class='ocrx_word' id='word_1_375' title='bbox 276 4336 538 4398; x_wconf 86' lang='lat' dir='ltr'><strong>Vindicias</strong></span> <span class='ocrx_word' id='word_1_376' title='bbox 571 4346 745 4417; x_wconf 87' lang='lat' dir='ltr'><strong>justas</strong></span> <span class='ocrx_word' id='word_1_377' title='bbox 781 4349 907 4406; x_wconf 90' lang='lat' dir='ltr'><strong>dare</strong></span> <span class='ocrx_word' id='word_1_378' title='bbox 930 4362 1015 4409; x_wconf 91' lang='lat' dir='ltr'><strong>est</strong></span> <span class='ocrx_word' id='word_1_379' title='bbox 1041 4355 1203 4413; x_wconf 87' lang='lat' dir='ltr'><strong>alicui</strong></span> <span class='ocrx_word' id='word_1_380' title='bbox 1245 4372 1365 4415; x_wconf 91' lang='lat' dir='ltr'><strong>cum</strong></span> <span class='ocrx_word' id='word_1_381' title='bbox 1411 4362 1583 4419; x_wconf 91' lang='lat' dir='ltr'><strong>altero</strong></span> <span class='ocrx_word' id='word_1_382' title='bbox 1622 4365 1691 4422; x_wconf 93' lang='lat' dir='ltr'><strong>de</strong></span> <span class='ocrx_word' id='word_1_383' title='bbox 1728 4383 1788 4424; x_wconf 88' lang='lat' dir='ltr'><strong>re</strong></span> 
     </span>
    </p>
   </div>
   <div class='ocr_carea' id='block_1_48' title="bbox 188 4429 1782 4527">
    <p class='ocr_par' dir='ltr' id='par_1_48' title="bbox 188 4429 1782 4527">
     <span class='ocr_line' id='line_1_52' title="bbox 188 4429 1782 4527; baseline 0.02 -44"><span class='ocrx_word' id='word_1_384' title='bbox 188 4429 368 4502; x_wconf 90' lang='lat' dir='ltr'><strong>aliqua</strong></span> <span class='ocrx_word' id='word_1_385' title='bbox 410 4433 703 4505; x_wconf 88' lang='lat' dir='ltr'><strong>disputanti</strong></span> <span class='ocrx_word' id='word_1_386' title='bbox 741 4440 852 4512; x_wconf 88' lang='lat' dir='ltr'><strong>jus,</strong></span> <span class='ocrx_word' id='word_1_387' title='bbox 893 4453 948 4501; x_wconf 89' lang='lat' dir='ltr'><strong>et</strong></span> <span class='ocrx_word' id='word_1_388' title='bbox 996 4448 1142 4519; x_wconf 88' lang='lat' dir='ltr'><strong>quod</strong></span> <span class='ocrx_word' id='word_1_389' title='bbox 1183 4465 1338 4508; x_wconf 90' lang='lat' dir='ltr'><strong>suum</strong></span> <span class='ocrx_word' id='word_1_390' title='bbox 1378 4462 1482 4521; x_wconf 91' lang='lat' dir='ltr'><strong>est,</strong></span> <span class='ocrx_word' id='word_1_391' title='bbox 1525 4457 1782 4527; x_wconf 90' lang='lat' dir='ltr'><strong>tribuere,</strong></span> 
     </span>
    </p>
   </div>
   <div class='ocr_carea' id='block_1_49' title="bbox 188 4546 1131 4629">
    <p class='ocr_par' dir='ltr' id='par_1_49' title="bbox 188 4546 1131 4616">
     <span class='ocr_line' id='line_1_53' title="bbox 188 4546 1131 4616; baseline 0.017 -14"><span class='ocrx_word' id='word_1_392' title='bbox 188 4546 1131 4616; x_wconf 52' lang='grc' dir='ltr'>Ἦ</span> 
     </span>
    </p>
   </div>
   <div class='ocr_carea' id='block_1_50' title="bbox 1938 644 3530 731">
    <p class='ocr_par' dir='ltr' id='par_1_50' title="bbox 1938 644 3530 731">
     <span class='ocr_line' id='line_1_54' title="bbox 1938 644 3530 731; baseline 0.021 -37"><span class='ocrx_word' id='word_1_393' title='bbox 1938 644 2207 700; x_wconf 91' lang='lat' dir='ltr'><strong>variorum</strong></span> <span class='ocrx_word' id='word_1_394' title='bbox 2238 649 2288 703; x_wconf 90' lang='lat' dir='ltr'><strong>in</strong></span> <span class='ocrx_word' id='word_1_395' title='bbox 2317 650 2466 705; x_wconf 91' lang='lat' dir='ltr'><strong>illum</strong></span> <span class='ocrx_word' id='word_1_396' title='bbox 2495 654 2902 714; x_wconf 78' lang='lat' dir='ltr'><strong>obserVatiOucs</strong></span> <span class='ocrx_word' id='word_1_397' title='bbox 2930 658 3204 731; x_wconf 81' lang='lat' dir='ltr'><strong>(Fest.,ad</strong></span> <span class='ocrx_word' id='word_1_398' title='bbox 3231 669 3365 722; x_wconf 86' lang='lat' dir='ltr'><strong>verb.</strong></span> <span class='ocrx_word' id='word_1_399' title='bbox 3400 670 3530 726; x_wconf 78' lang='lat' dir='ltr'><strong>Vm-</strong></span> 
     </span>
    </p>
   </div>
   <div class='ocr_carea' id='block_1_51' title="bbox 1935 735 2848 819">
    <p class='ocr_par' dir='ltr' id='par_1_51' title="bbox 1935 735 2848 819">
     <span class='ocr_line' id='line_1_55' title="bbox 1935 735 2848 819; baseline 0.019 -33"><span class='ocrx_word' id='word_1_400' title='bbox 1935 746 2121 799; x_wconf 65' lang='lat' dir='ltr'><strong>ntcw;</strong></span> <span class='ocrx_word' id='word_1_401' title='bbox 2153 735 2311 804; x_wconf 81' lang='lat' dir='ltr'><strong>Gell.,</strong></span> <span class='ocrx_word' id='word_1_402' title='bbox 2342 741 2431 795; x_wconf 85' lang='lat' dir='ltr'><strong>lib.</strong></span> <span class='ocrx_word' id='word_1_403' title='bbox 2464 758 2554 809; x_wconf 79' lang='lat' dir='ltr'><strong>xx,</strong></span> <span class='ocrx_word' id='word_1_404' title='bbox 2587 761 2702 815; x_wconf 88' lang='lat' dir='ltr'><strong>cap.</strong></span> <span class='ocrx_word' id='word_1_405' title='bbox 2736 748 2848 819; x_wconf 85' lang='grc'><strong>10).</strong></span> 
     </span>
    </p>
   </div>
   <div class='ocr_carea' id='block_1_52' title="bbox 2019 822 3524 922">
    <p class='ocr_par' dir='ltr' id='par_1_52' title="bbox 2019 822 3524 922">
     <span class='ocr_line' id='line_1_56' title="bbox 2019 822 3524 922; baseline 0.021 -45"><span class='ocrx_word' id='word_1_406' title='bbox 2019 822 2199 881; x_wconf 83' lang='lat' dir='ltr'><strong>Vinum</strong></span> <span class='ocrx_word' id='word_1_407' title='bbox 2224 832 2389 886; x_wconf 88' lang='lat' dir='ltr'><strong>acoris</strong></span> <span class='ocrx_word' id='word_1_408' title='bbox 2414 833 2467 887; x_wconf 88' lang='lat' dir='ltr'><strong>in</strong></span> <span class='ocrx_word' id='word_1_409' title='bbox 2498 836 2769 904; x_wconf 75' lang='lat' dir='ltr'><strong>perﬁdiam</strong></span> <span class='ocrx_word' id='word_1_410' title='bbox 2796 852 3001 910; x_wconf 84' lang='lat' dir='ltr'><strong>repente</strong></span> <span class='ocrx_word' id='word_1_411' title='bbox 3027 847 3245 911; x_wconf 84' lang='lat' dir='ltr'><strong>mutari;</strong></span> <span class='ocrx_word' id='word_1_412' title='bbox 3289 847 3391 905; x_wconf 86' lang='lat' dir='ltr'><strong>hoc</strong></span> <span class='ocrx_word' id='word_1_413' title='bbox 3420 862 3524 922; x_wconf 86' lang='lat' dir='ltr'><strong>est,</strong></span> 
     </span>
    </p>
   </div>
   <div class='ocr_carea' id='block_1_53' title="bbox 1932 916 3524 1013">
    <p class='ocr_par' dir='ltr' id='par_1_53' title="bbox 1932 916 3524 1013">
     <span class='ocr_line' id='line_1_57' title="bbox 1932 916 3524 1013; baseline 0.018 -43"><span class='ocrx_word' id='word_1_414' title='bbox 1932 916 2113 974; x_wconf 90' lang='lat' dir='ltr'><strong>viuum</strong></span> <span class='ocrx_word' id='word_1_415' title='bbox 2154 936 2340 978; x_wconf 89' lang='lat' dir='ltr'><strong>contra</strong></span> <span class='ocrx_word' id='word_1_416' title='bbox 2380 936 2628 982; x_wconf 84' lang='lat' dir='ltr'><strong>naturam</strong></span> <span class='ocrx_word' id='word_1_417' title='bbox 2669 944 2820 985; x_wconf 88' lang='lat' dir='ltr'><strong>suam</strong></span> <span class='ocrx_word' id='word_1_418' title='bbox 2866 934 3080 991; x_wconf 87' lang='lat' dir='ltr'><strong>acidum</strong></span> <span class='ocrx_word' id='word_1_419' title='bbox 3127 940 3239 993; x_wconf 80' lang='lat' dir='ltr'><strong>ﬁeri</strong></span> <span class='ocrx_word' id='word_1_420' title='bbox 3282 940 3524 1013; x_wconf 78' lang='lat' dir='ltr'><strong>(Arnob,,</strong></span> 
     </span>
    </p>
   </div>
   <div class='ocr_carea' id='block_1_54' title="bbox 1930 1009 2313 1086">
    <p class='ocr_par' dir='ltr' id='par_1_54' title="bbox 1930 1009 2313 1086">
     <span class='ocr_line' id='line_1_58' title="bbox 1930 1009 2313 1086; baseline 0.016 -22"><span class='ocrx_word' id='word_1_421' title='bbox 1930 1009 2018 1065; x_wconf 87' lang='lat' dir='ltr'><strong>lib.</strong></span> <span class='ocrx_word' id='word_1_422' title='bbox 2046 1028 2083 1079; x_wconf 81' lang='grc'><strong>1,</strong></span> <span class='ocrx_word' id='word_1_423' title='bbox 2111 1031 2165 1084; x_wconf 90' lang='lat' dir='ltr'><strong>p.</strong></span> <span class='ocrx_word' id='word_1_424' title='bbox 2200 1014 2313 1086; x_wconf 78' lang='lat' dir='ltr'><strong>l2).</strong></span> 
     </span>
    </p>
   </div>
   <div class='ocr_carea' id='block_1_55' title="bbox 2011 1101 3524 1182">
    <p class='ocr_par' dir='ltr' id='par_1_55' title="bbox 2011 1101 3524 1182">
     <span class='ocr_line' id='line_1_59' title="bbox 2011 1101 3524 1182; baseline 0.019 -28"><span class='ocrx_word' id='word_1_425' title='bbox 2011 1101 2299 1176; x_wconf 84' lang='lat' dir='ltr'><strong>Vitiligines</strong></span> <span class='ocrx_word' id='word_1_426' title='bbox 2340 1108 2510 1179; x_wconf 70' lang='lat' dir='ltr'><strong>fwdw,</strong></span> <span class='ocrx_word' id='word_1_427' title='bbox 2551 1119 2598 1165; x_wconf 87' lang='lat' dir='ltr'><strong>et</strong></span> <span class='ocrx_word' id='word_1_428' title='bbox 2639 1112 2936 1182; x_wconf 78' lang='lat' dir='ltr'><strong>albicantes,</strong></span> <span class='ocrx_word' id='word_1_429' title='bbox 2968 1117 3036 1174; x_wconf 89' lang='lat' dir='ltr'><strong>ah</strong></span> <span class='ocrx_word' id='word_1_430' title='bbox 3074 1130 3292 1178; x_wconf 89' lang='lat' dir='ltr'><strong>auctore</strong></span> <span class='ocrx_word' id='word_1_431' title='bbox 3337 1134 3524 1182; x_wconf 91' lang='lat' dir='ltr'><strong>nostro</strong></span> 
     </span>
    </p>
   </div>
   <div class='ocr_carea' id='block_1_56' title="bbox 1929 1192 3517 1285">
    <p class='ocr_par' dir='ltr' id='par_1_56' title="bbox 1929 1192 3517 1285">
     <span class='ocr_line' id='line_1_60' title="bbox 1929 1192 3517 1285; baseline 0.016 -40"><span class='ocrx_word' id='word_1_432' title='bbox 1929 1192 2180 1249; x_wconf 89' lang='lat' dir='ltr'><strong>dicuntur</strong></span> <span class='ocrx_word' id='word_1_433' title='bbox 2217 1195 2406 1268; x_wconf 86' lang='lat' dir='ltr'><strong>(lbid.,</strong></span> <span class='ocrx_word' id='word_1_434' title='bbox 2450 1217 2571 1271; x_wconf 87' lang='lat' dir='ltr'><strong>pag.</strong></span> <span class='ocrx_word' id='word_1_435' title='bbox 2612 1200 2708 1268; x_wconf 95' lang='lat'><strong>26,</strong></span> <span class='ocrx_word' id='word_1_436' title='bbox 2747 1203 2818 1259; x_wconf 89' lang='lat'><strong>28</strong></span> <span class='ocrx_word' id='word_1_437' title='bbox 2859 1217 2904 1260; x_wconf 86' lang='lat' dir='ltr'><strong>et</strong></span> <span class='ocrx_word' id='word_1_438' title='bbox 2944 1206 3059 1280; x_wconf 76' lang='lat'><strong>50).</strong></span> <span class='ocrx_word' id='word_1_439' title='bbox 3089 1228 3106 1256; x_wconf 79' lang='grc' dir='ltr'>ι</span> <span class='ocrx_word' id='word_1_440' title='bbox 3138 1210 3208 1266; x_wconf 83' lang='lat' dir='ltr'><strong>At</strong></span> <span class='ocrx_word' id='word_1_441' title='bbox 3235 1215 3458 1285; x_wconf 85' lang='lat' dir='ltr'><strong>vitiligo,</strong></span> <span class='ocrx_word' id='word_1_442' title='bbox 3497 1236 3517 1271; x_wconf 84' lang='lat' dir='ltr'><strong>s</strong></span> 
     </span>
    </p>
   </div>
   <div class='ocr_carea' id='block_1_57' title="bbox 1927 1284 3519 1378">
    <p class='ocr_par' dir='ltr' id='par_1_57' title="bbox 1927 1284 3519 1378">
     <span class='ocr_line' id='line_1_61' title="bbox 1927 1284 3519 1378; baseline 0.016 -38"><span class='ocrx_word' id='word_1_443' title='bbox 1927 1284 2101 1356; x_wconf 88' lang='lat' dir='ltr'><strong>inquit</strong></span> <span class='ocrx_word' id='word_1_444' title='bbox 2153 1286 2427 1351; x_wconf 46' lang='lat' dir='ltr'><strong>Festusﬂ</strong></span> <span class='ocrx_word' id='word_1_445' title='bbox 2464 1294 2514 1347; x_wconf 93' lang='lat' dir='ltr'><strong>in</strong></span> <span class='ocrx_word' id='word_1_446' title='bbox 2567 1310 2795 1366; x_wconf 90' lang='lat' dir='ltr'><strong>corpore</strong></span> <span class='ocrx_word' id='word_1_447' title='bbox 2846 1299 3078 1357; x_wconf 86' lang='lat' dir='ltr'><strong>hominis</strong></span> <span class='ocrx_word' id='word_1_448' title='bbox 3125 1308 3331 1362; x_wconf 84' lang='lat' dir='ltr'><strong>macula</strong></span> <span class='ocrx_word' id='word_1_449' title='bbox 3377 1310 3519 1378; x_wconf 86' lang='lat' dir='ltr'><strong>alba,</strong></span> 
     </span>
    </p>
   </div>
   <div class='ocr_carea' id='block_1_58' title="bbox 1925 1377 3523 1456">
    <p class='ocr_par' dir='ltr' id='par_1_58' title="bbox 1925 1377 3523 1456">
     <span class='ocr_line' id='line_1_62' title="bbox 1925 1377 3523 1456; baseline 0.017 -27"><span class='ocrx_word' id='word_1_450' title='bbox 1925 1390 2086 1446; x_wconf 89' lang='lat' dir='ltr'><strong>quam</strong></span> <span class='ocrx_word' id='word_1_451' title='bbox 2117 1377 2290 1435; x_wconf 60' lang='lat' dir='ltr'><strong>Graeci</strong></span> <span class='ocrx_word' id='word_1_452' title='bbox 2337 1379 2487 1456; x_wconf 74' lang='grc' dir='ltr'>ἄλφον</span> <span class='ocrx_word' id='word_1_453' title='bbox 2515 1397 2728 1453; x_wconf 82' lang='lat' dir='ltr'><strong>vocant,</strong></span> <span class='ocrx_word' id='word_1_454' title='bbox 2759 1404 2787 1442; x_wconf 88' lang='lat' dir='ltr'><strong>a</strong></span> <span class='ocrx_word' id='word_1_455' title='bbox 2832 1406 2936 1456; x_wconf 92' lang='lat' dir='ltr'><strong>quo</strong></span> <span class='ocrx_word' id='word_1_456' title='bbox 2975 1408 3073 1448; x_wconf 87' lang='lat' dir='ltr'><strong>nos</strong></span> <span class='ocrx_word' id='word_1_457' title='bbox 3109 1395 3289 1452; x_wconf 91' lang='lat' dir='ltr'><strong>album</strong></span> <span class='ocrx_word' id='word_1_458' title='bbox 3316 1416 3329 1453; x_wconf 89' lang='lat'><strong>:</strong></span> <span class='ocrx_word' id='word_1_459' title='bbox 3354 1399 3466 1455; x_wconf 89' lang='lat' dir='ltr'><strong>sive</strong></span> <span class='ocrx_word' id='word_1_460' title='bbox 3491 1416 3523 1456; x_wconf 87' lang='lat' dir='ltr'><strong>a</strong></span> 
     </span>
    </p>
   </div>
   <div class='ocr_carea' id='block_1_59' title="bbox 1928 1467 3638 1563">
    <p class='ocr_par' dir='ltr' id='par_1_59' title="bbox 1928 1467 3638 1563">
     <span class='ocr_line' id='line_1_63' title="bbox 1928 1467 3638 1563; baseline 0.018 -42"><span class='ocrx_word' id='word_1_461' title='bbox 1928 1467 2056 1524; x_wconf 92' lang='lat' dir='ltr'><strong>vitio</strong></span> <span class='ocrx_word' id='word_1_462' title='bbox 2084 1469 2248 1537; x_wconf 88' lang='lat' dir='ltr'><strong>dicta,</strong></span> <span class='ocrx_word' id='word_1_463' title='bbox 2280 1474 2492 1532; x_wconf 88' lang='lat' dir='ltr'><strong>etiamsi</strong></span> <span class='ocrx_word' id='word_1_464' title='bbox 2520 1494 2625 1533; x_wconf 90' lang='lat' dir='ltr'><strong>non</strong></span> <span class='ocrx_word' id='word_1_465' title='bbox 2653 1480 2800 1536; x_wconf 70' lang='lat' dir='ltr'><strong>lazdit</strong></span> <span class='ocrx_word' id='word_1_466' title='bbox 2829 1499 2843 1536; x_wconf 91' lang='lat'><strong>:</strong></span> <span class='ocrx_word' id='word_1_467' title='bbox 2876 1484 2990 1540; x_wconf 86' lang='lat' dir='ltr'><strong>sive</strong></span> <span class='ocrx_word' id='word_1_468' title='bbox 3016 1500 3045 1539; x_wconf 89' lang='lat' dir='ltr'><strong>a</strong></span> <span class='ocrx_word' id='word_1_469' title='bbox 3078 1487 3264 1556; x_wconf 90' lang='lat' dir='ltr'><strong>vitulo,</strong></span> <span class='ocrx_word' id='word_1_470' title='bbox 3300 1502 3523 1563; x_wconf 88' lang='lat' dir='ltr'><strong>propter</strong></span> <span class='ocrx_word' id='word_1_471' title='bbox 3630 1506 3638 1515; x_wconf 83' lang='lat'><strong><em>‘</em></strong></span> 
     </span>
    </p>
   </div>
   <div class='ocr_carea' id='block_1_60' title="bbox 1923 1558 3517 1647">
    <p class='ocr_par' dir='ltr' id='par_1_60' title="bbox 1923 1558 3517 1647">
     <span class='ocr_line' id='line_1_64' title="bbox 1923 1558 3517 1647; baseline 0.018 -35"><span class='ocrx_word' id='word_1_472' title='bbox 1923 1558 2038 1629; x_wconf 89' lang='lat' dir='ltr'><strong>ejus</strong></span> <span class='ocrx_word' id='word_1_473' title='bbox 2068 1563 2396 1620; x_wconf 76' lang='lat' dir='ltr'><strong>membrana:</strong></span> <span class='ocrx_word' id='word_1_474' title='bbox 2422 1568 2733 1637; x_wconf 88' lang='lat' dir='ltr'><strong>candorem,</strong></span> <span class='ocrx_word' id='word_1_475' title='bbox 2774 1588 2876 1644; x_wconf 89' lang='lat' dir='ltr'><strong>qua</strong></span> <span class='ocrx_word' id='word_1_476' title='bbox 2922 1578 3179 1647; x_wconf 91' lang='lat' dir='ltr'><strong>nascitur,</strong></span> <span class='ocrx_word' id='word_1_477' title='bbox 3224 1581 3517 1642; x_wconf 90' lang='lat' dir='ltr'><strong>involutus.</strong></span> 
     </span>
    </p>
   </div>
   <div class='ocr_carea' id='block_1_61' title="bbox 1921 1649 3514 1746">
    <p class='ocr_par' dir='ltr' id='par_1_61' title="bbox 1921 1649 3514 1746">
     <span class='ocr_line' id='line_1_65' title="bbox 1921 1649 3514 1746; baseline 0.018 -42"><span class='ocrx_word' id='word_1_478' title='bbox 1921 1649 2357 1712; x_wconf 71' lang='lat' dir='ltr'><strong>Luciliuszllzec</strong></span> <span class='ocrx_word' id='word_1_479' title='bbox 2398 1659 2583 1715; x_wconf 88' lang='lat' dir='ltr'><strong>odiosa</strong></span> <span class='ocrx_word' id='word_1_480' title='bbox 2631 1664 2759 1718; x_wconf 90' lang='lat' dir='ltr'><strong>mihi</strong></span> <span class='ocrx_word' id='word_1_481' title='bbox 2805 1667 3011 1739; x_wconf 83' lang='lat' dir='ltr'><strong>vitiligo</strong></span> <span class='ocrx_word' id='word_1_482' title='bbox 3040 1680 3142 1725; x_wconf 91' lang='lat' dir='ltr'><strong>est.</strong></span> <span class='ocrx_word' id='word_1_483' title='bbox 3185 1672 3302 1727; x_wconf 85' lang='lat' dir='ltr'><strong>Non</strong></span> <span class='ocrx_word' id='word_1_484' title='bbox 3345 1674 3514 1746; x_wconf 85' lang='lat' dir='ltr'><strong>dolet,</strong></span> 
     </span>
    </p>
   </div>
   <div class='ocr_carea' id='block_1_62' title="bbox 1921 1744 3519 1831">
    <p class='ocr_par' dir='ltr' id='par_1_62' title="bbox 1921 1744 3519 1831">
     <span class='ocr_line' id='line_1_66' title="bbox 1921 1744 3519 1831; baseline 0.018 -34"><span class='ocrx_word' id='word_1_485' title='bbox 1921 1744 2112 1815; x_wconf 91' lang='lat' dir='ltr'><strong>inquit.</strong></span> <span class='ocrx_word' id='word_1_486' title='bbox 2143 1764 2164 1799; x_wconf 73' lang='grc' dir='ltr'><strong><em>ι</em></strong></span> <span class='ocrx_word' id='word_1_487' title='bbox 2196 1746 2389 1821; x_wconf 80' lang='lat' dir='ltr'><strong>(Fest.,</strong></span> <span class='ocrx_word' id='word_1_488' title='bbox 2418 1753 2486 1806; x_wconf 93' lang='lat' dir='ltr'><strong>ad</strong></span> <span class='ocrx_word' id='word_1_489' title='bbox 2512 1756 2646 1810; x_wconf 83' lang='lat' dir='ltr'><strong>verb.</strong></span> <span class='ocrx_word' id='word_1_490' title='bbox 2684 1754 2971 1831; x_wconf 82' lang='lat' dir='ltr'><strong>Vt&#39;rtuco.)</strong></span> <span class='ocrx_word' id='word_1_491' title='bbox 3000 1763 3040 1816; x_wconf 78' lang='grc' dir='ltr'><strong>Δ</strong></span> <span class='ocrx_word' id='word_1_492' title='bbox 3071 1762 3275 1820; x_wconf 86' lang='lat' dir='ltr'><strong>Seneca</strong></span> <span class='ocrx_word' id='word_1_493' title='bbox 3306 1783 3434 1823; x_wconf 81' lang='lat' dir='ltr'><strong>vero</strong></span> <span class='ocrx_word' id='word_1_494' title='bbox 3463 1744 3519 1825; x_wconf 85' lang='lat' dir='ltr'><strong>id</strong></span> 
     </span>
    </p>
   </div>
   <div class='ocr_carea' id='block_1_63' title="bbox 1843 1831 3517 1929">
    <p class='ocr_par' dir='ltr' id='par_1_63' title="bbox 1843 1831 3517 1929">
     <span class='ocr_line' id='line_1_67' title="bbox 1843 1831 3517 1929; baseline 0.015 -37"><span class='ocrx_word' id='word_1_495' title='bbox 1843 1831 1891 1892; x_wconf 89' lang='grc' dir='ltr'><strong>Β</strong></span> <span class='ocrx_word' id='word_1_496' title='bbox 1918 1838 2177 1909; x_wconf 87' lang='lat' dir='ltr'><strong>scriptum</strong></span> <span class='ocrx_word' id='word_1_497' title='bbox 2225 1841 2497 1913; x_wconf 86' lang='lat' dir='ltr'><strong>legimus:</strong></span> <span class='ocrx_word' id='word_1_498' title='bbox 2538 1865 2558 1899; x_wconf 84' lang='grc'><strong><em>‹</em></strong></span> <span class='ocrx_word' id='word_1_499' title='bbox 2595 1848 2872 1906; x_wconf 86' lang='lat' dir='ltr'><strong>Creditum</strong></span> <span class='ocrx_word' id='word_1_500' title='bbox 2917 1867 3001 1907; x_wconf 89' lang='lat' dir='ltr'><strong>est</strong></span> <span class='ocrx_word' id='word_1_501' title='bbox 3045 1857 3304 1925; x_wconf 88' lang='lat' dir='ltr'><strong>quasdam</strong></span> <span class='ocrx_word' id='word_1_502' title='bbox 3349 1874 3517 1929; x_wconf 89' lang='lat' dir='ltr'><strong>aquas</strong></span> 
     </span>
    </p>
   </div>
   <div class='ocr_carea' id='block_1_64' title="bbox 1914 1932 3511 2018">
    <p class='ocr_par' dir='ltr' id='par_1_64' title="bbox 1914 1932 3511 2018">
     <span class='ocr_line' id='line_1_68' title="bbox 1914 1932 3511 2018; baseline 0.013 -33"><span class='ocrx_word' id='word_1_503' title='bbox 1914 1932 2148 1987; x_wconf 89' lang='lat' dir='ltr'><strong>scabiem</strong></span> <span class='ocrx_word' id='word_1_504' title='bbox 2198 1933 2393 1990; x_wconf 81' lang='lat' dir='ltr'><strong>allerre</strong></span> <span class='ocrx_word' id='word_1_505' title='bbox 2442 1939 2791 2008; x_wconf 89' lang='lat' dir='ltr'><strong>corporibus,</strong></span> <span class='ocrx_word' id='word_1_506' title='bbox 2844 1944 3104 2013; x_wconf 87' lang='lat' dir='ltr'><strong>quasdam</strong></span> <span class='ocrx_word' id='word_1_507' title='bbox 3154 1947 3468 2017; x_wconf 86' lang='lat' dir='ltr'><strong>vitiliginem</strong></span> <span class='ocrx_word' id='word_1_508' title='bbox 3496 1993 3511 2018; x_wconf 91' lang='lat'><strong>,</strong></span> 
     </span>
    </p>
   </div>
   <div class='ocr_carea' id='block_1_65' title="bbox 1915 2027 3513 2109">
    <p class='ocr_par' dir='ltr' id='par_1_65' title="bbox 1915 2027 3513 2109">
     <span class='ocr_line' id='line_1_69' title="bbox 1915 2027 3513 2109; baseline 0.009 -27"><span class='ocrx_word' id='word_1_509' title='bbox 1915 2037 1970 2082; x_wconf 90' lang='lat' dir='ltr'><strong>et</strong></span> <span class='ocrx_word' id='word_1_510' title='bbox 2019 2027 2212 2083; x_wconf 76' lang='lat' dir='ltr'><strong>ltedam</strong></span> <span class='ocrx_word' id='word_1_511' title='bbox 2247 2044 2313 2084; x_wconf 83' lang='lat' dir='ltr'><strong>ex</strong></span> <span class='ocrx_word' id='word_1_512' title='bbox 2351 2029 2474 2085; x_wconf 91' lang='lat' dir='ltr'><strong>albo</strong></span> <span class='ocrx_word' id='word_1_513' title='bbox 2508 2032 2839 2090; x_wconf 82' lang='lat' dir='ltr'><strong>varietatem.</strong></span> <span class='ocrx_word' id='word_1_514' title='bbox 2874 2056 2892 2088; x_wconf 72' lang='grc' dir='ltr'><strong><em>ι</em></strong></span> <span class='ocrx_word' id='word_1_515' title='bbox 2927 2036 3160 2109; x_wconf 86' lang='lat' dir='ltr'><strong>(Senec.,</strong></span> <span class='ocrx_word' id='word_1_516' title='bbox 3191 2040 3281 2097; x_wconf 89' lang='lat' dir='ltr'><strong>lib.</strong></span> <span class='ocrx_word' id='word_1_517' title='bbox 3310 2057 3368 2097; x_wconf 87' lang='lat' dir='ltr'><strong>ut</strong></span> <span class='ocrx_word' id='word_1_518' title='bbox 3397 2041 3513 2097; x_wconf 86' lang='lat' dir='ltr'><strong>Na-</strong></span> 
     </span>
    </p>
   </div>
   <div class='ocr_carea' id='block_1_66' title="bbox 1915 2125 3512 2200">
    <p class='ocr_par' dir='ltr' id='par_1_66' title="bbox 1915 2125 3512 2200">
     <span class='ocr_line' id='line_1_70' title="bbox 1915 2125 3512 2200; baseline 0.012 -26"><span class='ocrx_word' id='word_1_519' title='bbox 1915 2132 2015 2176; x_wconf 89' lang='lat' dir='ltr'><strong>tur.</strong></span> <span class='ocrx_word' id='word_1_520' title='bbox 2058 2133 2260 2193; x_wconf 55' lang='lat' dir='ltr'><strong>quaest,</strong></span> <span class='ocrx_word' id='word_1_521' title='bbox 2306 2141 2421 2196; x_wconf 85' lang='lat' dir='ltr'><strong>cap.</strong></span> <span class='ocrx_word' id='word_1_522' title='bbox 2464 2125 2556 2191; x_wconf 87' lang='lat'><strong>26,</strong></span> <span class='ocrx_word' id='word_1_523' title='bbox 2599 2146 2652 2195; x_wconf 86' lang='lat' dir='ltr'><strong>p.</strong></span> <span class='ocrx_word' id='word_1_524' title='bbox 2691 2129 2845 2200; x_wconf 70' lang='grc'><strong>454.)</strong></span> <span class='ocrx_word' id='word_1_525' title='bbox 2889 2130 3118 2199; x_wconf 86' lang='lat' dir='ltr'><strong>Quidam</strong></span> <span class='ocrx_word' id='word_1_526' title='bbox 3148 2142 3325 2189; x_wconf 87' lang='lat' dir='ltr'><strong>autem</strong></span> <span class='ocrx_word' id='word_1_527' title='bbox 3375 2136 3512 2192; x_wconf 87' lang='lat' dir='ltr'><strong>hanc</strong></span> 
     </span>
    </p>
   </div>
   <div class='ocr_carea' id='block_1_67' title="bbox 1912 2215 2949 2292">
    <p class='ocr_par' dir='ltr' id='par_1_67' title="bbox 1912 2215 2949 2292">
     <span class='ocr_line' id='line_1_71' title="bbox 1912 2215 2949 2292; baseline 0.012 -24"><span class='ocrx_word' id='word_1_528' title='bbox 1912 2215 2224 2286; x_wconf 88' lang='lat' dir='ltr'><strong>vitiliginem</strong></span> <span class='ocrx_word' id='word_1_529' title='bbox 2260 2218 2461 2288; x_wconf 89' lang='lat' dir='ltr'><strong>lepram</strong></span> <span class='ocrx_word' id='word_1_530' title='bbox 2490 2235 2611 2276; x_wconf 87' lang='lat' dir='ltr'><strong>esse</strong></span> <span class='ocrx_word' id='word_1_531' title='bbox 2640 2224 2949 2292; x_wconf 82' lang='lat' dir='ltr'><strong>Opinantur.</strong></span> 
     </span>
    </p>
   </div>
   <div class='ocr_carea' id='block_1_68' title="bbox 1987 2306 3511 2391">
    <p class='ocr_par' dir='ltr' id='par_1_68' title="bbox 1987 2306 3511 2391">
     <span class='ocr_line' id='line_1_72' title="bbox 1987 2306 3511 2391; baseline 0.01 -29"><span class='ocrx_word' id='word_1_532' title='bbox 1987 2306 2226 2378; x_wconf 86' lang='lat' dir='ltr'><strong>Ulpicum</strong></span> <span class='ocrx_word' id='word_1_533' title='bbox 2255 2326 2430 2382; x_wconf 87' lang='lat' dir='ltr'><strong>genus</strong></span> <span class='ocrx_word' id='word_1_534' title='bbox 2470 2314 2580 2368; x_wconf 87' lang='lat' dir='ltr'><strong>allii</strong></span> <span class='ocrx_word' id='word_1_535' title='bbox 2617 2317 2873 2386; x_wconf 86' lang='lat' dir='ltr'><strong>grandius</strong></span> <span class='ocrx_word' id='word_1_536' title='bbox 2913 2328 3017 2384; x_wconf 83' lang='lat' dir='ltr'><strong>est,</strong></span> <span class='ocrx_word' id='word_1_537' title='bbox 3047 2321 3189 2389; x_wconf 81' lang='lat' dir='ltr'><strong>quod</strong></span> <span class='ocrx_word' id='word_1_538' title='bbox 3221 2322 3417 2391; x_wconf 85' lang='lat' dir='ltr'><strong>Graeci,</strong></span> <span class='ocrx_word' id='word_1_539' title='bbox 3449 2333 3511 2379; x_wconf 92' lang='lat' dir='ltr'><strong>ut</strong></span> 
     </span>
    </p>
   </div>
   <div class='ocr_carea' id='block_1_69' title="bbox 1912 2399 3512 2485">
    <p class='ocr_par' dir='ltr' id='par_1_69' title="bbox 1912 2399 3512 2485">
     <span class='ocr_line' id='line_1_73' title="bbox 1912 2399 3512 2485; baseline 0.011 -31"><span class='ocrx_word' id='word_1_540' title='bbox 1912 2399 2080 2456; x_wconf 84' lang='lat' dir='ltr'><strong>refert</strong></span> <span class='ocrx_word' id='word_1_541' title='bbox 2109 2401 2423 2472; x_wconf 79' lang='lat' dir='ltr'><strong>Columella,</strong></span> <span class='ocrx_word' id='word_1_542' title='bbox 2457 2407 2858 2484; x_wconf 78' lang='grc' dir='ltr'><strong>ἀφροσκὸδορον,</strong></span> <span class='ocrx_word' id='word_1_543' title='bbox 2887 2411 3100 2481; x_wconf 87' lang='lat' dir='ltr'><strong>quidam</strong></span> <span class='ocrx_word' id='word_1_544' title='bbox 3132 2413 3314 2469; x_wconf 91' lang='lat' dir='ltr'><strong>allium</strong></span> <span class='ocrx_word' id='word_1_545' title='bbox 3356 2417 3512 2485; x_wconf 87' lang='lat' dir='ltr'><strong>puni-</strong></span> 
     </span>
    </p>
   </div>
   <div class='ocr_carea' id='block_1_70' title="bbox 1909 2493 3511 2570">
    <p class='ocr_par' dir='ltr' id='par_1_70' title="bbox 1909 2493 3511 2570">
     <span class='ocr_line' id='line_1_74' title="bbox 1909 2493 3511 2570; baseline 0.011 -24"><span class='ocrx_word' id='word_1_546' title='bbox 1909 2506 2051 2560; x_wconf 93' lang='lat' dir='ltr'><strong>cum,</strong></span> <span class='ocrx_word' id='word_1_547' title='bbox 2083 2493 2167 2548; x_wconf 86' lang='lat' dir='ltr'><strong>vel</strong></span> <span class='ocrx_word' id='word_1_548' title='bbox 2194 2493 2472 2566; x_wconf 83' lang='lat' dir='ltr'><strong>Cyprium,</strong></span> <span class='ocrx_word' id='word_1_549' title='bbox 2505 2500 2661 2553; x_wconf 85' lang='lat' dir='ltr'><strong>sicuti</strong></span> <span class='ocrx_word' id='word_1_550' title='bbox 2690 2501 2849 2556; x_wconf 81' lang='lat' dir='ltr'><strong>docet</strong></span> <span class='ocrx_word' id='word_1_551' title='bbox 2885 2501 3111 2570; x_wconf 78' lang='lat' dir='ltr'><strong>Plinius,</strong></span> <span class='ocrx_word' id='word_1_552' title='bbox 3143 2505 3231 2559; x_wconf 86' lang='lat' dir='ltr'><strong>alii</strong></span> <span class='ocrx_word' id='word_1_553' title='bbox 3273 2508 3511 2563; x_wconf 86' lang='lat' dir='ltr'><strong>antisco-</strong></span> 
     </span>
    </p>
   </div>
   <div class='ocr_carea' id='block_1_71' title="bbox 1908 2586 3505 2668">
    <p class='ocr_par' dir='ltr' id='par_1_71' title="bbox 1908 2586 3505 2668">
     <span class='ocr_line' id='line_1_75' title="bbox 1908 2586 3505 2668; baseline 0.009 -27"><span class='ocrx_word' id='word_1_554' title='bbox 1908 2586 2077 2641; x_wconf 86' lang='lat' dir='ltr'><strong>rodun</strong></span> <span class='ocrx_word' id='word_1_555' title='bbox 2118 2589 2391 2657; x_wconf 85' lang='lat' dir='ltr'><strong>appellant</strong></span> <span class='ocrx_word' id='word_1_556' title='bbox 2440 2591 2681 2661; x_wconf 82' lang='lat' dir='ltr'><strong>(Arnob.,</strong></span> <span class='ocrx_word' id='word_1_557' title='bbox 2730 2592 2819 2647; x_wconf 90' lang='lat' dir='ltr'><strong>lib.</strong></span> <span class='ocrx_word' id='word_1_558' title='bbox 2865 2611 2925 2660; x_wconf 88' lang='lat' dir='ltr'><strong>ll,</strong></span> <span class='ocrx_word' id='word_1_559' title='bbox 2972 2613 3025 2666; x_wconf 90' lang='lat' dir='ltr'><strong>p.</strong></span> <span class='ocrx_word' id='word_1_560' title='bbox 3070 2596 3170 2662; x_wconf 81' lang='lat'><strong>85;</strong></span> <span class='ocrx_word' id='word_1_561' title='bbox 3214 2593 3505 2668; x_wconf 77' lang='lat' dir='ltr'><strong>Columell.,</strong></span> 
     </span>
    </p>
   </div>
   <div class='ocr_carea' id='block_1_72' title="bbox 1908 2678 3507 2755">
    <p class='ocr_par' dir='ltr' id='par_1_72' title="bbox 1908 2678 3507 2755">
     <span class='ocr_line' id='line_1_76' title="bbox 1908 2678 3507 2755; baseline 0.01 -24"><span class='ocrx_word' id='word_1_562' title='bbox 1908 2678 1997 2732; x_wconf 89' lang='lat' dir='ltr'><strong>lib.</strong></span> <span class='ocrx_word' id='word_1_563' title='bbox 2026 2695 2079 2734; x_wconf 77' lang='grc' dir='ltr'>ιι</span> <span class='ocrx_word' id='word_1_564' title='bbox 2124 2680 2188 2734; x_wconf 89' lang='lat' dir='ltr'><strong>de</strong></span> <span class='ocrx_word' id='word_1_565' title='bbox 2214 2678 2292 2734; x_wconf 88' lang='lat' dir='ltr'><strong>Re</strong></span> <span class='ocrx_word' id='word_1_566' title='bbox 2334 2685 2536 2749; x_wconf 85' lang='lat' dir='ltr'><strong>rustic.,</strong></span> <span class='ocrx_word' id='word_1_567' title='bbox 2577 2701 2692 2755; x_wconf 88' lang='lat' dir='ltr'><strong>cap.</strong></span> <span class='ocrx_word' id='word_1_568' title='bbox 2727 2687 2796 2747; x_wconf 73' lang='grc' dir='ltr'><strong>ὃς</strong></span> <span class='ocrx_word' id='word_1_569' title='bbox 2850 2686 3019 2752; x_wconf 85' lang='lat' dir='ltr'><strong>Plin.,</strong></span> <span class='ocrx_word' id='word_1_570' title='bbox 3048 2690 3138 2744; x_wconf 85' lang='lat' dir='ltr'><strong>lib.</strong></span> <span class='ocrx_word' id='word_1_571' title='bbox 3168 2706 3260 2746; x_wconf 76' lang='lat' dir='ltr'><strong>nx</strong></span> <span class='ocrx_word' id='word_1_572' title='bbox 3310 2691 3507 2748; x_wconf 83' lang='lat' dir='ltr'><strong>Histor.</strong></span> 
     </span>
    </p>
   </div>
   <div class='ocr_carea' id='block_1_73' title="bbox 1908 2773 3502 2855">
    <p class='ocr_par' dir='ltr' id='par_1_73' title="bbox 1908 2773 3502 2855">
     <span class='ocr_line' id='line_1_77' title="bbox 1908 2773 3502 2855; baseline 0.011 -31"><span class='ocrx_word' id='word_1_573' title='bbox 1908 2781 2037 2837; x_wconf 89' lang='lat' dir='ltr'><strong>nat.,</strong></span> <span class='ocrx_word' id='word_1_574' title='bbox 2070 2790 2185 2843; x_wconf 88' lang='lat' dir='ltr'><strong>cap.</strong></span> <span class='ocrx_word' id='word_1_575' title='bbox 2216 2773 2270 2839; x_wconf 89' lang='lat'><strong>6,</strong></span> <span class='ocrx_word' id='word_1_576' title='bbox 2300 2791 2353 2844; x_wconf 89' lang='lat' dir='ltr'><strong>p.</strong></span> <span class='ocrx_word' id='word_1_577' title='bbox 2386 2775 2537 2848; x_wconf 81' lang='lat'><strong>597).</strong></span> <span class='ocrx_word' id='word_1_578' title='bbox 2572 2777 2646 2833; x_wconf 91' lang='lat' dir='ltr'><strong>De</strong></span> <span class='ocrx_word' id='word_1_579' title='bbox 2674 2778 2767 2834; x_wconf 93' lang='lat' dir='ltr'><strong>illo</strong></span> <span class='ocrx_word' id='word_1_580' title='bbox 2791 2779 3013 2837; x_wconf 90' lang='lat' dir='ltr'><strong>Plautus</strong></span> <span class='ocrx_word' id='word_1_581' title='bbox 3045 2784 3241 2839; x_wconf 91' lang='lat' dir='ltr'><strong>cecinit</strong></span> <span class='ocrx_word' id='word_1_582' title='bbox 3273 2782 3502 2855; x_wconf 88' lang='lat' dir='ltr'><strong>(Plaut.,</strong></span> 
     </span>
    </p>
   </div>
   <div class='ocr_carea' id='block_1_74' title="bbox 1905 2860 2733 2942">
    <p class='ocr_par' dir='ltr' id='par_1_74' title="bbox 1905 2860 2733 2942">
     <span class='ocr_line' id='line_1_78' title="bbox 1905 2860 2733 2942; baseline 0.012 -27"><span class='ocrx_word' id='word_1_583' title='bbox 1905 2862 1960 2916; x_wconf 84' lang='lat' dir='ltr'><strong>in</strong></span> <span class='ocrx_word' id='word_1_584' title='bbox 1987 2860 2217 2931; x_wconf 79' lang='lat' dir='ltr'><strong>Pwnul.,</strong></span> <span class='ocrx_word' id='word_1_585' title='bbox 2249 2875 2354 2923; x_wconf 90' lang='lat' dir='ltr'><strong>act.</strong></span> <span class='ocrx_word' id='word_1_586' title='bbox 2387 2883 2437 2935; x_wconf 91' lang='lat' dir='ltr'><strong>v,</strong></span> <span class='ocrx_word' id='word_1_587' title='bbox 2468 2884 2605 2922; x_wconf 87' lang='lat' dir='ltr'><strong>scen.</strong></span> <span class='ocrx_word' id='word_1_588' title='bbox 2637 2868 2694 2942; x_wconf 90' lang='lat'><strong>5)</strong></span> <span class='ocrx_word' id='word_1_589' title='bbox 2720 2889 2733 2925; x_wconf 88' lang='lat'>:</span> 
     </span>
    </p>
   </div>
   <div class='ocr_carea' id='block_1_75' title="bbox 2662 2984 3192 3051">
    <p class='ocr_par' dir='ltr' id='par_1_75' title="bbox 2662 2984 3192 3051">
     <span class='ocr_line' id='line_1_79' title="bbox 2662 2984 3192 3051; baseline 0.011 -18"><span class='ocrx_word' id='word_1_590' title='bbox 2662 2984 2785 3051; x_wconf 73' lang='lat' dir='ltr'><strong>Tum</strong></span> <span class='ocrx_word' id='word_1_591' title='bbox 2808 2990 2976 3036; x_wconf 92' lang='lat' dir='ltr'><strong>autem</strong></span> <span class='ocrx_word' id='word_1_592' title='bbox 3000 2989 3192 3051; x_wconf 88' lang='lat' dir='ltr'><strong>plenior</strong></span> 
     </span>
    </p>
   </div>
   <div class='ocr_carea' id='block_1_76' title="bbox 1994 3039 3211 3113">
    <p class='ocr_par' dir='ltr' id='par_1_76' title="bbox 1994 3039 3211 3113">
     <span class='ocr_line' id='line_1_80' title="bbox 1994 3039 3211 3113; baseline 0.008 -23"><span class='ocrx_word' id='word_1_593' title='bbox 1994 3039 2107 3091; x_wconf 72' lang='grc' dir='ltr'><strong>ΑΠἰὶ</strong></span> <span class='ocrx_word' id='word_1_594' title='bbox 2131 3041 2400 3107; x_wconf 80' lang='lat' dir='ltr'><strong>ulpicique,</strong></span> <span class='ocrx_word' id='word_1_595' title='bbox 2425 3057 2569 3108; x_wconf 90' lang='lat' dir='ltr'><strong>quam</strong></span> <span class='ocrx_word' id='word_1_596' title='bbox 2592 3052 2707 3096; x_wconf 89' lang='lat' dir='ltr'><strong>sunt</strong></span> <span class='ocrx_word' id='word_1_597' title='bbox 2744 3046 2945 3097; x_wconf 83' lang='lat' dir='ltr'><strong>Romani</strong></span> <span class='ocrx_word' id='word_1_598' title='bbox 2970 3039 3211 3113; x_wconf 75' lang='lat' dir='ltr'><strong>remiges.</strong></span> 
     </span>
    </p>
   </div>
   <div class='ocr_carea' id='block_1_77' title="bbox 1826 3165 3497 3266">
    <p class='ocr_par' dir='ltr' id='par_1_77' title="bbox 1826 3165 3497 3266">
     <span class='ocr_line' id='line_1_81' title="bbox 1826 3165 3497 3266; baseline 0.011 -47"><span class='ocrx_word' id='word_1_599' title='bbox 1826 3202 1873 3266; x_wconf 59' lang='grc' dir='ltr'><strong>Β</strong></span> <span class='ocrx_word' id='word_1_600' title='bbox 1905 3165 2116 3223; x_wconf 80' lang='lat' dir='ltr'><strong>Videsis</strong></span> <span class='ocrx_word' id='word_1_601' title='bbox 2168 3168 2345 3227; x_wconf 85' lang='lat' dir='ltr'><strong>adhuc</strong></span> <span class='ocrx_word' id='word_1_602' title='bbox 2391 3170 2708 3239; x_wconf 86' lang='lat' dir='ltr'><strong>Palladium,</strong></span> <span class='ocrx_word' id='word_1_603' title='bbox 2758 3172 2827 3229; x_wconf 90' lang='lat' dir='ltr'><strong>de</strong></span> <span class='ocrx_word' id='word_1_604' title='bbox 2870 3173 2948 3230; x_wconf 82' lang='lat' dir='ltr'><strong>Re</strong></span> <span class='ocrx_word' id='word_1_605' title='bbox 2992 3175 3201 3245; x_wconf 89' lang='lat' dir='ltr'><strong>rnstic.,</strong></span> <span class='ocrx_word' id='word_1_606' title='bbox 3254 3178 3347 3233; x_wconf 91' lang='lat' dir='ltr'><strong>lib.</strong></span> <span class='ocrx_word' id='word_1_607' title='bbox 3400 3194 3497 3249; x_wconf 81' lang='lat' dir='ltr'><strong>xu,</strong></span> 
     </span>
    </p>
   </div>
   <div class='ocr_carea' id='block_1_78' title="bbox 1906 3260 2114 3330">
    <p class='ocr_par' dir='ltr' id='par_1_78' title="bbox 1906 3260 2114 3330">
     <span class='ocr_line' id='line_1_82' title="bbox 1906 3260 2114 3330; baseline 0.01 -15"><span class='ocrx_word' id='word_1_608' title='bbox 1906 3274 2026 3330; x_wconf 87' lang='lat' dir='ltr'><strong>cap.</strong></span> <span class='ocrx_word' id='word_1_609' title='bbox 2060 3260 2114 3317; x_wconf 88' lang='grc'><strong>6.</strong></span> 
     </span>
    </p>
   </div>
   <div class='ocr_carea' id='block_1_79' title="bbox 1990 3352 3019 3424">
    <p class='ocr_par' dir='ltr' id='par_1_79' title="bbox 1990 3352 3019 3424">
     <span class='ocr_line' id='line_1_83' title="bbox 1990 3352 3019 3424; baseline 0.006 -18"><span class='ocrx_word' id='word_1_610' title='bbox 1990 3352 2276 3419; x_wconf 82' lang='lat' dir='ltr'><strong>Volumina,</strong></span> <span class='ocrx_word' id='word_1_611' title='bbox 2306 3353 2430 3410; x_wconf 88' lang='lat' dir='ltr'><strong>vide</strong></span> <span class='ocrx_word' id='word_1_612' title='bbox 2455 3369 2615 3424; x_wconf 89' lang='lat' dir='ltr'><strong>supra</strong></span> <span class='ocrx_word' id='word_1_613' title='bbox 2646 3355 3019 3413; x_wconf 87' lang='lat' dir='ltr'><strong>Pollinclores.</strong></span> 
     </span>
    </p>
   </div>
   <div class='ocr_carea' id='block_1_80' title="bbox 1982 3444 3499 3509">
    <p class='ocr_par' dir='ltr' id='par_1_80' title="bbox 1982 3444 3499 3509">
     <span class='ocr_line' id='line_1_84' title="bbox 1982 3444 3499 3509; baseline 0.007 -10"><span class='ocrx_word' id='word_1_614' title='bbox 1982 3444 2194 3500; x_wconf 85' lang='lat' dir='ltr'><strong>llstriua</strong></span> <span class='ocrx_word' id='word_1_615' title='bbox 2221 3461 2250 3499; x_wconf 92' lang='lat' dir='ltr'><strong>a</strong></span> <span class='ocrx_word' id='word_1_616' title='bbox 2290 3444 2453 3503; x_wconf 84' lang='lat' dir='ltr'><strong>Festo</strong></span> <span class='ocrx_word' id='word_1_617' title='bbox 2491 3448 2570 3502; x_wconf 89' lang='lat' dir='ltr'><strong>sic</strong></span> <span class='ocrx_word' id='word_1_618' title='bbox 2607 3447 2970 3505; x_wconf 88' lang='lat' dir='ltr'><strong>describitur:</strong></span> <span class='ocrx_word' id='word_1_619' title='bbox 3007 3468 3025 3501; x_wconf 74' lang='grc' dir='ltr'>ι</span> <span class='ocrx_word' id='word_1_620' title='bbox 3059 3449 3160 3507; x_wconf 88' lang='lat' dir='ltr'><strong>Ubi</strong></span> <span class='ocrx_word' id='word_1_621' title='bbox 3187 3452 3499 3509; x_wconf 88' lang='lat' dir='ltr'><strong>combustus</strong></span> 
     </span>
    </p>
   </div>
   <div class='ocr_carea' id='block_1_81' title="bbox 1906 3537 3500 3608">
    <p class='ocr_par' dir='ltr' id='par_1_81' title="bbox 1906 3537 3500 3608">
     <span class='ocr_line' id='line_1_85' title="bbox 1906 3537 3500 3608; baseline 0.006 -18"><span class='ocrx_word' id='word_1_622' title='bbox 1906 3537 2028 3608; x_wconf 90' lang='lat' dir='ltr'><strong>quis</strong></span> <span class='ocrx_word' id='word_1_623' title='bbox 2055 3537 2447 3601; x_wconf 87' lang='lat' dir='ltr'><strong>tantummodo,</strong></span> <span class='ocrx_word' id='word_1_624' title='bbox 2473 3538 2600 3592; x_wconf 91' lang='lat' dir='ltr'><strong>alibi</strong></span> <span class='ocrx_word' id='word_1_625' title='bbox 2623 3553 2752 3594; x_wconf 90' lang='lat' dir='ltr'><strong>vero</strong></span> <span class='ocrx_word' id='word_1_626' title='bbox 2784 3550 2866 3594; x_wconf 92' lang='lat' dir='ltr'><strong>est</strong></span> <span class='ocrx_word' id='word_1_627' title='bbox 2896 3540 3160 3608; x_wconf 85' lang='lat' dir='ltr'><strong>sepultus,</strong></span> <span class='ocrx_word' id='word_1_628' title='bbox 3190 3542 3234 3596; x_wconf 90' lang='lat' dir='ltr'><strong>is</strong></span> <span class='ocrx_word' id='word_1_629' title='bbox 3261 3542 3411 3599; x_wconf 88' lang='lat' dir='ltr'><strong>locus</strong></span> <span class='ocrx_word' id='word_1_630' title='bbox 3432 3544 3500 3600; x_wconf 89' lang='lat' dir='ltr'><strong>ab</strong></span> 
     </span>
    </p>
   </div>
   <div class='ocr_carea' id='block_1_82' title="bbox 1907 3628 3492 3688">
    <p class='ocr_par' dir='ltr' id='par_1_82' title="bbox 1907 3628 3492 3688">
     <span class='ocr_line' id='line_1_86' title="bbox 1907 3628 3492 3688; baseline 0.001 -2"><span class='ocrx_word' id='word_1_631' title='bbox 1907 3629 2113 3686; x_wconf 86' lang='lat' dir='ltr'><strong>urendo</strong></span> <span class='ocrx_word' id='word_1_632' title='bbox 2142 3628 2348 3683; x_wconf 87' lang='lat' dir='ltr'><strong>ustrina</strong></span> <span class='ocrx_word' id='word_1_633' title='bbox 2378 3639 2618 3686; x_wconf 86' lang='lat' dir='ltr'><strong>vocatur.</strong></span> <span class='ocrx_word' id='word_1_634' title='bbox 2652 3650 2671 3682; x_wconf 77' lang='grc' dir='ltr'><strong><em>ι</em></strong></span> <span class='ocrx_word' id='word_1_635' title='bbox 2697 3630 2781 3685; x_wconf 83' lang='lat' dir='ltr'><strong>Ab</strong></span> <span class='ocrx_word' id='word_1_636' title='bbox 2821 3632 3061 3687; x_wconf 85' lang='lat' dir='ltr'><strong>Arnobio</strong></span> <span class='ocrx_word' id='word_1_637' title='bbox 3100 3639 3278 3686; x_wconf 91' lang='lat' dir='ltr'><strong>autem</strong></span> <span class='ocrx_word' id='word_1_638' title='bbox 3319 3648 3380 3688; x_wconf 87' lang='lat' dir='ltr'><strong>ea</strong></span> <span class='ocrx_word' id='word_1_639' title='bbox 3421 3635 3492 3688; x_wconf 87' lang='lat' dir='ltr'><strong>sl-</strong></span> 
     </span>
    </p>
   </div>
   <div class='ocr_carea' id='block_1_83' title="bbox 1907 3721 3495 3797">
    <p class='ocr_par' dir='ltr' id='par_1_83' title="bbox 1907 3721 3495 3797">
     <span class='ocr_line' id='line_1_87' title="bbox 1907 3721 3495 3797; baseline 0.001 -19"><span class='ocrx_word' id='word_1_640' title='bbox 1907 3723 2251 3795; x_wconf 87' lang='lat' dir='ltr'><strong>gniﬁcatinne</strong></span> <span class='ocrx_word' id='word_1_641' title='bbox 2269 3723 2408 3778; x_wconf 90' lang='lat' dir='ltr'><strong>sumi</strong></span> <span class='ocrx_word' id='word_1_642' title='bbox 2430 3722 2834 3778; x_wconf 81' lang='lat' dir='ltr'><strong>evidentissime</strong></span> <span class='ocrx_word' id='word_1_643' title='bbox 2859 3733 3002 3793; x_wconf 85' lang='lat' dir='ltr'><strong>patet</strong></span> <span class='ocrx_word' id='word_1_644' title='bbox 3024 3721 3264 3797; x_wconf 80' lang='lat' dir='ltr'><strong>(Arnob.,</strong></span> <span class='ocrx_word' id='word_1_645' title='bbox 3285 3723 3374 3779; x_wconf 84' lang='lat' dir='ltr'><strong>lib.</strong></span> <span class='ocrx_word' id='word_1_646' title='bbox 3399 3740 3495 3791; x_wconf 91' lang='lat' dir='ltr'><strong>vtt,</strong></span> 
     </span>
    </p>
   </div>
   <div class='ocr_carea' id='block_1_84' title="bbox 1907 3813 3497 3886">
    <p class='ocr_par' dir='ltr' id='par_1_84' title="bbox 1907 3813 3497 3886">
     <span class='ocr_line' id='line_1_88' title="bbox 1907 3813 3497 3886; baseline 0.001 -17"><span class='ocrx_word' id='word_1_647' title='bbox 1907 3832 1959 3886; x_wconf 91' lang='lat' dir='ltr'><strong>p.</strong></span> <span class='ocrx_word' id='word_1_648' title='bbox 1991 3815 2131 3881; x_wconf 87' lang='lat'><strong>222;</strong></span> <span class='ocrx_word' id='word_1_649' title='bbox 2163 3814 2364 3878; x_wconf 81' lang='lat' dir='ltr'><strong>Festus,</strong></span> <span class='ocrx_word' id='word_1_650' title='bbox 2398 3815 2466 3867; x_wconf 90' lang='lat' dir='ltr'><strong>ad</strong></span> <span class='ocrx_word' id='word_1_651' title='bbox 2491 3814 2626 3868; x_wconf 83' lang='lat' dir='ltr'><strong>verb.</strong></span> <span class='ocrx_word' id='word_1_652' title='bbox 2658 3813 2924 3886; x_wconf 73' lang='lat' dir='ltr'><strong>Busruu);</strong></span> <span class='ocrx_word' id='word_1_653' title='bbox 2958 3814 3390 3886; x_wconf 88' lang='lat' dir='ltr'><strong>quandoquidem</strong></span> <span class='ocrx_word' id='word_1_654' title='bbox 3422 3816 3497 3873; x_wconf 90' lang='lat' dir='ltr'><strong>ibi</strong></span> 
     </span>
    </p>
   </div>
   <div class='ocr_carea' id='block_1_85' title="bbox 1905 3908 3500 3974">
    <p class='ocr_par' dir='ltr' id='par_1_85' title="bbox 1905 3908 3500 3974">
     <span class='ocr_line' id='line_1_89' title="bbox 1905 3908 3500 3974; baseline 0.002 -10"><span class='ocrx_word' id='word_1_655' title='bbox 1905 3909 2092 3965; x_wconf 90' lang='lat' dir='ltr'><strong>scribit</strong></span> <span class='ocrx_word' id='word_1_656' title='bbox 2125 3908 2463 3965; x_wconf 92' lang='lat' dir='ltr'><strong>ethnicorum</strong></span> <span class='ocrx_word' id='word_1_657' title='bbox 2494 3908 2707 3974; x_wconf 90' lang='lat' dir='ltr'><strong>altaria,</strong></span> <span class='ocrx_word' id='word_1_658' title='bbox 2739 3908 2827 3964; x_wconf 91' lang='lat' dir='ltr'><strong>ubi</strong></span> <span class='ocrx_word' id='word_1_659' title='bbox 2860 3910 3109 3964; x_wconf 88' lang='lat' dir='ltr'><strong>animalia</strong></span> <span class='ocrx_word' id='word_1_660' title='bbox 3140 3910 3500 3967; x_wconf 79' lang='lat' dir='ltr'><strong>immolaban—</strong></span> 
     </span>
    </p>
   </div>
   <div class='ocr_carea' id='block_1_86' title="bbox 1906 4000 3497 4072">
    <p class='ocr_par' dir='ltr' id='par_1_86' title="bbox 1906 4000 3497 4072">
     <span class='ocr_line' id='line_1_90' title="bbox 1906 4000 3497 4072; baseline 0.001 -15"><span class='ocrx_word' id='word_1_661' title='bbox 1906 4010 2012 4068; x_wconf 89' lang='lat' dir='ltr'><strong>tur,</strong></span> <span class='ocrx_word' id='word_1_662' title='bbox 2045 4016 2167 4057; x_wconf 87' lang='lat' dir='ltr'><strong>esse</strong></span> <span class='ocrx_word' id='word_1_663' title='bbox 2211 4000 2550 4071; x_wconf 80' lang='lat' dir='ltr'><strong>infelicissimi</strong></span> <span class='ocrx_word' id='word_1_664' title='bbox 2579 4000 2881 4055; x_wconf 87' lang='lat' dir='ltr'><strong>animalium</strong></span> <span class='ocrx_word' id='word_1_665' title='bbox 2906 4002 3106 4072; x_wconf 82' lang='lat' dir='ltr'><strong>generis</strong></span> <span class='ocrx_word' id='word_1_666' title='bbox 3133 4004 3375 4070; x_wconf 86' lang='lat' dir='ltr'><strong>ustrinas,</strong></span> <span class='ocrx_word' id='word_1_667' title='bbox 3404 4018 3497 4058; x_wconf 87' lang='lat' dir='ltr'><strong>ro-</strong></span> 
     </span>
    </p>
   </div>
   <div class='ocr_carea' id='block_1_87' title="bbox 1895 4093 2379 4166">
    <p class='ocr_par' dir='ltr' id='par_1_87' title="bbox 1895 4093 2379 4166">
     <span class='ocr_line' id='line_1_91' title="bbox 1895 4093 2379 4166; baseline -0.006 -17"><span class='ocrx_word' id='word_1_668' title='bbox 1895 4108 1994 4166; x_wconf 85' lang='lat' dir='ltr'><strong>gos</strong></span> <span class='ocrx_word' id='word_1_669' title='bbox 2018 4103 2071 4149; x_wconf 92' lang='lat' dir='ltr'><strong>et</strong></span> <span class='ocrx_word' id='word_1_670' title='bbox 2096 4093 2379 4150; x_wconf 88' lang='lat' dir='ltr'><strong>busticeta.</strong></span> 
     </span>
    </p>
   </div>
   <div class='ocr_carea' id='block_1_88' title="bbox 1964 4185 3493 4252">
    <p class='ocr_par' dir='ltr' id='par_1_88' title="bbox 1964 4185 3493 4252">
     <span class='ocr_line' id='line_1_92' title="bbox 1964 4185 3493 4252; baseline -0.002 -8"><span class='ocrx_word' id='word_1_671' title='bbox 1964 4188 2086 4244; x_wconf 83' lang='lat' dir='ltr'><strong>Alia</strong></span> <span class='ocrx_word' id='word_1_672' title='bbox 2128 4187 2306 4242; x_wconf 87' lang='lat' dir='ltr'><strong>adhuc</strong></span> <span class='ocrx_word' id='word_1_673' title='bbox 2349 4186 2620 4252; x_wconf 90' lang='lat' dir='ltr'><strong>inusitata,</strong></span> <span class='ocrx_word' id='word_1_674' title='bbox 2668 4186 2930 4252; x_wconf 79' lang='lat' dir='ltr'><strong>exsoleta,</strong></span> <span class='ocrx_word' id='word_1_675' title='bbox 2973 4185 3223 4251; x_wconf 86' lang='lat' dir='ltr'><strong>barbara,</strong></span> <span class='ocrx_word' id='word_1_676' title='bbox 3265 4185 3493 4242; x_wconf 90' lang='lat' dir='ltr'><strong>obscura</strong></span> 
     </span>
    </p>
   </div>
   <div class='ocr_carea' id='block_1_89' title="bbox 1892 4278 3489 4349">
    <p class='ocr_par' dir='ltr' id='par_1_89' title="bbox 1892 4278 3489 4349">
     <span class='ocr_line' id='line_1_93' title="bbox 1892 4278 3489 4349; baseline -0.002 -13"><span class='ocrx_word' id='word_1_677' title='bbox 1892 4279 2056 4336; x_wconf 86' lang='lat' dir='ltr'><strong>verba</strong></span> <span class='ocrx_word' id='word_1_678' title='bbox 2100 4280 2153 4335; x_wconf 92' lang='lat' dir='ltr'><strong>in</strong></span> <span class='ocrx_word' id='word_1_679' title='bbox 2209 4279 2353 4335; x_wconf 88' lang='lat' dir='ltr'><strong>illius</strong></span> <span class='ocrx_word' id='word_1_680' title='bbox 2398 4278 2551 4334; x_wconf 90' lang='lat' dir='ltr'><strong>libris</strong></span> <span class='ocrx_word' id='word_1_681' title='bbox 2597 4278 2738 4334; x_wconf 87' lang='lat' dir='ltr'><strong>haud</strong></span> <span class='ocrx_word' id='word_1_682' title='bbox 2784 4278 3148 4349; x_wconf 82' lang='lat' dir='ltr'><strong>infrequenter</strong></span> <span class='ocrx_word' id='word_1_683' title='bbox 3178 4287 3489 4334; x_wconf 86' lang='lat' dir='ltr'><strong>occurrunt.</strong></span> 
     </span>
    </p>
   </div>
   <div class='ocr_carea' id='block_1_90' title="bbox 1811 4369 3485 4464">
    <p class='ocr_par' dir='ltr' id='par_1_90' title="bbox 1811 4369 3485 4464">
     <span class='ocr_line' id='line_1_94' title="bbox 1811 4369 3485 4464; baseline -0.001 -37"><span class='ocrx_word' id='word_1_684' title='bbox 1811 4402 1867 4464; x_wconf 69' lang='grc' dir='ltr'><strong><em>Β</em></strong></span> <span class='ocrx_word' id='word_1_685' title='bbox 1894 4370 1998 4427; x_wconf 88' lang='lat' dir='ltr'><strong>Sed</strong></span> <span class='ocrx_word' id='word_1_686' title='bbox 2020 4386 2084 4428; x_wconf 90' lang='lat' dir='ltr'><strong>ea</strong></span> <span class='ocrx_word' id='word_1_687' title='bbox 2106 4372 2217 4426; x_wconf 87' lang='lat' dir='ltr'><strong>suis</strong></span> <span class='ocrx_word' id='word_1_688' title='bbox 2241 4372 2394 4440; x_wconf 91' lang='lat' dir='ltr'><strong>locis,</strong></span> <span class='ocrx_word' id='word_1_689' title='bbox 2422 4369 2638 4442; x_wconf 90' lang='lat' dir='ltr'><strong>quando</strong></span> <span class='ocrx_word' id='word_1_690' title='bbox 2664 4382 2970 4441; x_wconf 87' lang='lat' dir='ltr'><strong>opportuna</strong></span> <span class='ocrx_word' id='word_1_691' title='bbox 2993 4370 3207 4427; x_wconf 85' lang='lat' dir='ltr'><strong>occasio</strong></span> <span class='ocrx_word' id='word_1_692' title='bbox 3230 4370 3350 4425; x_wconf 87' lang='lat' dir='ltr'><strong>data</strong></span> <span class='ocrx_word' id='word_1_693' title='bbox 3379 4378 3485 4435; x_wconf 87' lang='lat' dir='ltr'><strong>est,</strong></span> 
     </span>
    </p>
   </div>
   <div class='ocr_carea' id='block_1_91' title="bbox 1894 4461 2596 4534">
    <p class='ocr_par' dir='ltr' id='par_1_91' title="bbox 1894 4461 2596 4534">
     <span class='ocr_line' id='line_1_95' title="bbox 1894 4461 2596 4534; baseline -0.001 -17"><span class='ocrx_word' id='word_1_694' title='bbox 1894 4461 2129 4518; x_wconf 89' lang='lat' dir='ltr'><strong>breviter</strong></span> <span class='ocrx_word' id='word_1_695' title='bbox 2165 4463 2596 4534; x_wconf 77' lang='lat' dir='ltr'><strong>explanavimus.</strong></span> 
     </span>
    </p>
   </div>
   <div class='ocr_carea' id='block_1_92' title="bbox 995 4580 1831 4841">
    <p class='ocr_par' dir='ltr' id='par_1_92' title="bbox 1131 4580 1831 4841">
     <span class='ocr_line' id='line_1_96' title="bbox 1131 4580 1831 4841; baseline 0.02 -15"><span class='ocrx_word' id='word_1_696' title='bbox 1131 4611 1831 4841; x_wconf 84' lang='lat' dir='ltr'><strong>ARNOB</strong></span> 
     </span>
    </p>
   </div>
   <div class='ocr_carea' id='block_1_93' title="bbox 1926 4580 2924 4841">
    <p class='ocr_par' dir='ltr' id='par_1_93' title="bbox 1926 4580 2924 4839">
     <span class='ocr_line' id='line_1_97' title="bbox 1926 4580 2924 4839; baseline 0.008 -2"><span class='ocrx_word' id='word_1_697' title='bbox 1926 4580 2924 4839; x_wconf 48' lang='lat' dir='ltr'><strong>TZEETE&quot;</strong></span> 
     </span>
    </p>
   </div>
   <div class='ocr_carea' id='block_1_94' title="bbox 921 4920 2761 5070">
    <p class='ocr_par' dir='ltr' id='par_1_94' title="bbox 921 4920 2761 5070">
     <span class='ocr_line' id='line_1_98' title="bbox 921 4920 2761 5070; baseline 0.008 -23"><span class='ocrx_word' id='word_1_698' title='bbox 921 4920 1765 5066; x_wconf 77' lang='lat' dir='ltr'><strong>DISPUTATIONUM</strong></span> <span class='ocrx_word' id='word_1_699' title='bbox 1812 4941 2331 5070; x_wconf 78' lang='lat' dir='ltr'><strong>ADVERSUS</strong></span> <span class='ocrx_word' id='word_1_700' title='bbox 2377 4936 2761 5068; x_wconf 82' lang='lat' dir='ltr'><strong>GENTES</strong></span> 
     </span>
    </p>
   </div>
   <div class='ocr_carea' id='block_1_95' title="bbox 1384 5152 2231 5243">
    <p class='ocr_par' dir='ltr' id='par_1_95' title="bbox 1384 5152 2231 5243">
     <span class='ocr_line' id='line_1_99' title="bbox 1384 5152 2231 5243; baseline 0.005 -8"><span class='ocrx_word' id='word_1_701' title='bbox 1384 5152 1700 5240; x_wconf 82' lang='lat' dir='ltr'><strong>LIBRI</strong></span> <span class='ocrx_word' id='word_1_702' title='bbox 1738 5157 2231 5243; x_wconf 90' lang='lat' dir='ltr'><strong>SEPTEM.</strong></span> 
     </span>
    </p>
   </div>
   <div class='ocr_carea' id='block_1_96' title="bbox 776 5302 1765 5347">
    <p class='ocr_par' dir='ltr' id='par_1_96' title="bbox 776 5302 1765 5347">
     <span class='ocr_line' id='line_1_100' title="bbox 776 5302 1765 5347; baseline 0.021 -23"><span class='ocrx_word' id='word_1_703' title='bbox 776 5302 1765 5347; x_wconf 57' lang='lat'><strong>-—————-——-—=</strong></span> 
     </span>
    </p>
   </div>
   <div class='ocr_carea' id='block_1_97' title="bbox 1847 5304 2813 5347">
    <p class='ocr_par' dir='ltr' id='par_1_97' title="bbox 1847 5304 2813 5347">
     <span class='ocr_line' id='line_1_101' title="bbox 1847 5304 2813 5347; baseline 0.013 -3"><span class='ocrx_word' id='word_1_704' title='bbox 1847 5304 2813 5347; x_wconf 49' lang='lat' dir='ltr'>M</span> 
     </span>
    </p>
   </div>
   <div class='ocr_carea' id='block_1_98' title="bbox 1781 5301 1836 5344">
    <p class='ocr_par' dir='ltr' id='par_1_98' title="bbox 1781 5301 1836 5344">
     <span class='ocr_line' id='line_1_102' title="bbox 1781 5301 1836 5344; baseline 0.036 -1"><span class='ocrx_word' id='word_1_705' title='bbox 1781 5301 1836 5344; x_wconf 68' lang='grc'>0</span> 
     </span>
    </p>
   </div>
   <div class='ocr_carea' id='block_1_99' title="bbox 1235 5391 2425 5512">
    <p class='ocr_par' dir='ltr' id='par_1_99' title="bbox 1235 5391 2425 5512">
     <span class='ocr_line' id='line_1_103' title="bbox 1235 5391 2425 5512; baseline 0.01 -13"><span class='ocrx_word' id='word_1_706' title='bbox 1235 5391 1717 5500; x_wconf 88' lang='lat' dir='ltr'><strong><em>LIBER</em></strong></span> <span class='ocrx_word' id='word_1_707' title='bbox 1767 5393 2425 5512; x_wconf 79' lang='lat' dir='ltr'><strong>PRIMUS.</strong></span> 
     </span>
    </p>
   </div>
   <div class='ocr_carea' id='block_1_100' title="bbox 1524 5554 2097 5636">
    <p class='ocr_par' dir='ltr' id='par_1_100' title="bbox 1524 5554 2097 5636">
     <span class='ocr_line' id='line_1_104' title="bbox 1524 5554 2097 5636; baseline 0.01 -27"><span class='ocrx_word' id='word_1_708' title='bbox 1524 5554 2097 5636; x_wconf 42' lang='lat' dir='ltr'><strong>INDEX‘CAPITUM.</strong></span> 
     </span>
    </p>
   </div>
   <div class='ocr_carea' id='block_1_101' title="bbox 168 5674 1760 5762">
    <p class='ocr_par' dir='ltr' id='par_1_101' title="bbox 168 5674 1760 5762">
     <span class='ocr_line' id='line_1_105' title="bbox 168 5674 1760 5762; baseline 0.009 -29"><span class='ocrx_word' id='word_1_709' title='bbox 168 5674 449 5747; x_wconf 81' lang='lat' dir='ltr'><strong>Proﬁtetur</strong></span> <span class='ocrx_word' id='word_1_710' title='bbox 485 5679 739 5736; x_wconf 81' lang='lat' dir='ltr'><strong>Arnobius</strong></span> <span class='ocrx_word' id='word_1_711' title='bbox 787 5698 820 5736; x_wconf 91' lang='lat' dir='ltr'><strong>a</strong></span> <span class='ocrx_word' id='word_1_712' title='bbox 862 5698 916 5737; x_wconf 89' lang='lat' dir='ltr'><strong>se</strong></span> <span class='ocrx_word' id='word_1_713' title='bbox 952 5693 1238 5756; x_wconf 88' lang='lat' dir='ltr'><strong>susceptum</strong></span> <span class='ocrx_word' id='word_1_714' title='bbox 1280 5701 1432 5757; x_wconf 87' lang='lat' dir='ltr'><strong>opus,</strong></span> <span class='ocrx_word' id='word_1_715' title='bbox 1470 5696 1526 5742; x_wconf 87' lang='lat' dir='ltr'><strong>ut</strong></span> <span class='ocrx_word' id='word_1_716' title='bbox 1573 5690 1760 5762; x_wconf 65' lang='lat' dir='ltr'><strong>sapius</strong></span> 
     </span>
    </p>
   </div>
   <div class='ocr_carea' id='block_1_102' title="bbox 236 5768 1761 5849">
    <p class='ocr_par' dir='ltr' id='par_1_102' title="bbox 236 5768 1761 5849">
     <span class='ocr_line' id='line_1_106' title="bbox 236 5768 1761 5849; baseline 0.009 -26"><span class='ocrx_word' id='word_1_717' title='bbox 236 5768 543 5827; x_wconf 85' lang='lat' dir='ltr'><strong>inculcatam</strong></span> <span class='ocrx_word' id='word_1_718' title='bbox 612 5772 921 5828; x_wconf 84' lang='lat' dir='ltr'><strong>calumniam</strong></span> <span class='ocrx_word' id='word_1_719' title='bbox 978 5777 1330 5848; x_wconf 84' lang='lat' dir='ltr'><strong>propulsaret,</strong></span> <span class='ocrx_word' id='word_1_720' title='bbox 1390 5794 1494 5849; x_wconf 87' lang='lat' dir='ltr'><strong>qua</strong></span> <span class='ocrx_word' id='word_1_721' title='bbox 1574 5781 1761 5837; x_wconf 86' lang='lat' dir='ltr'><strong>ethnici</strong></span> 
     </span>
    </p>
   </div>
   <div class='ocr_carea' id='block_1_103' title="bbox 604 5866 1009 5928">
    <p class='ocr_par' dir='ltr' id='par_1_103' title="bbox 604 5866 1009 5928">
     <span class='ocr_line' id='line_1_107' title="bbox 604 5866 1009 5928; baseline 0.002 0"><span class='ocrx_word' id='word_1_722' title='bbox 604 5866 883 5928; x_wconf 70' lang='lat' dir='ltr'><strong>PATROL.</strong></span> <span class='ocrx_word' id='word_1_723' title='bbox 931 5867 1009 5928; x_wconf 89' lang='lat' dir='ltr'><strong>V.</strong></span> 
     </span>
    </p>
   </div>
   <div class='ocr_carea' id='block_1_104' title="bbox 1939 5693 3461 5769">
    <p class='ocr_par' dir='ltr' id='par_1_104' title="bbox 1939 5693 3461 5769">
     <span class='ocr_line' id='line_1_108' title="bbox 1939 5693 3461 5769; baseline 0.009 -23"><span class='ocrx_word' id='word_1_724' title='bbox 1939 5701 2147 5763; x_wconf 86' lang='lat' dir='ltr'><strong>propter</strong></span> <span class='ocrx_word' id='word_1_725' title='bbox 2174 5693 2464 5750; x_wconf 87' lang='lat' dir='ltr'><strong>abdicatum</strong></span> <span class='ocrx_word' id='word_1_726' title='bbox 2490 5712 2525 5750; x_wconf 90' lang='lat' dir='ltr'><strong>a</strong></span> <span class='ocrx_word' id='word_1_727' title='bbox 2558 5697 2852 5754; x_wconf 83' lang='lat' dir='ltr'><strong>christianis</strong></span> <span class='ocrx_word' id='word_1_728' title='bbox 2894 5697 3143 5769; x_wconf 77' lang='lat' dir='ltr'><strong>falsorum</strong></span> <span class='ocrx_word' id='word_1_729' title='bbox 3190 5701 3461 5760; x_wconf 86' lang='lat' dir='ltr'><strong>numinum</strong></span> 
     </span>
    </p>
   </div>
   <div class='ocr_carea' id='block_1_105' title="bbox 1938 5785 3461 5859">
    <p class='ocr_par' dir='ltr' id='par_1_105' title="bbox 1938 5785 3461 5859">
     <span class='ocr_line' id='line_1_109' title="bbox 1938 5785 3461 5859; baseline 0.011 -20"><span class='ocrx_word' id='word_1_730' title='bbox 1938 5785 2132 5840; x_wconf 78' lang='lat' dir='ltr'><strong>cultant</strong></span> <span class='ocrx_word' id='word_1_731' title='bbox 2164 5802 2249 5843; x_wconf 87' lang='lat' dir='ltr'><strong>eos</strong></span> <span class='ocrx_word' id='word_1_732' title='bbox 2298 5788 2617 5859; x_wconf 85' lang='lat' dir='ltr'><strong>publicarum</strong></span> <span class='ocrx_word' id='word_1_733' title='bbox 2658 5793 2886 5848; x_wconf 85' lang='lat' dir='ltr'><strong>omnium</strong></span> <span class='ocrx_word' id='word_1_734' title='bbox 2941 5794 3289 5851; x_wconf 87' lang='lat' dir='ltr'><strong>calamitatum</strong></span> <span class='ocrx_word' id='word_1_735' title='bbox 3330 5814 3461 5855; x_wconf 85' lang='lat' dir='ltr'><strong>auc-</strong></span> 
     </span>
    </p>
   </div>
   <div class='ocr_carea' id='block_1_106' title="bbox 2857 5883 2937 5953">
    <p class='ocr_par' dir='ltr' id='par_1_106' title="bbox 2857 5883 2937 5953">
     <span class='ocr_line' id='line_1_110' title="bbox 2857 5883 2937 5953; baseline 0.025 -1"><span class='ocrx_word' id='word_1_736' title='bbox 2857 5883 2937 5953; x_wconf 75' lang='lat'><strong>23</strong></span> 
     </span>
    </p>
   </div>
  </div>
