4020 6280
576 382 684 457 7ι5

1679 412 1685 421 .
1763 370 2038 429 ARNOBH
2079 365 2448 427 onsnsus
2490 366 2764 441 GENTES

3764 367 3879 425 716

648 507 780 550 tores
817 510 922 551 esse
959 492 1092 565 falso
1139 505 1199 545 ac
1229 497 1412 544 temere
1450 488 1823 544 accusabant...
1854 488 1982 558 Cap.
2032 488 2082 554 1,
2112 485 2165 541 2.
2199 490 2254 551 Α
2346 486 2558 541 deorum
2584 503 2852 544 numerum
2873 489 3064 560 referre
3091 493 3298 563 propter
3325 485 3515 542 collata
3537 483 3650 551 sibi,
3686 492 3741 539 ut
3776 502 3878 556 pu-

580 588 916 658 Manifestum
934 586 1102 657 itaque
1117 585 1264 659 facit,
1280 601 1311 636 a
1328 584 1621 639 christiana:
1644 583 1905 654 religionis
1933 580 2163 641 exordio,

651 678 780 733 nihil
805 678 856 730 in
886 692 1056 731 rerum
1081 685 1296 745 natura,
1325 676 1453 731 nihil
1498 675 1551 728 in
1600 675 1809 746 privatis
1854 672 2168 744 publicisque

650 769 912 822 hominum
924 766 1158 838 negotiis,
1173 776 1261 820 aut
1282 776 1533 831 mutatum
1556 775 1644 831 aut
1666 764 1957 821 relaxatum
1984 773 2030 818 et
2057 764 2163 816 dis-

649 858 891 915 solutum.
1869 854 1997 927 Cap.
2021 854 2078 924 Ξ,
2111 855 2163 910 5.

578 948 824 1004 Ethnicos
867 952 1056 1019 refutat
1103 948 1424 1020 objicientes,
1468 949 1727 1019 impietate
1772 949 2169 1011 Christianorum

650 1041 771 1095 deos
815 1040 1062 1112 offensos,
1114 1040 1360 1094 mundum
1391 1041 1677 1113 pestilentia
1704 1040 1923 1111 aliisque
1950 1040 2165 1095 calami-

649 1134 834 1190 tatibus
884 1132 1138 1189 obruere:
1171 1150 1234 1189 ea:
1279 1134 1405 1204 ipsis
1454 1135 1586 1189 enim
1635 1135 1897 1206 gentilium
1943 1133 2169 1189 historiis

646 1236 960 1298 compertum
990 1236 1063 1280 est
1091 1227 1320 1281 homines
1350 1236 1469 1282 ante
1506 1226 1739 1280 auditum
1768 1241 2009 1300 umquam
2032 1225 2167 1281 chri-

644 1321 925 1376 stianorum
954 1334 1134 1372 nomen
1175 1329 1262 1373 aut
1300 1318 1481 1373 iisdem
1527 1327 1616 1373 aut
1658 1318 1811 1371 etiam
1851 1315 2167 1388 gravioribus

644 1412 874 1468 cladibus
904 1413 1060 1485 fuisse
1085 1421 1308 1467 vexatos.
1864 1408 1993 1478 Cap.
2023 1411 2075 1476 5,
2106 1408 2161 1465 4.

573 1507 905 1581 ρεπιοηειναι
947 1526 1145 1581 quoque
1184 1519 1288 1563 tam
1328 1520 1517 1562 certum
1547 1525 1655 1567 esse
1686 1506 1914 1561 crudelia
1943 1504 2076 1559 bella
2105 1505 2167 1561 ab

645 1602 936 1666 Atlanticis,
968 1602 1207 1673 Assyriis,
1238 1600 1548 1667 Bactrianis,
1572 1599 1767 1663 Persis.
1799 1597 2010 1664 Crtecis,
2043 1595 2168 1653 Tro-

635 1693 779 1765 janis
802 1702 846 1747 et
871 1691 1139 1758 Romanis,
1163 1708 1195 1745 a
1225 1690 1385 1755 Nino,
1414 1690 1703 1755 Zoroastre,
1729 1688 1921 1757 Xerxe,
1946 1688 2169 1742 Alexan-

646 1786 741 1839 dro
770 1783 983 1856 Magno,
1014 1785 1227 1856 aliisque
1242 1785 1363 1838 olim
1389 1794 1527 1855 gesta
1548 1784 1722 1853 fuisse,
1737 1799 1891 1853 quam
1909 1789 2163 1846 constare,

645 1875 739 1930 illa
769 1884 879 1946 post
921 1873 1112 1929 Christi
1155 1885 1323 1933 artum
1366 1874 1633 1932 imminuta
1660 1873 1835 1943 fuisse.
1865 1872 1993 1943 Cap.
2023 1872 2076 1943 5,
2105 1872 2159 1926 6.
2191 1870 2239 1930 B
2337 1870 2692 1938 superstitioso
2720 1869 2860 1925 cultu
2885 1868 3247 1928 honorabant?
3293 1922 3300 1929 .

574 1963 923 2034 Inquirit,cur
946 1973 1014 2019 tot
1033 1966 1284 2034 tantisque
1309 1966 1457 2020 malis
1483 1981 1546 2019 ea:
1574 1965 1891 2019 ethnicorum
1916 1965 2162 2019 sententia

644 2055 865 2121 mundus
886 2066 1165 2129 prematur.
1199 2055 1355 2110 Docet
1382 2057 1458 2125 vel
1484 2057 1591 2111 haec
1614 2056 1681 2109 ad
1702 2071 1880 2109 causas
1902 2054 2161 2109 naturales

643 2151 913 2220 referenda
948 2166 1087 2214 esse;
1116 2148 1195 2202 vel
1240 2149 1378 2202 mala
1421 2150 1581 2203 videri
1630 2148 1948 2216 hominibus,
1991 2148 2162 2203 omnia

641 2241 997 2305 commoditate
1042 2256 1135 2297 sua
1180 2240 1527 2308 metientibus,
1557 2255 1668 2309 qua:
1692 2248 1824 2293 certe
1847 2240 1937 2294 toti
1966 2248 2164 2293 natura:

643 2341 689 2388 et
713 2334 903 2401 mundo
932 2332 1081 2387 utilia
1108 2341 1247 2386 sunt.
1843 2329 1971 2399 Cap.
2008 2329 2158 2387 7-12.

575 2425 742 2501 Quam
774 2434 1080 2496 praepostere
1122 2433 1289 2485 autem
1331 2423 1518 2480 ethnici
1562 2423 1700 2477 mala
1730 2422 1900 2477 omnia
1930 2423 1983 2475 in
2008 2418 2161 2475 Chri—

644 2517 837 2571 stianos
865 2515 1098 2570 trecentis
1125 2514 1326 2569 circiter
1354 2513 1541 2568 abhinc
1568 2513 1717 2568 annis
1742 2522 1943 2567 exortes
1980 2513 2160 2582 refun-

645 2611 814 2665 denda
853 2625 960 2664 esse
1002 2608 1343 2675 clamitarent,
1375 2608 1529 2660 variis
1560 2604 1839 2660 rationibus
1868 2605 1989 2659 scite
2012 2622 2159 2658 coar-

642 2711 772 2775 guit.
930 2720 934 2724 ·
1802 2695 1931 2763 Cap.
1964 2695 2156 2751 15-16.

571 2780 863 2851 Αὸδιινάιιηι
909 2809 1024 2848 vero
1069 2793 1209 2846 dictu
1238 2808 1344 2846 esse
1374 2791 1716 2856 demonstrat,
1747 2776 1877 2844 i'ram
1906 2790 2085 2844 cadere
2108 2790 2161 2843 in

644 2889 765 2941 deos
796 2885 1131 2950 immortales,
1162 2882 1456 2954 nullamque
1485 2884 1639 2936 simul
1664 2883 1950 2951 aequitatem
1981 2881 2161 2933 iisdem

642 2982 823 3043 inesse,
857 2980 899 3033 si
930 2977 989 3035 ob
1020 2978 1189 3032 illatas
1218 2977 1313 3032 sibi
1340 2993 1370 3037 a
1397 2975 1701 3029 Christianis
1722 2974 1958 3045 injurias,
1985 2989 2161 3041 earum

641 3087 817 3142 plenas
856 3079 959 3123 tam
986 3069 1049 3123 ab
1075 3069 1200 3138 ipsis
1225 3083 1377 3138 quam
1408 3068 1470 3119 ab
1499 3065 1818 3128 insontibus,
1851 3074 1904 3117 ut
1936 3065 2157 3126 aiebant,

640 3164 852 3219 ethnicis
887 3161 995 3215 ullo
1039 3145 1226 3229 absque
1265 3159 1555 3213 discrimine
1595 3157 1906 3226 repetierint.
1938 3155 2159 3208 Conclu-

2341 578 2548 643 tabant,
2596 580 2842 649 beneﬁcia
2886 596 2905 634 :
2945 591 3139 653 quanto
3185 580 3348 649 magis
3395 578 3630 633 Christus
3674 577 3878 629 honore

2339 669 2511 723 divino
2560 670 2627 724 ab
2669 670 2963 733 hominibus
3010 670 3276 735 habendus
3306 679 3415 736 est,
3451 668 3540 741 qui
3564 667 3671 727 illis
3703 667 3879 727 multa

2339 766 2541 837 majora
2585 774 2634 820 et
2687 765 2895 837 infinita
2946 765 3385 831 abundantissime
3432 762 3689 821 contulit?

3493 852 3871 931 cap.ss,39.

2268 947 2333 1000 At
2373 947 2477 1015 ille,
2529 948 2824 1023 inquiebant
2863 949 3077 1015 ethnici,
3108 947 3277 1011 crucis
3305 946 3537 1018 patibulo
3561 946 3747 1016 afﬁxus
3782 948 3872 999 in-

2337 1039 2491 1104 teriit.
2531 1039 2668 1106 Quid
2696 1040 2856 1099 inde?
2888 1040 3010 1099 Non
3046 1041 3183 1105 enim
3211 1055 3349 1095 mors
3377 1039 3604 1108 Christi,
3627 1040 3759 1093 sicut
3778 1051 3876 1092 nec

2340 1128 2657 1202 Pythagora:
2694 1149 2787 1191 nec
2831 1131 3096 1195 Socratis,
3122 1132 3235 1204 ejus
3276 1133 3527 1186 doctrina:
3553 1132 3875 1203 egregiisque

2340 1225 2493 1299 factis
2534 1224 2701 1287 ullum
2746 1226 2922 1280 attulit
2974 1225 3356 1287 detrimentum.
3392 1224 3531 1291 Quid
3557 1238 3694 1290 vero,
3727 1223 3874 1291 quod

2342 1317 2486 1375 nulla
2515 1319 2693 1381 mortis
2720 1319 2936 1390 infamia
2959 1319 3201 1377 innocens
3229 1319 3403 1384 ltomo,
3433 1316 3873 1388 quemadmodum

2340 1408 2599 1480 Aquilius,
2620 1407 2899 1473 Trebonius
2920 1420 2965 1466 et
2986 1409 3231 1484 Regulus,
3251 1410 3386 1463 inuri
3401 1425 3639 1480 umquam
3665 1408 3875 1479 potest?

2350 1500 2486 1577 Quid
2516 1502 2722 1571 insuper
2754 1503 2994 1559 irrisione
3031 1504 3195 1573 magis
3225 1502 3436 1572 dignum
3467 1504 3563 1559 hac
3588 1517 3872 1571 argumen-

2343 1592 2535 1645 tatione
2565 1593 2829 1662 gentilium
2852 1636 2867 1661 ,
2900 1593 2985 1663 qui
3013 1591 3252 1647 Liberum
3282 1609 3313 1645 a
3341 1590 3612 1647 Titanibus
3637 1592 3874 1662 discerp-

2346 1692 2471 1748 tum,
2501 1682 2866 1757 ﬁsculapium
2896 1686 3111 1761 fulmine
3137 1701 3458 1756 percussum,
3489 1682 3765 1739 Herculem
3791 1683 3875 1737 vi-

2278 1803 2281 1806 ν
2342 1791 2463 1828 vnn:
2514 1776 2832 1829 combustum
2881 1776 3107 1845 aliosque
3160 1786 3322 1830 morte
3370 1776 3589 1829 violenta
3638 1773 3875 1828 sublatos

3492 1866 3623 1940 Cap.
3646 1866 3739 1933 40,
3775 1867 3873 1921 41.

2268 1959 2505 2017 Christus
2525 1979 2681 2034 porro
2708 1979 2741 2017 α
2768 1979 2965 2017 summa
2990 1960 3129 2033 Rege
3150 1961 3218 2014 ad
3239 1977 3330 2016 nos
3352 1961 3536 2015 missus
3559 1959 3873 2023 innumeris,

2339 2068 2455 2125 qua:
2501 2058 2746 2126 patravit,
2779 2054 3041 2109 miraculis
3087 2063 3191 2117 tam
3235 2062 3371 2109 certo
3414 2069 3568 2122 quam
3613 2052 3877 2106 evidenter

2337 2162 2483 2201 verus
2514 2162 2622 2201 esse
2651 2145 2792 2201 Deus
2819 2146 3199 2217 comprobatur.
3226 2144 3418 2202 Christi
3446 2145 3698 2200 miracula
3725 2160 3875 2199 sum-

2337 2238 2515 2293 matim
2561 2239 2814 2309 exposita,
2845 2255 2907 2293 ea:
2933 2239 3113 2308 quibus
3146 2239 3391 2294 divinitas
3418 2240 3529 2310 ejus
3555 2237 3872 2292 adstruitur.

3508 2327 3640 2401 Cap.
3670 2328 3871 2384 42-47.

2265 2423 2444 2495 Neque
2471 2426 2549 2479 his
2590 2426 2784 2495 opponi
2829 2433 3065 2493 poterant
3091 2433 3285 2478 curatae
3323 2425 3387 2478 ab
3416 2424 3733 2478 ethnicorum
3763 2422 3873 2477 diis

2333 2519 2554 2586 inﬁrma:
2600 2518 2964 2571 nonnullorum
3008 2518 3274 2571 hominum
3311 2516 3647 2570 valetudines.
3695 2513 3869 2583 Nam,

2336 2612 2430 2664 hoc
2457 2611 2661 2664 interim
2688 2612 2849 2682 gratis
2876 2611 2997 2664 dato
3017 2652 3033 2677 ,
3064 2620 3256 2664 certum
3278 2621 3373 2675 est,
3404 2626 3435 2664 a
3454 2610 3597 2664 nullo
3619 2626 3872 2680 umquam

2335 2704 2600 2776 gentilium
2622 2703 2746 2768 Deo,
2766 2705 2912 2757 sicuti
2938 2720 2968 2756 a
2990 2702 3213 2770 Christo,
3240 2704 3391 2776 wgris
3419 2704 3724 2766 hominibus,
3750 2702 3874 2756 sola

2334 2799 2563 2852 adhibita
2586 2814 2740 2851 manu
2762 2808 2849 2851 aut
2872 2813 3010 2862 voce,
3034 2797 3287 2851 redditam
3301 2800 3593 2851 sanitatem.
3616 2796 3747 2865 Cap.
3766 2798 3870 2854 48.

2266 2888 2446 2960 Neque
2470 2892 2662 2958 patitur
2689 2899 2867 2942 auctor
2893 2889 2988 2942 sibi
3018 2889 3196 2959 objici,
3238 2905 3387 2958 opem
3416 2904 3448 2941 a
3478 2889 3576 2942 diis
3604 2888 3728 2958 ferri
3758 2905 3875 2943 non

2334 2984 2485 3037 malis
2519 2983 2744 3052 quidem,
2774 2983 2862 3035 sed
2884 2982 3027 3035 bonis
3060 2982 3257 3053 piisque
3285 2981 3597 3034 hominibus.
3625 2977 3874 3035 Christus

2334 3076 2469 3129 enim
2486 3074 2638 3127 malis
2656 3073 2891 3127 omnibus
2913 3074 3176 3142 wqualiter
3197 3088 3258 3124 ac
3280 3072 3424 3125 bonis
3438 3072 3710 3126 succurrit.
3730 3070 3876 3127 Vera

2335 3175 2581 3235 praeterea
2610 3181 2717 3217 esse
2748 3164 2937 3217 Christi
2967 3162 3219 3217 miracula
3240 3164 3458 3216 ostendit
3498 3162 3668 3216 adhuc
3691 3161 3873 3216 Arno-

641 3256 812 3325 ditque
842 3254 933 3306 has
961 3252 1206 3305 ridiculus
1256 3250 1632 3303 criminationes
1673 3250 1785 3302 sola
1830 3252 2152 3316 aruspicum,
2184 3244 2229 3306 C
2330 3256 2443 3313 hius
2487 3272 2550 3309 ea:
2594 3255 2687 3308 illa
2738 3270 2948 3324 prorsus
2987 3253 3206 3307 mirabili
3238 3262 3504 3321 potestate,
3536 3270 3691 3323 quam
3719 3254 3873 3310 dedit

639 3345 917 3400 ariolorum
935 3353 977 3397 et
991 3352 1163 3396 vatum
1183 3341 1397 3394 avaritia
1418 3356 1524 3393 esse
1537 3339 1801 3407 confictas.
1820 3337 1949 3408 Cap.
1968 3337 2158 3392 {7-24.

569 3440 860 3511 Respondet
886 3437 1100 3490 ethnicis
1138 3432 1485 3505 objicientibus
1528 3432 1648 3485 deos
1687 3432 1800 3484 ideo
1841 3431 1893 3483 in
1934 3430 2161 3483 homines

639 3530 845 3592 swvire,
883 3527 1003 3598 quia
1029 3525 1311 3580 Christiani
1353 3539 1538 3577 novum
1581 3523 1776 3576 cultum
1818 3522 1874 3575 in
1910 3530 2162 3574 terrarum

640 3622 811 3676 orbem
857 3619 1169 3673 invexeranl.
1210 3615 1343 3670 Hinc
1374 3616 1583 3681 edocet,
1612 3616 1667 3669 in
1698 3631 1797 3686 quo
1844 3615 2160 3684 potissimum

639 3716 793 3768 totius
816 3709 1124 3765 Christiana:
1169 3709 1432 3780 religionis
1480 3723 1678 3762 summa
1724 3707 1982 3761 consistat.

1675 3799 1803 3869 Cap.
1828 3800 1919 3861 25,
1947 3799 2038 3865 26,
2068 3800 2158 3853 ‘27.

572 3897 778 3954 Exinde
820 3898 987 3968 arguit
1033 3895 1292 3949 meliorem
1322 3910 1428 3948 esse
1465 3891 1876 3949 Christianorum
1915 3909 2159 3961 causam,

642 4004 794 4058 quam
838 4002 1042 4051 eorum,
1072 3986 1159 4053 qui
1194 3985 1328 4052 falsa
1364 3985 1572 4036 numina
1602 3994 1915 4041 reverentur.
1950 3981 2162 4037 Patrem

643 4078 777 4132 enim
806 4076 951 4130 illum
977 4074 1213 4138 adorant,
1242 4089 1275 4126 a
1312 4089 1410 4142 quo
1455 4074 1656 4138 ipsimet
1692 4074 1956 4144 gentilium
1985 4074 2079 4140 dii,
2117 4074 2164 4126 si

645 4169 731 4239 qui
776 4175 926 4233 sunt,
973 4167 1201 4235 accipere
1242 4162 1517 4218 debuerant
1560 4164 1809 4234 quidquid
1852 4164 2072 4219 numinis
2115 4172 2163 4215 et

655 4260 933 4331 majestatis
961 4259 1144 4312 habere
1166 4258 1458 4310 creduntur.
1905 4255 2035 4325 Cap.
2066 4256 2157 4311 28.

496 4366 503 4373 ‘
571 4351 733 4410 Illum
763 4362 933 4405 autem
962 4365 1133 4404 verum
1156 4348 1320 4402 Deum
1346 4364 1517 4400 rerum
1544 4348 1771 4403 omnium
1794 4364 1904 4402 esse
1927 4348 2163 4417 opiﬁcem

647 4461 710 4500 ea:
749 4442 1004 4511 effectibus
1054 4441 1231 4511 probat
1275 4438 1564 4505 Arnobius;
1595 4438 1863 4507 Apolline,
1908 4439 2162 4493 Mercurio

642 4538 859 4607 aliisque
885 4534 1120 4589 omnibus
1154 4532 1347 4602 ﬁctitiis
1375 4531 1666 4587 numinibus
1688 4532 2047 4600 antiquiorem,
2077 4534 2160 4589 in-

647 4631 879 4699 finitum,
924 4627 1246 4698 ingenitum,
1297 4625 1669 4691 immortalem,
1720 4634 1985 4691 aeternum.

1672 4714 1803 4784 Cap,
1825 4714 1917 4781 29,
1951 4714 2038 4781 '50,
2072 4716 2160 4775 51.

574 4811 789 4868 Cuilibet
816 4827 848 4863 a
872 4819 1058 4863 natura
1087 4809 1297 4864 insitum
1314 4826 1433 4889 'esse
1463 4808 1661 4874 asserit,
1681 4818 1733 4860 ut
1762 4807 1895 4860 hunc
1923 4816 2164 4877 agnoscat

647 4917 814 4972 regem
861 4916 1113 4953 summum
1143 4910 1201 4973 ,ει
1245 4901 1469 4965 omnium
1513 4901 1882 4967 moderatorem
1908 4916 1927 4953 :
1953 4899 2071 4968 quin
2117 4906 2163 4955 et

646 4992 893 5046 animalia
919 5001 963 5044 et
992 5007 1117 5044 saxa
1142 4992 1278 5058 ipsa,
1306 4993 1348 5044 si
1383 4995 1513 5059 forte
1537 4993 1881 5062 loqueremur,
1909 4992 1964 5047 id
1988 5001 2165 5061 aperte

650 5085 917 5155 palamque
965 5082 1265 5135 clamarent.
1302 5081 1523 5137 Frustra
1569 5087 1724 5155 igitur
1768 5086 1952 5139 ethnici
1982 5083 2161 5138 Jovem

645 5190 899 5229 sunmmm
932 5173 1093 5227 Deum
1129 5172 1435 5241 prazdicant,
1470 5190 1616 5243 quem
1642 5176 1831 5229 scilicet
1873 5175 2024 5230 solito
2064 5176 2160 5228 ho—

644 5266 905 5319 hominum
947 5280 1086 5317 more
1129 5273 1304 5316 uatum
1347 5274 1609 5326 noverunt,
1640 5282 1755 5319 cuiu
1798 5277 1968 5321 tamen
2015 5284 2158 5321 sum-

645 5374 756 5410 mus
787 5355 925 5410 Deus
952 5355 1204 5426 ingenitus
1234 5355 1296 5408 sit
1326 5363 1474 5422 atque
1510 5364 1747 5423 internus.
1796 5356 1926 5427 Cap.
1970 5358 2154 5419 Statii.

580 5451 815 5506 Occurrit
847 5452 1059 5505 ethnicis
1088 5450 1404 5505 Christianos
1429 5451 1861 5518 insinmlantibus,
1894 5470 1993 5507 non
2024 5454 2159 5523 quod

650 5542 813 5596 Deum
854 5544 1245 5614 onmipotentem
1290 5554 1604 5605 venerentur,
1635 5544 1723 5597 sed
1749 5546 1866 5612 quia
1910 5546 2160 5598 hominem

646 5645 820 5693 natum
852 5645 895 5689 et
924 5636 1103 5706 infami
1134 5636 1296 5691 crucis
1317 5637 1567 5707 supplicio
1612 5636 1967 5708 interemptum
1997 5637 2158 5697 Deum

645 5740 749 5779 esse
771 5725 1094 5779 contendant.
1782 5726 1911 5797 Cap.
1946 5728 2034 5795 56,
2067 5731 2157 5786 57.

579 5812 638 5867 Si
664 5829 799 5880 vero,
830 5814 991 5884 inquit
1018 5816 1290 5884 Arnobius,
1322 5820 1401 5889 fas
1431 5820 1527 5890 fuit
1547 5819 1787 5893 ethnicis,
1828 5820 2073 5890 quosdam
2103 5820 2157 5874 in

2337 3349 2490 3401 etiam
2534 3348 2728 3411 inﬁmae
2755 3346 2913 3415 plebis
2953 3345 3259 3412 hominibus,
3291 3344 3525 3416 qutelibet
3560 3344 3671 3398 solo
3695 3345 3872 3415 ipsius

2339 3441 2543 3494 nomine
2574 3438 2809 3508 prodigia
2839 3438 3041 3492 edendi.
3498 3438 3630 3508 Cap.
3662 3438 3868 3495 «59-52.

2266 3529 2335 3584 Et
2362 3546 2485 3585 sane
2504 3540 2712 3600 quanta:
2741 3529 3110 3601 magnitudinis
3135 3538 3180 3583 et
3208 3529 3470 3598 potestatis
3492 3530 3559 3583 sit
3583 3530 3692 3600 ipse
3710 3530 3873 3585 Chri-

2336 3632 2465 3685 stus,
2498 3620 2726 3674 sublimis
2765 3630 2813 3674 et
2852 3621 2914 3673 ab
2940 3621 3119 3674 intima
3144 3621 3317 3673 radice
3353 3618 3506 3682 Deus,
3537 3622 3734 3674 tametsi
3763 3622 3866 3677 ho-

2338 3711 2557 3766 minibus
2573 3712 2697 3764 olim
2726 3712 3037 3781 incognitus,
3063 3712 3143 3766 vel
3163 3711 3286 3766 solis
3301 3726 3433 3782 quae,
3455 3712 3566 3782 ipso
3590 3713 3867 3783 moriente,

2338 3808 2477 3875 facta
2505 3812 2624 3858 sunt
2646 3803 2907 3857 miraculis
2930 3803 3304 3859 euidentissime
3328 3803 3735 3858 demonstratam
3763 3814 3865 3861 est.

3601 3897 3730 3971 Cap.
3761 3903 3863 3958 55.

2264 3989 2453 4045 Christi
2480 3992 2843 4047 miraculorum
2862 3994 3043 4047 veritas
3072 3993 3395 4065 comprobata
3425 3993 3645 4060 primum
3666 4008 3730 4046 ex
3753 4002 3865 4048 tes-

2338 4085 2470 4138 tibus
2488 4084 2920 4155 locupletissimis,
2950 4084 3139 4140 Christi
3170 4086 3456 4155 discipulis,
3492 4085 3580 4155 qui
3603 4096 3740 4139 certo
3764 4100 3863 4139 ca-

2341 4177 2458 4243 pitis
2488 4179 2711 4242 periculo
2742 4194 2802 4231 ea
2822 4178 3145 4250 publicarunt
3173 4189 3219 4233 et
3254 4178 3469 4248 posteris
3487 4177 3815 4230 tradiderunt
3844 4194 3865 4233 .'

2338 4267 2521 4321 deinde
2547 4284 2663 4321 vero
2684 4285 2746 4323 ea:
2762 4286 2842 4335 eo,
2863 4270 2997 4339 quod
3024 4268 3317 4323 Christiana
3346 4268 3525 4339 religio
3555 4268 3617 4321 iis
3633 4267 3867 4323 stabilita

2337 4367 2384 4411 et
2423 4359 2759 4445 conﬁrmata,
2794 4359 3084 4414 brevissimo
3119 4370 3342 4430 tempore
3373 4360 3427 4413 in
3468 4367 3571 4412 toto
3604 4368 3863 4414 terrarum

2337 4449 2456 4504 orbe
2483 4460 2714 4521 suscepta
2732 4460 2825 4505 est.
3196 4488 3199 4493 η
3478 4450 3608 4521 Cap.
3639 4453 3730 4517 5i,
3760 4452 3858 4507 55.

2266 4540 2448 4613 Neque
2484 4543 2687 4596 danaum
2719 4560 2779 4596 ea
2805 4541 3067 4598 'miracula
3100 4560 3132 4597 α
3171 4544 3504 4613 scriptoribus
3540 4545 3729 4599 nostris
3769 4555 3864 4598 aut

2190 4630 2243 4699 Π
2340 4636 2529 4713 seripta
2566 4634 2876 4697 mendaciter
2921 4643 3011 4689 aut
3054 4636 3266 4689 nimium
3318 4646 3627 4706 exaggerata
3675 4636 3862 4706 probat

2342 4728 2613 4793 Arnobius.
2647 4728 2782 4801 Quin
2810 4728 2963 4785 etiam
2988 4737 3091 4781 tam
3119 4744 3234 4781 vera
3262 4738 3398 4792 sunt,
3443 4743 3557 4795 qua:
3586 4727 3775 4781 nostris
3804 4727 3860 4781 in

2338 4822 2506 4877 Librts
2559 4825 2620 4876 de
2662 4823 2863 4877 Christo
2910 4826 3103 4891 scripta
3142 4822 3310 4891 fuere,
3360 4838 3513 4893 quam
3555 4822 3711 4893 falsa,
3744 4836 3862 4890 qua:

2340 4914 2555 4986 gentiles
2584 4913 2647 4979 de
2669 4915 2769 4979 diis
2795 4914 2902 4979 suis
2926 4914 3269 4977 tradiderunt.
3490 4910 3615 4981 Cap.
3645 4909 3738 4975 56,
3759 4910 3856 4965 57.

2267 5007 2513 5061 Retundit
2547 5005 2795 5058 Arnobius
2824 5006 3049 5059 ethnicos
3091 5012 3347 5072 urgentes,
3382 5001 3499 5056 hinc
3544 5003 3737 5071 scripta
3762 5018 3858 5055 sua

2336 5114 2443 5155 esse
2464 5098 2752 5165 antiquiora
2771 5095 3120 5164 atqueidcirco
3140 5094 3356 5159 veriora,
3380 5094 3525 5148 illinc
3546 5110 3660 5148 vero
3682 5104 3858 5148 nostra

2348 5190 2507 5259 fuisse
2528 5190 2590 5240 ab
2619 5187 2833 5240 indoctis
2860 5185 3148 5238 hominibus
3176 5201 3403 5239 sermone
3430 5185 3548 5238 rudi
3573 5195 3721 5256 atque
3752 5186 3854 5238 im-

2336 5281 2497 5350 polita
2520 5289 2750 5333 exarata.
3471 5275 3599 5345 Cap.
3635 5275 3730 5339 58,
3759 5274 3851 5331 59.

2264 5372 2532 5437 Satisfacit
2557 5380 2733 5433 auctor
2754 5368 2984 5435 ethnicis,
3018 5370 3101 5435 qui
3132 5386 3161 5422 a
3188 5369 3488 5423 Christianis
3507 5367 3851 5439 postulabant,

2334 5480 2424 5516 cur
2446 5461 2697 5525 Christus,
2727 5462 2770 5513 si
2802 5459 2938 5513 Dens
2979 5461 3066 5527 sit,
3111 5461 3387 5514 humanam
3430 5459 3651 5530 formam
3688 5460 3854 5513 induit

2334 5563 2379 5605 et
2408 5567 2545 5604 more
2569 5551 2792 5604 humano
2819 5560 2889 5603 est
2912 5551 3262 5619 interemptus.
3358 5548 3487 5618 Cap.
3513 5550 3598 5614 60,
3636 5550 3726 5615 61,
3759 5549 3851 5603 62.

2264 5641 2559 5710 Respondet
2580 5643 2756 5701 iisdem
2774 5642 3156 5710 reponentibus,
3184 5641 3478 5701 incredibile
3504 5657 3714 5712 prorsus
3744 5656 3853 5697 esse

2334 5732 2589 5795 Christum
2622 5732 2784 5791 Deum
2812 5742 2858 5795 et
2882 5733 3135 5791 hominem
3162 5733 3386 5797 hutnana
3433 5742 3631 5787 tantum
3666 5741 3851 5789 natura

2332 5823 2495 5877 visum
2516 5838 2575 5877 ac
2594 5823 2818 5896 patibulo
2837 5824 3069 5893 adﬁxum
3090 5824 3245 5891 vitam
3264 5823 3487 5903 (iniisse:
3509 5821 3845 5893 ostenditque,
