4020 6284
577 329 680 386 719

1740 316 2015 374 ARNOBII
2053 314 2418 374 ADVERSUS
2456 313 2724 372 GENTES

3765 311 3874 367 7ὶο

577 449 862 512 postquam
892 450 1011 494 esse
1036 436 1088 492 in
1119 434 1316 492 mundo
1344 432 1634 490 christiana
1663 444 1794 502 gens
1831 433 2028 500 etrapit,
2063 440 2171 487 ter-
2200 434 2246 491 A
2277 428 2681 485 contentionum
2725 421 2949 491 studiis,
2987 421 3183 495 quibus
3208 419 3502 478 'obscurari
3542 426 3599 476 et
3650 422 3874 491 contegi

581 548 760 588 rarum
793 530 977 585 orbem
1009 528 1252 597 periisse,
1289 522 1709 580 multiformibus
1739 523 1893 577 malis
1923 521 2170 577 allectum

579 638 701 679 esse
728 637 898 693 genus
924 619 1259 684 humanum;
1295 619 1442 688 ipsos
1471 616 1632 671 etiam
1671 615 1909 678 caelites,
1944 614 2174 669 derelic-

582 717 650 770 tis
678 715 825 769 curis
872 712 1238 779 solemnibus,
1282 710 1474 781 quibus
1503 707 1774 779 quondam
1803 707 2050 762 solebant
2091 708 2174 762 ἰη-

581 808 756 863 visere
782 821 869 862 res
914 817 1147 873 nostras,
1183 817 1445 860 terrarum
1487 803 1556 858 ah
1581 803 1888 872 regionibus
1914 803 2171 858 exterrui-

582 912 739 956 natos
771 917 785 954 :
824 901 986 955 statui
1018 914 1113 970 pro
1142 911 1299 970 captu
1326 941 1341 966 ,
1385 912 1449 952 ac
1491 896 1862 951 mediocritate
1907 896 2175 952 sermonis

581 992 854 1048 contraire
883 989 1117 1055 invidiae,
1169 999 1225 1044 et
1264 987 1626 1044 calumniosas
1657 985 1958 1041 dissolvere
1989 986 2175 1042 crimi-

585 1085 832 1140 nationes
855 1125 870 1150 ,
901 1098 969 1138 ne
999 1091 1091 1137 aut
1122 1082 1198 1136 illi
1238 1081 1339 1136 sibi
1373 1080 1660 1135 videantur
1681 1121 1694 1144 ,
1731 1079 2003 1148 p0pularia
2049 1078 2176 1134 dum

577 1175 737 1230 verba
766 1174 1112 1243 depromunt,
1145 1188 1395 1242 magnum
1419 1170 1617 1240 aliquid
1641 1169 1819 1225 dicere
1839 1188 1852 1236 ;
1872 1179 1980 1236 aut,
2011 1170 2055 1224 si
2079 1185 2178 1226 nos

583 1268 774 1324 talibus
791 1265 1217 1321 continuerimus
1239 1263 1470 1318 alitibus
1488 1272 1537 1329 α,
1559 1262 1858 1317 obtinuisse
1881 1276 1940 1316 se
1959 1277 2176 1316 causam

583 1370 808 1430 putent,
838 1361 1034 1415 victam
1079 1358 1161 1412 sui
1209 1357 1379 1422 vitio,
1432 1371 1538 1409 non
1590 1363 1919 1410 assertorum
1963 1355 2178 1411 silentio

582 1453 912 1509 destitutam.
936 1452 1117 1522 Neque
1139 1450 1284 1506 enim
1312 1449 1619 1519 negaverim
1648 1448 2032 1503 validissimam
2058 1465 2179 1505 esse

586 1546 982 1602 accusationem
1031 1545 1212 1609 istam,
1261 1543 1653 1612 hostilibusque
1700 1541 1998 1613 condiguos
2040 1543 2178 1599 odiis

583 1655 683 1694 nos
709 1654 850 1706 esse,
870 1639 913 1693 si
941 1637 1081 1709 apud
1101 1651 1199 1692 nos
1216 1650 1337 1692 esse
1353 1635 1658 1690 constiterit
1673 1649 1889 1701 causas,
1912 1652 2008 1706 per
2047 1652 2180 1708 quas

586 1732 698 1786 suis
739 1731 971 1785 mundus
1001 1729 1271 1784 aberravit
1298 1727 1365 1782 ab
1414 1726 1640 1796 legibus,
1671 1728 2011 1782 exterminati
2055 1737 2184 1784 sunt

2274 519 2659 590 contemplatio
2689 532 2868 572 rerum
2897 514 3072 582 solet,
3105 531 3173 570 an
3203 515 3271 569 sit
3317 513 3458 568 istud
3497 512 3640 584 quod
3670 513 3877 568 dicitur

2273 629 2459 669 verum
2486 652 2500 674 ,
2553 617 2951 665 momentorum
3002 607 3206 678 parium
3236 606 3631 661 examinatione
3663 605 3874 674 penda-

2276 720 2414 761 mus.
2449 703 2724 758 Efﬁcietur
2768 701 2910 756 enim
2953 701 3196 772 profecto
3234 699 3501 754 rationum
3530 713 3879 770 consequen-

2277 798 2405 851 tium
2434 797 2708 866 copulato,
2740 804 2795 847 ut
2827 807 2935 848 non
2963 792 3112 862 impii
3141 806 3239 846 nos
3266 793 3434 862 magis
3459 788 3510 857 ι),
3537 789 3630 845 sed
3663 791 3740 845 illi
3770 790 3876 862 ipsi

2275 891 2612 959 reperiantur
2640 887 2881 942 criminis
2907 887 3062 940 istius
3088 886 3198 951 rei,
3232 886 3321 955 qui
3347 900 3406 940 se
3438 883 3712 939 numinum
3743 900 3876 953 pro-

2278 985 2498 1040 litentur
2523 998 2644 1039 esse
2667 982 2926 1041 cultores,
2955 990 3118 1048 atque
3160 978 3473 1033 inveteratis
3523 977 3879 1048 religionibus

2277 1077 2507 1132 deditos.
2543 1077 2620 1131 Ac
2663 1075 2894 1145 primum
2922 1073 2991 1129 ab
3019 1072 3102 1127 his
3143 1072 3271 1126 illud
3304 1071 3552 1125 familiari
3583 1081 3636 1126 et
3667 1071 3878 1140 placida

2278 1169 2521 1223 oratione
2555 1165 2910 1236 perquirimus
2939 1181 2951 1217 :
2986 1173 3266 1234 postquam
3297 1178 3417 1217 esse
3449 1178 3644 1216 nomen
3676 1163 3726 1215 in
3759 1173 3878 1217 ter-

2277 1261 2352 1314 ris
2383 1259 2688 1314 christianze
2719 1258 2994 1328 religionis
3039 1256 3304 1325 occaepit,
3343 1255 3601 1325 quidnam
3630 1254 3881 1309 invisita-

2280 1361 2412 1416 tum,
2440 1351 2564 1422 quid
2591 1350 2941 1420 incognitum,
2965 1347 3090 1418 quid
3117 1355 3302 1401 contra
3334 1345 3480 1416 leges
3505 1345 3882 1416 principaliter

2280 1445 2570 1510 institutas,
2601 1455 2692 1498 aut
2720 1443 2890 1498 sensit
2916 1450 3008 1496 aut
3037 1455 3188 1511 passa
3232 1449 3316 1494 est
3355 1454 3535 1494 rerum
3581 1438 3697 1508 ipsa
3750 1455 3876 1509 quae

2280 1539 2475 1594 dicitur
2504 1537 2918 1607 appellaturque
2946 1547 3136 1589 natura
3159 1533 3180 1586 ?
3203 1531 3471 1603 Numquid
3496 1533 3547 1586 in
3574 1533 3886 1589 contrarias

2281 1629 2570 1700 qualitates
2593 1629 2760 1697 prima
2789 1627 2876 1681 illa
2898 1626 3164 1681 elementa
3185 1631 3386 1679 mutata
3418 1633 3563 1689 sunt,
3591 1639 3655 1678 ex
3680 1624 3884 1694 quibus

2282 1740 2376 1780 res
2401 1737 2592 1779 omnes
2618 1736 2944 1778 consensum
2976 1729 3060 1776 est
3094 1734 3214 1774 esse
3258 1717 3580 1773 concretas?
3611 1716 3891 1788 Numquid

584 1824 658 1879 dii
688 1824 876 1895 longe,
921 1823 1168 1878 examina
1215 1831 1358 1875 tanta
1405 1835 1701 1876 moerorum
1735 1821 2042 1876 mortalium
2074 1821 2174 1876 im-
2207 1832 2256 1893 Β
2285 1819 2546 1875 machina:
2585 1817 2763 1885 hujus,
2805 1826 2859 1871 et
2898 1812 3057 1870 molis
3082 1855 3096 1877 ,
3137 1828 3243 1883 qua
3271 1813 3506 1867 universi
3550 1812 3801 1882 tegimur,
3832 1821 3895 1868 et

584 1925 799 1987 portata
836 1926 962 1971 sunt
990 1915 1224 1972 szeculis.

659 2008 724 2063 ll.
766 2008 1113 2077 Inspiciamus
1139 2007 1301 2077 igitur
1327 2006 1599 2076 opinionis
1640 2007 1794 2061 istius
1823 2015 2088 2075 mentem,
2123 2019 2179 2065 et

586 2101 691 2158 hoc
731 2100 875 2172 quod
900 2100 1117 2166 dicitur,
1165 2100 1324 2170 quale
1355 2099 1462 2154 sit:
1512 2099 1902 2170 summotisque
1927 2100 2178 2157 omnibus

2284 1912 2626 1967 continemur
2653 1908 2885 1971 inclusi,
2919 1914 3073 1977 parte
3100 1915 3183 1960 est
3211 1906 3262 1960 in
3291 1905 3468 1974 aliqua
3500 1905 3762 1972 relaxata,
3792 1913 3894 1960 aut

2286 2007 2548 2061 dissuluta
2580 2001 2913 2058 constructio
2937 2000 2960 2052 ?
2989 1998 3258 2069 Numquid
3283 1999 3489 2070 vertigo
3531 1997 3647 2053 haec
3672 1995 3892 2065 mundi,

2287 2096 2590 2171 primigenii
2639 2105 2817 2152 motus
2862 2092 3188 2149 moderaren
3216 2090 3509 2157 excedens,
3551 2101 3644 2147 aut
3682 2089 3895 2147 tardius

1827 2239 2209 2300 LECTIONES
2237 2234 2658 2298 VARIANTES.

647 2381 672 2411 ⁸
708 2379 784 2432 Ab
807 2378 974 2430 litibus
1005 2380 1100 2429 Ms.

2343 2371 2374 2413 ιδ
2408 2373 2550 2437 Ιωρὶἱ
2571 2372 2748 2436 magis.
2773 2384 2862 2422 nos
2883 2371 3020 2423 Fulv.

1946 2484 2509 2546 COMMENTARIUS.

657 2618 940 2689 Postquam
967 2631 1073 2670 esse
1100 2616 1154 2690 in
1177 2614 1369 2690 mundo
1397 2615 1678 2690 christiana
1705 2633 1826 2687 gens
1863 2619 2012 2690 coepit
2029 2662 2044 2686 ,
2076 2630 2178 2675 ter-

581 2707 757 2745 rarum
799 2686 973 2743 orbem
1021 2686 1250 2756 periisse.
1303 2686 1378 2739 Ita
1427 2686 1770 2743 ascribebant
1823 2705 1888 2744 eo
1938 2686 2181 2755 tempore

583 2776 774 2816 causas
801 2758 1064 2813 malorum
1094 2757 1334 2811 omnium
1361 2757 1688 2822 christianis,
1716 2768 1772 2814 et
1800 2760 1931 2815 deos
1961 2763 2182 2817 aiebant

582 2833 996 2887 christianorum
1052 2828 1323 2895 impietate
1370 2839 1719 2898 exasperatos
1778 2832 1915 2885 mala
1963 2836 2178 2897 omnia,

581 2915 931 2972 qumcumque
943 2901 1232 2972 humanum
1255 2914 1425 2968 genus
1443 2901 1725 2972 urgebant,
1745 2904 1999 2957 excitare.
2020 2904 2177 2958 Cnnf.

585 2970 901 3026 'I‘ertullian.
960 2970 1269 3038 Apologet.,
1302 2985 1419 3039 cap.
1453 2971 1558 3036 40;
1602 2973 1911 3040 Augustiu.,
1955 2974 2022 3028 de
2061 2973 2176 3029 Civ.

584 3044 699 3106 Dei,
730 3043 825 3097 lib.
853 3057 914 3104 tt,
944 3057 1063 3109 cap.
1091 3041 1128 3094 ‘2
1150 3051 1202 3095 et
1232 3041 1298 3103 ὃς
1328 3041 1628 3111 Cyprianus
1653 3043 1718 3095 ad
1755 3043 2174 3110 Demetrianum,

2283 2622 2531 2677 Lactant.
2577 2619 2711 2675 Inst.
2759 2615 2856 2671 lib.
2901 2631 2974 2677 vt,
3007 2628 3129 2684 cap.
3158 2613 3247 2679 l9,
3279 2629 3400 2686 pag.
3433 2614 3541 2673 8i0
3569 2632 3721 2687 seq.;
3752 2616 3892 2676 Adr.

2283 2693 2542 2748 Behotius
2564 2692 2615 2744 iu
2647 2687 3010 2756 ApOphoretis
3035 2687 3124 2741 lib.
3156 2702 3193 2752 ι,
3219 2701 3339 2756 cap.
3368 2687 3419 2751 9,
3459 2689 3603 2755 conj.
3647 2693 3896 2744 extermi-

2283 2765 2418 2817 natis
2437 2762 2650 2817 summis
2663 2769 2708 2813 et
2724 2760 2820 2812 diis
2843 2758 3290 2827 longe,ea:amina,
3314 2767 3418 2813 etc.
3445 2760 3549 2815 Sed
3567 2761 3702 2816 bene
3726 2760 3897 2818 habet

2287 2833 2507 2889 Codicis
2540 2833 2722 2887 lcetio.
2754 2829 2960 2884 ORELL.

2356 2905 2649 2973 lmportatu
2672 2911 2785 2955 sunt
2812 2899 3035 2954 su'culis.
3059 2898 3198 2973 _Vide
3229 2899 3386 2973 infra,
3419 2915 3538 2970 cap.
3561 2902 3613 2958 5.
3651 2901 3725 2956 Ita
3749 2902 3895 2959 Lac-

2286 2969 2486 3030 lautius
2513 2977 2563 3028 in
2595 2973 2862 3043 Epitome.
2894 2987 3014 3038 cap.
3043 2969 3136 3039 46,
3165 2971 3193 3041 §
3223 2969 3295 3043 8A:
3330 2969 3437 3043 Pro
3462 2969 3556 3025 hoc
3597 2976 3896 3043 importavil

2281 3047 2388 3100 illis
2419 3045 2554 3100 Deus
2585 3041 2744 3108 mala,
2777 3041 2865 3095 uhi
2893 3043 3091 3094 multus
3121 3052 3205 3095 est
3241 3041 3308 3095 de
3351 3041 3453 3095 hoc
3495 3041 3678 3099 verba
3705 3045 3893 3102 Bttne—

581 3123 687 3184 etc.
731 3113 918 3166 Postea
944 3127 1105 3184 quum
1137 3111 1451 3184 principum
1488 3112 1904 3166 Christianorum
1952 3116 2176 3182 imperio
2203 3117 2248 3178 C
2283 3133 2531 3183 manum,
2565 3131 2684 3184 pag.
2721 3113 2881 3168 128.5.
2913 3111 3213 3184 Illortaliunt
3239 3112 3430 3184 alecula
3451 3183 3457 3184 ί
3481 3113 3609 3168 nihil
3640 3115 3785 3170 aliud
3817 3119 3897 3172 si-

583 3183 848 3239 itlolnrutn
877 3183 1074 3252 templa
1103 3181 1501 3243 clauderentur.
1536 3192 1590 3236 et
1627 3185 1841 3251 gentilis
1866 3181 2178 3252 superstitio

581 3255 979 3324 prohiberetur,
1005 3252 1143 3324 huic
1163 3253 1326 3324 etiam
1356 3267 1533 3324 causa:
1577 3254 1713 3306 mala
1765 3255 1943 3308 smculi
1977 3258 2182 3310 tribue-

583 3320 734 3392 baut,
765 3333 820 3380 et
847 3322 970 3378 inde
993 3320 1185 3377 Orosio
1211 3321 1569 3392 dataoccasio
1596 3323 1897 3377 scribenda:
1918 3325 2178 3381 historize.

1303 3390 1546 3447 HERALD.
1573 3404 1626 3445 et
1659 3395 1900 3449 Emesa.

657 3465 855 3530 Quibus
892 3463 1150 3528 quondam
1175 3461 1402 3514 solebant
1446 3464 1661 3516 invisere
1691 3481 1769 3518 res
1801 3474 2021 3520 nostras.
2055 3466 2183 3521 Per-

581 3536 798 3602 vulgata
827 3534 1008 3601 opinio
1040 3532 1179 3604 apud
1208 3541 1435 3604 veteres.
1473 3532 1602 3587 Vide
1629 3535 1823 3588 Catulli
1856 3536 2180 3604 Epithalam.

585 3622 637 3659 v.
669 3600 803 3674 582,
826 3600 1013 3671 seqq;
1043 3601 1200 3657 Ovid.
1227 3600 1443 3656 Metam.
1470 3619 1507 3666 ι,
1535 3604 1801 3661 145-150.
1837 3600 1982 3661 Fast.
2003 3623 2042 3674 ι,
2079 3609 2182 3662 247

587 3691 742 3742 seqq.
770 3672 974 3727 Οιιειι..

658 3744 1138 3818 Populariauerba.
1170 3743 1282 3797 Hoc
1304 3754 1385 3798 est
1406 3760 1688 3818 sermones
1717 3756 1865 3802 ortos
1905 3763 1970 3802 ex
2010 3748 2183 3818 impe-

584 3814 707 3888 ritia
734 3814 998 3888 populari,
1018 3816 1312 3888 qualesque
1330 3826 1574 3885 repetere
1600 3817 2025 3888 indignissimum
2056 3814 2185 3874 luis-

584 3895 670 3960 set
690 3885 1001 3960 hominibus
1017 3885 1256 3960 doctrina
1277 3888 1525 3960 excultis.
1545 3885 1807 3944 Similiicr
1832 3892 2180 3960 AuguStinus,

584 3956 653 4010 de
681 3953 840 4008 Civit.
873 3955 986 4018 Dei,
1020 3956 1112 4008 lib.
1145 3971 1204 4015 ll,
1234 3970 1352 4023 cap.
1385 3958 1440 4011 ὃς
1470 3956 1724 4013 Memento
1754 3953 1944 4023 autem:
1980 3978 2060 4015 me
2085 3953 2184 4015 ista

589 4025 1262 4100 commemorantemadnue
1290 4036 1466 4079 contra
1486 4029 1753 4098 imperitos
1782 4048 1951 4100 agere,
1970 4047 2035 4085 ea:
2056 4049 2183 4100 quo-

584 4111 698 4168 rum
744 4095 996 4168 imperitia
1022 4093 1174 4168 illud
1217 4093 1604 4168 quoquerortum
1631 4110 1706 4153 est
1737 4093 1947 4168 vulgare
1973 4093 2182 4167 praeer-

589 4166 763 4219 bium:
787 4165 969 4218 Pluvia
997 4165 1180 4232 defecit
1203 4181 1357 4218 causa
1384 4167 1651 4221 christiani
1673 4165 1911 4224 nominis.
1938 4165 2182 4227 Heaut).

662 4235 947 4307 Hastilibus
973 4236 1254 4307 condignas
1281 4252 1372 4307 nos
1399 4237 1530 4289 odiis
1559 4255 1682 4292 esse.
1716 4239 2008 4296 Christiani
2040 4243 2182 4296 enim

588 4306 790 4376 publici
830 4307 1013 4360 hostes
1053 4315 1107 4360 et
1135 4306 1596 4361 existimabantur
1644 4321 1700 4365 et
1749 4314 2179 4378 appellabantur.

1765 4381 2007 4436 "ERALD.

666 4445 1004 4500 Externtinati
1033 4455 1151 4500 sunt
1174 4447 1246 4500 dii
1278 4447 1448 4518 longe,
1476 4450 1713 4503 examina
1740 4461 1882 4503 tanta
1912 4468 2186 4507 umerorum

591 4518 896 4588 mortalium
928 4518 1203 4588 importata
1255 4530 1374 4572 sunt
1420 4521 1643 4574 saeculis.
1697 4520 1844 4575 Hauc
1897 4522 2183 4578 lcetionem

590 4589 825 4642 restituit
879 4587 1218 4642 Stewechius
1267 4604 1298 4642 e
1345 4589 1476 4644 Cod.
1531 4603 1692 4646 tusto.
1751 4592 1929 4646 Editio
1985 4593 2182 4649 Rom.:

592 4657 933 4731 Easterminati
978 4675 1179 4731 auritus,
1222 4659 1344 4711 dum
1391 4663 1569 4731 longe,
1606 4673 1736 4722 οπο..
1763 4663 1904 4731 quod
1935 4663 2188 4721 Gelenius

593 4727 980 4802 depravaverat
1009 4730 1112 4783 hoc
1139 4731 1302 4784 modo
1332 4747 1344 4783 :
1381 4727 1997 4799 Exterminandi'sumus,
2025 4736 2069 4787 si
2098 4751 2189 4802 per

594 4814 688 4870 nos
707 4800 981 4870 examina,
1011 4807 1138 4863 ctc.,
1181 4811 1439 4870 sequente
1471 4802 1890 4859 Elmenhorstio.
1923 4800 2188 4862 Meursius

595 4867 650 4943 in
697 4866 896 4943 Critico
929 4866 1281 4943 _Arnobiano',
1313 4887 1431 4941 pag.
1467 4875 1515 4939 Ι,
1557 4875 1841 4943 legendum
1875 4880 2185 4932 existimat:

597 4934 940 5012 Exterminati
965 4938 1124 5012 simus
1151 4934 1328 5010 longe;
1353 4934 1474 4995 dum
1502 4934 1757 5012 examina,
1783 4957 1915 5010 etc.,
1949 4949 2188 5001 extermi-

598 5007 704 5060 nati
740 5008 898 5059 simus
937 5008 1211 5074 explicans
1238 5007 1646 5070 exterminemur.
1691 5007 1758 5070 At
1793 5019 1837 5071 si
1863 5007 1981 5072 aliis
2010 5019 2188 5072 verbis

596 5078 1136 5152 repetereuvoloiss‘et
1166 5079 1435 5152 Arnobius
1467 5085 1516 5137 id
1561 5087 1700 5152 quod
1731 5088 1940 5142 dixerat
1982 5088 2034 5142 in
2086 5105 2184 5142 an-

598 5147 968 5224 tecedentibus
1007 5147 1656 5224 ε’ζιορζὶιὶὑηεηοοζιάὶςήοε
1706 5175 1801 5211 nos
1850 5159 1982 5212 odiis
2041 5175 2182 5223 esse,

598 5216 824 5293 dixisset
867 5218 1240 5293 proculdubio,
1270 5216 1787 5293 tollendifnecandi
1836 5245 2042 5293 sumus,
2095 5216 2189 5284 aut

597 5289 773 5341 simile
801 5287 949 5364 quid.
971 5287 1467 5364 Natn_extenninare
1493 5309 1596 5348 non
1625 5308 1705 5349 est
1732 5287 2068 5364 interimere,
2092 5300 2186 5354 sed

599 5367 750 5439 extra
771 5358 1033 5439 terminos
1059 5360 1292 5422 mittere.
1318 5363 1580 5439 ecivitate
1601 5365 1816 5439 ejicere.
1840 5369 1958 5421 Vid.
1984 5358 2187 5424 Nonius

602 5425 658 5502 h.
689 5443 739 5480 v.
770 5428 947 5498 ibique
975 5429 1244 5502 biercerus
1271 5447 1390 5501 pag.
1422 5433 1509 5496 98,
1544 5425 1685 5502 quod
1715 5445 1898 5491 contra
1930 5439 2185 5494 Rothium

599 5496 739 5578 bene
770 5496 952 5578 monet
981 5496 1313 5578 Heusinger;
1340 5496 1404 5556 ad
1438 5496 1583 5558 illuni
1610 5504 1885 5563 Ciceronis
1913 5509 2089 5562 locum
2119 5511 2187 5564 de

600 5565 756 5648 Ql‘lic.
784 5568 875 5622 lib.
904 5585 963 5635 tt,
991 5584 1110 5640 cap.
1129 5565 1241 5627 25':
1267 5572 1446 5642 Exque
1473 5591 1528 5648 eo
1557 5586 1781 5645 tempore
1806 5587 1961 5631 tantae
1985 5580 2183 5631 discor-

601 5637 702 5718 dia:
743 5651 927 5718 secutae
953 5637 1090 5707 sunt,
1121 5652 1176 5695 ut
1205 5653 1250 5695 et
1283 5637 1488 5718 tyranni
1514 5637 1781 5700 existerent
1801 5690 1814 5712 ,
1846 5658 1892 5703 et
1919 5650 2186 5716 optimates

599 5715 1070 5790 ﬁterminarentur,
1101 5722 1149 5765 et
1180 5717 1573 5790 praeclarissime
1586 5720 1872 5790 constituta
1899 5719 2186 5784 respublica

601 5773 1201 5856 (Lacedaamoniorum)
1222 5784 1543 5842 dilaberetur.
1574 5785 1727 5844 Conf.
1753 5773 2089 5847 Buuema'nn.
2113 5789 2182 5847 ad

2213 4487 2262 4547 D

2284 3182 2689 3256 goiticat'quam
2717 3199 2885 3253 genus
2924 3182 3238 3238 humanum.
3273 3182 3406 3237 Vide
3446 3183 3604 3251 infra,
3643 3184 3740 3240 lib.
3791 3203 3893 3254 vn,

2285 3255 2404 3322 ean.
2440 3259 2533 3312 ‘24.
2561 3255 2766 3312 ORELL.
3618 3301 3623 3307 .

2365 3328 2525 3382 ll.-—
2558 3326 2830 3396 Opinionis
2872 3325 3017 3378 istius
3063 3332 3299 3396 mentem.
3371 3323 3489 3396 Alii
3520 3328 3733 3391 fontem.
3785 3330 3894 3386 Sed
3944 3324 3952 3331 “

2288 3403 2469 3454 statim
2512 3394 2628 3468 ipse
2675 3413 2735 3452 se
2779 3394 3325 3468 explicatUArnobios
3371 3407 3418 3447 et
3445 3395 3567 3468 Vltoc
3611 3400 3752 3466 quod
3807 3401 3895 3454 di-

2285 3472 2418 3523 citur
2448 3464 2598 3538 quale
2623 3469 2687 3522 sit
2713 3483 2732 3520 :
2753 3476 2816 3538 ut
2847 3480 2944 3519 nos
2984 3464 3214 3519 dicimus
3244 3483 3257 3518 :
3287 3480 3391 3519 was
3418 3467 3601 3521 daram
3625 3464 3717 3538 sey
3737 3514 3750 3537 ,
3784 3487 3896 3526 was

2286 3537 2522 3594 dultinter
2549 3538 2701 3592 sieke.
2730 3537 2936 3592 ORELL.

2357 3610 2744 3664 Contentionum
2771 3609 2975 3661 studiis.
3015 3606 3106 3662 Sic
3132 3607 3465 3677 Augustinus
3491 3606 3735 3676 Confes.,
3792 3613 3894 3668 13h.

2285 3697 2380 3744 xu,
2414 3696 2534 3748 cap.
2570 3681 2672 3735 18:
2710 3678 2847 3732 Nolo
2890 3679 3052 3732 verbis
3093 3678 3434 3742 contendere;
3482 3681 3551 3732 ad
3597 3682 3730 3735 nihil
3754 3685 3898 3739 enim

2285 3753 2411 3804 utile
2439 3761 2536 3815 est,
2567 3752 2665 3804 nisi
2685 3751 2752 3803 ad
2778 3749 3153 3803 subrersionem
3177 3750 3513 3805 audientium.
3541 3753 3790 3808 ELnENtt.

2361 3821 2430 3876 Ut
2479 3838 2580 3875 non
2620 3821 2766 3890 impii
2805 3836 2896 3874 nos
2922 3821 3117 3890 magis,
3143 3820 3233 3873 sed
3261 3820 3340 3872 illi
3369 3824 3500 3889 ipsi,
3531 3835 3636 3877 etc.
3671 3826 3894 3882 Crimen

2285 3893 2620 3961 objectorum
2671 3891 2931 3946 tualorum
2980 3891 3376 3960 impietatisque
3414 3893 3478 3945 ad
3522 3893 3765 3950 nationes
3795 3911 3891 3953 re-

2289 3972 2543 4032 torquent
2589 3971 2645 4017 et
2694 3963 2782 4015 alii
2833 3963 3159 4032 scriptores,
3205 3977 3356 4033 v._e.
3405 3961 3805 4033 Tertullianus,
3837 3969 3890 4022 in

2288 4030 2595 4107 apolnget”
2628 4048 2750 4107 cap.
2781 4034 2880 4097 41;
2911 4030 3242 4107 [iactantier
3271 4030 3426 4097 lnst.,
3459 4033 3552 4088 lib.
3581 4049 3638 4101 v,
3668 4030 3800 4107 cap.
3821 4038 3889 4104 8;

2287 4102 2590 4176 Cyprianus
2617 4104 2681 4158 ad
2719 4103 3137 4176 Detnetrianum.
3155 4102 3419 4176 AELIENR.

2363 4175 2621 4241 Quidnam
2648 4176 2979 4237 invisitatum,
3003 4174 3125 4242 quid
3148 4174 3479 4244 incognitum,
3497 4185 3600 4230 etc.
3621 4175 3711 4232 Sic
3729 4177 3894 4236 habet

2287 4245 2453 4299 editio
2483 4246 2652 4314 Lugd.
2687 4246 2803 4298 Bat.
2837 4261 2869 4300 e
2895 4245 3231 4316 correcnione
3262 4245 3312 4299 .l.
3344 4244 3559 4300 Meursii
3585 4247 3635 4300 in
3661 4249 3887 4316 Critico,

2291 4331 2412 4385 pag.
2445 4317 2500 4370 4.
2532 4317 2635 4369 Alii
2664 4316 2982 4369 inusitatum.
3016 4314 3122 4368 Sed
3138 4316 3466 4389 invisitatum
3497 4327 3542 4370 et
3573 4314 3891 4389 incognitum

2289 4396 2373 4440 est
2397 4401 2683 4462 numquam
2712 4395 2870 4462 antea
2901 4401 3074 4455 neque
3103 4385 3217 4462 visu
3236 4427 3250 4448 ,
3285 4401 3458 4462 neque
3488 4390 3669 4462 auditu
3691 4385 3890 4462 cogni-

2291 4464 2424 4519 tum,
2445 4466 2499 4508 et
2527 4457 2578 4508 in
2605 4455 2955 4530 sequentibus
2987 4455 3253 4530 Arnobius
3279 4456 3416 4530 talia
3432 4458 3613 4530 tradit,
3634 4455 3888 4530 quianon

2293 4535 2497 4579 tantum
2528 4541 2556 4578 a
2594 4526 2922 4597 quotidiana
2950 4541 3046 4580 usu
3075 4527 3365 4581 abhorrent
3397 4527 3539 4597 (hoc
3567 4526 3710 4585 enim
3741 4545 3892 4588 esset.

2288 4594 2639 4667 inusitatum),
2663 4597 2756 4651 sed
2783 4612 2903 4667 qua}
2926 4598 3084 4666 plane
3109 4594 3548 4667 numquam'vidit
3574 4603 3655 4656 vel
3683 4605 3892 4660 audivi;

2287 4682 2458 4736 genus
2487 4666 2810 4722 humanum.
2832 4669 3037 4723 OBELL.
3059 4697 3132 4708 -—-
3155 4666 3479 4720 lnvisitatum
3501 4681 3556 4724 et
3582 4673 3890 4728 inusitatum

2288 4753 2432 4811 sgf-pe
2476 4737 3382 4811 confundi,_nionuerunt_l.ipsitis
3419 4739 3640 4811 Epistol.
3681 4745 3886 4811 Quaest.

2288 4806 2383 4863 lib.
2420 4825 2475 4872 tt,
2507 4825 2626 4875 cap.
2651 4810 2754 4870 '26;
2780 4809 3125 4877 Hottiugerus
3144 4807 3208 4862 ν.
3229 4806 3335 4874 CL,
3375 4811 3440 4863 ad
3467 4806 3584 4865 Cic.
3611 4806 3793 4869 de’Dii
3812 4818 3882 4872 in.

2289 4894 2326 4943 ι,
2365 4897 2482 4950 pag.
2517 4882 2620 4953 3U
2641 4880 2776 4953 ;AFr.
2806 4885 2853 4936 Α
2883 4881 3047 4953 Wolf.
3077 4881 3144 4953 ad
3174 4879 3412 4953 Su_el0n.‘
3438 4882 3556 4953 vol.
3589 4899 3636 4948 ι,
3683 4902 3736 4953 p.
3783 4888 3890 4945 166

2288 4949 2827 5020 seq.;0udendorp.,
2860 4951 2927 5006 ad
2950 4950 3196 5006 eumdem
3227 4949 3468 5020 Suetonii
3513 4949 3722 5020 locum;
3762 4959 3892 5013 Au—

2286 5031 2591 5091 gu~t.,cap.
2619 5025 2698 5078 t5.
2718 5019 2859 5075 Idem
2883 5019 3297 5091 copiosetlocuit
3318 5020 3629 5077 Menkenius
3654 5019 3885 5086 inbss.
3952 5029 3955 5033 ’

2291 5088 2383 5144 lat.
2415 5088 2567 5161 Imgf,
2599 5109 2649 5145 v.
2681 5092 2808 5152 760,
2838 5088 3140 5145 invisitatus.
3169 5088 3288 5143 Jac.
3319 5091 3658 5150 Ocusnsnus.

2358 5161 2552 5216 Contra
2583 5163 2717 5231 leges
2745 5163 3097 5231 principaliter
3118 5161 3397 5215 institutas.
3430 5163 3542 5217 Hoc
3579 5176 3663 5220 est
3701 5183 3730 5221 a
3776 5170 3888 5226 Deo

2289 5247 2468 5305 rerum
2497 5233 2732 5305 omnium
2766 5233 3109 5305 moderatore
3128 5245 3189 5284 ac
3210 5231 3449 5305 principe
3474 5235 3523 5285 iu
3548 5237 3675 5305 ipsis
3699 5254 3886 5295 rerum

2289 5302 2600 5371 primordiis
2645 5311 2986 5357 eoiistitutas.
3021 5303 3096 5357 lta
3143 5304 3283 5371 apud
3329 5302 3724 5362 Tertulli-imum
3774 5326 3885 5366 non

2287 5373 2476 5426 semel.
2514 5373 2753 5427 llsasw.

2367 5440 2568 5511 Vertigo
2594 5451 2702 5496 Iiwc
2729 5442 2924 5495 mundi.
2961 5443 3015 5496 ld
3044 5453 3126 5498 est
3165 5442 3341 5496 mundi
3380 5444 3736 5502 incitatissima
3762 5467 3885 5504 con-

2285 5514 2470 5578 versio,
2495 5523 2549 5567 ut
2579 5515 2653 5567 ait
2680 5512 2870 5568 Cicero
2899 5515 2949 5568 in
2979 5513 3168 5569 Somn.
3208 5513 3381 5577 Scip.,
3414 5529 3531 5582 cap.
3563 5535 3613 5582 v,
3638 5523 3728 5572 der
3749 5520 3883 5576 Um-

2285 5583 2550 5656 scltwung,
2585 5584 2666 5656 die
2687 5583 3112 5656 Kreisbewegung
3141 5585 3228 5637 des
3256 5583 3528 5656 Himmcls.
3555 5588 3628 5643 ita
3654 5591 3880 5654 Plinius,

2287 5653 2424 5706 Hist.
2446 5655 2590 5720 Nat.,
2610 5655 2702 5709 lib.
2731 5671 2788 5720 ll,
2819 5670 2938 5724 cap.
2958 5653 3012 5722 3,
3037 5653 3289 5710 m'undum
3310 5655 3490 5709 molem
3514 5658 3641 5713 dicit
3661 5653 3885 5716 rotatum

2285 5724 2530 5794 vertigine
2551 5726 2780 5780 assidua.
2807 5725 3010 5781 ORELL.
3033 5756 3104 5767 —
3133 5725 3358 5779 Mundus
3386 5741 3482 5795 pro
3507 5733 3666 5794 coelo,
3691 5742 3750 5785 ut
3767 5731 3884 5788 fere

2289 5808 2504 5866 semper
2527 5795 2579 5852 in
2603 5796 2705 5855 hoc
2732 5798 2956 5868 scripto,
2980 5798 3049 5853 ab
3072 5795 3331 5861 Aruobio,
3359 5797 3593 5868 punitur,
3620 5810 3676 5857 et
3704 5816 3734 5856 a
3765 5803 3886 5876 plu.

3894 6000 3918 6025 δ
