3978 6296
484 311 586 365 727

1629 313 1900 371 ABNOBII
1938 314 2300 374 ADVERSUS
2336 317 2610 375 GENTES

3664 324 3775 379 res
3794 344 3813 353 η

484 427 902 496 interemptum?
926 441 1030 482 non
1060 435 1185 481 ante
1213 425 1351 482 nos?
1377 426 1601 495 Quando
1628 428 1859 483 mundus
1888 428 2071 486 inconi-
2097 430 2152 492 Α
2177 442 2261 485 tur
2300 440 2354 487 et
2385 430 2602 498 viribus,
2638 428 3016 490 verum’etiam
3061 435 3278 507 Magicis
3306 445 3361 492 et
3384 435 3766 495 Chaldaeorum

482 532 577 573 sus
629 520 682 573 in
737 517 948 573 favillas
975 529 1028 572 et
1059 520 1269 574 cineres
1299 518 1595 574 dissolutus
1634 522 1750 575 est?
1792 536 1898 575 non
1948 532 2072 576 ante

481 615 621 666 nos?
668 610 890 679 Quando
937 611 1093 666 urbes
1143 611 1489 680 ampli~sima2
1542 614 1763 666 marinis
1804 620 2074 680 coopertos

483 715 604 757 sunt
628 700 912 755 ﬂuctibus?
938 718 1043 755 non
1075 711 1196 755 ante
1219 703 1350 756 nos?
1367 702 1592 770 Quando
1618 718 1740 758 cum
1762 703 1889 758 leris
1909 703 2069 767 bella,

485 805 540 850 et
570 796 751 864 praelia
780 809 901 847 enim
950 794 1198 849 leonibus
1231 805 1381 865 gesta
1413 795 1575 850 sunt?
1624 811 1730 850 non
1776 808 1900 851 ante
1945 796 2076 850 nos?

485 886 711 956 Quando
742 887 1007 956 pernicies
1043 889 1253 957 populis
1276 890 1551 944 venenatis
1573 891 1640 942 ab
1666 888 1928 960 anguibus
1953 889 2079 944 data

485 980 606 1033 est?
637 995 742 1032 non
772 988 897 1032 ante
927 978 1067 1032 ucs‘!
1110 977 1245 1033 Nam
1295 979 1438 1049 quod
1469 979 1624 1035 nobis
1652 980 1924 1048 objectare
1949 995 2080 1035 con-

486 1074 683 1128 suestis
737 1073 998 1126 bellorum
1061 1070 1421 1143 frequentium
1478 1088 1698 1140 causas,
1755 1074 2081 1128 vastationes

487 1168 714 1223 urbium.
761 1166 1152 1223 Germanorum
1184 1179 1238 1223 et
1279 1166 1557 1241 Scythicas
1584 1168 1929 1238 irruptiones,
1959 1182 2080 1222 cum

489 1273 623 1329 pare
650 1258 753 1314 hoc
780 1268 953 1313 vestra
1001 1269 1054 1313 et
1083 1273 1205 1314 cum
1235 1259 1373 1315 bOna
1419 1261 1575 1314 venia
1617 1259 1845 1313 dixerim
1878 1276 1891 1311 :
1926 1259 2084 1329 quale

491 1352 560 1403 sit
588 1350 726 1403 istud
758 1351 898 1421 quod
943 1351 1169 1417 dicitur,
1189 1351 1576 1407 Calumniarutn
1615 1350 1839 1406 libidine
1872 1366 1976 1405 non
2005 1350 2084 1404 vi-

489 1442 649 1497 detis.

563 1534 628 1591 ν.
662 1534 729 1590 Ut
757 1545 879 1587 ante
908 1535 1075 1589 millia
1102 1548 1366 1589 annorum
1406 1534 1616 1599 decem,
1658 1533 1726 1588 ab
1765 1534 1938 1589 insula
1967 1550 2087 1605 qua:

492 1627 809 1697 perhibetur
826 1626 1091 1681 Atlantica
1115 1625 1367 1697 Neptuni,
1395 1626 1712 1681 sicutvPlato
1727 1626 2084 1691 demonstrat,

492 1735 683 1790 magna
708 1729 1017 1789 erumperet
1050 1720 1129 1773 vis
1158 1718 1454 1781 hominum,
1490 1728 1544 1773 et
1571 1719 1877 1773 innumeras
1908 1718 2087 1773 l'uiidt-

2177 537 2243 577 ex
2271 522 2565 578 reconditis
2596 524 2916 597 disciplinis,
2945 526 3149 582 invidia
3182 537 3367 583 nostra
3392 528 3508 584 hzec
3534 528 3675 585 fuit?
3713 542 3771 587 ut

2177 612 2377 668 Helena
2427 613 2532 670 diis
2583 615 2811 671 ducibus
2841 627 3001 689 atque
3057 618 3443 689 impulsoribus
3494 630 3669 691 rapta,
3718 634 3773 679 et

2177 703 2289 758 suis
2327 714 2474 760 esset
2500 705 2676 761 dirum
2705 718 2760 762 et
2788 709 3029 764 venturis
3060 711 3391 780 temporibus
3418 711 3609 780 fatum,
3642 714 3771 770 reli-

2179 799 2353 868 gionis
2379 810 2577 855 nostra:
2599 802 2914 857 attributum
2938 813 3020 858 est
3044 804 3289 859 crimini?
3317 815 3375 860 ut
3406 806 3498 862 ille
3526 807 3773 865 immanis

2183 890 2391 947 Xerxes
2424 904 2570 949 mare
2624 894 2782 950 terris
2812 896 3147 962 immitteret,
3180 907 3234 954 et
3283 899 3561 969 gressibus
3605 904 3774 956 maria

2182 986 2456 1049 transiret,
2491 989 2660 1042 nostri
2691 988 2924 1043 nominis
2953 988 3201 1045 effractum
3247 1001 3332 1046 est
3383 992 3583 1048 causa?
3625 1002 3684 1049 ut
3709 1008 3775 1048 ex

2184 1076 2512 1132 Macedoniae
2542 1078 2739 1134 ﬁnibus
2767 1096 2905 1135 unus
2932 1090 3160 1136 exortus
3187 1061 3505 1138 adolescens
3543 1083 3778 1140 Orientis

2184 1184 2346 1238 regna
2396 1179 2450 1224 et
2499 1171 2725 1240 populos
2768 1172 3059 1242 captivitati
3109 1183 3164 1229 et
3195 1174 3417 1229 servitio
3444 1175 3775 1247 subjugaret,
3844 1242 3845 1245 η

2185 1274 2285 1313 nos
2326 1260 2569 1325 iecimus,
2620 1273 2781 1333 atque
2835 1262 3189 1318 excitavimus
3237 1266 3460 1320 causas?
3513 1275 3571 1321 ut
3617 1266 3782 1322 modo

2188 1351 2439 1416 Romani,
2472 1352 2619 1407 velut
2645 1352 2859 1424 aliquod
2892 1354 3090 1409 ﬂumen
3137 1363 3370 1419 torrens,
3403 1367 3626 1413 cunctas
3656 1358 3785 1413 sub-

2188 1452 2495 1513 mergerent
2532 1452 2692 1515 atque
2736 1444 3017 1499 obruerint
3069 1449 3335 1512 nationes,
3385 1462 3484 1501 nos
3533 1447 3786 1504 videlicet

2190 1535 2407 1588 numina
2426 1536 2880 1606 prrecipitavimus
2898 1536 2948 1589 in
2974 1535 3248 1591 furorem?
3266 1536 3418 1605 Quod
3439 1538 3487 1593 si
3506 1539 3785 1597 hominum

2191 1626 2369 1681 nullus
2392 1636 2496 1693 est,
2527 1627 2639 1699 qui,
2667 1644 2788 1699 quae
2809 1627 3009 1683 dudum
3035 1638 3184 1700 gesta
3205 1640 3351 1697 sunt,
3376 1632 3573 1687 nostris
3592 1632 3791 1691 audeat

2193 1720 2525 1790 temporibus
2571 1720 2872 1789 imputare,
2904 1721 3359 1792 quemadmodum
3393 1725 3664 1795 possimus
3694 1726 3791 1782 mi-

495 1821 584 1866 tus
634 1810 841 1865 deleret
870 1821 1032 1881 atque
1060 1812 1406 1881 extingueret
1436 1812 1702 1876 nationes,
1757 1826 1853 1866 nos
1892 1809 2089 1867 fuimus
2123 1831 2170 1890 Β
2196 1812 2458 1868 seriarum
2478 1828 2600 1868 esse
2618 1814 2964 1883 praesentium
2992 1829 3190 1883 causm,
3218 1831 3340 1872 cum
3369 1817 3495 1872 novi
3518 1816 3612 1872 ﬁat
3635 1817 3792 1885 nihil,

496 1902 698 1959 causa?
729 1912 783 1956 ut
801 1902 941 1957 inter
955 1902 1206 1973 Assyrios
1222 1915 1276 1957 et
1296 1901 1631 1969 Bactrianos,
1658 1903 1796 1960 Nino
1821 1906 2094 1976 quondam

498 1994 891 2064 Zoroastreque
911 1993 1244 2061 ductoribus,
1271 2009 1379 2050 non
1408 2004 1615 2050 tantum
1645 1994 1789 2052 ferro
1810 1997 2096 2053 dimicare-

2202 1905 2296 1961 sed
2312 1914 2436 1959 sunt
2450 1906 2627 1960 omnia
2642 1915 2845 1973 vetera,
2862 1916 2915 1962 et
2928 1906 3087 1963 nullis
3099 1908 3796 1977 antiquitatibusinaudita?

2276 1995 2724 2069 VLQuamquam
2777 1998 2877 2053 ista
2923 2014 3043 2071 qua:
3099 1998 3276 2056 dicitis
3326 2000 3465 2056 bella
3519 2000 3796 2073 religionis

1870 2138 2431 2196 COMMENTARIUS.

506 2279 721 2352 fulcitur
749 2277 1031 2352 estraneis,
1076 2292 1272 2331 necesse
1310 2287 1531 2352 estesse
1558 2278 1772 2352 mortale
1818 2287 1864 2352 et
1906 2279 2107 2352 habere

507 2348 577 2404 ad
608 2351 887 2413 periculum
908 2350 1038 2401 vium
1064 2348 1419 2419 pronamtnbi
1445 2349 1640 2419 aliquid
1668 2350 1873 2417 crepet-it
1896 2348 2085 2413 deesse,

506 2438 608 2491 quo
636 2422 839 2491 vivitur.
869 2416 1269 2491 Invenioetiam
1289 2416 1560 2491 Cypriane
1587 2421 1841 2491 usitatum
1866 2422 1917 2474 in
1948 2430 2062 2474 trac
2081 2444 2093 2458 -

509 2489 623 2546 tatu
654 2492 720 2543 de
752 2489 943 2543 Habitu
975 2490 1237 2559 virginum
1272 2509 1283 2540 :
1312 2489 1449 2554 Quid
1479 2500 1679 2551 ornata,
1718 2490 1845 2559 quid
1888 2500 2094 2556 rompta

512 2562 780 2633 procedit,
809 2561 954 2631 quasi
996 2562 1236 2633 nutritum
1266 2561 1468 2625 habent,
1519 2569 1606 2613 ant
1634 2562 1867 2628 qmerat?
1899 2560 2097 2614 Timent

516 2631 685 2703 potius
708 2631 927 2703 placere,
961 2632 1004 2685 si
1031 2634 1172 2703 virgo
1195 2642 1289 2697 est,
1332 2649 1423 2686 nec
1453 2632 1735 2701 periculum
1761 2633 1842 2686 sui
1866 2640 2094 2703 appetat,

519 2701 605 2773 qui
629 2705 696 2773 ad
728 2701 938 2773 meliora
975 2713 1020 2755 et
1050 2702 1221 2755 divina
1241 2720 1294 2755 se
1315 2714 1501 2756 servat.
1533 2703 1764 2766 ΜΕυιιε..
1798 2721 1849 2773 p.
1882 2702 1934 2756 6.

594 2772 682 2828 IV.
710 2772 1015 2838 ——Quamlo
1043 2772 1260 2825 mundus
1289 2775 1523 2827 incensus
1552 2775 1603 2825 in
1621 2775 1811 2827 cineres
1838 2786 1883 2843 et
1910 2772 2112 2843 favillas

525 2844 811 2899 dissolutus
868 2844 979 2896 est?
1025 2860 1122 2896 mn
1183 2854 1300 2896 ante
1350 2844 1482 2897 nos?
1524 2843 1779 2912 Spectant
1835 2842 1949 2896 hn-c
2000 2844 2117 2898 sine

522 2915 686 2971 dttbio
732 2914 796 2969 ad
841 2913 1072 2968 fabulam
1119 2914 1185 2968 dc
1233 2915 1567 2968 Phaethonte
1595 2924 1776 2968 notam
1816 2928 1882 2969 ex
1928 2913 2110 2979 Ovid.,

522 2986 765 3051 Metam,
798 2985 1043 3057 ll,7ittil.;
1078 2984 1318 3057 Lucina,
1376 2985 1514 3040 Dial.
1550 2986 1709 3057 Deor.
1749 2985 1857 3047 25;
1895 2984 2112 3057 Ilygin.,

523 3058 631 3111 fab.
664 3057 731 3112 15
749 3079 787 3109 ι.
817 3056 898 3109 Cf.
934 3056 1193 3121 imprimis
1225 3056 1502 3111 Platonem
1547 3056 1598 3109 in
1650 3056 1855 3110 'l‘imzt-o
1901 3056 1953 3126 ιι.
1985 3056 2112 3119 291,

524 3129 636 3182 vol.
670 3144 746 3183 ix.
780 3128 867 3182 ed.
898 3127 1011 3194 Bip.
1036 3127 1240 3181 ORELL.

603 3198 794 3252 Prielia
820 3215 934 3251 cum
971 3198 1203 3251 leonibus
1232 3206 1394 3269 gesta.
1440 3196 1705 3269 Nonrrius
1754 3214 1805 3263 p.
1836 3198 1961 3263 531,
1996 3196 2118 3267 opi-

531 3283 688 3325 natur
728 3271 1027 3324 Arnobium
1062 3269 1205 3338 loqui
1236 3268 1303 3322 de
1332 3268 1718 3322 certaminibus
1740 3309 1755 3333 ,
1787 3270 1981 3336 quibus
2006 3269 2121 3338 gla-

530 3342 769 3395 diatores
818 3350 872 3394 et
913 3340 1132 3393 athletae
1181 3354 1303 3392 cum
1352 3339 1602 3392 leonibus
1654 3348 1710 3392 et
1752 3339 1873 3391 aliis
1928 3338 2124 3393 belluis

532 3411 820 3480 pugnaturi
846 3413 896 3463 in
929 3425 1148 3463 arenam
1177 3409 1598 3480 descendebant.
1632 3407 1738 3480 Sed
1769 3410 1981 3480 videtur
2023 3425 2121 3480 po-

535 3484 639 3538 tius
666 3497 849 3535 sermo
877 3496 999 3534 esse
1029 3480 1096 3533 de
1123 3480 1333 3547 populis
1360 3479 1552 3533 Africae
1582 3494 1611 3532 a
1646 3479 1892 3533 leonibus
1919 3479 2125 3533 vexatis

536 3554 626 3609 Sic
653 3552 903 3605 Nummos
928 3561 1141 3619 gentem
1170 3550 1356 3618 Libya:
1393 3550 1608 3617 penitus
1634 3551 1925 3603 extinctam
1957 3564 1986 3603 a
2015 3549 2127 3603 leo-

538 3622 694 3676 nibus
745 3623 908 3675 tiadit
938 3618 1207 3674 ’fElianus
1252 3621 1321 3675 de
1370 3620 1489 3674 Nat.
1546 3620 1804 3687 Animal.,
1847 3620 1942 3676 lib.
1992 3634 2126 3685 xvn,

538 3708 658 3760 cap.
686 3692 777 3745 27.
808 3694 1012 3746 URELL.

626 3761 895 3817 Venenatis
918 3763 981 3816 ab
1002 3762 1270 3830 anguibus.
1303 3761 1378 3815 lla
1411 3761 1663 3831 Amyclas
1694 3763 1745 3814 in
1774 3760 1921 3815 Italia
1955 3776 1987 3816 a
2016 3775 2131 3814 ser-

541 3835 792 3904 pentibus
817 3835 1023 3889 deletas
1046 3834 1209 3887 rcl'ert
1236 3834 1398 3898 l’lin.,
1433 3832 1569 3887 Hist.
1594 3834 1800 3957 Νειιὸεη
1830 3848 1945 3899 Vttt,
1963 3847 2013 3887 c.
2036 3832 2126 3886 29.

1757 3919 1912 3957 RELL.

1757 3919 1912 3958 RELL.

616 3972 746 4029 Cum
788 3991 910 4043 pace
955 3975 1050 4027 hoc
1090 3985 1252 4029 vestra
1292 3985 1337 4030 et
1378 3991 1490 4027 cum
1531 3975 1660 4028 bona
1700 3976 1845 4028 venio
1890 3975 2129 4029 dixerim.

549 4046 799 4101 Formnla
849 4044 1134 4113 prmlandie
1172 4046 1344 4116 venia:
1383 4047 1603 4112 optimis
1647 4046 2002 4116 scriptoribus
2047 4044 2132 4099 fa-

546 4116 802 4177 miliaris,
850 4116 1113 4187 imprimis
1161 4115 1367 4171 Velleio
1409 4116 1712 4182 Paterculo,
1758 4136 1794 4182 ι,
1826 4117 1881 4183 7,
1934 4118 2035 4185 17;
2075 4135 2132 4182 ιι,

548 4186 670 4241 129.
705 4187 907 4242 URELL.

622 4256 686 4312 V.
731 4286 802 4298 —-
826 4258 901 4312 Ab
940 4258 1131 4319 insula,
1155 4274 1268 4328 qua:
1287 4259 1578 4328 perhibetur
1606 4259 1863 4312 Atlantica
1887 4257 2137 4328 Neptuni,

549 4328 680 4383 sicut
735 4328 887 4399 Plato
927 4332 1257 4399 demonstrat.
1316 4329 1370 4384 In
1398 4329 1624 4396 Timteo,
1669 4329 1774 4383 vol.
1821 4344 1895 4395 ιχ,
1928 4344 1981 4399 ρ.
2009 4330 2137 4395 296,

551 4400 638 4453 cd.
665 4399 880 4470 Bipont.
913 4398 1115 4455 ORELL.

586 4514 589 4515 ν
628 4469 768 4543 Nino
797 4472 1051 4539 quondam
1096 4471 1467 4543 Zoroastreque
1505 4470 1826 4543 ductoribus.
1880 4470 2143 4543 Multagdc

553 4539 655 4595 hoc
678 4541 819 4596 bello
841 4545 1141 4596 testimonia
1165 4539 1838 4613 colli-gitElmenhorstius
1858 4541 2026 4613 adLh.
2052 4541 2090 4597 l.
2112 4556 2144 4597 e

549 4614 747 4679 quibus
777 4615 1101 4685 praecipuum
1119 4623 1203 4667 est
1231 4610 1540 4685 Ηνίιέιδιιιιγιιιί
1566 4654 1580 4677 ,
1615 4623 1744 4685 toi_n_.
1777 4628 1829 4675 v,
1853 4612 1905 4665 in
1926 4610 2143 4685 Q-tt'lill’i,

554 4697 674 4755 cap.
709 4699 744 4736 tt
772 4704 783 4739 :
816 4683 1045 4737 Prinmm
1086 4685 1223 4738 omni
1248 4684 1388 4755 Asia;
1409 4680 1647 4755 regnasse
1676 4680 1727 4735 Ν
1733 4686 1913 4755 fnum,
1941 4680 2055 4735 Beli
2081 4683 2148 4750 ﬁ-

558 4754 716 4820 lium,
753 4770 927 4809 atnnes
970 4765 1016 4807 et
1059 4770 1238 4824 αντη-αξ
1280 4765 1325 4809 et
1373 4754 1604 4808 barbara:
1640 4762 1855 4807 narrant
1895 4754 2145 4817 historias,

558 4825 645 4888 qui
669 4827 809 4892 apud
842 4823 1074 4895 Assyrios
1101 4823 1297 4895 Ninum
1326 4827 1407 4878 sui
1437 4825 1657 4895 nominis
1697 4824 1926 4878 condidit
1968 4825 2149 4876 civita-

564 4903 682 4956 tem,
734 4905 798 4965 et
826 4893 1019 4949 deinde
1065 4912 1078 4947 :
1113 4893 1212 4948 Hic
1256 4898 1494 4949 adversus
1538 4893 1877 4949 Zoroustrnm
1921 4910 2148 4965 magum,

562 4979 730 5030 regem
760 4962 1176 5037 Bactrianorum.
1218 4966 1343 5037 forti
1387 4968 1663 5019 certamine
1706 4965 1991 5037 dimicavit,
2008 4962 2073 5037 ἐι
2099 4968 2153 5019 in

565 5044 756 5086 tantum
785 5036 1009 5099 pervenit
1036 5034 1275 5102 gloriam,
1304 5047 1357 5089 ut
1386 5046 1582 5105 patrem
1602 5053 1755 5089 suum
1776 5034 1961 5089 Belum
1991 5035 2149 5104 refer-

564 5114 641 5175 ret
688 5105 739 5175 in
771 5105 952 5160 Deum.
985 5106 1066 5160 Cf.
1102 5107 1341 5171 Diodor.,
1386 5106 1505 5160 libr.
1549 5121 1605 5167 tt,
1644 5121 1764 5175 cap.
1802 5106 1858 5169 6,
1903 5108 1991 5175 qui
2025 5121 2156 5162 vero

565 5173 968 5248 Bacuianorum
1002 5192 1180 5247 regem
1229 5193 1335 5230 non
1360 5173 1834 5248 Zoroastrem,‘sed
1878 5173 2158 5248 oayartem

566 5248 828 5301 nominat.
876 5246 1026 5313 Quod
1073 5246 1251 5317 autem
1304 5247 1524 5316 magicis
1571 5249 1778 5301 artibus
1824 5246 2159 5304 decertatum

568 5317 732 5370 fuerit
760 5318 809 5371 in
836 5317 935 5371 hoc
960 5317 1126 5382 bello,
1160 5318 1314 5389 linjus
1345 5322 1419 5371 rei
1455 5332 1713 5389 nusquam
1748 5319 1848 5372 nisi
1880 5319 2020 5389 apud
2072 5332 2161 5373 no-

572 5397 742 5459 strum
778 5388 979 5443 mentio
1024 5396 1127 5444 est.
1157 5384 1660 5459 Cfl.Sc.iliger.,'ad
1702 5384 2156 5456 Euseb.'Chron.,

571 5471 625 5526 p.
656 5458 743 5513 1b.
776 5459 977 5514 OnELL.

655 5526 1017 5601 Verumetiam
1045 5531 1277 5601 magicis,
1311 5541 1356 5584 et
1392 5528 1755 5585 Clialdcearum
1784 5547 1848 5585 ea;
1892 5530 2166 5601 reconditis

574 5597 879 5671 disciplinis.
935 5602 1058 5655 llazc
1103 5597 1187 5656 est
1246 5602 1415 5657 lcclio'
1456 5603 1711 5671 principis
1762 5600 2039 5671 editionis.
2099 5602 2170 5655 Αι

576 5665 732 5745 Fulv.
766 5666 997 5745 Ursinus
1042 5665 1468 5745 particulainhex'
1491 5665 1752 5745 eiecerat.
1779 5670 1884 5725 Sed
1926 5685 2045 5745 eam
2068 5683 2166 5745 Δοε-

583 5736 853 5814 modiolus
883 5736 1181 5814 pauto'post
1213 5736 1858 5814 apud'hunc'sCriptorem
1874 5738 2172 5811 saepissime

581 5807 862 5880 παρέλκειν.
885 5807 1131 5866 ΗΕΜΙῘῙ).

2271 2279 2340 2359 _U_t
2365 2281 2465 2359 ille
2487 2281 2727 2359 immanis
2769 2280 2987 2359 Xerses.
3016 2279 3332 2359 lmmanisi.
3363 2295 3427 2359 q._
3451 2282 3802 2359 φρενοϐλᾳϐἠς

2197 2353 2611 2412 καὶάτὰσθαλος.
2658 2350 2747 2407 Sic
2776 2352 3071 2420 deplorata:
3117 2352 3230 2422 spei
3282 2350 3555 2408 hominem
3586 2363 3642 2410 et
3684 2356 3797 2420 jam

2199 2423 2310 2476 suis
2339 2424 2506 2494 malis,
2524 2438 2629 2476 non
2668 2433 2940 2494 assuetum
2973 2422 3153 2494 modo,
3187 2423 3295 2494 sed
3345 2424 3507 2478 etiam
3547 2424 3796 2494 gauden-

2202 2502 2308 2565 tem
2341 2492 2645 2565 significant
2668 2492 2872 2565 Grmei;
2903 2492 3117 2565 qualem
3153 2493 3389 2565 Xerxem
3418 2492 3680 2551 describit
3707 2494 3804 2550 He-

2206 2563 2581 2619 rodot.'Mnsa
2628 2580 2742 2619 vut.
2796 2563 2982 2628 Idem,
3036 2564 3182 2619 Musa
3240 2582 3295 2628 ll,
3354 2564 3656 2621 Pheronem
3710 2567 3803 2632 ait,

2205 2633 2581 2715 {Egyptiorum
2622 2637 3152 2715 νεεριῐιηὰτασθαλίῃ
3182 2639 3535 2715 χρησάμενον,
3563 2638 3805 2715 iaculum

2215 2706 2267 2778 in
2299 2707 2476 2778 Nilum
2518 2721 2643 2778 arva
2693 2706 3038 2761 inundantem
3082 2706 3335 2778 torqiiere
3368 2706 3589 2778 ausum,
3619 2718 3681 2764 et
3725 2709 3805 2763 id-

2214 2777 2361 2831 circo
2425 2777 2716 2832 luminibus
2769 2787 3003 2847 captum.
3068 2776 3343 2849 lmnianis
3383 2777 3580 2834 Xerxes
3644 2780 3808 2849 igitur

2217 2848 2504 2910 ἀτάσθαλος
2532 2860 2582 2902 et
2611 2864 2718 2915 pra:
2752 2850 2914 2902 nimia
2947 2850 3227 2925 ἀτασθαλίᾳ
3255 2848 3479 2925 deorum
3526 2859 3579 2904 et
3632 2849 3809 2925 homi-

2219 2934 2344 2972 num
2375 2928 2715 2987 cootemptor
2757 2933 2949 2987 resque
2984 2920 3274 2991 aggressus
3312 2920 3574 2974 immanes
3600 2930 3658 2976 et
3691 2921 3808 2991 plus

2219 3004 2384 3060 quam
2416 2991 2694 3043 humanas.
2727 2991 2816 3044 Sic
2846 2990 3009 3059 igitur
3037 2990 3089 3045 in
3108 2990 3288 3046 Xerxe
3312 2992 3618 3060 signiﬁcare
3644 2990 3812 3047 voluit

2231 3059 2493 3114 Arnobius
2527 3066 2800 3113 vesaniam
2842 3072 2897 3114 et
2940 3061 3243 3115 vecnrdiam
3278 3059 3397 3130 plus
3426 3076 3585 3126 quam
3620 3064 3807 3119 humu.

2147 3119 2192 3182 C
2226 3145 2369 3208 nam,
2397 3134 2556 3208 πάθος
2585 3131 2849 3208 Θηριῶδες,
2894 3146 3001 3198 quo
3041 3134 3257 3208 nomine
3278 3119 3643 3200 'appellanlur
3683 3133 3808 3187 vitia

2226 3199 2385 3285 ἄγριοι
2428 3212 2483 3256 et
2514 3199 2777 3285 inusitata
2809 3221 2822 3255 :
2869 3199 3341 3285 quemadpmdum
3372 3214 3557 3257 contra
3588 3218 3813 3285 Amagnte

2223 3274 2451 3344 virtutes
2476 3282 2529 3328 et
2560 3274 2803 3339 exempla
2851 3274 3153 3344 Communia
3181 3288 3548 3342 supergressa:
3582 3278 3699 3330 θεῖα
3724 3290 3816 3344 ap-

2229 3343 2437 3412 pellatae
2467 3352 2629 3406 sunt;
2660 3344 2803 3415 quod
2842 3346 2893 3398 in
2921 3343 3582 3415 Nicomaeheisiobscrvat
3609 3343 3817 3415 Aristi»

2229 3415 2384 3469 teles.
2432 3413 2771 3470 Ηειιλιυζυ-
2809 3416 2915 3471 Pro
2941 3413 3141 3470 Xerxes
3185 3415 3242 3469 P.
3295 3414 3587 3470 Burmann.
3646 3431 3708 3474 ιι.
3755 3414 3817 3470 ad

2230 3484 2544 3555 Antltolog.,
2578 3487 2694 3549 lat.,
2724 3486 2828 3540 vol.
2864 3507 2910 3556 ι,
2930 3486 3135 3556 p.191,
3168 3487 3384 3556 legend.
3415 3496 3603 3541 censet
3638 3486 3818 3541 Perses

2228 3565 2552 3626 propterea,
2603 3557 2743 3625 quod
2792 3559 2842 3611 in
2886 3555 3021 3611 Cod.
3072 3573 3173 3611 ms.
3206 3555 3462 3626 scriptum
3508 3557 3579 3612 sit
3608 3556 3818 3611 Xerses.

2233 3626 2337 3681 Sed
2368 3627 2507 3680 nulla
2537 3628 2775 3681 mutandi
2816 3630 2983 3693 ratio;
3010 3645 3047 3683 π
3068 3629 3209 3682 cnim
3233 3636 3289 3682 et
3311 3644 3335 3681 s
3357 3629 3662 3696 smpissime
3686 3643 3815 3683 con-

2232 3696 2529 3768 funduntur
2557 3715 2584 3749 a
2619 3698 2882 3758 librariis,
2927 3714 2964 3751 at
2989 3709 3045 3753 ct
3084 3717 3118 3768 p
3159 3713 3264 3752 non
3314 3699 3462 3768 item.
3506 3700 3724 3753 Οιιειι..
3756 3726 3823 3737 -

2237 3769 2361 3825 Haec
2386 3767 2588 3822 Xerxis
2618 3769 2853 3825 facinora
2896 3767 3160 3823 Athonem
3208 3767 3558 3838 perfodientis
3605 3781 3664 3823 et
3708 3768 3825 3838 jun-

2234 3841 2411 3910 gentis
2437 3840 2840 3909 Hellespontum
2865 3840 3287 3910 celebratissima
3310 3839 3378 3894 ab
3396 3840 3635 3908 antiquis
3655 3841 3825 3910 scrip.

2238 3909 2464 3966 toribus.
2518 3910 2835 3979 Sylliurgius
2882 3911 2948 3964 ad
2996 3909 3169 3965 Clem.
3227 3910 3521 3965 Alexandr.
3580 3909 3823 3976 Strom.,

2237 3982 2335 4037 lib.
2360 3998 2437 4043 ιιι.
2457 3984 2644 4052 capJ,
2666 3983 2752 4036 ed.
2771 3982 2969 4036 Potler.
2994 3980 3513 4052 IattdavitiLyeophr.
3534 3980 3823 4037 Cassandr.

2240 4068 2323 4109 vs.
2356 4053 2492 4107 141i
2515 4051 2530 4120 ξ
2555 4052 2811 4108 Herodot.
2843 4052 3053 4122 Polyh.,
3082 4067 3200 4122 pag.
3223 4051 3361 4114 249;
3390 4051 3721 4120 Ttiucydid..
3754 4066 3820 4113 tv,

2280 4069 2323 4109 s.
2356 4069 2492 4107 14H
2515 4075 2529 4120 ;
2556 4069 2811 4108 neroaot.
2844 4069 2932 4105 l'Ol
2978 4069 3053 4120 n.,
3082 4069 3200 4122 pag.
3223 4069 3361 4114 asa;
3393 4069 3721 4120 'tnucyuioﬁ
3754 4069 3820 4113 tv,

2280 4138 2365 4189 ag.
2390 4125 2525 4184 156;
2556 4122 2795 4189 Arrian,
2817 4122 2886 4178 de
2911 4069 3119 4194 nyped.
3147 4122 3299 4177 Alex.
3323 4138 3377 4179 v.
3404 4137 3524 4192 pag.
3550 4121 3680 4178 105.
3704 4123 3828 4194 Qui:

2281 4210 2342 4265 us
2381 4194 2519 4249 adde
2547 4194 2737 4260 Isocr.,
2784 4192 3045 4265 Panegf§
3073 4194 3165 4257 25,
3210 4194 3436 4265 repetita
3471 4194 3521 4246 in
3555 4193 3828 4265 Aristotel.

2247 4263 2403 4327 Rhet.
2452 4278 2541 4331 ιιι,
2589 4279 2709 4332 cap.
2761 4265 2825 4327 9;
2873 4263 3201 4333 llistﬁAug.
3251 4264 3362 4319 vol.
3409 4281 3477 4326 ιι,
3527 4278 3653 4333 pag.
3697 4264 3828 4326 365;

2245 4334 2307 4390 B.
2336 4334 2545 4406 Martint
2582 4335 2705 4406 Var.
2736 4335 2911 4390 Lectt.
2935 4349 2991 4406 p.
3026 4335 3161 4400 156;
3190 4334 3477 4390 Ruhnken.
3508 4334 3575 4388 ad
3608 4334 3829 4405 Longin.

2248 4421 2300 4474 p.
2326 4404 2433 4460 250
2463 4421 2577 4474 seq.
2617 4404 2884 4461 Ocusnsn.

2167 4505 2223 4566 Β
2249 4473 2508 4566 .Nostri.
2531 4473 2751 4566 nominis
2780 4476 3014 4566 effectum
3041 4486 3114 4530 est
3151 4492 3323 4566 censa.
3360 4475 3487 4531 Hmc
3515 4473 3835 4566 est‘COIdic-is

2249 4560 2351 4600 ms.
2389 4548 2566 4613 lectio,
2607 4548 2833 4601 tesubus
2860 4546 3101 4618 Livinaéo
3130 4548 3195 4602 ad
3224 4547 3490 4618 Panegyr.
3535 4556 3646 4601 vet.
3699 4547 3832 4618 ιλιι,

2252 4632 2369 4685 pag.
2395 4618 2521 4683 587,
2545 4618 2609 4672 ed
2656 4617 2933 4672 Arutzenii
2955 4628 3009 4674 et
3036 4617 3347 4672 lllarklando
3373 4616 3440 4672 ad
3465 4617 3623 4699 Statii
3642 4616 3776 4671 Silv.
3798 4630 3833 4676 ι,

2250 4685 2431 4743 Carm.
2466 4704 2509 4743 ι.
2563 4697 2677 4743 not.
2713 4704 2832 4743 una.
2873 4690 2927 4743 3.
2976 4705 3134 4743 uuam
3179 4698 3383 4743 temere
3426 4699 3647 4743 minavn
3679 4685 3833 4743 Gele-

2296 4702 2431 4743 arm.
2466 4704 2509 4751 l,
2563 4702 2677 4743 nut.
2712 4704 2832 4755 pag.
2873 4702 2927 4750 ί),
2976 4705 3134 4755 quam
3179 4702 3383 4744 temere
3426 4702 3647 4743 mutavu
3679 4702 3835 4743 uete-

2253 4704 2431 4743 Carm.
2466 4704 2509 4751 ι,
2563 4704 2677 4743 net.
2712 4704 2832 4758 pag.
2873 4704 2927 4750 ί),
2976 4705 3134 4757 quam
3179 4704 3383 4744 temere
3426 4704 3647 4743 mutavu
3679 4704 3835 4743 hete-

2253 4759 2375 4813 nins
2403 4759 2571 4814 edens
2596 4760 2808 4826 injuria.
2843 4758 3035 4814 Editur
3061 4759 3232 4822 Lugd.
3267 4759 3383 4812 Bat.
3414 4775 3561 4813 cura.
3593 4757 3837 4812 Heinsius

2253 4829 2581 4895 Adversum,
2614 4831 2706 4885 lib.
2749 4846 2811 4896 tt,
2840 4845 2958 4899 cap.
3003 4830 3088 4885 10.
3131 4845 3255 4900 pag.
3280 4829 3408 4893 276,
3439 4827 3645 4900 mavult
3668 4828 3835 4897 culpa.

2254 4900 2358 4956 Sed
2392 4902 2592 4968 optima
2622 4911 2703 4955 est
2733 4900 2943 4956 Codicis
2976 4899 3178 4955 lectio’:
3208 4901 3369 4954 nostri
3415 4899 3635 4954 nominis
3664 4913 3834 4960 causa,

2258 4970 2310 5025 id
2334 4981 2416 5025 est
2443 4981 2652 5041 propter
2678 4988 2790 5031 nos.
2825 4972 2943 5026 scil.
2972 4970 3317 5027 christianos.
3341 4972 3413 5024 Ita
3435 4987 3617 5024 nomen
3646 4969 3838 5041 sapisti-

2259 5050 2367 5113 tum
2396 5036 2453 5096 in
2479 5036 2733 5111 Siilp:cia:
2759 5042 2954 5108 Satira,
2984 5057 3066 5098 vs.
3099 5042 3189 5108 55,
3219 5055 3318 5113 pro
3343 5036 3841 5112 sapientibus,’phi-

2258 5111 2499 5189 losophis
2522 5112 2676 5189 ipsis.
2704 5113 2906 5189 0nt-:1.r._.
3018 5183 3063 5189 __
3221 5111 3308 5189 ’_
3794 5179 3818 5189 γ’

2332 5180 2629 5251 Captivitati
2656 5193 2700 5237 et
2722 5184 2925 5237 servitio
2948 5183 3267 5251 subiugaret.
3294 5183 3368 5237 Ita
3393 5182 3536 5239 edidi
3568 5195 3666 5249 pro
3685 5180 3841 5250 capti-

2262 5241 2421 5308 vitate.
2455 5270 2527 5308 ex
2570 5254 2946 5309 emendatiOne
2996 5241 3059 5308 L'.
3103 5241 3438 5309 Bttnemauni
3485 5241 3839 5308 ad'Lacta'ut.

2263 5323 2421 5388 lust.,
2453 5324 2547 5379 lib.
2583 5340 2678 5387 vn,
2708 5340 2828 5394 cap.
2854 5324 2941 5380 15.
2969 5324 3133 5394 Cujus
3155 5326 3437 5379 locutionis
3457 5323 3704 5391 exempla
3733 5335 3843 5394 pas-

2267 5394 2367 5447 sim
2400 5395 2540 5465 apud
2571 5392 2930 5459 Lactaniium,
2963 5411 3015 5451 ν.
3047 5392 3098 5448 c.
3128 5410 3207 5458 ut.
3238 5410 3359 5464 cap.
3387 5395 3442 5460 8,
3470 5394 3654 5447 ditioni
3679 5392 3844 5465 sub]?

2266 5460 2520 5546 gerem,
2549 5466 2787 5546 cap-10,
2811 5467 2916 5546 legi
2937 5460 3333 5546 subjuggrezpe
3362 5467 3445 5546 Ira
3472 5465 3586 5528 Dei,
3607 5478 3732 5546 cap.
3763 5460 3840 5546 1'5.

2268 5536 2485 5609 imperio
2505 5537 2773 5609 ac_ditioni
2802 5537 3194 5609 subjugare._De
3221 5536 3379 5591 Mori.
3406 5536 3839 5593 Persecutorum,

2271 5604 2388 5677 cap.
2419 5606 2519 5661 23:
2549 5604 2735 5660 Censni
2758 5604 3053 5677 subjiigare.
3081 5605 3285 5663 ORBLL.

2345 5674 2629 5746 Passionis.
2664 5677 2739 5731 lta
2757 5674 2893 5734 Cod.
2913 5674 3026 5733 ‘ms.
3066 5678 3170 5732 Alii
3202 5693 3488 5746 possumus.
3516 5676 3722 5731 OnsLL;

2346 5745 2437 5821 Vl,
2480 5778 2552 5791 -ι
2591 5746 2739 5803 Bella
2774 5791 2786 5802 .
2822 5790 2836 5804 .
2875 5790 2887 5803 .
2925 5791 2939 5804 .
2973 5790 2985 5802 .
3039 5756 3151 5821 post
3203 5744 3438 5803 auditum
3489 5747 3748 5821 Christum
3797 5744 3845 5821 in

2273 5816 2463 5879 mundo
2516 5834 2617 5874 non
2646 5829 2845 5875 tantum
2895 5836 2998 5878 non
3039 5813 3225 5891 aucta,
3271 5834 3447 5875 verum
3501 5818 3648 5875 etiam
3689 5813 3850 5871 immi-
