3978 6274
119 349 215 410 729

1463 312 1677 411 iisan
1713 354 1987 417 PRIMUS.

3272 358 3375 414 750

123 476 298 526 nostra:
316 467 382 523 ob
410 466 659 523 invidiam
686 468 1036 535 commoveri,
1065 482 1171 524 non
1202 468 1270 524 sit
1292 466 1512 525 dilltcile
1534 485 1685 525 com-
1710 469 1759 531 A
1790 478 1875 526 tur
1924 481 1977 526 et
2024 473 2282 543 premitur
2322 472 2637 544 jamdudum
2683 473 2986 531 miseranda
3036 474 3380 533 mortalitas?

121 563 328 633 probare
372 568 493 631 post
535 559 775 615 auditum
803 559 1075 616 Christum
1107 562 1159 616 in
1190 561 1391 617 mundo
1420 576 1525 616 non
1568 572 1682 617 tan-

122 665 218 710 tum
244 669 343 708 non
366 662 540 716 aucta,
563 668 750 709 verum
779 655 939 709 etiam
964 653 1168 725 majore
1194 654 1262 710 de
1292 664 1445 725 parte
1469 665 1495 692 ἰ
1521 655 1683 710 furia-

120 763 223 803 rum
249 746 726 817 compressionibus
755 748 1053 803 imminuta.
1084 747 1217 802 Nam
1238 763 1360 802 cum
1405 749 1679 803 hominum

119 840 190 893 vis
217 846 349 893 tanta
413 837 733 909 magisteriis
778 838 895 908 ejus
933 841 1299 909 acceperimus
1343 856 1405 894 ac
1451 841 1678 913 legibus,

120 931 295 985 malum
322 929 460 984 malo
486 928 703 998 rependi
732 945 839 985 non
865 940 1141 1002 oportere,
1182 930 1427 1002 iujuriam
1476 932 1684 1003 perpeti

119 1038 259 1095 quam
276 1024 509 1093 irrogare
524 1038 645 1079 esse
668 1023 1037 1094 praestantius;
1062 1040 1215 1078 suum
1239 1024 1413 1094 potius
1438 1023 1681 1092 fundere,

120 1131 257 1187 quam
281 1116 454 1172 alieno
481 1117 718 1185 polluere
744 1131 935 1171 manus
959 1126 1014 1172 et
1039 1118 1423 1173 conscientiam
1450 1133 1642 1174 cruore
1666 1135 1682 1174 :

120 1208 261 1264 habet
279 1225 306 1263 a
325 1209 539 1266 Christo
567 1210 888 1267 beneﬁcium
910 1212 1223 1282 jamdudum
1254 1212 1401 1267 orbis
1425 1213 1683 1282 ingratus,

119 1319 203 1376 per
219 1320 366 1375 quem
399 1304 626 1359 feritatis
662 1305 866 1360 mollita
896 1315 977 1360 est
1004 1306 1201 1372 rabies,
1257 1315 1416 1376 atque
1461 1305 1685 1362 hostiles

119 1412 292 1451 manus
320 1396 569 1453 cohibere
609 1412 638 1451 a
667 1398 925 1468 sanguine
952 1400 1162 1469 cognati
1192 1397 1476 1453 animantis
1504 1413 1683 1454 occos-

120 1489 203 1557 pit.
220 1488 362 1555 Quod
380 1488 424 1543 si
447 1487 476 1526 ι’
496 1503 685 1544 omnes
702 1489 944 1556 omnino,
968 1490 1058 1560 qui
1083 1490 1327 1545 homines
1351 1505 1409 1545 se
1432 1506 1554 1547 esse
1576 1507 1681 1547 non

118 1577 278 1647 specie
322 1591 630 1649 corporum,
677 1578 773 1635 sed
815 1582 1037 1635 rationis
1066 1582 1367 1653 intelligunt
1394 1592 1682 1653 potesmte,

117 1669 409 1725 salutaribus
448 1671 566 1741 ejus
606 1670 952 1743 paciﬁcisque
994 1672 1225 1729 decretis
1253 1689 1437 1730 aurem
1486 1676 1687 1731 vellent

117 1762 435 1819 commodare
465 1765 758 1835 paulisper,
788 1774 841 1820 et
870 1780 975 1821 non
1017 1764 1156 1822 l‘astu
1197 1776 1250 1822 et
1288 1768 1576 1838 supercilio
1604 1768 1685 1823 lu-

1787 563 2119 619 Seutentiam
2149 580 2236 620 me
2258 566 2433 636 poscis
2456 564 2579 619 huic
2607 565 2967 621 necessariam
3009 565 3141 620 nihil
3181 580 3378 622 causae.

1786 655 1971 726 Neque
2014 658 2156 713 enim
2191 672 2428 727 praesens
2453 668 2611 729 atque
2650 658 2703 713 in
2736 658 2978 714 manibus
3004 658 3173 728 posita
3202 658 3380 715 disce-

1787 751 1957 824 ptatio
1975 761 1995 789 ο
2021 750 2144 806 inid
2170 761 2378 820 sumpta
2402 761 2483 806 est
2509 765 2538 804 a
2562 765 2669 817 me,
2694 750 3134 816 utosteuderem,
3153 750 3238 806 vel
3255 766 3381 821 pro-

1788 843 1991 909 barem,
2043 843 2235 913 quibus
2283 857 2615 912 unaquaeque
2658 857 2746 897 res
2792 842 2969 898 causis
2998 850 3054 898 et
3081 843 3380 901 rationibus

1791 936 1943 988 tieret
1965 955 1977 989 :
2001 933 2093 988 sed
2125 944 2183 987 ut
2212 933 2491 988 maledicta
2521 934 2761 989 criminis
2789 933 2919 988 tanti
2947 934 3131 1004 procul
3162 949 3285 991 esse
3311 935 3382 992 ab

1790 1026 1946 1081 nobis
1975 1026 2334 1081 OSIenderem.
2383 1025 2535 1094 Quod
2576 1027 2619 1079 si
2649 1035 2866 1097 praesto,
2894 1026 2940 1080 si
2980 1026 3119 1082 iacto
3144 1035 3199 1082 et
3226 1042 3384 1098 argu-

1791 1119 1992 1173 mentis
2038 1118 2333 1188 insignibus
2368 1118 2443 1172 rei
2476 1118 2678 1173 veritas
2727 1117 3043 1188 explicatur.
3087 1116 3227 1174 unde
3273 1118 3382 1174 sint

1789 1208 1907 1264 haec
1933 1209 2093 1276 mala,
2118 1210 2199 1263 vel
2226 1225 2292 1264 ex
2317 1210 2510 1280 quibus
2526 1209 2794 1281 proﬂuant
2820 1209 3056 1267 fontibus
3080 1211 3382 1283 principiis-

1787 1316 1910 1373 que,
1944 1316 2049 1355 nou
2089 1316 2239 1357 curo.

1866 1392 1995 1448 Vlll.
2018 1395 2094 1447 Ac
2121 1409 2188 1448 ne
2211 1402 2388 1449 tamen
2406 1394 2628 1449 omnino
2651 1394 2777 1466 quid
2795 1394 2871 1456 ,de
2896 1395 3054 1451 rebus
3074 1395 3379 1467 hujusmodi

1786 1487 2035 1550 sentiam,
2062 1487 2193 1541 nihil
2208 1486 2389 1541 videar
2414 1488 2769 1559 interrogatus
2792 1504 3134 1560 expromere,
3158 1504 3377 1561 possum

1789 1578 1968 1635 dicere
2000 1598 2010 1630 :
2041 1578 2177 1647 Quid
2204 1580 2348 1634 enim
2377 1579 2422 1633 si
2452 1578 2625 1651 prima
2654 1581 2925 1647 materies,
2967 1596 3086 1651 quas
3114 1581 3169 1637 in
3195 1596 3380 1637 rerum

1788 1680 2018 1742 quatuor
2062 1671 2324 1727 elementa
2370 1671 2573 1742 digesta
2614 1680 2715 1739 est,
2766 1672 3106 1729 miseriarum
3136 1673 3377 1729 omnium

1788 1778 1978 1819 causas
2018 1762 2130 1817 suis
2171 1763 2409 1818 continet
2438 1764 2490 1818 in
2516 1763 2817 1819 rationibus
2845 1763 3148 1820 involutas?
3170 1763 3307 1831 Quid
3335 1763 3382 1819 si

117 1854 274 1922 minis,
306 1857 415 1910 suis
439 1857 618 1926 potius
646 1857 913 1922 sensibus,
945 1873 1104 1928 quam
1136 1858 1279 1913 illius
1307 1860 1682 1915 commonitio—
1710 1861 1759 1922 B
1785 1858 2022 1913 siderum
2069 1867 2246 1911 motus
2288 1858 2451 1914 certis
2504 1858 2694 1929 signis,
2745 1859 3004 1929 partibus,
3049 1860 3382 1931 temporibus

116 1946 251 2001 nibus
276 1946 555 2002 crederent
587 1964 602 2000 :
634 1949 918 2004 universus
942 1948 1256 2020 jamdudum
1281 1950 1429 2005 orbis
1470 1951 1684 2006 mitiora

117 2040 160 2093 in
184 2054 331 2110 opera
360 2042 639 2096 conversis
666 2042 851 2097 usibus
878 2042 1029 2106 ferri,
1060 2042 1444 2111 tranquillitate
1474 2043 1525 2096 in
1558 2044 1691 2099 mol-

115 2131 291 2188 lissima
317 2134 555 2205 degeret,
586 2145 639 2191 et
672 2135 723 2190 in
752 2135 1096 2191 concordiam
1123 2137 1434 2204 salutarem,
1452 2136 1687 2193 incorru-

115 2225 203 2295 ptis
228 2226 479 2282 foederum
509 2227 878 2283 sanctionibus
901 2229 1237 2284 conveniret.

171 2317 270 2373 Vll.
315 2318 417 2376 Sed
460 2320 510 2375 si
541 2336 635 2390 per
657 2335 769 2389 vos,
802 2320 1068 2390 inquiunt,
1102 2322 1237 2378 nihil
1268 2322 1427 2379 rebus
1477 2322 1680 2379 incom-

112 2410 327 2468 modatur
354 2412 626 2481 humanis,
658 2414 799 2471 unde
824 2424 949 2471 sunt
975 2415 1092 2472 haec
1122 2416 1281 2483 mala,
1304 2416 1498 2485 quibus
1525 2431 1682 2487 urge-

1787 1950 1942 2005 lineis
1966 1952 2179 2019 pariunt
2206 1948 2321 2005 haec
2350 1950 2511 2017 mala,
2554 1961 2607 2005 et
2633 1950 2890 2020 subjectis
2924 1949 3156 2007 alierum
3202 1951 3385 2007 vario-

1788 2058 1906 2099 rum
1933 2041 2306 2097 discriminum
2333 2041 2720 2097 necessitates?
2746 2041 2883 2108 Quid
2910 2042 2957 2097 si
2989 2042 3143 2097 statis
3170 2051 3383 2114 tempo-

1787 2137 1937 2194 ribus
1964 2152 2141 2192 rerum
2168 2135 2569 2192 vicissitudines
2600 2135 2753 2203 tiunt,
2785 2142 2944 2206 atque
2974 2145 3034 2191 ut
3076 2136 3130 2191 in
3173 2136 3380 2192 mariti-

1789 2231 1894 2286 mis
1924 2228 2166 2297 testibus,
2196 2227 2358 2283 modo
2385 2227 2637 2283 secundae
2662 2241 2750 2282 res
2778 2225 3024 2294 afﬂuunt,
3060 2227 3223 2283 modo
3264 2243 3383 2284 rur-

1790 2336 1881 2378 sus
1905 2323 2139 2377 retluuut
2167 2320 2321 2375 malis
2347 2317 2807 2390 reciprocantibus
2848 2319 3143 2390 prospera?
3170 2317 3307 2388 Quid
3334 2320 3382 2375 si

1787 2415 2029 2471 materiae
2059 2412 2160 2467 faex
2188 2413 2308 2479 ista,
2339 2426 2499 2482 quam
2527 2409 2629 2465 sub
2656 2410 2857 2466 nostris
2880 2410 3150 2467 calcamus
3175 2410 3381 2483 ingres-

1330 2525 1717 2585 LECTIONES
1749 2524 2166 2582 VARIANTES.

165 2639 189 2703 ξ
219 2639 293 2703 ιω
309 2639 422 2703 Sub.
451 2639 530 2703 Es
567 2645 705 2703 parte
728 2634 834 2703 alii.
1855 2643 1878 2670 ο
1916 2636 2310 2701 Disceptatione.
2332 2639 2427 2687 Ms.
2462 2634 2725 2700 disputatio
2746 2635 2888 2687 Fulv.
2915 2634 3062 2689 Male.

163 2697 188 2739 ιι
216 2702 291 2753 Ita
312 2700 447 2753 Fulv.
473 2697 605 2763 Quid
626 2703 667 2752 si
705 2701 822 2753 Sab.

1465 2803 2027 2865 COMMENTARIUS.

116 2935 236 2981 nuta.
273 2925 589 2983 Simillimus
626 2926 777 2981 locus
820 2935 904 2982 est
932 2925 1245 2998 Tertulliani
1273 2926 1325 2980 in
1361 2926 1667 2998 Apologet.,

116 3011 157 3073 ρ.
182 2998 261 3073 i0.
296 3017 315 3049 ι
351 2997 414 3054 Et
447 3010 650 3073 tamen,
681 2999 726 3052 si
758 2999 1014 3068 pristinas
1051 2997 1231 3073 clades
1267 2992 1664 3073 corripui-emus,
1770 2992 2025 3073 blegavit,
2060 2994 2188 3049 525.
2221 2994 2495 3073 Ocusasn.

115 3067 290 3141 leviora
321 3085 459 3125 nunc
487 3062 773 3128 accidunt;
789 3085 855 3123 ex
886 3084 992 3139 quo
1028 3068 1352 3141 christianos
1373 3062 1411 3141 Aa
1431 3068 1557 3141 ‘Deo
1575 3082 1664 3121 oro
1719 3136 1750 3141 _
1855 3062 1914 3117 Si
1942 3069 2079 3141 facto
2110 3076 2175 3141 ct_
2196 3069 2509 3141 argumentis
2532 3068 2816 3141 insignibus
2858 3070 2933 3123 rei
2972 3073 3158 3126 veritas
3198 3071 3377 3141 expli-

117 3138 188 3192 bis
208 3142 424 3213 accepit.
457 3141 540 3196 Ex
564 3156 634 3213 eo
660 3141 803 3195 enim
835 3133 1135 3213 innocentia
1165 3139 1347 3193 saeculi
1372 3138 1677 3213 iniquitates
1706 3136 1751 3199 C
1782 3143 1945 3213 catur.
1978 3133 2105 3213 J_ac._
2136 3133 2409 3213 cuiacius
2431 3133 2655 3208 legend:
2683 3140 2827 3213 conj.
2858 3141 2904 3195 si
2934 3145 3079 3213 faxo,
3109 3150 3166 3194 ut
3212 3133 3374 3213 argu-

119 3211 426 3279 teinperavit,
458 3221 518 3266 et
545 3210 924 3277 deprecatores
952 3211 1044 3264 Dei
1070 3224 1190 3265 esse
1226 3220 1527 3278 «cperunt.
1558 3230 1577 3263 ι
1614 3210 1682 3264 Et
1784 3207 1963 3279 fucatis
2004 3207 2291 3274 insignibus
2335 3208 2409 3260 rei
2458 3207 2644 3264 veritas
2687 3207 2988 3279 explicetur.
3044 3207 3294 3266 ΙΙειιΑιυῖ
3310 3242 3384 3253 --

117 3274 312 3335 omnino
357 3274 570 3337 veteres
610 3274 866 3336 Ecclesia:
905 3281 1093 3335 Patres
1134 3274 1378 3350 pacatum
1424 3282 1525 3335 sub
1570 3284 1678 3334 Au-
1783 3274 1865 3351 ﬁt
1896 3279 2211 3351 mutandum
2239 3297 2251 3333 :
2279 3282 2436 3350 facta,
2471 3281 2508 3335 i.
2541 3296 2591 3336 e.
2617 3274 2881 3347 exemplis
2910 3282 2961 3336 in
2990 3283 3131 3335 facto
3164 3283 3374 3351 positis,

118 3364 253 3417 guSto
280 3353 506 3423 ejusque
544 3353 963 3423 successoribus
985 3344 1171 3405 urbem
1202 3352 1404 3406 Clit-isti
1439 3353 1492 3406 in
1524 3351 1682 3423 terris
1787 3344 2129 3415 Tliatsaclien,
2180 3360 2235 3403 ut
2263 3344 2583 3418 sarpissime.
2611 3344 2797 3407 Behot.
2841 3354 2887 3406 si
2929 3353 3067 3422 [acto
3112 3344 3380 3423 e'glossel

118 3422 421 3494 apparitioui
475 3435 769 3494 tamquam
806 3422 1096 3494 praecipuae
1148 3438 1326 3478 causae
1383 3422 1680 3478 ascribunt.
1785 3428 1929 3494 [uale
1961 3431 2106 3494 putat
2138 3424 2422 3494 intextum
2452 3423 2754 3494 irrepsisse,
2797 3438 2919 3478 cum
2941 3423 3133 3478 absita

118 3486 233 3565 Yide
261 3494 367 3548 loca
398 3486 712 3565 Hieronymi
760 3486 823 3547 in'
848 3486 1045 3547 l’salin.
1080 3509 1241 3559 uiti,
1286 3504 1339 3565 et
1367 3494 1419 3547 in
1470 3508 1590 3564 cap.
1622 3508 1679 3550 ll.
1792 3486 1979 3565 Regio;
2018 3490 2167 3565 Dele}
2196 3493 2378 3565 itaque
2406 3507 2527 3565 cum
2560 3486 2810 3548 Meursio.
2834 3494 3037 3549 ORELL.

119 3558 251 3636 Isaia:
277 3565 504 3636 allegata
537 3558 1030 3636 ab'EImenborstio
1056 3565 1123 3617 ad
1155 3564 1208 3618 li.
1227 3558 1272 3619 ι.
1301 3563 1505 3636 (lusu.
1537 3558 1554 3564 ’
1859 3559 2094 3636 Vill._—_-
2121 3559 2243 3616 Suis
2268 3558 2522 3636 continet
2549 3565 2603 3618 in
2631 3565 2916 3636 rationibus
2943 3565 3215 3636 involutas.
3228 3562 3374 3636 ACod.

201 3631 403 3705 Cognati
453 3636 754 3689 animantis.
808 3634 886 3690 Ita
935 3634 1204 3690 Arnobius
1272 3635 1408 3689 iiil'ra
1470 3636 1563 3690 lib.
1615 3651 1680 3702 tl,
1788 3645 1930 3705 1118..Δ
1966 3631 2362 3705 Sitisgconlinel
2429 3635 2817 3705 irﬁlationibm,
2866 3644 2970 3690 etc.
3033 3634 3166 3702 Quae
3226 3634 3383 3692 lectio

120 3717 224 3771 cap.
253 3702 317 3762 {6
343 3725 357 3760 :
379 3708 679 3761 Animantia
720 3722 812 3760 nos
850 3722 976 3769 esse,
1021 3716 1111 3759 aut
1146 3707 1440 3759 consimilia
1468 3708 1682 3773 ca’teris,
1788 3702 2163 3775 atitcltabeiida
2193 3705 2353 3757 edita:
2376 3708 2428 3758 in
2456 3703 2813 3760 Rotationibus
2849 3705 3032 3775 (quam
3062 3716 3182 3775 post
3216 3706 3381 3763 Gele-

1770 2921 1977 2999 dissem.
2016 2922 2317 2999 Esgeodem
2347 2939 2547 2991 genere
2575 2935 2659 2982 est
2694 2927 2911 2982 ntortale
2938 2928 3154 2984 malum.
3190 2926 3372 2999 0vid.,

3212 3423 3369 3479 odice

119 3785 194 3829 aut
216 3794 309 3831 non
336 3780 562 3848 plurima
590 3776 865 3843 diﬁ'eritate
893 3777 1157 3831 distantia.
1193 3778 1572 3833 ELIENBORST.

182 3847 274 3912 Qui
299 3847 650 3903 lioiiiinesesse
672 3865 726 3901 se
746 3865 844 3901 non
861 3849 1026 3917 specie
1047 3864 1341 3915 corporum.
1393 3889 1405 3902 .
1454 3889 1466 3902 .
1512 3890 1527 3899 .
1574 3889 1586 3901 .
1635 3891 1645 3902 .

121 3916 401 3990 intelligunt.
426 3920 504 3975 Ita
526 3918 678 3974 Fulv.
698 3916 945 3984 Ursinus,
968 3920 1237 3975 Stewecb.
1256 3930 1303 3973 et
1327 3920 1606 3975 Meursius.
1631 3919 1686 3974 lii

120 3987 240 4059 Cod.
265 3987 362 4045 ins.
389 3994 544 4046 abest
567 4006 638 4045 se.
665 3990 868 4045 OasLL.
896 4018 967 4029 —
996 3992 1060 4045 Et
1085 4000 1263 4059 potest
1294 3992 1502 4054 abesse,
1535 4005 1684 4045 more

123 4058 224 4114 scil.
253 4059 595 4126 Graecorum,
629 4070 685 4115 ut
730 4062 865 4116 infra
908 4076 1026 4131 cap.
1054 4058 1126 4114 98
1165 4079 1179 4116 :
1223 4060 1473 4131 Deitatem
1518 4062 1686 4115 sortiti

124 4143 218 4202 esse
239 4134 472 4201 sentiunt,
496 4147 654 4202 quem
674 4133 846 4185 locum
875 4130 1078 4186 notatit
1100 4131 1245 4199 Lips.
1265 4130 1394 4186 Aut.
1426 4132 1597 4185 Lectt.
1630 4147 1687 4197 ii,

125 4197 170 4270 7.
196 4202 323 4257 Add.
356 4197 586 4258 Bentlei.
608 4204 673 4257 ad
700 4203 881 4257 Horat.
915 4220 953 4266 i,
980 4197 1274 4270 Epistfvu,
1297 4202 1387 4256 22.
1418 4201 1521 4256 Aut
1546 4203 1689 4256 enim

126 4266 270 4344 latine.
293 4273 489 4330 dicitur
514 4292 527 4328 :
548 4275 802 4328 hominem
824 4289 1018 4328 incesse
1030 4266 1290 4341 intelligo,
1317 4285 1408 4328 aut
1431 4288 1526 4343 per
1557 4289 1692 4344 εγω-

128 4340 333 4416 cisuiutn
367 4363 378 4398 :
410 4346 562 4416 homo
590 4362 696 4399 esse
724 4345 971 4416 intelligo.
1000 4344 1272 4399 Onusam.

189 4412 468 4484 Supercili'o
502 4415 726 4469 luminis.
764 4412 909 4470 Hanc
940 4415 1222 4471 lectionem
1254 4416 1489 4470 allirmat
1529 4415 1691 4471 etiam

129 4477 287 4558 C_o__deit
318 4503 420 4543 ms.
457 4486 636 4558 Quare
668 4487 833 4540 nolim
862 4502 981 4541 eam
1006 4498 1209 4542 temere
1239 4501 1465 4542 mutare.
1498 4490 1695 4558 Super-

130 4553 284 4628 ciliiim
323 4553 529 4612 luminis
575 4555 804 4611 fortasse
848 4558 1087 4627 appellat
1124 4558 1394 4613 Arnobius
1434 4553 1695 4628 arrogan-

133 4624 263 4699 tiam.
312 4644 413 4699 qua
444 4644 505 4683 se
547 4629 720 4682 credit
760 4624 953 4695 aliquis
988 4628 1200 4683 caeteris
1248 4624 1695 4699 perspicaciorem

223 4698 666 4783 ὁξυδιρῇέστατργ.
692 4698 930 4783 ῌειιΑῌω.
954 4728 1024 4783 τ
1041 4699 1231 4783 Geten.
1252 4698 1491 4783 minabat
1512 4716 1695 4783 super:

134 4766 605 4842 cilioiunu’diiquod
631 4771 1090 4842 habctﬁruobius
1110 4770 1242 4824 intra
1267 4770 1361 4824 lib.
1390 4786 1447 4834 tt,
1472 4766 1589 4842 cap.
1618 4772 1697 4835 1,)

134 4848 371 4911 sequente
396 4839 742 4897 Oberthtirio.
772 4839 1037 4895 Meursius
1065 4843 1232 4911 [astus
1260 4851 1304 4897 et
1325 4841 1585 4910 supercilii
1615 4842 1699 4895 lu-

136 4909 271 4963 mine.
298 4909 500 4969 OnsLL.

199 4978 398 5053 Mitiora
444 4986 496 5036 in
544 4998 700 5052 Opera
748 4982 1004 5038 conversis
1046 4982 1235 5053 usibus
1264 4982 1407 5051 ferri.
1464 4981 1701 5053 Respicit

138 5047 385 5123 Arnobius
409 5056 476 5108 ad
509 5047 683 5109 locum
709 5054 857 5108 Isaiae
884 5068 1002 5123 cap.
1035 5068 1093 5116 ll,
1126 5047 1494 5123 νηιξοιιειι.

207 5119 304 5176 VII.
345 5153 416 5163 —
459 5124 758 5179 Miseranda
797 5119 1100 5179 mortalitas.
1154 5122 1522 5179 Mortalitatcni
1568 5123 1700 5179 dicit

141 5187 429 5261 Arnobius,
498 5204 556 5249 ut
619 5196 983 5249 humanitatem
1040 5195 1335 5258 Minucius,
1404 5194 1696 5249 humanum

141 5272 314 5336 genus.
358 5265 446 5321 Sic
485 5266 662 5321 infra:
696 5266 832 5319 Nunt
862 5265 1001 5320 Deus
1038 5268 1354 5336 omnipotens
1390 5276 1552 5319 mente
1594 5281 1700 5321 una

144 5334 350 5406 omnium
375 5348 421 5390 et
446 5338 700 5391 communi
728 5338 1051 5392 mortalitatis
1079 5334 1291 5391 assensu
1322 5353 1480 5406 neque
1503 5337 1700 5405 genitus

142 5403 302 5483 scitur,
330 5418 456 5483 etc.;
481 5418 529 5463 et
563 5409 656 5483 lib.
690 5424 763 5462 iv:
791 5407 853 5483 lit
880 5410 1205 5483 (ηιάιιιὶεροει
1222 5409 1321 5463 ista
1340 5403 1535 5483 mirari,
1564 5407 1699 5483 unde

146 5478 358 5549 oriantur
384 5479 489 5533 hac
518 5481 676 5543 mala,
717 5480 897 5545 quibus
933 5480 1210 5533 inundatur
1238 5490 1284 5533 et
1324 5478 1567 5549 premitur
1592 5481 1702 5534 sine

148 5542 243 5595 ulla
269 5546 630 5603 intermissione
657 5542 962 5603 ineruditus.
999 5550 1238 5604 lienam.
1262 5542 1334 5591 -ἷ
1361 5549 1435 5604 Ita
1478 5560 1531 5603 et
1561 5549 1698 5603 Plin.

150 5607 274 5669 illst.
289 5616 406 5690 Nat.
425 5634 481 5686 tt,
499 5621 558 5674 7:
584 5619 814 5690 Fragilis
834 5620 1087 5674 laboriosa
1109 5622 1407 5683 mortalitas,
1433 5632 1485 5674 et
1511 5622 1698 5675 eodem

150 5694 258 5764 (ηρ.
284 5686 310 5757 §
338 5688 429 5764 22,
456 5686 740 5764 iiitproritl'a
759 5692 1066 5764 mortalitas.
1085 5693 1285 5747 ORELL.
1303 5722 1375 5733 —
1394 5692 1531 5746 Add.
1562 5692 1699 5747 Plin.

153 5760 293 5823 min.,
322 5760 476 5828 epist.
504 5778 573 5826 v1,
605 5762 677 5818 20
701 5780 714 5817 :
744 5760 866 5816 Nisi
886 5779 964 5817 me
988 5778 1100 5816 cuiu
1119 5766 1367 5828 omnibus,
1403 5763 1573 5817 omnia
1594 5780 1699 5815 ine-

157 5837 274 5892 cum,
309 5830 502 5904 misero,
533 5846 717 5907 magno
746 5844 912 5890 tamen
950 5834 1274 5889 mortalitatis
1311 5833 1494 5889 solatio
1531 5836 1701 5889 credi-

1719 4519 1774 4580 D

1791 3773 1938 3846 nium
1968 3788 2159 3846 omnes
2187 3774 2355 3846 secuti
2388 3783 2532 3839 sunt,
2566 3785 2796 3842 excepto
2822 3773 3119 3846 H‘eraldo),
3150 3777 3274 3846 quia
3300 3780 3379 3831 si-

1788 3842 2010 3913 gniﬁcat
2068 3843 2266 3912 aliquid
2316 3846 2366 3897 iu
2414 3860 2476 3898 ea
2523 3861 2643 3901 esse
2686 3846 2988 3911 occultum,
3051 3842 3193 3915 quod
3242 3849 3381 3904 mala

1793 3922 2047 3982 provocet
2074 3924 2232 3983 atque
2263 3915 2457 3970 irritet.
2488 3915 2542 3972 Si
2575 3916 2702 3983 quid
2752 3926 2927 3971 tamen
2960 3920 3299 3983 mutandum,
3327 3920 3382 3974 in

1793 3933 2047 3982 provocet
2074 3933 2232 3983 atque
2263 3933 2457 3970 ll'l'tlel.
2488 3933 2542 3972 bl
2613 3933 2702 3970 uia
2752 3933 2927 3971 tamen
2960 3933 3299 3983 mutanuum,
3327 3936 3378 3974 in

1791 3984 2072 4060 nationibus
2120 3986 2287 4060 magis
2332 3987 2546 4042 vellem.
2575 3933 2942 4060 ?Just.Lips.
2986 3988 3040 4041 in
3081 3987 3378 4060 Physiolog.

1794 4054 1952 4128 ξιοὶεἲ
1983 4055 2074 4128 lib.
2108 4071 2142 4116 i,
2176 4053 2393 4128 Dissert.
2426 4073 2542 4121 xw,
2588 4053 2642 4128 p.
2691 4057 2815 4113 568.
2864 4053 3020 4127 Oper.
3055 4053 3265 4125 volfitt,
3295 4053 3380 4115 ed.

1804 4123 2000 4200 γεω-1.)
2020 4124 2344 4200 Iri'itationes
2370 4134 2547 4199 itaque
2571 4123 2744 4184 active
2763 4131 2815 4191 1,
2841 4123 2921 4200 q.,
2945 4131 3074 4184 uires
3102 4123 3381 4195 irritaiites,

1794 4196 1876 4267 die
1921 4196 2248 4267 bewegeiideu
2292 4196 2496 4265 Kraftc.
2552 4201 2656 4255 Sed
2689 4196 2917 4267 praefero
2949 4200 3381 4257 emendationem

1794 4265 2037 4334 lleraldi,
2056 4265 2156 4322 'vel
2185 4270 2358 4337 potius
2386 4269 2626 4339 Cauteri,
2659 4265 2711 4324 in
2740 4270 3045 4327 rationibus.
3076 4270 3149 4324 Ita
3180 4270 3383 4326 Lucre-

1796 4340 1922 4402 tius,
1954 4339 2046 4393 lib.
2082 4354 2137 4403 v,
2185 4356 2264 4395 vs.
2302 4340 2461 4401 1182.
2492 4340 2624 4396 dicit
2650 4343 2762 4396 ειειὶ
2804 4342 3055 4403 rationes.
3098 4342 3134 4395 i.
3165 4356 3215 4396 c.
3259 4341 3385 4397 caeli

1796 4420 1974 4475 imitus
2006 4420 2175 4473 ratos,
2210 4423 2354 4465 ratos
2382 4423 2647 4466 astrorum
2678 4411 2917 4475 ordines,
2949 4422 3111 4481 atque
3135 4412 3202 4465 ab
3234 4414 3382 4468 omni

1798 4482 2100 4537 aeternitate
2131 4481 2492 4537 itninutabiles
2518 4496 2730 4545 cursus,
2764 4490 2823 4534 ut
2865 4480 3039 4550 expl;
3062 4480 3378 4537 Lambinus.

1802 4550 1963 4605 Verte
1991 4552 2151 4621 igitur
2176 4554 2229 4606 iis
2254 4552 2397 4606 iliren
2426 4553 2757 4621 bestinimteii,
2781 4548 2967 4621 ewigen
2998 4548 3256 4621 Gesetzeii.
3278 4550 3385 4605 Ro-

1801 4618 2224 4691 tatioues'essent
2250 4624 2378 4676 vires
2403 4632 2645 4685 rotantes,
2679 4618 3120 4691 Scliwungkraste.
3173 4619 3379 4676 Οιιειι..

1872 4690 2065 4757 Liiieis,
2100 4695 2135 4747 i.
2160 4709 2214 4762 q.
2247 4692 2766 4762 constellationibits.
2794 4692 2996 4746 ORELL.
3069 4761 3074 4762 ν
3140 4761 3145 4762 ν
3398 4700 3401 4703 ‘

1874 4762 2011 4829 Quid
2037 4764 2082 4816 si
2108 4759 2253 4816 statis
2283 4761 2604 4830 temporibus.
2633 4759 2768 4815 Cod.
2800 4777 2899 4818 ins.
2941 4761 3076 4828 Quid
3104 4761 3148 4817 si
3191 4763 3383 4818 testati:

1802 4834 2128 4903 temporibus,
2157 4834 2300 4888 unde
2328 4833 2534 4888 Theod.
2563 4831 2829 4891 Canterus
2849 4832 3055 4889 iecerat
3087 4832 3224 4902 Quid
3253 4835 3296 4889 si
3336 4845 3386 4890 et

1799 4912 1945 4975 statis
1974 4905 2296 4975 temporibus.
2327 4905 2529 4958 URELL.

1875 4973 2031 5028 Malis
2056 4973 2488 5047 reciprocantibus
2520 4991 2787 5045 prospera.
2818 4974 3065 5047 Proprie.
3092 4976 3127 5031 i.
3157 4992 3213 5047 e.
3232 4977 3385 5046 quasi

1800 5045 1995 5100 ﬂuctus
2044 5045 2428 5113 recipientibus
2465 5055 2521 5101 et
2568 5045 2990 5103 remittentibus.
3038 5048 3128 5103 Sic
3176 5045 3386 5102 Ennius

1800 5114 2145 5189 Andromeda
2191 5130 2279 5184 ap.
2313 5115 2541 5189 Nonium
2575 5136 2589 5170 :
2624 5116 2824 5189 Rursus
2859 5135 3067 5189 prorsus
3106 5120 3387 5189 reciprocat

1801 5188 1985 5257 ﬂuctus
2011 5189 2192 5255 ferant,
2234 5195 2289 5240 et
2317 5187 2470 5245 ibid..
2497 5202 2564 5243 ex
2604 5188 2710 5243 alio
2747 5187 3017 5258 scriptore
3059 5207 3072 5243 :
3107 5187 3389 5256 Reciproca

1801 5258 2049 5330 animum,
2078 5258 2306 5327 inquam,
2341 5258 2533 5322 odiose,
2575 5260 2666 5315 tibi
2713 5259 2922 5330 legend.
2961 5260 3204 5313 animam.
3239 5258 3387 5330 Ρω-

1842 5326 2099 5401 ιυίθριιιιιι
2132 5326 2353 5401 otnniuo
2396 5331 2721 5401 reciprocare
2753 5326 2987 5393 spiritum
3011 5371 3027 5393 ,
3077 5339 3135 5384 ut
3172 5328 3307 5383 infra
3334 5328 3388 5384 in

1844 5413 1910 5453 oc
1935 5398 2093 5453 libro.
2130 5400 2368 5455 lienam.
2401 5430 2472 5442 ——
2501 5398 2578 5456 Ad
2617 5399 2776 5455 verba
2811 5401 3163 5469 praecedentia
3210 5415 3389 5455 rursus

1802 5470 2027 5538 reﬂuunt
2054 5470 2315 5524 Meursius
2344 5472 2621 5536 observat,
2663 5486 2841 5523 rursus
2866 5472 3158 5538 antiquitus
3184 5469 3387 5524 dictum

1803 5540 1968 5595 fuisse
2025 5556 2123 5610 pro
2179 5558 2474 5606 retrorsum,
2507 5545 2677 5596 citatis
2730 5542 2991 5596 Donatum
3046 5542 3112 5596 ad
3164 5541 3384 5596 Terent.

1806 5613 2004 5682 Hecyr.
2038 5623 2143 5666 act.
2172 5628 2260 5678 ni,
2290 5627 2440 5667 scen.
2473 5614 2533 5666 t:

1929 5727 2182 5793 Trepidari
2206 5730 2386 5789 sentio,
2408 5727 2593 5778 cursari
2618 5738 2813 5776 rursum
2838 5738 3080 5791 prorsum.

1810 5834 2033 5890 Rursum
2055 5834 2257 5904 proprie
2281 5841 2438 5900 retro,
2471 5838 2704 5903 prorsum
2736 5841 2855 5889 ante
2883 5832 3160 5906 signiﬁcat.
3190 5830 3303 5890 Onr:
3377 5846 3406 5888 ι
3436 5844 3468 5886 t.
