3978 6310
140 364 247 422 757

1524 363 1728 427 LIBER
1769 367 2044 430 PRIMUS.

3330 373 3433 433 738

136 477 342 545 dicris,
371 484 433 533 et
459 485 698 549 ponant,
732 485 787 532 et
828 485 1081 549 repetant
1125 479 1233 536 iras
1260 497 1273 535 :
1302 490 1358 537 et
1384 483 1436 539 in
1465 484 1730 557 integrum
1764 505 1810 563 Α
1839 489 2013 544 cuncti
2041 487 2173 544 nihil
2194 488 2299 545 lani
2328 488 2526 546 habere
2551 487 2876 556 debuerunt,
2899 488 2944 544 si
2971 488 3237 546 malorum
3261 503 3430 546 causa

141 587 205 626 se
232 585 454 640 semper
476 568 835 625 oilensionum
858 572 1233 628 recordatione
1262 576 1569 633 reStituaut.

216 660 358 717 XVI.
399 662 909 733 Quamquam-istud
943 664 1084 734 quod
1111 664 1328 731 dicitur,
1360 670 1517 738 quale
1541 671 1612 725 sit
1641 688 1737 727 cx-

148 761 390 832 piicabili
436 777 542 817 non
594 772 773 834 potest
816 764 1308 835 comprehensione
1355 766 1627 837 cognosci.
1680 765 1739 820 Si

142 854 510 923 Alamannos,
545 855 739 912 Persas
766 857 967 912 idcirco
992 860 1278 914 voluerunt
1318 858 1562 923 devinci,
1596 857 1737 928 quod

142 947 453 1003 habitarent
473 956 529 1004 et
552 948 814 1020 degerent
845 950 896 1004 in
926 965 1113 1006 eorum
1144 950 1397 1021 gentibus
1425 949 1734 1014 christiani,

142 1038 600 1109 quemadmodum
654 1040 911 1096 Romanis
967 1042 1207 1099 tribuere
1256 1042 1566 1109 victoriam,
1616 1056 1737 1097 cum

146 1131 455 1187 habitarent
499 1140 555 1187 et
597 1132 857 1204 degerent
898 1135 952 1189 in
995 1149 1185 1190 eorum
1228 1151 1443 1207 quoque
1488 1135 1740 1206 gentibus

143 1223 472 1279 ebriatiani?
515 1223 574 1281 Si
599 1224 652 1279 in
682 1224 830 1290 Asia,
863 1226 1043 1299 Syria,
1078 1227 1285 1283 idcirco
1316 1243 1531 1293 mures,
1578 1236 1633 1283 et
1660 1227 1743 1282 lo—

143 1324 331 1370 castas
352 1314 707 1373 elici-vescere
737 1316 1105 1388 prodigialiter
1128 1320 1452 1387 voluerunt,
1483 1320 1626 1391 quod
1655 1335 1742 1374 ra-

145 1406 302 1462 tione
342 1408 607 1463 consimili
651 1408 954 1465 habitarent
985 1412 1037 1465 in
1059 1398 1258 1467 'eorum
1298 1411 1550 1483 gentibus
1588 1411 1730 1467 chri-

143 1502 309 1558 stiani
343 1522 359 1558 :
381 1504 433 1559 in
462 1503 715 1574 Hispania
737 1547 753 1572 ,
781 1504 951 1561 Gallia
977 1547 993 1572 ,
1018 1521 1117 1561 cur
1148 1508 1339 1562 eodem
1361 1516 1606 1577 tempore
1631 1505 1732 1561 bo-

145 1610 271 1650 rum
300 1594 434 1650 nihil
474 1605 658 1651 natum
689 1606 809 1665 est,
841 1613 963 1653 cum
996 1598 1264 1654 innumeri
1292 1601 1535 1656 viverent
1572 1601 1624 1654 in
1660 1600 1743 1655 his

144 1704 367 1761 quoque
392 1689 685 1759 provinciis
712 1690 1030 1746 christiani?
1067 1692 1122 1748 Si
1152 1692 1291 1763 apud
1322 1692 1546 1749 Getulos
1565 1733 1579 1757 ,
1611 1691 1745 1747 Tin-

142 1781 396 1853 guitanos
424 1781 582 1853 hujus
610 1783 689 1838 rei
719 1797 878 1838 causa
906 1784 1208 1840 siccitatem
1235 1786 1368 1841 satis
1406 1784 1741 1841 ariditatem-

1843 594 1944 633 nos
1985 594 2167 633 sumus
2197 595 2212 632 :
2244 579 2549 635 nationibus
2574 579 2718 634 enim
2747 593 2936 635 sumus
2976 582 3028 635 in
3070 582 3315 637 cunctis:
3344 588 3441 637 aut

1844 686 1965 727 cum
2003 671 2165 726 mixta
2198 672 2423 727 videatis
2462 686 2584 727 cum
2618 672 2976 728 incommodis
3020 674 3175 740 laeta,
3206 675 3441 732 desinite

1843 764 1999 818 nobis
2036 764 2309 820 ascribere
2356 763 2408 819 id
2450 765 2592 836 quod
2625 764 2851 822 oli'endit
2896 781 2985 823 res
3014 777 3221 824 vestras
3244 809 3260 834 ,
3307 782 3433 823 cum

1844 856 1978 911 nihil
2007 858 2144 912 hctis
2180 857 2480 914 ofliciamus
2510 866 2567 914 et
2607 859 2898 929 prosperis.
2947 858 3006 913 Si
3044 859 3187 915 enim
3232 873 3333 929 ego
3375 867 3436 916 ut

1844 950 1985 1005 male
2010 950 2080 1004 sit
2108 948 2248 1004 facio
2271 989 2286 1013 ,
2335 964 2432 1004 cur
2460 958 2518 1004 ut
2556 950 2696 1006 bene
2722 950 2825 1019 sit,
2858 965 2966 1005 non
2996 942 3207 1006 'obsto?
3246 948 3305 1005 Si
3332 992 3346 1016 ,
3377 956 3438 1006 ut

1845 1041 2021 1109 in0pia
2069 1055 2256 1110 magna
2300 1041 2404 1107 sit,
2451 1057 2630 1098 meum
2663 1057 2859 1098 nomen
2905 1043 2958 1097 in
2999 1056 3159 1097 causa
3184 1050 3268 1097 est
3298 1058 3312 1095 :
3340 1056 3438 1099 cur

1845 1134 1979 1188 nihil
2030 1134 2304 1203 impedio,
2350 1143 2408 1189 ut
2445 1134 2515 1189 sit
2554 1132 2807 1190 feracitas
2850 1133 3123 1189 maxima?
3165 1134 3266 1201 Si,
3297 1142 3355 1189 ut
3382 1132 3437 1188 in

1844 1226 2001 1282 bellis
2031 1226 2323 1297 accipiatur
2352 1227 2577 1293 vulnus,
2608 1243 2707 1297 ego
2735 1227 2886 1284 dicor
2907 1226 3101 1282 ali‘erre
3139 1225 3433 1294 fortunam,

1845 1335 1944 1375 cur
1963 1320 2170 1376 duclles
2200 1336 2322 1376 cum
2353 1330 2598 1391 pereunt,
2625 1321 2819 1375 lzevum
2842 1321 3124 1391 augurium
3156 1334 3264 1375 non
3291 1334 3437 1388 sum,

1847 1429 1947 1469 nec
1974 1413 2233 1470 adversus
2279 1429 2404 1484 spes
2444 1414 2615 1470 bonas
2647 1424 2672 1451 α
2704 1415 2832 1470 mali
2861 1414 3057 1471 ominis
3084 1414 3439 1470 obsctenitate

1849 1505 2099 1561 traducor
2115 1506 2138 1559 ?

1918 1597 2083 1654 XVII.
2117 1598 2184 1654 Et
2208 1607 2408 1668 tamen,
2442 1615 2475 1654 o
2505 1598 2683 1670 magni
2721 1597 2959 1654 cultores
2985 1608 3147 1668 atque
3173 1597 3442 1655 antistites

1849 1693 2127 1747 numinum
2154 1736 2170 1762 ,
2198 1708 2296 1749 cur
2321 1705 2379 1749 ut
2402 1692 2561 1749 irasci
2589 1692 2801 1763 populis
2830 1690 3142 1748 christianis
3164 1692 3440 1763 angustis-

1848 1785 2015 1841 simos
2037 1786 2159 1841 illos
2188 1787 2511 1842 asseveratis
2544 1786 2709 1852 deos,
2741 1785 2816 1841 ita
2845 1799 2950 1840 non
2979 1783 3295 1852 advertitis,
3332 1799 3441 1841 non

144 1892 252 1947 que
278 1876 562 1943 miserunt,
593 1892 659 1933 eo
679 1892 822 1933 anno
849 1893 946 1934 cur
968 1894 1174 1936 messes
1201 1880 1567 1952 amplissimas
1592 1880 1741 1936 Mau-
1772 1916 1821 1977 Β
1848 1877 2075 1944 videtis,
2110 1876 2335 1934 aﬂ‘ectus
2361 1893 2522 1948 quam
2562 1886 2746 1948 turpes
2770 1918 2786 1944 ,
2818 1893 2979 1948 quam
3021 1877 3305 1934 indecoras
3338 1892 3436 1932 nu-

148 1972 224 2023 ris
254 1966 694 2039 Nomadibusque
718 1971 1044 2039 tribuerunt,
1068 1987 1191 2028 cum
1220 1973 1412 2044 religio
1439 1974 1630 2029 similis
1657 1974 1743 2031 bis

143 2074 360 2130 quoque
385 2061 439 2116 in
468 2060 778 2132 regionibus
801 2072 1109 2120 verteretur
1133 2064 1158 2118 ?
1181 2064 1237 2121 Si
1272 2066 1324 2120 in
1352 2064 1578 2121 civitate
1608 2082 1741 2121 una-

142 2153 387 2223 qualibet
427 2154 568 2211 fame
615 2155 877 2226 plurimos
898 2158 1069 2214 emori
1114 2160 1288 2214 nostri
1330 2159 1567 2215 nominis
1593 2176 1744 2216 aver-

142 2244 301 2301 sione
327 2244 613 2313 fecerunt,
644 2262 741 2303 cur
781 2248 976 2305 ibidem
1024 2251 1319 2307 annonaria
1364 2252 1589 2309 caritate
1626 2268 1736 2309 non

141 2348 354 2394 tantum
379 2341 625 2412 corporis
656 2358 763 2397 non
787 2343 979 2411 nostri,
1009 2359 1195 2400 verum
1221 2344 1386 2401 etiam
1410 2344 1742 2401 christianos

138 2431 365 2491 ditiores
409 2442 464 2490 ct
502 2432 961 2505 locupletissimos
1002 2435 1391 2493 reddiderunt?
1433 2438 1543 2492 Aut
1583 2437 1745 2508 igitur

1849 1967 2086 2024 minibus
2134 1970 2441 2025 attribuatis
2487 1969 2760 2026 insanias?
2798 1969 2938 2038 Quid
2979 1978 3065 2026 est
3106 1972 3251 2025 enim
3295 1968 3441 2026 aliud

1845 2065 2036 2130 irasci,
2065 2080 2226 2137 quam
2253 2066 2490 2122 insanire
2516 2108 2531 2132 ,
2563 2081 2723 2137 quam
2752 2064 2933 2122 furere
2953 2107 2968 2130 ,
2995 2080 3157 2137 quam
3185 2067 3239 2121 in
3271 2064 3436 2121 ultio-

1845 2156 1932 2212 nis
1967 2155 2250 2213 libidinem
2283 2158 2432 2226 l'erri,
2467 2168 2524 2214 et
2553 2158 2606 2213 in
2645 2157 2867 2214 alterius
2895 2157 3100 2213 doloris
3125 2172 3335 2225 cruces,
3365 2155 3448 2213 cf-

1843 2247 2003 2305 ferati
2050 2249 2284 2319 pectoris
2334 2248 2665 2306 alienatione
2702 2248 2996 2306 bacchari?
3036 2248 3149 2306 Hoc
3191 2265 3321 2322 ergo
3368 2248 3446 2306 dii

1846 2340 2028 2413 magni
2058 2351 2277 2409 norunt,
2308 2342 2706 2413 perpetiuntur,
2740 2354 2795 2398 et
2823 2342 3083 2409 sentiunt,
3112 2341 3257 2414 quod
3291 2341 3444 2412 ferae,

1848 2434 1995 2506 quod
2023 2434 2242 2504 bellum,
2268 2435 2415 2507 quod
2443 2436 2736 2494 mortifera:
2772 2437 3051 2494 continent
3084 2446 3352 2495 venenato
3390 2439 3445 2495 in

1369 2577 1746 2635 LECTIONES
1782 2575 2198 2634 VARIANTES.

204 2712 234 2743 ⁸
254 2713 373 2774 Ms,
395 2710 445 2761 in
475 2710 722 2776 adversas,
747 2716 838 2764 etc.
872 2709 1035 2775 Fulv.,
1059 2727 1154 2765 nec
1186 2713 1415 2766 adversas
1437 2728 1523 2767 res
1544 2716 1716 2767 bonas.

1825 2710 1947 2773 Alii,
1983 2727 2079 2766 nec
2099 2715 2333 2767 adversas
2369 2727 2489 2780 spes
2524 2716 2680 2767 bonas
2710 2728 2777 2766 m.
2805 2728 2855 2766 ο.
2877 2714 3201 2767 obscoenitate
3226 2684 3463 2766 tradueo.

1497 2822 2056 2881 COMMENTARIUS.

212 2962 283 3018 In
329 2963 582 3033 integrum
610 2976 706 3033 _seg
737 2977 932 3032 semper
982 2960 1326 3029 oITensionum
1376 2960 1734 3017 recordatione

137 3030 452 3092 restituant.
494 3032 569 3087 Ita
599 3030 733 3103 God.
762 3030 888 3099 ms},
910 3049 1027 3093 utne
1052 3033 1212 3088 lectio
1251 3047 1417 3103 quare
1443 3033 1734 3088 deferenda

137 3109 247 3173 sit,
280 3121 385 3159 non
418 3103 593 3159 video.
628 3102 783 3157 Fulv.
829 3103 1053 3158 Ursinus
1083 3120 1097 3157 :
1130 3105 1184 3158 in
1222 3102 1476 3172 integrum
1516 3120 1622 3159 sese
1650 3121 1740 3173 per

141 3176 486 3243 oﬂ'ensianum
508 3174 933 3239 recordationem,
960 3182 1065 3228 etc.
1083 3173 1209 3229 Vult
1236 3175 1415 3229 dicere
1446 3176 1737 3239 Arnobius.

138 3249 279 3303 deos
316 3260 440 3301 esse
480 3253 669 3299 natura
719 3246 884 3299 iratos
940 3255 992 3297 et
1038 3244 1323 3312 difﬁciles,
1375 3246 1509 3300 adeo
1554 3256 1641 3309 ut.
1694 3248 1736 3301 sl

138 3317 361 3386 quando
390 3314 750 3386 precibusvel
787 3316 1063 3370 sacriﬁciis
1092 3317 1289 3371 fuerint
1316 3318 1562 3384 mitigati.
1608 3332 1735 3371 mox

138 3384 552 3462 prima_statim_
588 3384 950 3462 oﬂ‘ens_iont_un_
988 3388 1366 3462 recordatione
1401 3388 1455 3440 in
1475 3388 1742 3462 integrum

137 3455 197 3516 ie
218 3459 512 3517 restituant,
539 3455 593 3510 h.
627 3473 678 3512 c.
703 3456 772 3512 ad
804 3457 1079 3526 pristinam
1105 3458 1451 3527 innatamque
1474 3455 1607 3526 ipsis
1633 3460 1741 3513 ira-

138 3530 357 3586 cundiae
410 3528 645 3582 indolem
690 3537 1050 3584 revertantur.
1105 3530 1211 3584 Pro
1264 3531 1455 3584 vicibus
1502 3530 1739 3584 ludicris.

140 3602 347 3657 Mcurs.
368 3599 425 3671 in
436 3596 660 3671 Gritico,
678 3598 774 3671 lib.
798 3614 893 3663 vn,
912 3614 1033 3669 cap.
1054 3599 1108 3663 9,
1133 3601 1418 3671 legendum
1441 3603 1744 3671 suspicatur

139 3671 376 3726 lubricis.
406 3668 522 3725 Non
552 3669 711 3725 male.
741 3668 945 3725 ORELL.

221 3740 457 3797 κνι-
485 3741 825 3811 Alamannos.
865 3740 1215 3811 Intelligenda
1262 3758 1369 3797 non
1411 3751 1556 3798 certa
1603 3742 1739 3799 Ger-

143 3813 345 3870 mania:
410 3809 734 3883 genshsed
795 3809 1191 3883 Germanorum
1261 3818 1407 3867 natio
1472 3814 1740 3880 universa,

143 3883 294 3951 quod
349 3883 593 3952 pluribus
620 3882 869 3937 Ostendit
913 3882 1210 3939 Salmasius
1252 3883 1320 3938 ad
1367 3885 1529 3939 verba
1575 3884 1743 3938 Flavii

148 3953 367 4023 Vanisci
416 3956 469 4009 in
510 3952 740 4023 Proculo
777 3953 974 4022 Script.
1024 3953 1159 4008 llist.
1201 3955 1427 4020 August.
1460 3996 1474 4015 .
1519 3955 1626 4009 vol.
1682 3970 1742 4017 ll,

142 4044 203 4097 p.
252 4025 352 4097 7p!
392 4043 407 4079 :
443 4023 578 4077 Nam
624 4022 969 4097 Alemannos,
1013 4026 1099 4097 qui
1134 4035 1251 4078 tunc
1281 4026 1452 4079 adhuc
1501 4023 1745 4097 Germani

144 4094 449 4152 dicebantur
472 4136 488 4159 ,
529 4110 629 4148 non
669 4095 778 4149 sine
810 4095 988 4164 gloria:
1014 4095 1287 4163 splendore
1323 4097 1557 4149 contriuit
1584 4137 1598 4156 ,
1643 4094 1745 4149 do.

142 4182 285 4224 cens
311 4166 671 4228 Alamannos,
725 4175 940 4235 gentem
966 4164 1273 4221 Germania:
1311 4166 1624 4235 populosam
1649 4208 1663 4230 ,
1692 4176 1748 4220 et

145 4241 235 4309 (ut
260 4238 449 4309 scribit
478 4234 962 4309 Aurelius’ilictor)
991 4252 1057 4291 ex
1081 4234 1476 4309 equomirilice
1506 4252 1746 4309 pugnan-

147 4305 261 4366 tem
299 4308 480 4377 (quos
520 4321 643 4362 cum
681 4305 968 4361 devicisset
1008 4322 1177 4373 pmpe
1225 4307 1459 4364 Motuum
1500 4305 1750 4362 (Isracel-

145 4384 235 4437 lus
254 4419 270 4442 .
300 4377 631 4434 Alamannici
660 4391 957 4448 Cognumeu
985 4381 1404 4448 assumpserat),
1440 4388 1623 4448 postea
1653 4378 1748 4432 toti

146 4450 458 4508 Germania:
500 4463 691 4503 nomen
723 4447 977 4511 dedisse,
1025 4464 1145 4516 quae
1176 4447 1247 4504 ab
1290 4450 1392 4504 illis
1433 4447 1749 4503 Alamannis

1762 3064 1809 3129 C

2510 3000 2522 3013 .
2563 2958 2629 3013 ad
2659 2958 2806 3015 Fest.
2835 2973 2891 3014 v.
2924 2958 3173 3015 duellum.
3206 2959 3409 3016 οκειι..
3446 2966 3449 2967 ⁷

1914 3032 2165 3085 Adversus
2207 3046 2323 3100 spes
2364 3031 2543 3085 bonas.
2576 3029 2678 3085 Ms.
2718 3031 2773 3083 in
2811 3031 3073 3103 aduersos.
3119 3030 3264 3103 Lego
3293 3031 3449 3087 inad-

1844 3119 2044 3172 versus,
2080 3103 2354 3172 quomodo
2380 3103 2573 3167 innnte,
2602 3103 2849 3172 incoram.
2885 3100 3174 3156 Msuasms.

1919 3170 2051 3227 Mali
2078 3170 2266 3243 ominis
2292 3172 2640 3226 obscoenitate.
2671 3171 2891 3243 Herald.
2917 3172 2970 3227 in
2996 3171 3152 3243 Curis
3173 3172 3448 3243 secundis,

1843 3246 2064 3300 insertis
2082 3242 2568 3299 Oltservationibus
2585 3244 2700 3297 suis
2724 3243 2777 3295 in
2805 3242 3053 3298 Salmasii
3089 3241 3180 3312 jus
3208 3241 3448 3300 Atticum

1842 3326 1899 3371 et
1930 3315 2231 3386 Romanum
2254 3358 2268 3382 ,
2303 3314 2504 3386 mavult
2557 3314 2681 3386 mali
2726 3313 2967 3368 nominis.
2998 3313 3292 3386 __Stevvech.
3342 3316 3447 3386 leg.

1844 3386 1994 3455 conj.
2027 3384 2152 3439 mali
2180 3385 2366 3441 ominis
2409 3384 2751 3448 obsctcvitate,
2796 3386 2969 3439 citans
2996 3382 3228 3455 Nonium
3257 3401 3308 3438 v.
3357 3382 3450 3439 ob-

1844 3454 2074 3519 ccevavit.
2110 3457 2264 3526 quasi
2304 3471 2566 3518 scaevum.
2600 3455 2798 3509 malum
2830 3470 2990 3526 omen
3018 3454 3216 3519 attulit,
3256 3470 3452 3511 scarus

1846 3530 2098 3583 nimirum
2128 3525 2142 3590 ,
2176 3528 2334 3582 lavas
2362 3537 2419 3582 et
2445 3528 2684 3589 sinister,
2718 3526 2754 3579 i.
2789 3541 2845 3595 q.
2877 3525 3140 3580 infaustus
3168 3526 3449 3594 signiﬁca-

1847 3601 1994 3654 tione
2022 3598 2215 3669 Grteca
2246 3616 2260 3652 :
2292 3613 2414 3652 nam
2445 3598 2585 3669 apud
2623 3596 2893 3669 Romanos
2922 3598 3075 3669 laeva,
3106 3597 3324 3652 sinistra
3346 3612 3450 3669 au-

1845 3671 1995 3741 guria
2025 3678 2191 3741 erant
2205 3668 2344 3724 bona
2376 3666 2674 3741 faustaque.
2719 3666 2845 3733 Sed,
2877 3677 2936 3722 ut
2967 3667 3102 3741 bene
3131 3678 3315 3741 monet
3342 3667 3451 3741 ﬂe-

1846 3738 2051 3803 raldus,
2082 3739 2214 3793 nihil
2239 3739 2576 3794 mutandum.
2601 3738 2877 3793 Obscaenus
2901 3738 3044 3792 enim
3067 3747 3119 3792 et
3154 3738 3454 3793 obsrcetinas

1850 3812 2068 3880 proprie
2096 3810 2165 3864 de
2191 3810 2461 3880 ominibus
2484 3810 2661 3871 malis,
2690 3823 2884 3877 nempe
2903 3810 3034 3880 quia
3062 3808 3313 3865 obscaena
3340 3825 3458 3864 omo

1850 3878 1936 3936 nia
1956 3878 2013 3935 ct
2036 3879 2176 3935 [mila
2200 3879 2438 3949 antiquis
2466 3881 2579 3934 visa
2612 3880 2787 3933 tristia
2818 3888 2874 3949 et
2899 3878 3152 3945 infausta,
3179 3889 3237 3934 ut
3265 3889 3453 3935 contra

1848 3968 1979 4022 pura
2015 3947 2346 4022 purgataque
2378 3950 2499 4004 lauta
2539 3948 2823 4022 ct_l‘elic_ia.
2856 3947 3129 4022 lta_Virgi_l
3177 3950 3381 4022 Georg.
3406 3966 3453 4022 ρ,

1847 4018 1928 4075 vs.
1947 4018 2502 4087 470,0bscwnicanes,
2520 4020 2610 4075 ubi
2623 4018 3222 4087 vid.Voss.ldem_.IEu.,
3242 4018 3452 4088 mﬁtﬁ,

1845 4093 1987 4153 262,
2023 4092 2289 4146 Obscaeme
2318 4092 2586 4157 volucres,
2614 4101 2669 4146 et
2702 4091 2918 4154 Festus,
2950 4107 3004 4156 v,
3039 4090 3456 4148 Alliensis:Dies

1848 4166 2077 4217 alliensis
2107 4162 2371 4233 dicebatur
2405 4162 2546 4233 apud
2577 4160 2834 4217 Romanos
2854 4161 3221 4218 obscwnissimi
3242 4161 3449 4233 ominis.

1848 4233 1931 4289 Cf.
1951 4234 2224 4298 eumdem,
2242 4249 2292 4288 v.
2315 4231 2480 4287 Oscus
2498 4243 2553 4288 et
2568 4234 2820 4297 Nonium,
2843 4249 2894 4288 ν.
2919 4232 3218 4289 Obscwnus.
3241 4232 3450 4303 Osann.

1920 4304 2088 4359 XVII.
2136 4333 2206 4344 —-
2246 4303 2512 4359 Antistites
2578 4306 2866 4358 numinum.
2946 4305 3239 4368 Antistites,
3297 4305 3333 4360 i.
3391 4318 3447 4368 α.

1851 4377 2159 4438 sacerdotes,
2203 4374 2277 4429 nil
2311 4378 2559 4445 atttplius.
2596 4376 2729 4430 Vide
2758 4385 3034 4430 auctorem
3068 4374 3452 4445 conlulaliouis

1856 4447 2294 4502 virulentissimzn
2323 4442 2852 4501 anirnachrsionum
2886 4446 3012 4514 Ant.
3061 4443 3317 4500 Cerceetii
3347 4444 3366 4514 (
3390 4442 3453 4499 D.

1839 2975 1938 3032 pro
1972 2960 2178 3025 bellum,
2209 2959 2319 3015 vid.
2351 2958 2502 3032 intpp

147 4523 295 4601 dicta
334 4530 419 4601 est
433 4562 462 4601 ,_
477 4530 532 4575 et
560 4534 703 4574 nunc
736 4519 934 4601 dicitur
957 4513 1545 4601 apud'lt‘rancogallns;
1587 4519 1748 4601 idque
1772 4536 1826 4596 ι)
1850 4517 2055 4601 ρειανίἱ
2123 4517 2199 4601 .a_d
2224 4515 2308 4571 Cl.
2334 4516 2585 4601 Salmasii
2615 4513 3301 4601 ruptasiinnTertulliauude
3330 4513 3458 4601 'Pal-

149 4593 353 4648 factum
394 4592 557 4646 inisse
583 4606 688 4647 non
718 4589 887 4660 multo
917 4598 1042 4644 ante
1082 4590 1321 4660 Vospisci
1352 4589 1589 4659 tetnpora
1616 4632 1631 4655 ,
1659 4589 1749 4660 qui

149 4675 640 4732 contemporaneus
675 4659 896 4732 Arnobii
924 4660 1081 4726 vixit,
1117 4659 1503 4729 imperantibus
1546 4659 1753 4732 Dioclef
1786 4672 1793 4677 '

151 4735 305 4788 tiano
335 4729 392 4788 et
437 4731 775 4803 Maximiano.
816 4729 931 4785 Non
973 4733 1273 4786 necessaria
1317 4732 1494 4803 itaque
1535 4731 1750 4787 Meursii

150 4803 468 4870 conjectura
491 4801 706 4856 Alanos.
731 4803 934 4856 OnnLL.

230 4869 295 4930 Si
329 4873 473 4939 apud
516 4872 722 4943 Getulos
761 4871 1119 4943 Tinguitanos.
1156 4872 1282 4927 llmc
1320 4881 1404 4927 cst
1442 4869 1751 4927 emendatio

152 4945 439 5001 verissima
479 4943 615 4998 Lud.
662 4941 933 4999 Carrionis
976 4941 1171 4997 merito
1202 4944 1252 4996 in
1287 4954 1498 4999 textum
1534 4954 1751 5010 recepta

151 5017 227 5071 ab
269 5014 479 5070 cditore
526 5013 810 5075 Leitlcnsi,
854 5014 1074 5081 probata
1117 5015 1276 5067 etiam
1327 5028 1357 5066 a
1403 5013 1639 5067 Livinmo
1683 5012 1753 5067 ad

150 5084 593 5157 Panegyr._Lat.,
628 5099 679 5153 p.
716 5083 840 5157 158,
867 5084 956 5157 eti.
990 5087 1245 5139 Arntzeu.
1275 5084 1460 5157 Lectio
1485 5084 1749 5157 antiqua:

151 5158 202 5212 si
229 5153 375 5225 apud
419 5154 623 5211 Getulos
662 5164 770 5208 tum
799 5155 1080 5224 Aquitanas
1116 5165 1232 5209 orta
1272 5155 1482 5209 videtur
1510 5168 1540 5207 a
1580 5153 1753 5208 scinlo

153 5224 610 5297 aliquoilibrario
655 5225 951 5297 Aquitanos
997 5225 1085 5280 hic
1129 5225 1472 5297 intrudente,
1524 5238 1645 5297 cum
1698 5224 1752 5278 in

154 5295 591 5368 praecedentibus
622 5296 801 5368 verbis
830 5295 970 5368 facta
995 5307 1140 5351 esset
1167 5295 1354 5351 Gallia:
1381 5295 1580 5368 mentio
1604 5334 1620 5359 ,
1650 5309 1748 5368 cu-_

151 5365 248 5439 jus
280 5368 552 5433 provincia
581 5375 698 5421 erat
725 5366 1138 5439 Aquitani_a._At
1167 5383 1298 5439 vero
1326 5367 1507 5439 verbis
1543 5367 1585 5419 si
1615 5365 1755 5435 apud

158 5436 376 5494 Getides
400 5479 418 5507 ,
446 5450 555 5494 etc.
583 5478 599 5504 ,
646 5436 837 5492 novam
878 5436 1154 5505 periodum
1180 5438 1441 5493 iuclroans
1482 5438 1755 5507 Arnobius

156 5511 402 5578 loquitur
428 5509 497 5565 de
528 5507 968 5578 ponulis,Ai‘ric:_c
1008 5508 1447 5575 septentrionalis
1488 5506 1755 5577 ejusmodi

158 5576 560 5637 ealamitatibus
599 5578 879 5633 infestatis.
912 5576 1113 5633 Οιιειι..

234 5649 392 5705 Nihil
420 5651 541 5704 (leti.
579 5650 674 5704 Ms.
714 5649 843 5704 nihil
868 5649 1059 5703 laetum.
1092 5649 1299 5706 Menas.
1319 5691 1335 5717 ,
1360 5650 1417 5704 in
1444 5648 1681 5719 Appcnd.

234 5720 472 5786 Duelles,
500 5720 542 5775 Ι.
571 5735 618 5775 e.
651 5720 838 5785 hostes,
864 5719 1017 5788 cujus
1045 5721 1291 5777 vocabuli
1319 5736 1482 5776 unum
1524 5719 1625 5775 hoc
1654 5720 1756 5774 Αἰ*-

160 5792 314 5850 nobii
331 5791 639 5860 exemplum
666 5792 794 5845 citat
818 5789 1043 5846 Gesner.
1070 5790 1122 5845 in
1144 5790 1442 5846 Thesauro.
1471 5789 1758 5860 Composi-

158 5881 251 5928 um
281 5861 561 5938 perduellis
585 5860 758 5918 multo
787 5861 1142 5933 frequentius.
1176 5863 1225 5919 A
1250 5861 1483 5918 duellum
1535 5863 1756 5935 antique

1853 4589 1949 4656 lio,
1994 4606 2046 4659 p.
2078 4581 2180 4659 147
2227 4603 2335 4659 sq.,
2385 4587 2602 4659 qui_h:_t_c
2631 4585 2719 4659 de‘
2743 4600 2803 4641 re
2834 4584 3033 4659 multus
3063 4592 3164 4659 est.
3185 4581 3290 4659 _lta
3330 4583 3453 4659 Liv.

1855 4652 2017 4725 Histf,
2049 4674 2088 4723 ι,
2120 4658 2153 4711 7
2180 4676 2193 4712 :
2218 4652 2419 4712 Potitii‘
2438 4656 2501 4710 ab
2536 4654 2779 4709 Evandro
2792 4654 2980 4725 cdocti
3022 4652 3272 4725 antistites
3296 4653 3457 4725 Asacri

1853 4732 1965 4802 ejus
1987 4723 2106 4802 per;
2125 4731 2313 4782 multas
2343 4735 2517 4782 wtates
2563 4730 2725 4796 fuere.
2775 4723 2862 4780 Cl.
2909 4724 3029 4779 loca
3066 4724 3229 4779 citata
3258 4723 3327 4781 ab
3354 4724 3455 4781 El-

1855 4797 2040 4856 menh.
2071 4797 2277 4854 OnsLL.

1924 4870 2030 4925 Cur
2059 4878 2113 4923 ut
2145 4869 2319 4923 irasci.
2356 4866 2425 4923 Ut
2455 4869 2821 4924 necessarium
2854 4865 2921 4921 ad
2951 4880 3169 4921 sensum
3210 4867 3452 4923 restituit

1804 4958 1819 4968 π
1854 4942 2028 4995 editor
2049 4939 2219 5010 Lugd.
2245 4939 2361 4993 Bat.
2380 4938 2567 5010 Behot.
2596 4938 2742 5008 conj.
2766 4938 2852 5009 qui
2878 4939 3029 5003 iraci,
3065 4952 3171 4993 non
3197 4940 3356 4994 male.
3375 4939 3452 4994 In.

1928 5010 2065 5077 Quid
2104 5009 2176 5064 est
2217 5010 2351 5063 enim
2394 5009 2538 5063 aliud
2575 5010 2757 5074 irasci,
2801 5025 2956 5080 quam
2996 5010 3260 5080 insanire.
3302 5026 3459 5079 quam

1853 5082 2023 5153 [urere
2046 5081 2070 5135 ?
2092 5080 2168 5153 Ita
2194 5080 2376 5153 Horat.
2403 5080 2575 5153 Epist.
2599 5096 2658 5147 ιι,
2685 5081 2739 5147 1,
2760 5079 2839 5136 ira
2880 5081 3027 5153 furor
3046 5079 3226 5153 brevis.
3251 5080 3459 5153 Seneca

1856 5150 1923 5207 de
1952 5154 2052 5217 Ira,
2086 5152 2180 5207 lib.
2205 5166 2241 5215 ι,
2275 5164 2325 5206 c.
2352 5151 2377 5205 l
2408 5170 2422 5206 :
2451 5150 2677 5220 Quidam
2704 5167 2732 5206 e
2756 5150 3070 5222 sapientibus
3098 5151 3231 5204 iram
3256 5150 3452 5222 brevem

1856 5224 2096 5278 dixerunt
2121 5223 2395 5276 insaniam.
2414 5218 3005 5280 Eanum—Cancrum
3034 5222 3315 5287 Arnobius,
3339 5222 3395 5276 lt.
3412 5218 3453 5275 l.

1861 5293 2100 5364 loquitur
2127 5309 2191 5348 ex
2219 5294 2487 5350 sententia
2511 5295 2835 5356 Stoicorum.
2860 5294 2951 5364 qui
2976 5290 3259 5362 benignam
3290 5301 3347 5364 et
3365 5291 3459 5364 be-_

1858 5359 2084 5420 neiicnm
2114 5374 2360 5420 naturam
2390 5365 2500 5423 Deo
2518 5366 2844 5429 tribuebant.
2861 5359 3091 5433 eumque
3106 5359 3274 5432 pOsse
3291 5359 3461 5419 irasci

1859 5435 2145 5491 negabant.
2190 5436 2434 5491 lienam.

1965 5523 1996 5560 η
2022 5508 2230 5562 alterius
2260 5507 2454 5563 doloris
2481 5522 2679 5571 cruces,
2710 5512 2815 5560 etc.
2856 5503 2932 5558 Ita
2972 5500 3260 5571 legendum
3285 5544 3300 5569 ,
3334 5517 3459 5558 cum

1862 5577 1932 5633 sit
1960 5579 2010 5632 in
2040 5578 2176 5633 Cod.
2196 5591 2297 5632 ms.
2317 5580 2505 5639 crucis,
2535 5570 2779 5639 scil.pro
2805 5589 2998 5628 cruces.
3032 5570 3311 5637 (Herald..
3334 5572 3460 5629 Cur.

1860 5649 2071 5703 secund.
2096 5648 2246 5703 Obss.
2279 5649 2333 5702 in
2357 5647 2633 5703 Salamasii
2660 5642 2761 5700 lus
2784 5645 2918 5711 Att.,
2938 5660 2992 5714 ρ.
3014 5642 3172 5713 600).
3197 5643 3464 5714 Meursius

1862 5721 1915 5774 in
1949 5720 2219 5791 Append.,
2251 5717 2535 5791 legendum
2557 5718 2895 5791 suspicatur;
2922 5713 2976 5769 in
2995 5714 3208 5791 alter-iu!
3232 5713 3460 5780 dolores,

1862 5783 2047 5857 trucis,
2073 5783 2270 5858 e/ferati
2295 5783 2512 5858 pectoris
2536 5783 2847 5858 alienatione
2877 5784 3139 5858 bacchari.
3166 5783 3371 5858 OasLL.

1937 5855 2051 5918 Hoc
2076 5855 2197 5933 ergo
2222 5855 2304 5914 dii
2320 5861 2495 5932 magni
2513 5865 2723 5915 norunt.
2759 5856 2992 5929 Norant,
3014 5855 3070 5913 b.
3097 5856 3137 5915 ι.
3166 5857 3206 5915 i.
3233 5873 3289 5933 q.
3312 5872 3467 5943 expe-

3490 5980 3551 6034 Α
