4020 6312
241 408 350 462 745

240 613 553 682 clamitant,
606 622 764 683 atque
787 613 841 669 in
864 613 1075 685 templis
1095 615 1203 683 jam
1242 613 1434 668 raritas
1461 628 1666 667 summa
1695 619 1780 668 est
1810 629 1827 667 :

238 706 423 778 jacent
470 707 703 778 antiqua:
760 706 961 764 derisui
1007 707 1327 763 ceremoniae
1357 746 1373 772 ,
1452 716 1510 763 et
1554 721 1828 763 sacron

244 891 554 948 stitiouibus
600 891 945 948 occiderunt:
995 892 1187 947 merito
1227 890 1519 946 humanum
1562 905 1729 962 genus
1755 898 1832 943 tot

246 987 587 1043 miseriarum
639 986 897 1058 angustiis
946 985 1234 1057 premitur,
1265 992 1344 1040 tot
1368 983 1610 1041 laborum
1636 998 1831 1040 excru-

246 1079 422 1135 ciatur
441 1076 717 1133 aerumnis.
764 1076 829 1132 Et
858 1076 1105 1132 homines
1134 1076 1347 1131 brutum
1369 1090 1535 1147 genus
1553 1115 1568 1141 ,
1612 1088 1667 1131 et
1690 1075 1831 1145 quod

250 1171 413 1227 silum
443 1170 544 1226 sub
567 1169 770 1225 lumine
814 1179 931 1235 est,
972 1169 1213 1225 caecitate
1241 1167 1475 1238 ingenita
1504 1176 1836 1238 nequeuntes

251 1264 436 1321 videre
454 1304 470 1329 ,
500 1262 700 1318 audent
724 1276 1037 1318 asseverare
1062 1261 1249 1317 furiosi
1269 1302 1287 1327 ,
1322 1258 1464 1332 quod
1496 1274 1589 1315 vos
1614 1260 1837 1315 credere

251 1373 363 1414 non
394 1356 708 1413 erubescitis
736 1357 875 1413 sani.

331 1450 497 1509 XXV.
544 1450 619 1508 Ac
644 1468 715 1508 ne
738 1452 858 1523 quis
877 1466 977 1507 nos
1005 1460 1182 1507 tamen
1207 1448 1500 1506 difﬁdentia
1529 1448 1840 1519 responsio.

253 1544 361 1610 nis,
392 1542 788 1613 tranquillitatis
813 1542 1084 1599 existimet
1114 1543 1250 1599 Deos
1276 1541 1479 1597 donare
1504 1541 1836 1608 muneribus,

252 1635 509 1692 innoxias
524 1635 819 1708 al‘lingere'll
842 1635 925 1692 his
946 1637 1349 1709 mentes,fatque
1374 1635 1443 1690 ab
1467 1635 1609 1691 omni
1636 1644 1841 1703 pertur-

251 1729 469 1786 batione
493 1728 745 1798 dimotas,
768 1729 1148 1799 concedamus,
1168 1731 1311 1786 sicut
1334 1728 1539 1785 libitum
1562 1729 1713 1786 vobis
1733 1736 1837 1796 est,

251 1823 536 1880 intendere
562 1823 615 1879 in
636 1838 737 1879 nos
758 1824 885 1891 iras,
913 1824 1225 1897 sanguinem
1253 1824 1374 1879 illos
1400 1824 1548 1879 sitire
1573 1833 1836 1891 nostrum,

250 1927 309 1974 ct
328 1917 640 1989 jamdudum
670 1932 769 1974 nos
797 1933 995 1990 cupere
1042 1918 1345 1974 mortalium
1400 1920 1720 1975 submovere
1772 1918 1840 1974 de

248 2011 483 2068 sacculis.
505 2010 612 2067 Sed
641 2011 684 2067 si
709 2027 813 2068 non
838 2020 922 2069 est
947 2012 1254 2079 molestum,
1285 2028 1388 2066 non
1416 2026 1598 2084 grave,
1626 2011 1670 2067 si
1695 2026 1841 2066 com-

246 2106 430 2161 munis
455 2105 613 2162 ollicii
646 2120 732 2162 res
756 2114 838 2161 est
858 2147 874 2172 ,
905 2121 1009 2160 non
1041 2121 1105 2161 ex
1134 2105 1326 2176 gratia,
1358 2105 1453 2161 sed
1480 2120 1546 2160 ex
1575 2119 1704 2159 vero
1728 2102 1841 2159 dis-

247 2200 571 2272 ceptationis
600 2200 756 2270 hujus
781 2200 1085 2271 disceptare
1111 2209 1398 2268 momenta,
1431 2199 1619 2255 audire
1639 2217 1668 2254 a
1689 2200 1842 2256 vobis

1561 408 1768 463 LIBER
1805 406 2076 464 PRIMUS.

239 538 361 577 rem
389 522 572 577 venire
591 521 646 577 in
674 520 925 577 invidiam
947 529 1345 592 compererunt,
1374 520 1713 592 negliguntur
1733 521 1828 589 dii,
1860 523 1906 582 A
1935 520 2272 588 exposcimus
2294 560 2307 582 ,
2361 534 2607 590 quaenam
2637 517 2705 574 sit
2754 519 2869 573 haec
2925 518 3093 584 ratio,
3144 531 3262 586 quae
3317 531 3475 572 causa
3495 557 3514 583 ,

1931 619 2150 680 pr0pter
2172 625 2331 681 quam
2359 611 2410 665 in
2440 624 2537 665 nos
2559 619 2762 665 tantum
2792 617 2845 663 et
2866 608 2940 664 dii
2963 609 3377 676 steviantsuperi
3397 650 3413 672 ,
3462 615 3517 662 et

1930 703 2162 775 asperati
2211 703 2458 759 homines
2498 702 2855 758 inardescant.
2888 700 3215 772 lieligioaes,
3247 699 3515 769 inquiunt,

152 794 155 795 ⁷
243 799 519 872 quondam
542 800 815 857 veterrimi
848 801 981 857 ritus
1007 800 1324 873 religionum
1352 814 1611 855 novarum
1643 814 1833 869 super-
1930 796 2142 866 impias,
2167 806 2329 866 atque
2353 795 2621 851 inauditos
2644 796 2819 851 cultus
2848 806 3110 850 terrarum
3140 795 3193 848 in
3223 795 3351 849 urbe
3380 803 3519 848 trac-

3412 405 3515 460 746

1934 892 2078 946 tatis.
2119 890 2278 958 Quid,
2321 906 2354 945 o
2398 892 2685 961 participes
2712 890 2954 955 rationis,
3002 887 3226 954 audetis,
3275 887 3519 943 homines

1934 984 2202 1056 proloqui,
2225 984 2346 1055 quid
2376 984 2604 1048 effutire,
2630 984 2756 1055 quid
2780 999 3026 1055 promere
3051 982 3348 1037 temeraria:
3376 981 3527 1037 vocis

1936 1077 2314 1147 desperatione
2341 1076 2597 1132 tentatis?
2631 1077 2793 1131 Deum
2819 1075 3138 1146 principem,
3164 1090 3340 1129 rerum
3362 1087 3526 1128 cunc-

1936 1182 2110 1227 tarum
2141 1185 2489 1242 quaecumque
2517 1180 2642 1225 sunt
2667 1170 2940 1225 dominum
2960 1211 2975 1234 ,
3020 1169 3383 1223 summitatem
3410 1182 3529 1222 om-

1940 1266 2084 1319 nium
2112 1280 2444 1319 summorum
2476 1264 2830 1329 obtinentem,
2862 1262 3108 1323 adorare,
3140 1262 3398 1331 obsequio
3437 1277 3529 1316 ve-

1941 1359 2164 1415 nerabili
2194 1360 2461 1420 invocare.
2489 1359 2540 1414 in
2563 1358 2724 1413 rebus
2749 1357 2903 1413 lcssis
2929 1357 3071 1422 totis,
3096 1365 3154 1411 ut
3173 1355 3243 1411 ita
3277 1356 3526 1421 dixerim,

1940 1452 2188 1508 sensibus
2231 1452 2562 1522 amplexari,
2612 1467 2837 1518 amare,
2879 1451 3187 1522 suspicere,
3215 1449 3535 1507 execrabilis

1938 1545 2128 1616 religio
2156 1553 2238 1599 est
2263 1555 2317 1600 et
2343 1544 2570 1600 infausta
2591 1587 2606 1610 ,
2641 1544 2931 1615 impietatis
2959 1552 3015 1599 et
3043 1542 3306 1614 sacrilegii
3336 1542 3490 1612 plena
3511 1582 3527 1608 ,

1941 1637 2277 1694 caerimonias
2322 1637 2614 1708 antiquitus
2660 1637 2934 1692 inStitutas
2987 1635 3244 1691 novitatis
3282 1649 3393 1689 sum
3443 1649 3536 1689 su-

1941 1731 2262 1802 perstitione
2288 1730 2694 1787 contaminans?

2015 1822 2204 1879 XXVI.
2234 1822 2467 1880 Hoccine
2493 1831 2597 1889 est,
2626 1837 2827 1894 quaeso,
2873 1821 3046 1877 audax
3089 1820 3220 1877 illud
3253 1821 3456 1877 facinus
3482 1830 3538 1878 et

1946 1917 2201 1983 immane,
2239 1927 2459 1989 promer
2482 1916 2621 1988 quod
2647 1917 2863 1973 maximi
2889 1916 3099 1973 cmlites
3123 1916 3343 1973 aculeos
3364 1917 3415 1971 in
3439 1933 3538 1973 nos

1945 2010 2228 2066 intendunt
2252 2012 2450 2066 irarum
2472 2018 2632 2081 atque
2657 2009 3079 2080 indignationum
3103 2010 3357 2065 suarum?
3377 2024 3538 2080 prop-

1946 2115 2027 2162 ter
2053 2105 2195 2176 quod
2221 2120 2318 2161 vos
2344 2105 2466 2175 ipsi,
2499 2121 2618 2159 cum
2649 2104 2814 2161 libido
2839 2104 3123 2160 incesserit
3145 2119 3308 2168 saeva,
3345 2105 3545 2159 exuitis

1947 2213 2046 2252 nos
2082 2198 2276 2261 bonis,
2336 2197 2701 2254 exterminatis
2749 2199 2933 2267 patriis
2984 2195 3242 2263 sedibus,
3290 2197 3539 2269 irrogatis

1499 2314 1879 2372 LECTIONES
1918 2313 2005 2368 VA
2014 2312 2330 2369 RIANTES.

321 2432 349 2462 ³
373 2432 610 2496 Aliigere.
646 2431 788 2484 Male.
814 2432 930 2483 Sub.

1619 2519 2178 2578 COMMENTARlUS.

253 2644 517 2710 pererunt,
533 2650 628 2710 vos
647 2635 784 2710 ipsos
802 2634 1054 2710 (gentiles
1074 2636 1219 2710 scil.)
1240 2637 1366 2691 velle
1385 2653 1489 2691 rem
1509 2644 1679 2708 (suam
1703 2639 1849 2710 scil.)

252 2706 428 2779 venire
445 2706 498 2779 in
524 2705 785 2779 invidiam.
851 2705 1010 2761 Tales
1037 2708 1287 2779 nimirum
1321 2705 1537 2779 agyrtas
1565 2719 1618 2763 et
1644 2705 1849 2763 servili;

250 2776 413 2833 culos
437 2777 506 2849 ob
536 2776 933 2849 mendicitatem
965 2792 1116 2831 snam
1147 2776 1425 2848 malasque
1450 2790 1624 2844 artes,
1655 2781 1851 2849 quibus

252 2848 527 2920 imperitis
568 2847 872 2902 hominibus
918 2848 1304 2918 imponi-bant,
1340 2847 1420 2904 ab
1467 2849 1600 2920 ipsis
1626 2847 1849 2905 deorum

253 2918 559 2975 cultoribus
587 2927 925 2992 contentptos
952 2929 1008 2992 et
1036 2934 1229 2976 emSos
1262 2920 1423 2975 luissri
1449 2963 1463 2983 ,
1490 2918 1569 2975 ex
1610 2921 1850 2992 plurimis

255 3001 506 3046 veterum
536 2991 856 3062 testimoniis
903 2991 1036 3062 satis
1082 3002 1312 3045 constat.
1354 2992 1474 3055 Vel,
1511 2994 1554 3046 si
1578 2991 1705 3062 quid
1735 3006 1852 3047 mu-

257 3062 483 3117 tandum
503 3101 517 3123 ,
564 3061 781 3116 mallem
812 3062 972 3132 plane
999 3060 1181 3117 delere
1213 3078 1507 3131 pronomen
1530 3060 1653 3130 vos,
1705 3073 1760 3115 ut
1787 3072 1856 3118 snt

255 3132 391 3204 uelle
427 3133 596 3187 venire
636 3134 689 3204 in
722 3134 1007 3195 invidiam;
1049 3134 1189 3187 idem
1239 3135 1379 3204 quod
1413 3135 1636 3203 simplex
1670 3134 1854 3188 venire.

268 3203 415 3257 Velle
434 3220 555 3257 cum
583 3202 845 3257 iuliuitivo
871 3204 1169 3273 sa-pissime
1191 3202 1427 3259 abundat
1456 3202 1595 3273 apud
1618 3216 1856 3260 veteres.

257 3275 343 3333 Ita
387 3290 474 3345 ap.
516 3274 825 3346 Petronium
853 3275 1140 3346 aliquoties
1174 3278 1314 3346 velle
1344 3277 1673 3346 pleonastice
1712 3277 1858 3341 posi-

260 3356 400 3413 tum,
436 3345 581 3401 verbi
612 3362 794 3414 causa,
829 3344 957 3416 cap.
980 3344 1078 3412 70,
1120 3346 1149 3417 §
1176 3347 1263 3402 10.
1286 3344 1409 3401 lam
1428 3359 1646 3415 coeperat
1672 3346 1863 3401 Fortu-

261 3426 389 3471 nata
415 3417 540 3471 velle
564 3419 772 3478 saltare,
805 3418 894 3471 ubi
928 3417 1047 3473 vide
1078 3417 1368 3474 Burmann.
1398 3428 1453 3474 et
1484 3420 1714 3474 indicem
1748 3422 1863 3473 An-

263 3488 491 3553 tonii,et
520 3490 765 3558 apposite
792 3489 1124 3564 adonostrum
1153 3490 1328 3545 locum
1355 3500 1565 3546 auctor.
1588 3490 1865 3564 Priapeia-

262 3574 411 3628 rum,
441 3574 608 3615 carm.
639 3575 808 3623 usu,
831 3575 910 3616 vs.
942 3560 976 3615 9
1002 3570 1052 3615 et
1079 3575 1163 3629 sq.
1194 3578 1208 3615 :

454 3674 520 3724 At
542 3686 630 3723 vos
662 3673 870 3736 amplius
894 3674 987 3724 hoc
1010 3673 1119 3725 loco
1144 3684 1320 3727 cavete

456 3736 725 3799 Quicquam
750 3749 940 3799 ponere
966 3752 978 3785 ε
1007 3750 1071 3787 ne
1097 3737 1433 3790 famelicorum

459 3799 534 3848 Ad
561 3798 640 3848 me
664 3799 809 3849 turba
833 3798 958 3848 velit
980 3812 1155 3849 cauum
1175 3803 1371 3853 venire.

266 3905 364 3962 ubi
392 3905 713 3979 velit_venire
740 3918 833 3970 pro
859 3906 1058 3979 veniat.
1105 3904 1307 3979 sensus
1347 3907 1526 3979 itaque
1557 3911 1866 3967 nostrirloci

266 3988 421 4047 esset
438 3993 450 4030 :
474 3974 640 4047 Wenn
670 3974 753 4047 siet
771 3974 971 4030 uterlten
995 3975 1119 4047 dass
1141 3977 1252 4029 iltre
1277 3974 1454 4032 Sac/te
1470 3980 1603 4047 (iure
1629 3979 1866 4042 Kﬁnstel,

268 4045 788 4117 iltrtOrukelgewerb)
809 4047 953 4099 ihrm
993 4045 1163 4100 Credit
1186 4048 1427 4103 verlteren
1464 4045 1628 4105 molle.
1661 4051 1863 4108 Οιιειι).

349 4116 697 4188 Negltguntur
722 4118 831 4190 dii,
866 4118 1321 4190 clamitant,atque
1346 4122 1398 4174 in
1425 4122 1627 4190 tentplis
1651 4124 1755 4189 iam
1784 4141 1870 4177 ra-

267 4190 401 4247 ritas
425 4187 622 4243 summa
646 4198 739 4243 est.
793 4187 1047 4244 Gelenius
1086 4187 1246 4244 solita
1275 4193 1508 4247 mutandi
1528 4187 1756 4250 libidine
1784 4210 1871 4247 sa-

268 4260 551 4319 nissimam
576 4258 935 4332 hanccodicis
966 4274 1067 4314 ms.
1090 4261 1372 4317 lectionem
1396 4262 1472 4318 sic
1500 4263 1867 4332 interpolavit:

273 4332 645 4406 Indignamur,
692 4330 1166 4406 declamitantque;
1194 4334 1249 4388 in
1278 4334 1502 4406 templis,
1530 4330 1652 4391 etc.
1671 4337 1867 4405 Etlitio,

272 4403 527 4476 princeps
554 4403 713 4476 habet
740 4404 943 4476 vitiose
972 4419 996 4476 ε.
1027 4403 1720 4476 ηεαιὶῃιιηιυνίάεειαηιίιαηι
1742 4451 1757 4474 ,
1786 4403 1868 4462 at;

273 4473 375 4543 aue
397 4476 450 4529 in
479 4475 715 4542 templis,
742 4485 845 4531 etc.
901 4473 1057 4548 Fulv.
1081 4473 1267 4548 _Ursin.
1297 4477 1401 4548 leg.
1433 4478 1575 4547 conj.
1619 4490 1723 4536 etc.
1747 4473 1872 4534 rcta-

276 4549 459 4602 mitam
487 4587 501 4609 ,
547 4562 750 4616 araeque

276 4619 460 4674 video.
488 4618 691 4673 Οιιειι..

349 4687 624 4745 Jacent....
682 4689 876 4764 derisui
901 4693 1253 4764 ‘cwremonite.
1291 4692 1403 4764 Hoc
1442 4702 1524 4750 est
1548 4703 1868 4764 contemptae

278 4769 409 4817 sunt
434 4773 487 4815 et
513 4762 796 4836 esposiue,
828 4760 1051 4836 objecta
1073 4762 1279 4819 dirisui.
1318 4763 1518 4828 lacere,
1554 4760 1865 4836 cemies'ap.

278 4842 493 4888 veteres
512 4832 579 4908 de
608 4832 766 4908 rebus
794 4834 1078 4908 neglectis,
1105 4838 1446 4908 contemptis,
1479 4838 1621 4908 quod
1652 4832 1867 4894 notissi-

278 4919 451 4960 mum.
501 4905 570 4957 At
616 4905 788 4958 rarior
818 4904 975 4972 hujus
1016 4905 1162 4959 verbi
1202 4904 1532 4963 constructio
1568 4924 1687 4965 cum
1717 4910 1873 4967 tertio

280 4989 435 5032 casu.
456 4972 531 5031 Ita
552 4974 644 5030 Sil.
674 4973 819 5042 ltal.,
850 4974 942 5030 lib.
971 4991 1062 5041 ιν,
1086 4991 1165 5031 vs.
1192 4976 1298 5033 646
1316 4988 1372 5034 et
1391 4993 1474 5048 sq.
1503 4996 1519 5035 :

699 5088 1005 5153 Quicumque
1026 5091 1189 5141 timeri

441 5149 553 5201 Dux
571 5152 705 5201 bello
728 5149 940 5215 poterat,
962 5152 1101 5203 fratri
1122 5153 1272 5217 jacet.

285 5256 342 5315 id
370 5265 473 5319 est,
501 5258 570 5312 ab
599 5274 665 5314 eo
694 5274 885 5325 ctesus,
919 5270 1189 5329 postratus
1217 5270 1318 5318 est.
1360 5261 1560 5321 Οιιειι.

365 5329 695 5405 Occiderunt.
742 5328 892 5405 FnIv.
920 5328 1151 5389 Ursinus
1181 5334 1389 5405 legend.
1432 5346 1617 5392 censet
1643 5337 1880 5392 concide-

285 5410 431 5480 runt.
478 5401 592 5480 Sed
635 5402 767 5457 bene
804 5402 961 5480 habet
984 5401 1273 5480 occiderunt
1301 5417 1353 5480 et
1385 5409 1550 5463 multo
1572 5420 1654 5464 est
1683 5409 1879 5480 signiﬁ-

288 5475 522 5529 cantius.
542 5472 749 5552 .ltnago
775 5475 890 5529 scil.
917 5476 1073 5531 ducta
1103 5478 1432 5552 a__.~itleribus
1454 5522 1468 5546 ,
1509 5496 1627 5552 quae
1651 5472 1764 5536 sole
1792 5496 1885 5536 ex-

289 5553 414 5600 orto
441 5542 716 5607 occidunt.
739 5558 1088 5603 evanescunt.
1121 5550 1324 5605 ORELL.

367 5613 436 5670 Et
469 5616 646 5669 merito
674 5618 953 5688 [tumultum
978 5635 1231 5688 genus....
1260 5630 1333 5675 tot
1374 5621 1603 5676 laborum
1626 5626 1888 5678 excrucia-

294 5696 381 5743 tur
405 5689 666 5761 (erumnis.
730 5686 1061 5761 Stewecltius
1092 5690 1371 5761 legendum
1398 5704 1585 5749 censet
1612 5711 1671 5750 eo
1710 5697 1781 5757 (id
1807 5704 1894 5752 est

294 5756 589 5830 eaprOpter)
629 5759 808 5834 merito
857 5756 1493 5834 Itumunum'genus.......
1540 5775 1614 5821 tot
1661 5767 1891 5822 laborum

295 5829 575 5906 egercetur
595 5829 870 5906 arumnis»,
901 5829 1445 5906 citansVirgilianum
1480 5836 1607 5892 illud
1633 5881 1646 5903 ,
1681 5839 1781 5894 Ab.
1812 5855 1891 5906 ιιι,

302 5900 464 5961 1821.
511 5900 648 5956 Puer
693 5900 872 5957 Iliacis
914 5904 1131 5958 exercite
1167 5900 1310 5973 satis,
1350 5918 1404 5965 et
1449 5900 1656 5978 Apulei.
1687 5900 1892 5977 Miles,

842 5997 1113 6059 PATROL.
1160 5998 1234 6058 V.

1951 2638 2045 2692 lib.
2075 2654 2124 2693 Vl
2153 2657 2165 2690 :
2197 2635 2399 2709 Psyche
2427 2638 2582 2693 tantis
2609 2641 2827 2694 exercita
2855 2641 3128 2705 (erumnis,
3171 2640 3312 2707 quod
3333 2640 3548 2709 elegan-

1952 2709 2056 2781 tius
2083 2709 2294 2779 quidem
2318 2720 2371 2764 et
2398 2711 2539 2764 bono
2560 2712 2820 2779 scriptore
2844 2712 3073 2781 dignius.
3101 2712 3204 2770 Sed
3234 2713 3284 2766 in
3315 2713 3553 2769 Arnobio

1952 2780 2087 2834 tales
2116 2781 2395 2848 elegantia:
2421 2796 2526 2834 non
2557 2783 2849 2845 exigendae.

2025 2850 2119 2925 Tot
2167 2852 2395 2904 laborum
2439 2855 3060 2925 excruciaturAterumnis.
3117 2853 3382 2909 Steweclt.
3438 2854 3548 2925 leg.

1951 2921 2095 2989 conj.
2128 2931 2389 2976 exercetur
2414 2925 2684 2989 (erumnis,
2737 2923 2965 2979 aﬂ'erens
2998 2926 3108 2976 lora
3137 2925 3274 2986 duo,
3323 2921 3551 2980 alterum

1952 2993 2185 3061 Apuleii,
2222 2993 2313 3046 lib.
2348 3009 2420 3046 vt.
2453 2993 2663 3064 Metam.
2702 2992 2899 3064 Psyche
2924 2996 3079 3049 tantis
3108 2998 3329 3051 exercita
3358 3012 3545 3050 terum-

1957 3064 2059 3129 nis,
2092 3064 2321 3118 alterum
2350 3064 2558 3136 Virgilii
2590 3063 2716 3120 Αῑιι.
2750 3080 2829 3133 ιιι,
2860 3081 2941 3130 vs,
2974 3066 3098 3120 182.

2612 3177 2741 3227 Nate
2760 3176 2923 3227 Iliacis
2946 3180 3167 3229 exercite
3190 3182 3326 3229 satis.

1964 3282 2067 3338 Sed
2099 3297 2203 3337 non
2236 3283 2413 3337 minus
2440 3282 2690 3351 frequens
2711 3298 2799 3351 ap.
2828 3279 3043 3337 Latium
3066 3283 3347 3338 excruciari
3372 3300 3557 3338 arum-

1965 3359 2078 3425 nis,
2126 3354 2455 3425 (egritudine,
2489 3354 2889 3425 sollicitudine,
2916 3355 3146 3409 miseriis.
3180 3353 3280 3425 [ΖΓ.
3336 3353 3555 3410 Terent.

1965 3424 2253 3479 Heautont.
2295 3441 2331 3489 ι,
2362 3424 2416 3490 ‘2,
2449 3441 2531 3479 vs.
2562 3426 2618 3489 4,
2650 3437 2696 3479 et
2731 3424 2845 3479 Cic.
2876 3424 3044 3495 Epist.
3080 3429 3143 3479 ad
3176 3424 3324 3479 Fam.
3358 3442 3469 3492 xw,
3498 3427 3552 3482 ‘5.

1967 3495 2154 3563 Itaque
2185 3498 2256 3550 uil
2280 3497 2612 3550 mutandum.
2646 3496 2848 3551 OBELL.

2041 3566 2106 3620 Et
2134 3568 2396 3630 homines,
2428 3567 2626 3621 brutum
2666 3584 2843 3637 genus.
2886 3566 3237 3637 Cannegieter
3276 3568 3380 3639 leg.
3407 3584 3554 3625 cens.

1969 3638 2035 3694 Ei
2059 3639 2314 3710 homines.
2347 3655 2450 3710 non
2481 3641 2636 3710 male.
2669 3641 2869 3693 (tunc.
2893 3670 2962 3679 —
2992 3639 3109 3693 Pari
3137 3654 3297 3693 sensu
3342 3638 3555 3710 llorat.,

1969 3710 2062 3765 lib.
2094 3710 2133 3764 l.
2173 3722 2274 3764 sat.
2306 3709 2360 3765 5.
2389 3709 2521 3763 dixit
2547 3708 2747 3763 Mutum
2776 3719 2822 3763 et
2849 3720 2994 3777 turpe
3015 3727 3183 3777 pecus.
3216 3711 3399 3766 Ριιιιιιι.

2040 3779 2269 3835 Furiasi.
2303 3780 2437 3835 Vide
2469 3790 2645 3835 notata
2676 3780 2740 3833 ad
2767 3781 2972 3835 initiqu
3000 3782 3188 3848 capitis
3216 3798 3251 3835 ι.
3279 3781 3484 3838 Οιιειι.

2039 3850 2206 3907 XXV.
2257 3882 2328 3891 —
2378 3850 2791 3905 Mortalium.....
2848 3852 2911 3905 de
2972 3853 3189 3907 θανουιίς.
3248 3852 3302 3907 ld
3356 3864 3439 3910 est
3491 3855 3555 3909 de

1969 3939 2148 3992 genere
2173 3924 2460 3976 mortalium
2483 3923 2721 3976 saeculum
2751 3937 2849 3992 pro
2874 3938 3102 3992 genere,
3136 3924 3337 3989 sobole,
3371 3927 3556 3979 multi-

1973 3992 2168 4064 tudine,
2197 3994 2491 4062 saepissime
2538 4002 2759 4063 usurpat
2808 3992 3110 4061 Lucretius,
3147 4009 3198 4047 v.
3245 4012 3321 4062 c.,
3352 3996 3444 4051 lib.
3477 4013 3557 4064 Ill,

1971 4064 2075 4120 6‘29
2097 4084 2110 4119 :
2144 4063 2377 4118 Priorum
2405 4064 2556 4118 stccla
2582 4066 2907 4133 scriptorum,
2930 4074 2987 4120 et
3014 4081 3071 4129 ll,
3096 4081 3177 4121 vs.
3204 4066 3290 4120 77.
3312 4063 3560 4122 Animam-

1971 4145 2074 4189 tum
2125 4138 2276 4191 swcla
2327 4136 2380 4189 in
2430 4138 2560 4189 brevi
2600 4137 2768 4205 spatio
2823 4146 3104 4192 mutantur.
3158 4136 3276 4190 Vid.
3323 4136 3550 4194 Gesner.

1971 4207 2026 4261 in
2052 4206 2330 4261 The~auro
2366 4215 2420 4262 et
2456 4224 2575 4277 qua:
2620 4207 2994 4263 annotabitnus
3038 4209 3173 4262 infra
3213 4208 3278 4263 ad
3320 4207 3414 4263 lib.
3444 4225 3551 4277 vn,

1971 4293 2019 4333 c.
2048 4277 2137 4333 9.4.
2170 4277 2370 4333 Οιιειι.

2045 4350 2402 4405 Summitatem
2427 4350 2650 4404 omnium
2673 4364 2982 4403 summorum
3002 4349 3323 4404 obtinentem.
3345 4349 3394 4404 ls
3413 4351 3557 4406 Deus

1972 4437 2096 4477 mox
2124 4438 2349 4475 summus
2369 4420 2583 4483 dicitur,
2610 4433 2715 4488 quo
2744 4420 2959 4473 nomine
2984 4427 3192 4475 veteres
3216 4420 3556 4489 appellarunt

1973 4509 2134 4548 unmn
2160 4491 2286 4547 illud
2314 4503 2363 4547 et
2388 4506 2692 4561 supremum
2726 4504 2942 4561 tinnien,
2967 4505 3144 4561 rerum
3179 4492 3413 4544 Omnium
3454 4508 3553 4545 au-

778 4588 793 4611 ,
834 4554 942 4602 etc.
990 4546 1095 4602 Sed
1131 4546 1622 4605 causam'ntutandi
1671 4552 1857 4607 nullan

1974 4546 2177 4619 ciorum
2217 4546 2271 4617 ot
2307 4546 2737 4634 gubernatorem.
2770 4546 3077 4628 Philosophi
3109 4560 3271 4613 Deum
3302 4561 3549 4634 opiﬁcem

1972 4632 2348 4699 nominabant,
2381 4633 2467 4687 alii
2499 4632 2680 4686 Jovem
2709 4641 2965 4684 aeternum
3018 4641 3066 4684 et
3107 4632 3555 4700 exsuperantissi-

1971 4723 2114 4762 mum
2134 4724 2148 4768 ;
2172 4705 2341 4760 Grzuci
2355 4709 2512 4758 etiam
2525 4701 2758 4773 ὕψιστον.
2784 4715 3153 4756 οιιιιιεοιετειι
3179 4702 3229 4756 in
3250 4718 3345 4756 van
3373 4701 3551 4759 Havet:

1975 4776 2061 4832 οε.
2089 4776 2212 4831 Litt.

2046 4847 2346 4902 Temeraria:
2385 4845 2519 4899 vocis
2563 4843 2929 4918 desperatione.
2969 4841 3124 4918 Fulv.
3174 4844 3398 4918 Ursinus
3445 4845 3550 4918 leg.

1973 4927 2157 4974 censet
2191 4917 2565 4987 disparatione,
2597 4914 2683 4968 alii
2713 4914 3076 4983 disceptatione
3104 4918 3261 4971 male.
3292 4914 3550 4984 Despera-

1975 4992 2065 5056 tia,
2095 4997 2152 5044 ut
2179 4985 2314 5043 bene
2346 4985 2559 5041 lleraltl.
2593 4987 2839 5055 explicat,
2874 4995 2955 5040 est
2984 4988 3189 5044 ἀπόνοια
3216 5002 3398 5042 eorum
3420 5031 3433 5049 ,
3461 4988 3552 5058 qui

1976 5062 2206 5116 divinam
2239 5062 2368 5112 iram
2390 5069 2733 5114 contemnere
2760 5068 3058 5127 t‘tnperttnt.
3090 5070 3143 5114 et
3162 5060 3317 5113 simul
3339 5076 3551 5114 tnitnem

1978 5132 2164 5189 salutis
2193 5145 2375 5185 curam
2408 5129 2660 5199 abjirere.
2698 5128 2990 5199 Desperatio
3014 5131 3147 5185 vocis
3173 5131 3450 5185 temerarim
3470 5141 3556 5187 est

1981 5204 2155 5274 itaque
2193 5217 2291 5255 vox
2326 5200 2606 5274 temeraria
2636 5199 2869 5274 hominis
2913 5203 3153 5274 scolerati
3196 5213 3246 5256 et
3288 5203 3353 5256 tle
3384 5204 3559 5274 salute

1980 5271 2085 5329 sui
2125 5288 2343 5344 prorsus
2394 5273 2760 5342 deSperantis,
2813 5272 2893 5325 ein
2938 5271 3253 5337 tollkultnes,
3302 5272 3563 5328 rucltloses

1986 5344 2155 5401 Wort.
2188 5344 2390 5400 Οιιειι..

2056 5416 2123 5471 In
2172 5418 2319 5470 rebus
2360 5415 2524 5484 fessis.
2555 5413 2723 5478 Infra,
2755 5413 2849 5468 lih.
2894 5430 2949 5469 ιιι
2980 5434 2992 5469 :
3026 5415 3300 5469 Inexorata
3325 5414 3568 5485 bene/icio

1987 5490 2209 5616 uitabam
2236 5489 2380 5614 {:2st
2417 5498 2567 5557 atque
2602 5486 2839 5541 invalidis
2866 5485 3032 5541 rebus.
3067 5485 3236 5541 liabet
3262 5501 3293 5541 a
3326 5486 3567 5558 Virgilio,

2066 5577 2118 5616 n.
2149 5575 2226 5616 ιιι.
2392 5576 2405 5612 :

2066 5577 2118 5616 n.
2149 5575 2226 5625 ιιι,
2262 5575 2362 5614 no
2392 5576 2405 5612 :

2145 5674 2298 5735 Quam
2320 5670 2468 5722 fessis
2487 5670 2634 5735 linem
2649 5672 2808 5735 rebus
2827 5668 2984 5735 ferat;
3018 5669 3150 5721 unde
3172 5671 3393 5723 laborum

2149 5731 2369 5788 Tentare
2390 5733 2626 5785 auxilium
2641 5733 2830 5796 iubeat.
2894 5731 3112 5783 Ηειλιι).

1998 5842 2133 5897 Add.
2163 5840 2365 5905 'l‘acit.,
2398 5837 2588 5896 Annal.
2621 5849 2716 5912 xv‘,
2757 5850 2808 5890 c.
2853 5836 2943 5891 50.
2992 5834 3452 5910 Diligeudumquc,
3500 5842 3587 5912 qui

2002 5915 2143 5986 fessis
2156 5912 2303 5968 rebus
2325 5919 2653 5966 succurreret.
2674 5907 2876 5969 Oet-zu.

3123 6004 3200 6072 ἔτι

3518 6068 3604 6124 λδ
