3978 6288
487 369 594 430 ⁸181

1625 366 1903 426 ARNOBII
1939 365 2303 423 ADVERSUS
2340 363 2613 422 GENTES

3666 364 3776 421 752

490 486 690 543 Faluas
709 528 723 551 ,
769 483 1142 554 civitatumque
1166 481 1384 554 genios,
1413 481 1504 554 qui
1535 481 1735 539 Pausos
1762 492 2075 538 reverentur
2099 489 2151 544 Α
2179 479 2412 536 numinis
2440 477 2841 549 majestatisqne
2870 483 3150 544 coeperunt
3179 492 3193 529 :
3221 489 3252 530 a
3295 487 3402 544 quo
3441 474 3612 544 ipsam
3660 474 3776 531 dei-

490 593 649 649 alqtte
705 579 967 634 Bellouas.
1016 575 1122 632 Nos
1175 579 1429 641 hebetes,
1459 577 1669 641 stolidi,
1704 576 1858 641 fatui,
1896 575 2071 631 obtusi

492 673 899 744 proiioniiamur
922 678 975 725 et
1002 668 1138 723 bruti
1173 687 1186 722 :
1243 674 1331 738 qui
1358 667 1659 724 dedidimus
1687 683 1787 723 nos
1817 668 1954 732 Deo,
1985 682 2076 722 cu-

490 767 579 838 jus
606 772 736 820 nutu
765 775 819 820 et
842 762 1062 818 arbitrio
1100 777 1262 817 omne
1301 761 1440 833 quod
1487 772 1599 827 est,
1651 769 1895 824 COItSlal,
1943 759 2076 814 etin

494 860 776 916 sententiae
826 873 937 914 sua:
981 856 1336 928 perpetuitate
1379 855 1610 910 deﬁxum
1660 865 1763 910 est.
1813 853 2081 909 Hanccine

497 953 814 1009 sententiam
843 950 1148 1023 promittis?
1176 948 1314 1004 hanc
1341 949 1509 1020 legem
1539 947 1917 1003 constituistis?
1945 948 2081 1000 lianc

499 1045 848 1116 promulgatis
881 1086 896 1109 ,
953 1052 1011 1098 ul.
1069 1042 1361 1098 hcitoribus
1417 1042 1676 1096 afﬁciatur
1737 1039 2081 1111 amplissimis

495 1138 736 1208 quisquis
774 1145 982 1192 vestros
1018 1136 1321 1191 ailoraverit
1373 1133 1661 1189 servulos?
1711 1147 1925 1187 crucem
1970 1145 2084 1186 me-

497 1241 681 1286 reatur
707 1241 1000 1286 extremam
1031 1228 1269 1300 quisquis
1294 1229 1446 1285 Vobis
1472 1229 1602 1297 ipsis
1625 1226 1858 1282 dominis
1879 1224 2084 1294 suppli-

498 1326 670 1383 carit?
696 1325 752 1380 ln
775 1323 1078 1380 civitatibus
1103 1324 1382 1390 maximis,
1423 1336 1584 1393 atque
1615 1323 1666 1376 in
1697 1319 2087 1391 potentioribus

497 1417 709 1489 populis
738 1432 891 1474 sacra
917 1417 1129 1490 publice
1170 1418 1299 1470 limit
1329 1416 1522 1471 scortis
1575 1413 1863 1469 meritoriis
1909 1428 2087 1482 quon-

499 1510 644 1572 dam.
675 1519 834 1579 atque
863 1512 915 1565 iit
945 1509 1212 1580 vulgarem
1239 1509 1512 1564 libidinem
1546 1507 1841 1576 prostitutis
1865 1548 1879 1569 ,
1912 1506 2089 1560 nullus

497 1613 677 1658 tumor
704 1601 1081 1673 indignationis
1114 1602 1165 1656 in
1203 1601 1309 1655 Diis
1339 1612 1439 1656 est.
1477 1600 1700 1672 Templa
1730 1599 1942 1661 felibus,
1967 1613 2088 1654 sca-

499 1695 700 1762 rabeis,
728 1705 783 1750 et
813 1694 1018 1749 buculis
1039 1693 1358 1749 sublimibus
1397 1702 1520 1748 sunt
1550 1693 1689 1748 elata
1721 1689 1946 1762 fastigiis
1976 1709 1990 1744 :
2021 1689 2093 1745 si-

498 1791 611 1846 lent
631 1791 801 1845 iri-iste
830 1789 1103 1843 numinum
1133 1797 1441 1858 potestates,
1477 1801 1577 1842 nec
1605 1785 1772 1841 livore
1792 1784 2094 1840 afﬁciuntur

500 1882 633 1947 ullo,
665 1881 807 1952 quod
835 1880 936 1936 sibi
963 1889 1298 1951 comparatas
1340 1880 1692 1934 animantium
1723 1877 1906 1932 vilium
1959 1891 2093 1931 con-

503 1977 739 2047 spiciunt
774 1975 1105 2030 sanctitates.
1154 1972 1320 2029 Nobis
1367 1974 1496 2029 solis
1525 1983 1648 2028 sunt
1688 1972 1913 2038 inimici,
1941 1971 2096 2026 nobis
2131 1991 2179 2052 Β

502 2071 783 2142 asperrimi
813 2071 889 2124 Dii
918 2071 1121 2134 hostes,
1144 2072 1265 2139 quia
1295 2079 1494 2139 patrem
1519 2083 1839 2124 veneramur
1861 2067 2095 2131 illorum,

501 2180 600 2235 per
621 2179 816 2238 quem,
861 2164 905 2219 si
932 2173 1081 2230 sunt,
1129 2179 1251 2219 esse
1276 2174 1331 2218 et
1357 2163 1558 2219 habere
1613 2162 1966 2218 substantiam
2017 2160 2099 2214 sui

2181 584 2366 639 tatem,
2387 582 2444 628 ut
2469 574 2540 627 ita
2565 571 2764 635 dicam,
2780 571 2953 626 sortiti
2975 585 3096 627 esse
3120 571 3356 625 sentiunt
3373 580 3492 636 “,et
3513 571 3565 626 in
3593 586 3778 626 rerum

2180 683 2402 723 numero
2433 674 2852 736 recognoscunt;
2889 666 3041 734 cujus
3069 664 3341 719 voluntate
3369 673 3426 719 et
3449 664 3700 729 arbitrio,
3726 671 3784 718 et

2180 760 2437 824 interire,
2468 767 2522 814 et
2549 758 2718 824 solvi,
2766 772 2864 813 nec
2907 756 3043 812 solvi
3093 764 3344 826 possunt,
3394 771 3493 813 nec
3517 756 3784 812 interire?

2180 852 2314 908 Nam
2341 853 2383 906 si
2415 866 2602 906 omnes
2627 849 2974 905 concedimus
3019 865 3182 904 unum
3209 863 3330 904 esse
3363 849 3658 918 principem
3689 862 3783 903 so-

2184 945 2316 1011 lum,
2339 960 2496 1015 quem
2519 943 2662 998 nulla
2683 959 2769 998 res
2787 943 2887 998 alia
2907 952 3168 998 vetuState
3187 942 3443 1012 temporis
3467 939 3783 1006 antecedat,

2187 1048 2307 1108 post
2336 1038 2482 1092 illum
2517 1052 2737 1092 necesse
2762 1046 2845 1092 est
2873 1047 3066 1092 cuncta
3093 1047 3144 1092 et
3179 1045 3305 1091 nata
3327 1049 3448 1091 esse
3469 1044 3525 1089 et
3548 1034 3788 1106 prodita,

2187 1141 2240 1186 et
2262 1131 2313 1184 in
2345 1131 2425 1184 sui
2459 1130 2690 1184 nominis
2718 1129 3023 1199 prosiluisse
3066 1137 3330 1184 naturam.
3369 1127 3522 1194 Quod
3551 1128 3596 1182 si
3621 1126 3791 1181 ﬁxum

2188 1235 2243 1280 et
2267 1235 2436 1280 ratum
2463 1232 2564 1290 est,
2595 1224 2698 1279 erit
2724 1223 2872 1279 vobis
2897 1237 3233 1294 consequens
3252 1221 3497 1278 conﬁteri
3517 1262 3532 1286 ,
3563 1229 3620 1276 et
3649 1222 3794 1275 Deos

2189 1334 2310 1377 esse
2334 1319 2560 1384 nativos,
2580 1330 2634 1374 et
2661 1335 2688 1372 a
2719 1319 2962 1389 principe
2992 1333 3170 1374 rerum
3211 1316 3358 1373 fonte
3394 1327 3547 1372 ortus
3572 1315 3655 1370 sui
3681 1315 3796 1370 ori-

2189 1413 2367 1483 ginem
2398 1411 2615 1468 ducere.
2646 1411 2746 1480 Qui
2773 1412 2819 1466 si
2849 1420 2975 1466 sunt
3001 1411 3188 1480 nativi,
3220 1419 3274 1466 et
3298 1410 3487 1482 geniti,
3517 1418 3572 1465 et
3600 1407 3796 1464 interi-

2192 1504 2428 1560 tionibus
2457 1505 2640 1574 utique
2666 1503 3025 1573 periculisque
3053 1503 3236 1559 vicini.
3264 1504 3336 1558 At
3354 1504 3496 1558 enim
3527 1517 3651 1558 esse
3675 1515 3801 1556 crc-

2195 1596 2399 1652 duntur
2451 1595 2820 1661 immortales,
2864 1595 3146 1666 perpetui,
3201 1607 3256 1652 et
3302 1596 3500 1651 nullius
3543 1609 3800 1664 umquam

2195 1690 2481 1759 participes
2532 1689 2672 1742 linis.
2731 1689 2869 1760 Ergo
2909 1688 3046 1744 ismd
3076 1704 3268 1744 munus
3297 1689 3394 1745 Dei
3419 1688 3584 1760 patris
3613 1697 3668 1742 et
3699 1687 3803 1742 do-

2196 1797 2322 1837 num
2345 1790 2446 1849 est,
2475 1790 2534 1836 ut
2555 1781 2760 1836 inﬁnita
2785 1781 3080 1836 meruerint
3105 1781 3264 1837 iidem
3293 1795 3415 1837 esse
3442 1795 3538 1852 per
3578 1779 3804 1848 secula,

2197 1891 2318 1932 cum
2349 1875 2458 1933 sint
2484 1874 2672 1931 labiles
2691 1874 3052 1945 solubilesque
3075 1886 3287 1930 natura.

2279 2061 2467 2119 XXIX.
2517 2063 2691 2132 Atque
2748 2061 2951 2117 utinam
2987 2061 3206 2117 daretur
3245 2060 3299 2115 in
3349 2059 3510 2115 unius
3553 2058 3798 2130 speciem

2206 2155 2478 2211 coiiciouis
2525 2162 2637 2209 toto
2686 2153 2818 2210 orbe
2848 2164 3130 2211 contracto
3166 2152 3410 2209 oratione
3440 2150 3545 2208 hac
3583 2151 3701 2219 uti,
3753 2158 3810 2206 et

1750 2251 2130 2310 LECTIONES
2171 2247 2580 2306 VARIANTES.

562 2353 590 2384 ⁸
625 2354 834 2404 Sortitos
853 2363 966 2402 esse
990 2362 1049 2401 se
1073 2349 1314 2400 sentiunt.
1351 2345 1498 2399 Fulv.

1820 2455 1825 2466 ·
1879 2427 2433 2489 COMMENTARIUS.

505 2529 677 2586 ΜΑΝῙ
727 2528 922 2599 passim
967 2528 1017 2581 in
1065 2530 1334 2583 veteribus
1377 2529 1646 2592 nummis,
1679 2527 1768 2594 qui
1807 2529 2095 2599 yietocfroﬁ

510 2601 675 2674 δήμου
700 2597 740 2655 θ’
765 2600 931 2674 Dione
958 2600 1168 2674 dicitur
1194 2611 1263 2674 _et
1289 2600 1489 2654 Genius
1517 2599 1763 2674 publicus
1794 2597 1937 2674 apud
1968 2597 2098 2674 Αιιιτ

506 2668 745 2727 ηιῐειιιυιη
777 2671 1160 2726 Marcellinum.
1193 2671 1431 2726 Hanno.
1464 2701 1536 2712 -—
1557 2671 1635 2725 Li.
1667 2670 1729 2726 C.
1793 2670 1973 2724 Bai-th.
2035 2668 2102 2722 ad

513 2744 674 2798 Rutil.
708 2742 950 2797 ltiuerat.
984 2757 1023 2808 t,
1054 2757 1132 2797 vs.
1161 2743 1290 2808 528,
1340 2744 1546 2812 prolixe
1589 2742 1658 2797 de
1706 2742 1804 2796 hac
1832 2757 1892 2796 re
1918 2741 2102 2811 dispu-

511 2825 736 2870 tantem.
763 2812 967 2869 ORELL.

587 2905 807 2960 Pausos.
838 2905 1061 2958 Pansam
1091 2904 1326 2961 Turneb.
1351 2906 1664 2968 Adversar.,
1691 2906 1783 2962 lib.
1812 2920 1900 2969 xv,
1930 2919 1978 2960 c.
2007 2905 2099 2970 2|,

510 2989 666 3050 putat
703 2978 866 3031 fuisse
910 2977 1095 3050 Deum,
1127 2982 1213 3047 qui
1250 2993 1470 3043 pausam
1501 2977 1720 3033 all'erret
1763 2988 1816 3032 et
1842 2980 2098 3048 quietem,

512 3049 668 3105 bellis
698 3049 1083 3102 adversarium.
1122 3050 1363 3104 ELIENH.

585 3119 653 3174 In
682 3131 937 3173 sententia:
955 3135 1062 3172 sua:
1089 3123 1422 3191 perpetuitate
1452 3120 1676 3188 deﬁxum
1694 3131 1788 3174 est.
1815 3119 1868 3173 ld
1893 3128 1977 3174 e~t
2004 3120 2101 3172 im-

509 3202 741 3256 m0lum,
776 3191 1108 3246 ittttnutabile
1145 3204 1345 3256 manet,
1373 3192 1604 3246 delixum
1634 3192 1789 3262 quasi
1817 3205 1880 3245 ac
1922 3192 2102 3244 ﬁrma-

514 3275 626 3318 tum
677 3265 727 3317 iu
775 3273 1030 3331 perpetua
1081 3261 1177 3317 Dei
1225 3264 1530 3326 sententia,
1580 3261 1662 3316 lt.’
1697 3279 1747 3317 e.
1808 3263 1858 3315 in
1903 3272 2107 3316 a-terno

513 3335 631 3404 ejus
675 3335 892 3389 decreto
960 3331 1219 3388 Similiter
1262 3333 1452 3389 Cicero
1503 3352 1598 3401 pro
1642 3333 1858 3395 Flacco,
1905 3350 2025 3403 cap.
2066 3351 2105 3388 ι.

515 3405 734 3461 Tantum
763 3406 978 3475 petimus
1006 3421 1036 3455 (ι
1057 3407 1214 3468 vobis,
1247 3415 1297 3457 ut
1326 3406 1497 3458 omnia
1535 3405 1830 3474 reipublij
1859 3405 2107 3465 subsidia.

517 3487 679 3530 totum
718 3488 901 3528 stutum
950 3475 1189 3539 civitatis,
1241 3491 1440 3528 omnem
1488 3478 1782 3530 memoriam
1829 3486 2111 3545 temporum

517 3551 906 3618 prteteritorum,
957 3549 1174 3618 salutem
1216 3547 1561 3611 presentium,
1605 3563 1747 3614 spem
1778 3548 2108 3616 reliquorum,

516 3622 573 3690 in
600 3628 763 3690 uestra
782 3626 1058 3690 potestate,
1095 3617 1354 3690 iubearis
1385 3619 1668 3682 sententiis,
1695 3619 1746 3670 in
1775 3618 1869 3671 hoc
1900 3636 2000 3673 uno
2021 3621 2112 3690 ju-

522 3689 656 3742 dicio
681 3689 897 3758 positam
923 3704 1030 3742 esse
1056 3698 1102 3740 et
1134 3687 1355 3756 deﬁxam
1387 3691 1590 3759 putetis.
1624 3693 1824 3744 URELL.

598 3781 808 3837 Crucem
861 3791 1113 3836 mereatur
1166 3797 1459 3838 ex'iemam.
1514 3784 1629 3850 Quo
1684 3783 1945 3852 supplicio
1996 3784 2111 3838 scil.

524 3855 727 3910 nullum
758 3864 872 3908 erat
903 3854 1108 3917 tetrius,
1145 3869 1241 3909 nec
1269 3856 1565 3920 abiectius;
1599 3857 1797 3908 iiiilluin
1827 3857 2118 3911 de.e~tabi-

526 3926 654 3979 lius.
704 3926 942 3980 "ERALD.
971 3955 1040 3965 —-
1069 3929 1244 3991 Quare
1273 3927 1432 3998 etiam
1467 3940 1733 3980 siitninum
1773 3927 2116 3998 supplicium,

536 4006 774 4070 estrema
806 4012 978 4063 ptena.
1002 3999 1032 4055 ἡ
1051 3998 1250 4070 ἐσχάτη
1267 3996 1378 4056 δίκη
1395 4013 1523 4051 crux
1544 3999 1681 4051 dicta
1705 4017 1721 4044 \
1736 3996 1992 4054 eti-ribus.
2011 3999 2122 4054 Hoc

526 4067 647 4140 locii
675 4080 849 4121 tamen
881 4074 1042 4121 etiam
1073 4067 1190 4140 laie
1225 4084 1278 4123 et
1307 4071 1374 4140 de
1404 4079 1556 4140 peste
1591 4080 1682 4123 aut
1712 4073 1946 4140 pernicie
1973 4081 2124 4140 cupit

527 4139 774 4203 intelligi,
811 4149 867 4192 ut
892 4147 1040 4194 recte
1059 4139 1305 4194 observat
1339 4139 1366 4194 .l
1408 4139 1594 4210 ’Lips.,
1627 4141 1694 4196 de
1718 4139 1901 4199 eruca.
1935 4142 2027 4196 lib.
2048 4139 2116 4209 tt,

533 4224 652 4281 cap.
687 4212 738 4272 l,
769 4209 894 4278 Op.,
929 4221 1056 4263 tom.
1090 4225 1165 4266 Ill.
1200 4226 1252 4281 p.
1287 4211 1441 4278 U75,
1472 4209 1558 4265 ed.
1597 4211 1772 4266 Vesztl.
1811 4216 2013 4268 UBELL.

606 4279 673 4334 In
692 4281 975 4335 ciuitatibus
1004 4279 1355 4336 maximis”...
1387 4299 1536 4336 sacra
1564 4284 1760 4351 publice
1787 4286 1914 4352 [iant
1943 4285 2125 4349 scortis

537 4354 829 4406 meritoriis.
854 4352 1212 4408 Athenienses
1238 4353 1484 4409 Laterium
1521 4356 1858 4410 meretricem
1880 4357 2128 4410 famosis-

536 4426 749 4486 simam,
775 4424 994 4478 Romani
1020 4424 1235 4490 Accium,
1256 4424 1596 4479 Laurentium
1619 4437 1671 4480 et
1696 4425 1931 4490 Floram,
1950 4435 2125 4481 scorta

536 4495 882 4566 propudiosa,
909 4505 1027 4564 post
1053 4507 1278 4552 mortem
1307 4496 1606 4560 sacriﬁciis,
1637 4507 1693 4551 et
1715 4514 1906 4551 annua:
1936 4513 2128 4566 paren-

537 4553 752 4621 iationis
797 4553 1002 4622 Itoni-ire
1053 4578 1370 4622 mactarunt.
1424 4553 1692 4635 Lactaitt.,
1737 4569 1830 4623 lib.
1861 4585 1898 4633 ι,
1936 4553 1993 4623 ὀ.
2023 4570 2124 4630 ‘20;
2155 4553 2206 4613 D

538 4637 764 4701 Gellius,
797 4637 890 4693 lib.
922 4653 992 4701 vr.
1017 4653 1068 4694 c.
1100 4640 1165 4700 7;
1199 4639 1454 4706 Macrob,
1486 4649 1585 4693 sat.
1619 4657 1652 4693 i.
1689 4641 1776 4695 10.
1809 4640 2132 4695 Plutarchus

538 4709 737 4776 QUiBSl.
778 4709 928 4764 lloni.
959 4723 1200 4765 LLIIENB.
1459 4749 1471 4763 ,-

617 4801 807 4855 Nullus
833 4812 998 4855 tuntor
1027 4802 1393 4872 indignationis
1413 4803 1466 4856 in
1490 4802 1603 4856 Diis
1631 4815 1722 4860 est.
1757 4803 1881 4860 Haec
1907 4816 2020 4860 erat
2043 4819 2133 4860 ve-

536 4874 748 4945 rissima
778 4872 938 4945 lectio
961 4872 1192 4945 codicis
1225 4890 1324 4928 ms.
1351 4883 1407 4929 et
1434 4875 1688 4930 editionis
1735 4875 1940 4944 primae,
1969 4891 2130 4945 quam

538 4944 594 5000 in
616 4944 852 4999 editione
876 4943 1081 4998 Gelenii
1104 4961 1304 5014 operte,
1329 4949 1543 5012 Opinor,
1571 4943 2132 5003 unica’litterulamu-

540 5027 645 5070 lata
679 5013 1123 5082 depravat-erant.
1148 5013 1425 5069 Μιηιιιίιις
1457 5017 1630 5081 Felix,
1660 5034 1710 5072 c.
1745 5017 1829 5072 14.
1870 5016 2007 5073 Nunt
2051 5020 2131 5072 in-

539 5086 1259 5160 dignationisejustumorem
1301 5085 1474 5153 effusa:
1518 5091 1764 5144 orationis
1793 5090 2012 5160 impetus
2052 5107 2132 5145 re-

540 5156 820 5213 laxaverat.
862 5156 1073 5227 Virgil.,
1107 5156 1232 5213 Ain.
1265 5173 1380 5219 vm.
1408 5160 1477 5213 40
1512 5178 1525 5214 :

1076 5269 1258 5320 Tumor
1281 5272 1440 5321 omnis
1462 5279 1513 5322 et
1535 5285 1620 5322 πω

693 5332 998 5385 Concessere
1021 5330 1201 5384 Deum.

537 5437 674 5496 Hinc
694 5441 770 5513 ira
789 5441 1057 5513 sufﬂatum
1079 5439 1207 5513 dicit
1231 5440 1379 5496 Zeno
1400 5442 1747 5502 Veronensis.
1770 5459 2019 5502 sermone
2036 5462 2131 5510 vn,

537 5512 806 5587 detribus
834 5511 1014 5587 pueris
1044 5531 1056 5564 :
1092 5511 1273 5579 Ipsum
1299 5525 1705 5586 contempserunt
1735 5533 1921 5587 regem,
1945 5519 2027 5586 qui
2054 5518 2134 5571 ira

535 5584 777 5657 sufﬂatus
804 5586 952 5637 solito
972 5594 1153 5654 septies
1193 5587 1416 5655 amplius
1456 5584 1710 5641 caminum
1738 5584 1886 5657 jussit
1907 5584 2126 5642 incendi.

538 5654 742 5729 _Se_nstts
784 5657 959 5729 itaque
985 5665 1068 5710 est
1098 5673 1111 5710 :
1145 5657 1315 5729 nullas
1364 5658 1485 5711 inde
1515 5672 1707 5712 Causas
1738 5654 2132 5729 indignationis

539 5724 623 5778 Dii
645 5725 966 5779 contrahunt
997 5743 1008 5777 :
1041 5741 1144 5780 non
1175 5727 1376 5784 idcirco
1405 5740 1630 5786 tument.
1659 5745 1758 5784 nec
1781 5731 1835 5784 in
1866 5724 2133 5786 fermento

539 5805 687 5866 sunt,
711 5804 772 5866 ut
802 5795 1035 5866 loquitur
1061 5796 1154 5850 ille
1179 5813 1265 5866 ap.
1297 5799 1559 5855 Plautum.
1588 5798 1832 5857 Hanno.
1858 5832 1926 5840 —
1956 5801 2134 5857 Editio

539 5863 846 5922 chrtlmrii
876 5863 1056 5921 ‘habet
1103 5863 1252 5940 timor
1297 5872 1508 5926 vitiosc.
1558 5870 1760 5929 Οιιειι..
1791 5903 1861 5914 -
1889 5873 1948 5929 ln
1998 5889 2132 5932 voce

2131 3157 2177 3221 C

2203 2523 2352 2576 timor
2379 2529 2434 2576 et
2464 2530 2631 2576 tumor
2658 2536 2818 2590 quam
2866 2522 3119 2592 proclivis
3148 2521 3308 2580 fuerit
3349 2537 3526 2591 error,
3558 2521 3813 2592 pluribus

2201 2595 2472 2664 exemplis
2495 2593 2680 2648 docuit
2700 2595 2923 2665 Bentley
2941 2592 3008 2649 ad
3036 2594 3221 2650 Horat.
3243 2597 3358 2650 Art.
3382 2605 3550 2664 potet"
3572 2610 3654 2648 vs.
3679 2595 3749 2649 19
3764 2598 3808 2650 2.

3313 2668 3589 2722 Ocususn.

2277 2737 2489 2806 Templa
2515 2737 2717 2801 felibus,
2740 2737 3032 2803 scarabteis,
3063 2747 3110 2792 et
3136 2738 3336 2792 baculis
3366 2739 3668 2791 sublimibus
3691 2747 3813 2792 sunt

2208 2809 2342 2863 elata
2384 2809 2623 2880 fastigiis.
2668 2808 2992 2879 Perstringit
3040 2808 3416 2880 Egyptiorutn
3465 2811 3813 2878 superstitio-

2208 2896 2350 2934 netn.
2387 2883 2540 2947 Quod
2575 2895 2756 2935 autem
2789 2881 2856 2936 de
2891 2884 3168 2935 searabeis
3207 2881 3356 2944 dicit,
3401 2880 3450 2934 id
3479 2897 3544 2935 ex
3581 2881 3814 2937 Eusebio

2210 2963 2263 3004 ct
2291 2952 2415 3006 aliis
2456 2966 2638 3006 ttouim
2671 2963 2772 3006 est.
2812 2953 3078 3007 Caeterum
3109 2967 3229 3018 qtiaa
3253 2952 3653 3008 constituebant
3697 2954 3817 3006 ani-

2211 3023 2437 3076 tnalibus
2464 3024 2570 3077 illis
2611 3025 2830 3090 tetttpla,
2866 3039 2930 3078 ea
2972 3027 3203 3092 superba
3231 3033 3383 3079 erant
3410 3033 3466 3077 et
3493 3024 3815 3092 magniﬁca;

2209 3109 2375 3164 quare
2403 3094 2699 3166 sublimibus
2739 3095 2873 3149 elata
2917 3096 3141 3166 fastigiis
3169 3097 3296 3149 dicit
3329 3095 3622 3150 Arnobius.
3655 3095 3815 3163 Quod

2208 3176 2262 3220 et
2279 3167 2467 3219 tlelsus
2491 3165 2782 3232 EpiCttl‘etls
2801 3170 2938 3234 apud
2954 3165 3242 3235 Origenem
3260 3167 3550 3235 signiﬁcat,
3567 3167 3820 3221 christia-

2213 3253 2404 3291 nurum
2439 3237 2594 3291 ﬁdem
2628 3235 3004 3307 Aﬂgyptiornm
3054 3240 3420 3306 superstitioni
3467 3252 3819 3306 coiuparans.

2209 3307 2548 3384 l_llitts_verba
2579 3324 2695 3384 sunt
2730 3309 3198 3384 apudOrigenem,
3229 3312 3314 3362 lib.
3361 3325 3414 3363 Ill
3444 3329 3456 3360 :
3485 3310 3825 3384 Παραϐἁᾎλξιν

2211 3379 2264 3434 δέ
2320 3382 2385 3434 τά
2433 3389 2524 3440 τῆς
2577 3383 2801 3454 πίστεως
2855 3383 2991 3454 ἡμῶν
3043 3388 3173 3454 τοῐςλ
3203 3388 3301 3435 τῶν
3347 3379 3634 3454 Αἰγυπτίων
3688 3382 3825 3436 ϐέλει

2212 3455 2502 3576 afer/potor
2530 3451 2650 3526 παρ’
2673 3448 2746 3512 οἷς
2767 3448 3029 3528 προὰιόντι
3048 3454 3136 3524 μέν
3156 3451 3266 3508 ἐστι
3284 3448 3493 3541 λαμπρὰ
3513 3455 3711 3526 τεμένη.
3738 3457 3826 3507 καὶ

2215 3520 2248 3576 ἅ
2281 3545 2366 3576 an.
2426 3526 2507 3576 mi
2550 3524 2879 3576 προπυλαίων
2928 3526 3107 3576 ιιενὲθη
3151 3543 3205 3576 τε
3253 3529 3340 3576 καὶ
3385 3525 3555 3576 mnu.
3602 3527 3688 3576 καὶ
3725 3528 3825 3576 νεὼ

2215 3520 2374 3597 alar).
2426 3526 2507 3576 καὶ
2550 3520 2879 3597 upon-uictima
2925 3520 3107 3596 μεγέθη
3151 3543 3205 3579 τε
3253 3520 3356 3578 καῖ
3385 3520 3579 3582 κάλλη(
3602 3527 3688 3578 καὶ
3725 3528 3825 3597 νεῲ

2215 3596 2626 3672 θαρμάριοιηκάὶ
2670 3599 2851 3654 σκηναὶ
2877 3597 3024 3670 πέριξ
3051 3597 3378 3672 ὑπερήφανοε,
3426 3599 3505 3672 δαὶ
3552 3596 3828 3672 epimenia

2217 3664 2352 3743 (asilas
2371 3664 2743 3743 δεισιδαίμονες
2768 3670 2852 3743 neti
2879 3664 3274 3743 poorupta'idetc'
3302 3667 3398 3743 ἠδη
3427 3667 3480 3722 δέ
3505 3664 3711 3743 sia-Low:
3737 3671 3828 3721 καὶ

2217 3736 2457 3815 ἐνδοτέρω
2497 3735 3516 3815 γεγόμένῳᾼθεωρεῑῖαι’προσκμνούμενος
3559 3735 3825 3812 αἴλουρος,

2217 3807 2260 3885 ᾖ,
2287 3807 2514 3867 tribuitur.
2544 3808 2574 3866 ἣ
2601 3807 2928 3885 ἀρουέόδεροξ,
2952 3807 3209 3885 ἧγτράἡος,
3239 3807 3436 3885 battis-iu.
3483 3807 3726 3885 llEttALD'.
3754 3839 3829 3885 -έ

2221 3878 2578 3953 Βιινιξιιεξῃτι
2607 3878 2746 3948 apud
2787 3878 3071 3953 zEgyptiO's
3099 3878 3240 3953 culta
3272 3883 3368 3934 lsts
3394 3883 3536 3953 (qua:
3579 3880 3635 3935 lu
3665 3884 3829 3953 ante)

2221 3963 2270 4022 et
2299 3947 2663 4022 Apis,'Venus
2686 3947 3016 4004 i-tiani.'Vid.
3042 3951 3129 4006 Jo.
3161 3952 3358 4006 Meurs.
3382 3947 3450 4006 ad
3475 3947 3824 4022 Lyc0pbron.

2223 4021 2539 4084 Cassandrq
2571 4037 2650 4075 vs.
2686 4023 2841 4078 1292.
2868 4023 3070 4078 DnELL.

2297 4093 2463 4148 Stleiit
2483 4093 2648 4147 irrisa:
2668 4095 2930 4147 numinum
2953 4103 3242 4162 potestates.
3267 4093 3613 4150 Monebamus
3635 4095 3689 4149 in
3719 4095 3822 4151 hoc

2225 4165 2512 4239 scriptores
2530 4164 2986 4239 .lambosrepiriri
3016 4166 3332 4237 quandoque
3354 4168 3610 4239 integros.
3639 4167 3829 4222 Exem-

2231 4236 2374 4305 plum
2414 4236 2495 4289 his
2527 4237 2710 4291 babes.
2745 4237 2989 4291 Hanno.

2303 4306 2482 4361 Sortiti
2507 4323 2612 4360 esse
2640 4310 2878 4361 sentiunt.
2906 4309 3019 4364 Non
3051 4310 3188 4364 male
3215 4309 3441 4365 fortasse
3465 4310 3532 4364 ad
3564 4310 3616 4364 id
3645 4325 3828 4365 exem-

2231 4386 2374 4452 pt_ttm
2413 4397 2426 4430 :
2463 4379 2855 4452 ξῳεεὲιμηιςιιίρδ
2891 4379 3130 4451 delapsus
3167 4383 3219 4434 in
3259 4383 3446 4446 hostes,
3489 4397 3578 4446 ap.
3614 4381 3821 4452 Virgil.,

2231 4449 2359 4503 lEn.
2389 4465 2446 4511 II,
2481 4448 2604 4503 577.
2633 4449 2746 4503 Ειπί
2778 4450 2922 4504 aliud
2951 4448 3131 4506 dicere
3164 4453 3372 4507 videtur
3401 4453 3692 4507 Arnobius.
3711 4448 3829 4508 'Alii

2232 4520 2393 4589 igitur
2426 4538 2438 4596 :_
2469 4537 2500 4572 α
2529 4537 2627 4584 quo
2658 4523 3086 4596 ipsamdeitatem
3111 4525 3183 4591 (ut
3213 4525 3284 4578 ita
3313 4523 3502 4596 dicam)
3528 4526 3698 4579 sortiti
3726 4540 3832 4579 esse

2232 4607 2286 4645 se
2314 4593 2554 4666 sentiunt.
2584 4592 2903 4666 etcLN‘oIini
2931 4603 3108 4648 tamen
3150 4597 3434 4666 quidquam
3468 4592 3675 4650 (emi-re
3715 4613 3831 4649 mu-

2235 4671 2369 4737 tare.
2384 4665 2586 4737 Osann.
2603 4662 2794 4718 —Vid.
2814 4663 2858 4718 .l.
2883 4664 3029 4737 Lips.
3050 4666 3258 4737 Antiq.,
3275 4662 3398 4722 lect.
3415 4683 3474 4733 tt,
3489 4686 3537 4721 ιι.
3555 4666 3613 4722 7.
3629 4666 3830 4723 Ocnus.

2304 4733 2465 4805 Cujus
2492 4733 2746 4788 voluntate
2786 4746 2832 4788 et
2869 4736 3107 4798 arbitrio,
3149 4733 3209 4792 εί
3224 4739 3429 4792 interire
3461 4749 3507 4791 et
3548 4740 3709 4800 solvi.
3742 4755 3830 4793 nec

2232 4803 2605 4880 solvi'possuttt
2650 4822 2739 4880 nec
2783 4808 3010 4863 interire.
3051 4809 3322 4880 Loquendi
3368 4813 3503 4864 ratio
3543 4810 3830 4880 singularis

2236 4893 2454 4946 prorsus
2481 4888 2534 4931 et
2555 4877 2764 4932 insolita
2795 4895 2890 4946 pro
2912 4881 3059 4950 cujus
3083 4877 3290 4934 arbitrio
3311 4891 3356 4934 et
3378 4881 3583 4935 interire
3605 4877 3831 4949 solvique

2234 4959 2440 5016 possunt
2459 4992 2470 5006 ,
2505 4959 2550 5001 et
2581 4950 2643 5002 ab
2671 4951 2875 5003 interitu
2901 4967 2962 5004 ac
2991 4952 3241 5005 solutione
3277 4953 3587 5006 conseruari.
3619 4952 3825 5009 Οειειι..

2310 5019 2422 5073 Erit
2464 5022 2600 5074 vobis
2648 5037 2974 5087 consequens.
3017 5023 3105 5078 Sic
3150 5024 3291 5080 edidi
3333 5041 3395 5078 ex
3447 5025 3831 5080 emendatione

2235 5089 2475 5147 Meui-sii.
2511 5091 2608 5146 Alii
2640 5094 2732 5145 erit
2762 5095 2904 5148 nobis
2932 5110 3255 5163 consequens.
3299 5101 3502 5150 llnELL.

2310 5163 2466 5217 Ortus
2495 5163 2574 5216 sui
2603 5164 2842 5238 originem
2873 5165 3076 5219 ducere.
3113 5165 3259 5221 Talia
3290 5167 3603 5238 ἰσοδύναμα.
3637 5167 3829 5235 princi-

2234 5235 2397 5305 pium,
2431 5245 2570 5315 ortus
2587 5237 2868 5315 _origi_num_,
2895 5251 3036 5290 ortus
3056 5239 3216 5315 origo.
3239 5235 3509 5315 exordium
3525 5240 3828 5298 nativitatis.

2235 5316 2364 5365 etc..
2394 5307 2690 5379 saepissime
2713 5307 2862 5379 iungi
2891 5325 2920 5361 a
2961 5307 3259 5374 veteribus,
3288 5311 3530 5376 pluribus
3559 5315 3828 5379 exemplis

2235 5379 2564 5448 demonstrat
2588 5376 2949 5444 Wopki-tisius
2968 5380 3032 5433 ad
3050 5379 3245 5435 JuStin.
3273 5381 3406 5436 Hist.
3430 5382 3522 5435 lib.
3548 5396 3606 5445 tt,
3633 5376 3746 5448 cap'
3779 5383 3827 5446 1,

2236 5447 2291 5502 in
2330 5447 2620 5503 Miscellan.
2659 5452 2816 5504 Obss.
2857 5451 2980 5505 crit.
3024 5453 3195 5508 novis.
3241 5452 3448 5508 Fascic.
3491 5467 3548 5509 tt.
3595 5447 3825 5522 pag.l9.

3406 5523 3611 5579 OnELL.

2309 5590 2611 5667 Meruerint.
2645 5591 2780 5647 Vide
2809 5607 2966 5667 supra
2999 5593 3065 5649 ad
3104 5610 3226 5667 cap.
3268 5597 3334 5662 5;
3376 5595 3512 5650 idem
3555 5608 3653 5666 pro
3694 5593 3828 5648 idem

2236 5664 2476 5729 reposuit
2501 5662 2784 5718 Meursius.
2813 5663 3014 5720 ORELL.

2308 5731 2527 5806 Labiles.
2558 5732 2752 5806 Labilis
2787 5735 2919 5790 idem
2943 5738 3079 5805 quod
3105 5739 3362 5806 caducus,
3392 5737 3712 5795 vocabulum
3754 5736 3825 5790 fa-

2237 5805 2447 5861 miliare
2475 5805 2731 5863 Arnobio.
2769 5807 2887 5864 νεα.
2920 5809 3004 5864 Ol.
3036 5810 3280 5867 Borricli.
3311 5810 3577 5881 Cogitat.,
3610 5825 3666 5882 p.
3697 5807 3821 5864 152.

3302 5883 3502 5940 Onus.
