4020 6308
521 325 575 353 "ID

529 324 625 379 75ῐὶ
978 374 981 375 ν
1648 314 1925 373 ARNOBll
1955 312 2320 373 ADVERSUS
2355 310 2629 369 GENTES

3724 306 3848 362 756

522 436 709 492 curius
741 436 892 491 vobis
922 434 1096 504 pluit?
1120 431 1488 502 Esculapius,
1516 430 1799 505 Hercules,
1828 441 1921 485 aut
1942 431 2108 488 Diana
2134 443 2190 501 Α
2213 435 2382 487 minat
2408 429 2866 500 circumscriptio,
2890 428 3164 500 qualitatis
3189 438 3385 499 expers
3406 467 3422 493 ,
3453 425 3838 498 quantitatis,

520 528 787 584 rationem
832 524 1123 591 imbrium,
1176 531 1659 595 tempestatumque
1690 522 1995 578 ﬁnxerunt?
2040 522 2110 578 Et

525 622 633 676 hoc
673 619 787 676 ﬁeri
818 617 908 691 qui
940 627 1143 689 potest,
1177 633 1299 672 cum
1328 618 1382 672 in
1408 616 1608 672 mundo
1632 615 1989 688 profiteamini
2012 631 2108 671 eos

521 724 679 769 natos
707 723 966 783 certoque
994 722 1237 783 tempore
1280 727 1498 767 sensum
1529 711 1819 782 arripuisse
1849 711 2108 767 vitalem?

522 807 577 864 Si
610 805 751 862 enim
802 804 1062 875 temporis
1110 803 1427 873 antiquitate
1472 803 1705 857 mundus
1747 817 1841 857 eos
1883 813 2106 877 anteve-

524 902 641 967 nit,
687 907 743 954 et
788 900 1103 968 priusquam
1148 897 1258 952 nati
1288 906 1452 962 sunt,
1491 895 1603 965 jam
1649 904 1878 950 noverat
1905 894 2110 965 pluvias

528 1001 985 1063 tempestatesque
1025 999 1213 1045 natura
1243 1007 1260 1046 :
1294 991 1498 1045 nullum
1529 989 1705 1046 serius
1750 989 1860 1044 nati
1889 989 2108 1059 pluendi

518 1087 607 1158 jus
635 1085 864 1151 habent,
897 1099 1071 1156 neque
1114 1083 1193 1138 eis
1237 1086 1480 1140 inserere
1524 1083 1821 1140 rationibus
1842 1090 1869 1118 ι
1895 1097 1954 1137 se
1982 1096 2107 1151 pos-

520 1189 679 1246 sunt,
709 1194 842 1252 quas
869 1179 1196 1235 invenerunt
1216 1179 1306 1235 hic
1331 1178 1450 1249 agi,
1481 1187 1537 1235 et
1566 1177 1773 1248 majore
1798 1177 1864 1233 ab
1888 1186 2111 1232 auctore

522 1273 765 1329 tractari.

610 1358 804 1422 XXXI.
836 1364 883 1421 0
911 1365 1179 1430 maxime,
1223 1380 1257 1421 o
1295 1379 1506 1420 summe
1544 1379 1723 1420 rerum
1766 1362 2108 1418 invisibilium

524 1458 879 1529 procreator!
911 1455 957 1512 Ο
988 1459 1101 1528 ipse
1131 1456 1337 1512 invisus
1359 1498 1376 1524 ,
1414 1466 1470 1513 et
1496 1456 1657 1512 nullis
1682 1470 1935 1527 umquam
1963 1470 2110 1510 com-

446 1568 449 1571 λ
525 1550 796 1623 prehense
822 1552 1065 1607 naturis!
1099 1550 1311 1622 dignos,
1341 1550 1533 1621 dignus
1579 1566 1638 1606 es
1668 1565 1827 1618 vere,
1873 1550 1920 1605 si
1948 1548 2112 1604 modo

533 1653 585 1698 te
624 1643 843 1714 dignum
895 1642 1108 1696 mortali
1161 1642 1448 1697 dicendum
1488 1650 1572 1696 est
1598 1656 1714 1709 ore,
1763 1640 1849 1696 cui
1899 1641 2112 1711 spirans

524 1737 701 1791 omnis
732 1734 1137 1806 intelligensque
1168 1745 1380 1802 natura,
1406 1743 1461 1790 et
1484 1735 1682 1791 habere
1701 1742 1754 1790 et
1779 1749 1936 1804 agere
1956 1748 2114 1790 num-

2207 523 2326 579 sine
2345 522 2472 585 situ,
2500 532 2670 585 motu,
2698 528 2754 576 et
2781 521 2964 576 habitu
2988 561 3004 587 ,
3046 520 3115 575 de
3160 533 3270 591 quo
3294 518 3430 574 nihil
3470 518 3584 574 dici
3613 524 3682 574 et
3717 532 3830 574 ex-

2212 618 2369 690 primi
2402 615 2705 672 mortalium
2732 616 2871 686 potis
2896 625 2982 670 est
3034 614 3428 685 signiﬁcatione
3452 612 3780 670 verborum
3819 632 3834 667 :

2210 711 2303 782 qui
2351 722 2409 765 ut
2431 709 2785 781 intelligaris,
2844 708 3127 764 tacendum
3169 716 3288 775 est,
3338 714 3539 779 atque,
3594 715 3660 762 ut
3727 720 3839 777 per

2213 806 2457 862 umbram
2492 814 2545 860 te
2586 804 2758 874 possit
2774 817 2965 859 errans
2995 802 3319 873 investigare
3360 802 3635 873 suspicio,
3678 800 3835 857 nihil

2211 910 2296 955 est
2314 897 2533 953 omnino
2554 896 2908 951 moliendum.
2934 897 3006 951 Da
3031 895 3270 963 veniam,
3296 908 3395 950 rex
3416 906 3658 960 summe,
3691 878 3833 950 ω’(ῖὲ

2217 990 2666 1063 persequentibus
2706 987 2936 1043 famulos
2968 1006 2982 1043 :
3014 996 3067 1043 et
3106 987 3247 1058 quod
3294 994 3400 1042 tute
3446 987 3830 1058 benignitatis

2212 1096 2297 1141 est
2321 1086 2614 1155 proprium,
2648 1082 2974 1154 fugientibus
2999 1084 3219 1154 ignosce
3249 1082 3324 1138 tui
3356 1082 3594 1137 nominis
3625 1082 3691 1136 et
3724 1096 3826 1137 re-

2211 1177 2426 1247 ligionis
2470 1177 2695 1232 cultum.
2734 1176 2852 1231 Non
2899 1182 2985 1231 est
3012 1176 3206 1230 mirum
3248 1175 3295 1229 si
3342 1175 3611 1246 ignoraris
3640 1188 3659 1228 :
3691 1188 3824 1228 ma-

2207 1271 2344 1343 joris
2364 1280 2445 1327 est
2469 1271 2862 1335 admirationis,
2881 1272 2927 1325 si
2947 1270 3160 1325 seiaris.
3182 1268 3294 1324 Nisi
3311 1268 3450 1325 forte
3465 1268 3634 1324 audet
3658 1269 3826 1339 quis—

2211 1381 2395 1435 quam,
2428 1364 2531 1422 hoc
2558 1366 2701 1422 enim
2733 1365 2947 1419 furiosa:
2990 1373 3160 1419 restat
3202 1363 3462 1431 insaniae,
3494 1360 3820 1433 ambigere,

2213 1457 2462 1513 dubitare
2521 1474 2589 1511 an
2638 1459 2708 1514 sit
2750 1457 2852 1511 iste
2889 1456 3061 1519 Deus,
3105 1470 3284 1508 annon
3333 1455 3404 1509 sit
3452 1469 3474 1509 :
3517 1450 3814 1523 explorata

2216 1551 2346 1607 tidei
2373 1550 2602 1606 veritate
2620 1590 2635 1617 ,
2665 1566 2732 1604 an
2760 1548 2993 1604 rumoris
3033 1549 3170 1602 cassi
3195 1546 3505 1617 opinatione
3530 1530 3604 1600 sli
3628 1546 3824 1602 credi-

2215 1656 2322 1703 tus.
2346 1646 2609 1702 Audimus
2632 1645 2776 1700 enim
2799 1643 3058 1715 quosdam
3083 1640 3490 1713 philosOpitandi
3508 1640 3695 1696 studio
3718 1640 3820 1696 de-

2214 1738 2377 1805 ditos,
2413 1738 2601 1808 partim
2631 1738 2792 1791 ullam
2821 1751 3020 1807 negare
3044 1736 3153 1789 vim
3174 1748 3295 1790 esse
3316 1734 3577 1799 divinam,
3608 1732 3821 1805 partim

524 1844 687 1899 quam
709 1827 919 1883 desinat
949 1829 1151 1897 gratias
1182 1846 1194 1881 :
1225 1828 1309 1882 cui
1351 1835 1460 1881 tota
1500 1828 1785 1881 conveniat
1824 1826 1928 1881 vita
1973 1839 2113 1897 genu
2143 1840 2192 1901 Β
2218 1849 2286 1889 an
2325 1833 2424 1896 sit,
2454 1831 2696 1901 quotidie
2718 1842 2963 1900 quaerere
2990 1846 3004 1883 :
3033 1830 3168 1883 alios
3210 1826 3425 1883 casibus
3456 1826 3698 1881 fortuitis
3718 1870 3736 1891 ,
3766 1836 3827 1882 et

528 1923 664 1976 nixo
692 1921 1067 1989 procumbere,
1091 1930 1145 1975 et
1171 1920 1502 1975 continuatis
1523 1921 1769 1990 precibus
1794 1922 2116 1992 supplicare.

532 2015 718 2070 Prima
749 2014 890 2068 enim
925 2024 981 2068 tu
1009 2030 1169 2069 causa
1200 2030 1291 2080 es,
1336 2015 1487 2069 locus
1514 2030 1715 2082 rerum,
1757 2030 1819 2069 ac
1848 2019 2075 2085 spatium
2102 2058 2118 2082 ,

536 2108 1011 2164 fundamentorum
1061 2120 1385 2163 cunctorum
1430 2123 1783 2179 quaecumque
1831 2122 1958 2164 sunt
1997 2108 2121 2162 infi-

537 2204 712 2271 nitus,
766 2203 1078 2273 ingenitus,
1134 2203 1491 2267 immortalis,
1547 2214 1877 2273 perpetuus,
1933 2202 2121 2270 solus,

535 2313 698 2370 quem
726 2297 872 2353 nulla
896 2296 1121 2353 deliniat
1164 2295 1339 2352 forma
1363 2296 1661 2367 corporalis
1691 2296 1742 2366 ι’,
1775 2297 1923 2353 nulla
1947 2297 2125 2353 deter-

2222 1926 2667 1984 concursionibus
2693 1924 2994 1980 temerariis
3018 1938 3284 1978 summam
3315 1936 3495 1976 rerum
3525 1930 3800 1976 construe
3816 1955 3829 1959 νη

2225 2038 2285 2077 re
2307 2064 2320 2087 ,
2355 2030 2517 2092 atque
2554 2018 2886 2075 diversitatis
2918 2019 3119 2090 impetu
3149 2016 3399 2071 fabricari
3426 2033 3440 2068 :
3464 2030 3587 2070 cum
3621 2015 3832 2087 quibus

2228 2115 2333 2170 hoc
2377 2124 2621 2185 tempore
2650 2126 2669 2152 ε
2700 2113 2904 2167 nullum
2932 2111 3088 2167 nobis
3114 2109 3333 2165 omnino
3361 2120 3523 2180 super
3576 2111 3670 2164 tali
3722 2111 3836 2165 erit

2229 2208 2595 2264 obstinatione
2625 2217 2920 2262 certamen.
2954 2206 3121 2261 Aiunt
3146 2206 3291 2259 enim
3322 2220 3451 2258 sana
3482 2204 3829 2270 sentientes,

2229 2300 2600 2357 contradicere
2629 2300 2790 2356 rebus
2815 2299 2995 2355 stultis
3014 2340 3029 2365 ,
3060 2297 3300 2353 stultitia
3328 2310 3452 2351 esse
3487 2295 3740 2366 majoris.

1756 2436 2137 2495 LECTIONES
2175 2438 2591 2496 VARIANTES.

594 2551 624 2580 ⁸
668 2548 975 2600 Nationibus.
1013 2548 1163 2600 Male.
1202 2563 1294 2601 ms.

591 2609 622 2648 ³
666 2612 907 2676 Corporis.
963 2606 1106 2662 Fulv.

2299 2554 2323 2586 °
2360 2552 2465 2607 Hoc
2488 2556 2742 2621 temporis.
2768 2554 2917 2606 Bene.
2959 2563 3128 2607 erca
3150 2553 3358 2621 phrasis.
3391 2566 3483 2607 ms.
3519 2554 3712 2605 Meurs.

1910 2716 2467 2779 COMMENTARIUS.

535 2841 813 2907 ﬁnxerunt.
884 2836 1124 2893 Henna.
1167 2866 1236 2877 --
1266 2838 1460 2893 Annon
1506 2835 1789 2908 legendum
1806 2836 2056 2963 Oﬁxerunt
2092 2836 2117 2889 .9

1853 2923 2007 2963 RELL.

1853 2923 2007 2963 RELL.

610 2981 880 3051 Rationem
906 2982 1143 3034 imbrium
1183 2989 1631 3050 tempestatumque
1675 2981 1947 3047 finxerunt.
1974 2978 2119 3035 Scri-

540 3054 773 3110 beudum
806 3052 1043 3122 fixerunt.
1085 3051 1288 3107 OnELL.

508 3142 511 3145 '
608 3123 807 3180 XXXI.
847 3154 919 3164 —
957 3124 1002 3179 0
1038 3125 1147 3194 ipse
1190 3125 1379 3177 invisus
1433 3133 1479 3176 ct
1529 3123 1684 3176 nullis
1722 3139 1960 3186 umquam
1990 3138 2126 3175 com-

534 3198 779 3268 prehcnsc
820 3198 1034 3268 naturis.
1071 3199 1142 3251 lla
1170 3196 1302 3250 Cod.
1336 3209 1436 3248 ms.
1467 3204 1528 3268 et
1573 3196 1669 3268 ed.
1704 3194 1897 3249 Sabini.
1936 3194 2126 3268 Cloio-tri

534 3264 693 3323 invise
728 3285 746 3321 :
791 3266 885 3322 sed
931 3278 1055 3320 sunt
1101 3266 1508 3339 hujusgeneris
1552 3265 1807 3339 ἐναλλαγαι
1847 3264 2129 3339 apudbos

531 3343 823 3406 scriptores
852 3341 1118 3408 plurimas,
1154 3338 1307 3390 nullis
1332 3339 1694 3402 comprehensa
1720 3336 1934 3403 naturis,
1967 3336 2015 3389 id
2048 3347 2130 3388 est

534 3410 1127 3479 incomprehensibilis,
1166 3424 1324 3473 quam
1356 3422 1539 3460 vocem
1578 3408 1881 3479 significare
1910 3408 2125 3467 tualint,

533 3498 692 3551 quain
720 3477 1108 3551 pronuntiare.
1140 3479 1535 3551 Tertullimus:
1565 3477 1841 3532 Invisibilis
1879 3488 1981 3543 est,
2011 3486 2059 3529 et
2086 3479 2130 3531 si

533 3548 796 3615 uideatur;
837 3548 1385 3617 incomprehensibilis,
1429 3549 1521 3602 etsi
1553 3564 1641 3619 per
1681 3551 1897 3619 gratiam
1942 3564 2127 3617 γοργω-

535 3628 777 3676 sentetut‘.
812 3622 943 3674 Cum
982 3624 1081 3674 hac
1111 3619 1417 3689 precatione
1452 3618 1775 3673 eunlet‘ettda
1811 3621 1896 3673 illa
1924 3618 1978 3674 S.
2016 3619 2128 3674 Att-

535 3691 733 3763 gustini
764 3690 1035 3763 Coul’ess.,
1070 3692 1163 3745 lib.
1202 3706 1242 3754 ι,
1278 3708 1328 3745 c.
1362 3693 1396 3746 3
1423 3700 1477 3744 et
1497 3692 1551 3743 4.
1581 3690 1786 3745 Invisus
1809 3705 1904 3759 pro
1927 3705 2030 3746 non
2054 3690 2129 3744 vi-

538 3762 652 3829 aus,
677 3774 734 3817 ut
754 3776 914 3833 sat-pc.
952 3762 1082 3817 Vide
1115 3763 1467 3827 Bnnemann.,
1492 3763 1556 3815 ad
1590 3763 1853 3825 Lactant.,
1882 3763 2009 3817 Inst.
2033 3778 2126 3827 vn,

540 3849 657 3903 cap.
705 3833 801 3898 l6,
850 3850 969 3904 pag.
1012 3833 1117 3889 947
1155 3849 1237 3903 sq.
1272 3833 1476 3888 Natura
1518 3844 1682 3886 autem
1732 3833 1834 3888 hoc
1873 3833 1993 3888 loco
2034 3849 2130 3902 pro

539 3912 807 3971 creatura,
834 3914 891 3960 ut
913 3903 999 3975 ap.
1024 3905 1372 3960 Prudentium
1395 3910 1514 3981 περὶ
1535 3907 1811 3979 στεφάνων,
1836 3903 2034 3977 hymno
2055 3921 2127 3960 x:

696 4012 898 4079 Fluctus
919 4014 1153 4079 liquentis
1175 4015 1385 4078 aequoris
1403 4018 1581 4079 pressit
1605 4015 1752 4078 pede,

698 4076 882 4127 Natura
906 4076 1039 4127 ﬂu'xa
1062 4086 1115 4127 et
1133 4076 1294 4127 tenuis
1308 4080 1358 4127 in
1380 4076 1585 4127 solidum
1606 4076 1724 4128 coit.

541 4198 701 4253 quem
733 4182 908 4239 locum
939 4182 1121 4237 citavit
1148 4180 1429 4236 Meursius.
1469 4181 1673 4239 ORELL.

613 4252 756 4308 Genu
819 4255 938 4309 nixo
997 4253 1343 4324 procumbere.
1399 4252 1656 4324 Vulgatus
1710 4269 1827 4310 mos
1886 4264 2126 4311 veterum

540 4325 986 4384 christianorum,
1015 4324 1068 4379 in
1098 4323 1426 4379 orationibus
1464 4323 1521 4378 in
1547 4335 1741 4379 terram
1770 4325 1971 4394 poplite
2003 4327 2128 4381 nixo

539 4396 911 4467 procumbere.
952 4396 1211 4466 Origenes
1242 4398 1293 4451 in
1325 4396 1562 4457 Numeri,
1582 4410 1714 4467 cap.
1755 4398 1808 4459 4,
1839 4396 2037 4452 Homil.
2066 4398 2123 4466 5,

540 4470 633 4524 fol.
670 4469 771 4524 190
799 4485 812 4520 :
845 4466 1020 4522 Genua
1040 4468 1289 4538 ﬂectimus
1314 4475 1533 4521 orantes.
1577 4466 1823 4522 ELIIENH.
1904 4472 1907 4475 “

616 4538 783 4594 Locus
814 4557 982 4595 rerum
1010 4556 1071 4593 ac
1100 4540 1339 4608 spatium.
1365 4538 1443 4595 Ita
1470 4538 1813 4593 nominarunt
1839 4538 2002 4593 Deum
2032 4554 2127 4594 ve-

540 4620 684 4669 teres
726 4611 1059 4680 Peripatetici
1081 4652 1096 4676 ,
1138 4612 1291 4667 τόπον
1326 4615 1550 4670 πάντων.
1584 4623 1717 4675 quos
1756 4610 1948 4664 refellit
1975 4612 2127 4666 Sext.

543 4683 843 4751 Empiricus
872 4682 1127 4738 adversus
1156 4683 1434 4746 Mathetu.,
1464 4684 1557 4735 lib.
1598 4696 1659 4748 ι,
1696 4681 1783 4734 ubi
1815 4681 2090 4736 Fabricius
2109 4725 2124 4748 ,

542 4768 664 4825 pag.
689 4754 815 4819 659,
840 4753 953 4807 ilth
973 4764 1195 4808 annotat
1218 4772 1230 4807 :
1263 4772 1279 4804 t
1306 4754 1471 4808 Deum
1500 4752 1706 4807 Hebraei
1730 4767 1835 4807 non
1864 4753 2126 4819 dubitant,

542 4826 666 4895 quia
715 4840 746 4879 a
792 4825 937 4879 nullo
975 4828 1307 4886 continetur,
1350 4825 1462 4892 ipse
1491 4839 1617 4875 vero
1648 4825 1905 4879 immensa
1937 4827 2131 4881 virtute

543 4910 640 4950 sua
671 4897 1144 4976 conatiitetotnuia,
1171 4895 1443 4976 appellare
1468 4899 1644 4976 Dfpp,
1696 4898 1809 4949 sive
1834 4896 2048 4976 locum_,_
2073 4906 2131 4976 ut

545 4980 690 5035 Saepe
721 4964 779 5019 fit
821 4968 869 5018 iii
918 4965 1099 5019 libello
1142 4966 1336 5019 rituum
1368 4964 1733 5031 Pasch'altutu,
1779 4982 1938 5036 quem
1965 4969 2133 5028 edidit

548 5038 917 5109 liittangelius.
948 5036 1363 5109 PliillLJudtﬂUS,
1394 5038 1531 5109 libro
1552 5038 1617 5091 de
1645 5036 1910 5103 Profugis,
1940 5055 1993 5109 p.
2023 5040 2130 5094 560

543 5110 817 5179 explicans
864 5108 1039 5161 locum
1090 5107 1260 5161 Exod.
1295 5122 1402 5171 XXI,
1447 5108 1531 5162 15.
1564 5110 1727 5179 Τόπον
1766 5110 1905 5164 καλεῖ
1942 5107 2033 5164 in?»
2074 5114 2131 5166 οὐ

748 5179 1192 5255 itineriitime
1218 5180 1338 5255 {me
1360 5182 1595 5255 σώματος
1618 5221 1633 5244 ,
1654 5177 1778 5255 ἅλλά
1797 5180 1859 5237 δι’
1889 5183 2131 5255 oneratam

716 5252 800 5307 τὸν
836 5249 1170 5327 θεὸν,ξέπὲειδῄ
1198 5249 1456 5327 περς-ἐχωὺ
1493 5253 1548 5327 ou
1580 5254 1882 5327 περιέχεται
1900 5294 1915 5317 ,
1951 5258 2029 5308 καὶ
2054 5252 2131 5310 ὅτι

542 5329 805 5396 {attactum}
834 5330 932 5377 τῶν
968 5319 1091 5396 ﬂcio
1128 5319 1384 5378 ἐπέζεσε
1408 5332 1470 5396 et_
1490 5319 1770 5396 ‘chrisitaiu
1816 5325 2125 5391 scriptores.

544 5391 880 5470 Theophilus
900 5409 935 5470 lt
964 5395 1039 5470 uti
1060 5398 1330 5470 Autolyc.,
1364 5410 1416 5459 ιι.
1444 5393 1542 5470 8ιᾷ
1575 5396 1696 5470 Θεὸς
1723 5397 1822 5470 γὰρ
1849 5397 1905 5450 οὐ
1935 5401 2131 5470 χωρεῖ-

541 5480 651 5527 tat,
681 5462 804 5521 ἀλλὰ
827 5466 974 5525 αὐτὸς
1020 5466 1136 5523 ἐστι
1162 5462 1321 5525 «tiro;
1366 5472 1464 5520 τῶν
1502 5462 1643 5519 ὅλων.
1677 5462 1743 5519 Ιιί
1782 5462 2131 5521 Coulesst'otte

543 5534 875 5600 Gt-mcoruttt,
907 5551 1063 5604 quam
1092 5535 1255 5589 edidit
1285 5536 1641 5601 Nortnannus,
1678 5553 1728 5604 p.
1761 5538 1849 5593 56.
1887 5537 2024 5590 Deus
2052 5539 2133 5590 di-

541 5615 678 5660 citur
720 5608 874 5667 τόπος
919 5609 1066 5668 αὐτὸς
1106 5607 1309 5661 ἑαυτοῦ.
1345 5608 1564 5675 Proprie
1610 5621 1786 5662 tamen
1820 5610 1994 5663 locum
2026 5608 2130 5662 dici

542 5690 700 5743 posse
730 5681 915 5739 Deum,
951 5690 1094 5732 recte
1124 5692 1279 5746 negat
1316 5678 1374 5731 Β.
1409 5674 1758 5745 Augusﬁuus,
1791 5680 1925 5732 libro
1951 5676 2019 5731 tle
2046 5679 2128 5732 di-

539 5750 709 5801 versis
737 5747 1134 5815 Qumstiooibus
1181 5763 1400 5812 Luxut,
1443 5749 1739 5816 qua~8tione
1783 5748 1853 5804 20
1886 5766 1896 5798 :
1930 5748 1995 5801 In
2027 5748 2130 5805 Deo

534 5828 651 5873 sunt
678 5828 848 5887 potius
876 5820 1072 5886 omnia,
1099 5834 1250 5887 quam
1280 5822 1389 5889 ipse
1420 5816 1642 5885 alicubi;
1671 5834 1762 5876 nec
1790 5834 1959 5876 tamen
1983 5820 2053 5873 ita
2078 5822 2132 5876 in

2153 4448 2208 4508 D

2219 2834 2330 2901 illo,
2363 2846 2416 2889 ut
2445 2837 2555 2903 ipse
2577 2835 2641 2890 sit
2669 2837 2827 2891 locus.
2879 2833 3041 2889 Locus
3068 2836 3201 2889 enim
3248 2835 3301 2888 in
3330 2834 3498 2903 spatio
3534 2842 3611 2888 est
3638 2874 3653 2898 ,
3687 2835 3836 2904 quod

2224 2905 2566 2976 longitudine,
2597 2920 2644 2961 et
2682 2906 2983 2972 latitudine,
3026 2914 3075 2959 et
3110 2906 3379 2976 altitudine
3408 2905 3640 2975 corporis
3680 2922 3839 2959 occu-

2224 2974 2377 3046 patur
2400 2996 2418 3032 :
2447 2996 2535 3033 nec
2568 2977 2704 3032 Deus
2748 2979 2848 3033 tale
2889 2976 3085 3045 aliquid
3131 2987 3225 3047 est.
3262 2974 3343 3047 Et
3370 2983 3542 3030 omnia
3588 2976 3752 3047 igitur
3781 2978 3837 3030 in

2150 3046 2194 3109 C
2227 3045 2341 3115 ipso
2366 3060 2501 3117 sunt,
2527 3060 2571 3103 et
2601 3049 2741 3105 locus
2770 3066 2871 3103 non
2899 3056 2992 3103 est.
3034 3049 3159 3119 limo
3193 3045 3427 3113 Fabric,
3461 3045 3658 3119 quibus
3689 3048 3836 3103 addc

2233 3123 2539 3186 Augustiu.,
2569 3120 2813 3177 Caul‘ess.
2844 3138 2880 3186 t,
2910 3136 2959 3174 c.
2991 3121 3047 3174 5.
3088 3117 3292 3174 OnsLL.

2366 3194 2468 3274 ulla
2499 3193 2807 3274 determinat
2835 3192 3234 3274 circumscriptio
3256 3232 3268 3249 ,
3303 3189 3572 3274 ﬁnalitatis
3600 3204 3830 3273 ⁹θείομεν-ε,

2232 3264 2561 3331 quantitatis.
2593 3262 2696 3317 Th.
2723 3262 2986 3318 Cauterus
3011 3263 3161 3316 verb.
3195 3261 3833 3333 qualitatisiconjungens

2232 3350 2353 3389 cum
2397 3336 2794 3402 circumscriptio
2825 3333 3108 3405 legendum
3142 3330 3357 3400 conjicit
3399 3349 3411 3387 ε
3458 3330 3622 3405 Nulla
3663 3332 3834 3405 deter-

2233 3408 2391 3475 minat
2414 3406 2810 3474 circumscriptio
2832 3403 3351 3475 quantittttis,_expers
3370 3403 3650 3475 qualitatis.
3672 3403 3827 3459 Male.

2234 3474 2504 3546 Expertem
2531 3472 2808 3545 qualitatis.
2836 3472 3130 3546 quantitatis
3157 3472 3319 3527 Deum
3350 3485 3505 3529 vocat
3526 3473 3825 3541 Arnobius,

2233 3550 2383 3630 cujus
2409 3563 2579 3630 neque
2603 3547 2930 3617 qualitatem,
2964 3546 3064 3601 hoc
3084 3554 3166 3599 est
3191 3547 3436 3628 .x'irtutes,
3465 3561 3640 3630 neque
3660 3562 3830 3615 quati-

2232 3621 2466 3673 titatetn.
2496 3618 2548 3671 id
2578 3630 2661 3670 est
2688 3634 2948 3672 summam
2998 3619 3289 3686 potentiam
3337 3626 3391 3671 et
3437 3620 3830 3685 otunipriesen-

2235 3692 2382 3753 tiam,
2416 3691 2656 3742 liomioes
2686 3698 2885 3757 queunt
2912 3689 2996 3744 vel
3026 3687 3240 3759 ingenio
3285 3702 3478 3759 capere
3526 3691 3610 3743 vel
3650 3686 3830 3743 verbis

2231 3765 2563 3830 exprimere.
2592 3760 2794 3815 OnsLL.

2308 3829 2454 3886 Potis
2480 3841 2572 3886 est.
2606 3833 2900 3902 legebatur
2922 3839 3103 3901 potest.
3137 3833 3202 3885 At
3224 3832 3274 3883 in
3302 3845 3404 3885 ms.
3428 3845 3538 3899 reg.
3566 3831 3825 3902 scriptum

2233 3904 2363 3974 potis
2393 3912 2482 3965 est,
2517 3918 2673 3972 quain
2695 3901 2698 3902 ⁷
2717 3905 2996 3957 lectionem
3027 3902 3413 3971 expressimus.
3443 3902 3530 3956 Sic
3558 3901 3687 3955 alibi
3722 3918 3827 3974 βερ-

2233 3972 2450 4044 pissime
2481 3990 2576 4042 pro
2608 3986 2720 4042 pote
2763 3983 2838 4028 est
2874 3974 3209 4041 reposuimus
3258 3974 3389 4043 potis
3418 3982 3489 4026 est
3536 3987 3601 4028 ex
3635 3972 3825 4029 eodem

2232 4061 2333 4101 ms.
2364 4045 2437 4099 Ita
2470 4046 2825 4115 loquebantur
2851 4052 3061 4100 veteres
3080 4085 3095 4109 ,
3124 4045 3260 4116 apud
3288 4057 3423 4116 quos
3450 4044 3700 4115 potissum
3733 4059 3826 4117 pro

2234 4133 2471 4188 possum.
2508 4117 2785 4173 Lucretius
2818 4134 2831 4170 :

2325 4248 2430 4301 Nec
2445 4252 2570 4315 potis
2594 4260 2671 4303 est
2684 4253 2848 4311 cerni,
2872 4251 2987 4315 quia
3008 4258 3199 4301 cassum
3223 4248 3408 4301 lumine
3428 4249 3604 4300 fertur.

3372 4354 3592 4405 Hem.

2232 4478 2389 4537 Coul.
2414 4480 2583 4550 Lips.,
2616 4478 2740 4534 Var.
2771 4479 2943 4546 Lect.,
2973 4480 3068 4534 lib.
3096 4495 3132 4543 ι,
3161 4493 3283 4549 cap.
3312 4479 3397 4535 li.
3440 4478 3643 4536 Ocasu.

2309 4552 2505 4606 Partim
2554 4551 2712 4607 ullam
2760 4568 2940 4621 negare
2984 4550 3082 4605 vim
3127 4566 3234 4604 esse
3274 4551 3518 4604 divinam.
3570 4552 3820 4621 Diagoras

2234 4625 2372 4700 scil._
2393 4634 2451 4700 e_t_
2482 4621 3461 4700 Theidoruspyrenaicus,“quiideo
3505 4624 3611 4700 rei?
3642 4626 3821 4700 ἐξοχῄν

2233 4697 2373 4750 athei
2404 4695 2733 4749 dicebantur.
2764 4690 2882 4766 Nili}
2915 4693 3053 4761 Cic.,
3077 4694 3142 4749 de
3164 4690 3285 4746 Nat.
3317 4697 3498 4759 Deor.,
3526 4696 3561 4750 l.
3588 4712 3624 4761 t,
3655 4690 3814 4766 et'z's,

2234 4777 2287 4822 et
2313 4767 2577 4834 Lactant.,
2607 4783 2644 4830 t,
2675 4782 2723 4821 c.
2753 4762 2806 4820 2.
2839 4764 3040 4830 OBELL,

2305 4839 2504 4892 Partim
2560 4854 2628 4892 an
2680 4837 2835 4893 sit...
2864 4853 3104 4908 quierere.
3151 4835 3468 4906 Protagoras
3513 4836 3812 4895 Abderites.

2234 4908 2357 4965 Vid.
2389 4909 2499 4965 Cic.
2532 4908 2570 4963 l.
2604 4922 2640 4963 t.
2682 4907 2887 4965 OetaLL.

2307 4981 2517 5035 Casibus
2548 4982 2769 5047 fortuitis
2806 4988 2851 5033 et
2890 4977 3298 5034 concursionibus
3326 4978 3624 5035 temerariis.
3654 4978 3813 5050 Cujus

2235 5057 2512 5108 sementim
2543 5066 2727 5105 auctor
2761 5062 2876 5105 erat
2909 5051 3270 5121 Democritus,
3305 5050 3649 5104 conlirmator
3688 5051 3811 5121 Epi-

2234 5139 2413 5180 curus.
2444 5123 2767 5179 Lactantius.
2794 5122 2884 5177 lib.
2913 5139 2950 5186 t,
2979 5136 3029 5175 c.
3070 5121 3123 5174 2.
3159 5120 3241 5174 Cf.
3266 5120 3535 5183 Juvenal.,
3564 5132 3666 5179 sat.
3699 5140 3807 5191 xm,

2235 5195 2322 5251 85.
2358 5196 2526 5260 Plin.,
2555 5194 2687 5247 Hist.
2718 5193 2858 5255 Nat.,
2886 5208 2943 5254 ιι,
2975 5194 3024 5245 7.
3069 5191 3270 5245 ORELL.

2306 5264 2622 5319 Diversitatis
2664 5260 2855 5331 impetu
2901 5262 3159 5334 fabricari.
3195 5264 3305 5316 Hoc
3348 5270 3468 5329 est,
3513 5264 3808 5334 impetuoso

2234 5342 2534 5391 atomorum
2567 5346 2850 5401 concursu,
2882 5333 3013 5403 quas
3042 5333 3432 5388 diuersissimas
3462 5348 3584 5390 esse
3614 5348 3808 5393 Statue-

2235 5418 2359 5461 runt
2388 5406 2630 5474 Epicurei
2658 5447 2672 5471 ,
2720 5407 2850 5459 alias
2879 5406 3038 5459 lieres
3059 5443 3074 5469 ,
3106 5405 3237 5459 alias
3268 5421 3514 5471 asperas,
3562 5411 3807 5464 rotundas

2234 5480 2398 5543 alias,
2427 5476 2617 5547 partim
2664 5486 2840 5547 autem
2872 5477 3168 5546 ungulatus,
3199 5487 3445 5529 curvatas
3474 5476 3726 5547 quasdam
3757 5490 3807 5537 et

2234 5551 2384 5619 quasi
2414 5546 2669 5603 aduncos.
2721 5546 2836 5601 Vid.
2879 5547 3018 5612 Cic.,
3061 5549 3127 5601 de
3165 5548 3279 5601 Nat.
3314 5546 3505 5613 Deor.,
3529 5548 3564 5603 l.
3593 5548 3678 5602 24.
3722 5550 3805 5603 Οὲσ

2233 5618 2480 5674 uanitatis
2508 5629 2589 5673 est
2620 5620 2798 5688 itaque
2829 5618 2964 5673 idem
2999 5620 3138 5685 quod
3168 5619 3476 5688 diversarum
3506 5630 3802 5688 atomorum,

2236 5705 2410 5758 neque
2433 5705 2565 5760 opus
2597 5687 2852 5747 habemus
2881 5695 3213 5744 correctione
3235 5689 3284 5744 .l.
3318 5687 3553 5742 Walkeri
3580 5690 3644 5743 ad
3670 5687 3797 5759 Cic.,

2235 5762 2301 5816 de
2329 5761 2445 5816 Nat.
2496 5761 2678 5828 Deor.,
2726 5777 2763 5825 ι,
2807 5761 2893 5828 58,
2940 5775 3055 5831 pag.
3088 5760 3212 5824 549,
3241 5760 3325 5814 ed.
3371 5760 3561 5831 Davisii
3594 5760 3803 5831 legentis

2235 5833 2575 5889 universitatis
2598 5833 2788 5903 impetu
2819 5834 2906 5890 vel
2936 5829 3144 5887 uomitu.
3168 5831 3365 5887 Contra
3389 5829 3443 5886 in
3462 5829 3802 5899 sequentibus
