4020 6282
232 320 348 381 757

1627 314 1831 379 LIBER
1869 316 2144 381 PRIMUS.

3411 320 3518 379 758

313 436 530 495 XXXII.
571 432 767 497 Sermo
792 452 914 495 cum
960 432 1048 494 his
1090 438 1244 496 nobis
1286 448 1401 508 est,
1451 439 1542 511 qui
1582 436 1825 495 divinum
1854 440 1904 500 Α
1930 438 2371 495 constituerimus
2402 438 2678 494 immania.
2711 432 3002 496 Dissimilia
3033 439 3324 511 copulare,
3354 448 3515 512 atque

236 546 371 589 esse
412 529 812 601 consentientes
858 542 1057 603 genus,
1090 532 1159 587 de
1208 528 1502 603 majoribus
1546 520 1823 597 dubitant,

232 641 367 682 cum
398 624 559 681 iidem
604 638 723 681 esse
762 620 969 696 plebeia
1014 634 1175 694 atque
1204 624 1489 680 humiliora
1536 622 1819 679 fateantur.

224 717 375 788 Quid
405 730 556 790 ergo.
587 726 674 774 res
704 720 881 773 tantas
910 718 1239 787 argumentis
1268 716 1504 772 nitemur
1532 723 1690 787 atque
1711 712 1824 771 ela-

220 812 496 868 boramus
524 811 801 867 obtinere?
831 808 1084 866 Discedat
1114 811 1226 865 haec
1253 810 1409 881 longe
1430 851 1444 873 ,
1472 818 1636 879 atque
1668 824 1696 861 a
1724 824 1821 863 no-

220 901 317 958 bis
359 898 565 973 procul,
599 900 840 974 inquam,
886 911 939 957 Ill
972 898 1185 968 dicitur,
1210 912 1602 957 averruncetur
1638 910 1822 956 amen-

220 994 324 1053 tia.
375 988 450 1052 lla
503 1003 584 1053 est
616 997 758 1051 enim
795 996 1155 1067 periculosum
1202 994 1531 1067 argumentis
1560 994 1815 1066 aggredi,

227 1089 407 1147 Deum
440 1089 736 1161 principem
770 1086 1152 1160 comprobare,
1184 1102 1345 1160 quam
1376 1088 1582 1145 ratione
1626 1088 1816 1159 hujus-

218 1178 375 1239 modi
408 1194 529 1239 esse
580 1183 769 1247 illum,
823 1178 962 1239 velle
1002 1194 1351 1255 cognoscere.
1386 1178 1495 1238 Nec
1535 1180 1816 1253 quicquam

223 1272 439 1347 refert,
470 1288 563 1332 aut
605 1270 906 1349 discrepat,
937 1286 1187 1333 utrttmne
1231 1284 1394 1349 neges
1438 1272 1607 1341 illum,
1635 1286 1704 1331 an
1732 1286 1819 1331 as-

228 1385 421 1440 seras,
450 1382 610 1442 atque
639 1371 870 1426 existere
915 1371 1130 1426 fatearis
1160 1388 1173 1425 :
1205 1385 1327 1425 cum
1356 1370 1408 1425 in
1439 1366 1624 1423 eadem
1656 1364 1814 1438 culpa

216 1463 334 1530 sit,
366 1473 421 1520 et
440 1464 667 1520 assertio
696 1464 816 1520 talis
846 1464 955 1530 rei,
984 1473 1039 1520 et
1063 1464 1347 1536 abnegatio
1390 1462 1697 1519 refutatoris
1728 1463 1812 1517 in-

219 1557 458 1613 ereduﬁ.

212 1656 221 1683 τ
297 1649 539 1705 XXXIII.
561 1650 930 1721 Quisquamne
972 1660 1056 1707 est
1093 1651 1393 1716 hominum,
1421 1652 1512 1716 qui
1553 1666 1658 1708 non
1688 1666 1809 1707 cum

214 1741 382 1798 istius
426 1736 685 1812 principis
728 1743 951 1798 notione
994 1742 1136 1800 diem
1169 1746 1354 1813 prima:
1400 1742 1694 1800 nativitatis
1722 1744 1808 1800 in-

1939 531 1993 585 in
2029 545 2189 586 unam
2220 532 2456 603 speciem
2495 547 2689 601 cogere
2718 532 2933 587 inducta
2982 530 3300 587 confusione
3353 547 3518 589 cana.

1930 624 2083 680 mini.
2132 622 2265 680 Nam
2316 625 2457 681 Deus
2485 625 2827 697 omnipotens
2857 632 3036 680 mente
3081 639 3185 679 una
3230 624 3475 680 omnium
3518 676 3519 679 η

1928 726 1983 775 et
2027 720 2263 774 ommuni
2303 719 2640 775 mortalitatis
2684 732 2930 784 assensu,
2962 730 3137 789 neque
3165 718 3378 788 genitus
3407 719 3512 774 sei-

1926 822 2031 878 tur,
2064 824 2235 884 neque
2264 826 2455 868 novam
2486 814 2538 866 in
2567 813 2739 867 lucem
2765 811 3053 882 aliquando
3079 825 3200 867 esse
3228 811 3503 881 prolatus,

1925 918 2026 959 nec
2050 919 2115 959 ex
2142 905 2322 975 aliquo
2350 914 2593 974 tempore
2618 903 2847 974 coepisse
2873 918 3014 969 esse,
3033 903 3123 958 vel
3144 903 3365 958 saeculo.
3387 896 3511 972 Ipso

1928 1008 2011 1057 est
2039 1002 2186 1056 enim
2219 1001 2338 1057 fans
2365 1016 2569 1069 rerum,
2593 1009 2739 1056 sator
2756 1001 3077 1057 saeculorum
3098 1012 3162 1053 ac
3186 1005 3511 1067 temporum.

1924 1091 2037 1147 Non
2066 1092 2206 1148 enim
2235 1094 2346 1164 ipsa
2376 1102 2470 1163 per
2498 1104 2559 1148 se
2584 1103 2740 1156 sunt,
2775 1093 2870 1148 sed
2899 1102 2968 1148 ex
2997 1093 3113 1161 ejus
3156 1088 3511 1160 perpetuitate

1926 1194 2181 1258 perpetua
2233 1199 2286 1243 et
2334 1186 2540 1243 infinita
2588 1202 2802 1257 semper
2867 1186 3271 1243 continuatione
3322 1196 3513 1256 proce-

1935 1278 2162 1339 cetlttnt.
2195 1286 2264 1338 At
2286 1294 2414 1339 vero
2434 1282 2662 1353 Jupiter,
2692 1293 2749 1338 ut
2776 1294 2874 1338 vos
2905 1282 3073 1347 fertis,
3103 1289 3157 1336 et
3185 1289 3390 1351 patrem
3417 1280 3513 1335 ha-

1928 1374 2021 1431 bet
2046 1384 2099 1430 et
2126 1382 2375 1444 matrem,
2408 1392 2536 1430 avos
2556 1418 2571 1442 ,
2596 1376 2768 1443 avias,
2795 1376 2987 1430 fratres
3030 1392 3043 1427 :
3086 1388 3225 1429 nunc
3254 1388 3424 1443 nuper
3446 1372 3501 1427 in

1918 1475 2072 1521 utero
2099 1467 2285 1521 matris
2329 1481 2443 1521 sua:
2484 1466 2764 1532 formatus,
2818 1465 3098 1522 absolutus
3130 1463 3404 1520 mensibus
3447 1472 3505 1518 et

1915 1567 2316 1614 consummatus
2364 1558 2549 1613 decem
2577 1600 2591 1623 ,
2642 1559 2877 1628 ignotam
2916 1555 3021 1611 sibi
3056 1558 3108 1610 in
3143 1556 3315 1610 lucem
3346 1569 3510 1609 sensu

1917 1654 2071 1708 irruit
2091 1669 2151 1708 se
2176 1652 2343 1707 vitali.
2386 1651 2566 1722 Ergo,
2597 1652 2642 1706 si
2672 1650 2789 1705 haec
2834 1651 2907 1704 ita
2947 1659 3103 1712 sunt,
3131 1648 3340 1720 Jupiter
3380 1661 3501 1703 esse

1912 1746 2046 1803 deus
2094 1746 2181 1817 qui
2225 1747 2433 1817 potest!
2475 1760 2599 1801 cum
2645 1746 2792 1799 illum
2838 1758 2959 1800 esse
3008 1754 3323 1814 perpetuum
3364 1757 3497 1798 coni

212 1831 482 1886 triverit?
528 1831 615 1887 cui
646 1847 753 1886 non
780 1833 848 1887 sit
872 1832 1186 1903 ingenitum.
1218 1848 1323 1889 non
1353 1832 1607 1899 afﬁxam.
1639 1832 1807 1889 immo
1836 1835 1884 1895 B
1912 1851 2051 1910 stet,
2102 1850 2157 1897 et
2182 1840 2526 1912 perhibeatur
2550 1840 2742 1894 altera
2773 1836 2955 1904 vobis,
2988 1847 3041 1892 et
3087 1837 3202 1893 dies
3240 1835 3497 1892 habuisse

209 1922 322 1994 ipsi
346 1938 485 1994 pene
514 1920 567 1978 in
598 1924 921 1994 genitalibus
954 1926 1144 1981 matris
1172 1942 1278 1982 non
1309 1927 1627 1996 impressum
1649 1966 1667 1993 ,
1698 1940 1807 1983 non

213 2015 443 2071 insitum
489 2030 611 2072 esse
657 2032 840 2088 regem
872 2032 936 2072 ac
961 2017 1236 2074 dominum
1258 2059 1274 2085 ,
1318 2028 1635 2075 cunctorum
1665 2034 1810 2089 qua:-

213 2120 453 2178 cumque
489 2117 615 2163 sunt
641 2107 1083 2165 moderatorem?
1113 2109 1230 2181 Ipsa
1252 2109 1482 2181 denique
1512 2110 1724 2167 hiscere
1763 2114 1809 2166 si

209 2199 512 2254 animantia
536 2212 680 2257 mnta
711 2201 849 2272 potis
870 2208 1053 2259 essent
1079 2221 1091 2256 :
1124 2202 1172 2259 si
1194 2204 1245 2257 in
1271 2202 1572 2276 linguarum
1602 2212 1809 2259 nostra-

208 2306 339 2345 rum
368 2292 675 2348 facilitatem
701 2294 836 2348 solvi
862 2315 875 2349 :
902 2296 1067 2351 immo
1096 2296 1141 2351 si
1161 2297 1403 2361 arbores,
1435 2297 1625 2367 gleba,
1654 2312 1804 2366 saxa,

207 2398 381 2438 sensu
411 2386 644 2440 animata
671 2384 822 2441 vitali
850 2388 995 2442 vocis
1022 2388 1255 2443 sonitum
1283 2390 1499 2461 quirent
1520 2402 1576 2445 et
1601 2390 1801 2445 verbo-

209 2491 340 2531 rum
369 2476 625 2532 articulos
655 2478 948 2549 integrare,
974 2480 1044 2533 ita
1077 2496 1181 2535 non
1212 2480 1349 2536 duce
1378 2493 1586 2546 natura,
1616 2491 1670 2536 et
1696 2498 1808 2539 ma-

211 2567 414 2638 gistra,
450 2584 554 2623 non
583 2567 903 2641 incorrupta
930 2570 1287 2643 simplicitatis
1310 2570 1437 2638 fide,
1470 2583 1524 2628 et
1552 2572 1809 2645 intellige-

208 2668 340 2714 rent
368 2673 489 2716 esse
520 2661 684 2716 Deum
709 2703 724 2729 ,
756 2672 812 2717 et
838 2671 1155 2718 cunctorum
1182 2664 1457 2720 dominum
1488 2665 1660 2721 solum
1687 2681 1809 2722 esse

212 2750 517 2806 clamarent
536 2751 561 2795 ‘l

287 2842 528 2899 XXXIV.
579 2842 685 2900 Sed
729 2846 945 2916 frustra,
980 2848 1169 2918 inquit,
1205 2864 1302 2906 nos
1333 2849 1490 2919 falso,
1519 2859 1574 2907 et
1600 2852 1806 2907 calum-

219 2933 382 2990 nioso
427 2935 691 2992 incessitis
732 2948 787 2994 et
828 2940 1076 3010 appetitis
1103 2941 1328 2997 crimine
1358 2960 1371 2995 :
1396 2951 1664 3015 tamquam
1708 2960 1804 3000 ea-

204 3040 335 3083 mus
360 3027 565 3083 inﬁcias
595 3040 718 3085 esse
765 3030 931 3086 Deum
977 3033 1234 3104 majorem
1269 3050 1286 3085 ς
1313 3047 1435 3089 cum
1488 3049 1518 3087 a
1563 3035 1717 3091 nobis
1748 3045 1804 3093 et

204 3117 418 3192 Jupiter
468 3124 796 3192 nominetur,
844 3133 901 3180 et
952 3124 1189 3196 optimus
1238 3126 1499 3183 habeatur
1542 3141 1595 3184 et
1635 3128 1802 3187 maxi-

1913 1935 2154 1999 natales,
2182 1945 2237 1990 et
2268 1933 2574 2003 pavefactus
2603 1948 2664 1989 re
2713 1948 2854 1987 nova
2881 1931 3305 1988 lamentabilem'
3334 1941 3494 1985 extu-

1912 2026 2039 2082 lisse
2066 2026 2345 2097 vagitum?

1981 2110 2201 2174 XXXV.
2232 2116 2338 2173 Sed
2368 2118 2475 2172 sint
2500 2158 2513 2180 ,
2541 2123 2599 2171 ut
2624 2114 2828 2182 vultis,
2865 2130 3031 2170 unum
3054 2154 3071 2181 ,
3095 2128 3198 2169 nec
3227 2115 3279 2169 in
3311 2114 3493 2185 aliqua

1911 2210 1961 2267 vi
1995 2211 2227 2267 numinis
2248 2253 2263 2278 ,
2294 2214 2348 2267 et
2376 2210 2659 2283 majestate
2698 2209 2956 2265 distantes
2984 2226 2998 2261 :
3024 2207 3216 2279 ecquid
3247 2221 3377 2279 ergo
3415 2208 3500 2264 itt-

1906 2303 2071 2375 justis
2102 2302 2485 2373 persequimini
2515 2317 2614 2357 nos
2640 2298 2817 2356 odiis?
2854 2298 3026 2370 Quid,
3055 2309 3113 2354 ut
3142 2299 3339 2354 ominis
3377 2314 3502 2370 pes-

1910 2396 2079 2462 simi,
2137 2394 2307 2451 nostri
2350 2396 2587 2451 nominis
2633 2392 3006 2449 inhorrescitis
3054 2391 3373 2448 mentione?
3418 2392 3495 2454 si.

1910 2498 2065 2560 quem
2098 2486 2265 2543 Deum
2295 2488 2471 2543 colitis
2496 2530 2512 2556 ,
2545 2501 2667 2542 eum
2696 2496 2750 2542 et
2781 2486 2920 2541 nos?
2947 2493 3038 2539 aut
3064 2483 3191 2555 quid
3225 2484 3277 2537 in
3307 2482 3498 2539 eadem

1909 2597 2068 2639 causa
2102 2580 2255 2637 vobis
2298 2597 2420 2637 esse
2458 2579 2783 2636 contenditis
2816 2577 3107 2634 familiares
3144 2577 3284 2632 Deos
3316 2576 3490 2631 inimi-

1907 2689 2003 2731 cos
2030 2683 2190 2746 atque
2218 2674 2598 2730 infestissimos
2627 2674 2829 2728 nobis?
2864 2672 3076 2729 Etenim
3096 2708 3113 2738 ,
3160 2671 3205 2728 si
3236 2686 3340 2726 una
3370 2669 3501 2726 reli-

1908 2769 1994 2840 gio
2023 2776 2103 2824 est
2141 2768 2297 2824 nobis
2323 2766 2582 2838 vobisque
2622 2766 2927 2821 communis
2949 2808 2964 2830 ,
3014 2770 3189 2840 cessat
3219 2764 3294 2818 ira
3331 2762 3496 2819 caele

1905 2836 2067 2918 stium
2099 2879 2114 2915 :
2146 2860 2229 2917 sin
2260 2860 2416 2916 nobis
2456 2836 2638 2915 infesti
2667 2865 2793 2914 sunt
2833 2857 2997 2924 solis,
3036 2836 3383 2912 'manifestum
3412 2864 3499 2911 est

1906 2956 2116 3012 nescire
2140 2996 2156 3021 ,
2205 2964 2261 3011 et
2294 2970 2423 3019 vos,
2457 2965 2511 3009 et
2540 2953 2664 3009 illos
2710 2953 2878 3008 Deum
2907 2970 2921 3006 :
2953 2967 3113 3022 quem
3157 2951 3344 3008 Jovem
3388 2966 3497 3013 non

1904 3063 2027 3105 esse
2057 3048 2189 3117 ipsis
2222 3049 2426 3104 clarum
2454 3055 2538 3102 est
2565 3042 3023 3116 indignationibus
3049 3046 3349 3100 numinum.

1974 3134 2218 3196 XXXVI.
2243 3139 2349 3197 Sed
2377 3154 2484 3195 non
2504 3180 2520 3207 ,
2554 3136 2762 3207 inquit,
2791 3134 2998 3192 idcirco
3031 3134 3105 3190 dii
3132 3135 3285 3191 vobis
3311 3134 3495 3191 infesti

203 3231 365 3286 mus;
402 3232 632 3293 cumque
654 3219 731 3276 illi
770 3219 1177 3292 augustissima:
1216 3222 1409 3291 sedes,
1439 3235 1497 3280 et
1534 3223 1797 3298 Capitolia
1822 3224 1868 3287 C
1901 3243 2028 3290 sunt
2049 3272 2065 3298 ,
2094 3234 2238 3306 quod
2271 3235 2698 3306 omnipotentem
2742 3230 2933 3288 colatis
2977 3230 3145 3286 Deum
3181 3226 3317 3288 :sed
3350 3220 3495 3302 quod

1579 3360 2145 3429 COMMENTARIUS.

203 3476 378 3544 probo
415 3474 655 3563 ejusdem
688 3472 925 3534 Walteri
966 3476 1330 3549 conjecturam
1376 3479 1671 3549 opinatione
1696 3494 1795 3553 pro
1984 3484 2315 3544 XXXIV.—
2336 3486 2533 3556 Inquit.
2558 3488 2645 3544 Al.
2676 3487 2882 3560 inquitis
2897 3485 3056 3542 male.
3086 3484 3205 3543 Viti.
3237 3494 3395 3560 supra
3424 3488 3492 3549 ad

204 3544 563 3615 obstinatione.
602 3547 803 3604 OnsLL.
1898 3572 1948 3614 c.
1978 3575 2056 3613 nt.
2084 3562 2285 3615 ORELL.

278 3575 563 3605 utuutwnc.
602 3575 803 3604 υιιιςιιιη
1898 3575 1948 3614 C.
1978 3575 2056 3613 111.
2084 3575 2285 3617 υιιΕιι.

278 3614 498 3701 XXXII.
561 3650 631 3659 —
683 3620 1061 3701 Averruncett‘ttL
1098 3618 1338 3701 amentia.
1412 3620 1527 3701 Ita“
1560 3616 1795 3683 Lucilius
1919 3699 1925 3701 _
1973 3631 2039 3684 Et
2089 3633 2331 3701 capitolia
2379 3630 2783 3686 constituerimus
2825 3630 3091 3685 immania.
3131 3629 3485 3699 Tertullian.,

203 3700 297 3758 ap.
339 3688 452 3771 Nptt
495 3708 547 3745 ν.
578 3704 911 3771 averruncare
936 3710 947 3744 :
977 3686 1061 3745 Dii
1090 3690 1378 3771 monuerint
1409 3690 1630 3771 meliora
1646 3704 1799 3766 atque
1898 3686 2316 3769 Apologeiwre.
2363 3701 2457 3758 25.
2515 3702 2759 3771 Nondum
2801 3710 2969 3755 tamen
3021 3703 3221 3771 templis
3278 3712 3369 3757 aut
3414 3686 3489 3759 είῖ.

201 3763 478 3842 amentiam
503 3763 1792 3842 averruttcassint_tuant.ELttsNrt.—Quemlucum
1898 3763 2139 3827 mutueris
2179 3763 2258 3829 res
2298 3775 2468 3827 divina
2510 3776 2653 3840 apud
2696 3770 2956 3826 Romanos
2987 3763 3251 3827 constabat
3299 3790 3317 3827 :
3354 3778 3492 3842 frugi

202 3830 460 3915 fortassis
480 3840 602 3915 ante
624 3833 1023 3915 oculusnhabuit
1053 3846 1255 3915 noster.
1288 3830 1492 3915 υῃεμζ.
1746 3909 1760 3915 _
1894 3844 2075 3913 religio
2118 3854 2165 3898 et
2204 3860 2456 3915 pauperes
2497 3830 2658 3908 riitts,
2708 3854 2754 3897 et
2788 3845 2931 3898 nulla
2970 3845 3212 3915 capitolia
3241 3830 3487 3915 certantia

279 3901 460 3971 Itaest
484 3903 617 3958 enim
641 3903 1007 3971 periculosum,
1038 3915 1142 3959 etc.
1173 3905 1259 3959 Slt'
1288 3905 1451 3960 editio
1491 3920 1627 3961 rom.
1660 3909 1784 3961 cod.

202 3986 321 4046 reg.
350 3970 477 4027 Tam
506 3983 579 4046 est
605 3970 755 4029 enim.
780 3972 1005 4044 Copttlat
1028 3976 1349 4046 quandoque
1377 3977 1473 4031 itas
1500 3978 1788 4044 particulas

200 4040 488 4100 Lucretius
514 4040 584 4099 ita
608 4061 760 4115 quam
794 4040 889 4116 pri)
918 4040 1214 4116 tamquam.
1243 4040 1482 4103 HERALD.

276 4136 515 4193 XXXIII.
563 4168 637 4179 -ο-
692 4136 842 4192 Diem
910 4137 1184 4194 nativitatis
1241 4138 1524 4194 intraverit.
1579 4136 1651 4196 De
1707 4140 1789 4197 lo-

200 4210 413 4287 quentli
423 4208 671 4287 formulis
691 4211 905 4287 intrare,
936 4210 1333 4287 transcendere,
1372 4211 1668 4287 supergredi
1695 4224 1789 4268 an-

201 4276 348 4345 num,
380 4282 532 4344 diem,
559 4291 665 4337 etc.
691 4278 809 4336 Viti.
834 4276 1079 4336 Oudend.
1110 4278 1175 4335 ad
1200 4276 1407 4352 Apulei.
1436 4276 1587 4349 Meti,
1616 4282 1709 4338 lib.
1729 4300 1785 4350 κ,

200 4367 337 4424 page
363 4353 486 4424 679.
515 4354 716 4408 (lusce.

272 4422 406 4491 Ipsi.
436 4423 567 4479 Cod.
601 4441 700 4479 ms.
730 4426 886 4492 ipsis,
914 4424 1054 4492 quod
1084 4422 1329 4492 praefero.
1360 4422 1566 4479 Οιιειι..

274 4494 421 4550 Potis
450 4507 632 4549 essent.
667 4496 839 4549 Editio
869 4496 1032 4562 prima
1072 4497 1381 4561 potuissent;
1411 4497 1551 4561 quod
1598 4495 1782 4551 defen-

135 4573 141 4587 '
201 4567 280 4622 dit
308 4566 521 4621 Herald.
551 4577 603 4621 et
628 4567 922 4635 Salmasius
951 4568 1015 4620 ad
1045 4566 1430 4622 Tertullianum
1470 4568 1538 4621 de
1576 4567 1745 4622 Pallio
1765 4610 1782 4635 ,

201 4654 322 4708 pag.
355 4636 422 4691 67
442 4677 457 4701 ,
488 4637 730 4707 enallage
755 4632 891 4707 apud
920 4638 1207 4708 scriptores
1228 4637 1650 4703 ecclesiasticos,
1682 4632 1785 4694 im?

201 4706 387 4777 primis
418 4706 803 4763 Tertulliaituni
842 4717 896 4762 et
929 4706 1289 4778 Cyprianum,
1334 4708 1781 4776 f'requetttissima.

203 4776 318 4850 Sed,
350 4779 481 4850 potis
510 4791 672 4834 essent
702 4796 731 4834 e
758 4779 881 4833 cod.
924 4776 1024 4833 ms.
1056 4776 1227 4850 ausit.
1264 4776 1556 4850 Meursius,
1593 4796 1642 4849 p.
1672 4779 1742 4834 εἰ
1762 4822 1779 4847 ,

199 4848 622 4922 οοιιηὶζμοιὶεεεηι
657 4867 688 4906 a
724 4851 992 4922 potissum,
1044 4848 1209 4904 verbo
1252 4848 1470 4920 antiquo
1510 4862 1563 4906 et
1594 4848 1782 4906 lucre-

199 4923 366 4978 tiano.
394 4922 597 4977 OasLL.

272 4993 335 5050 Si
355 4995 407 5048 in
437 4995 729 5065 linguarum
752 5003 1039 5048 nostrarum
1057 4990 1353 5065 facilitatem
1377 4991 1710 5065 solvi:immo
1738 4992 1781 5047 si

154 5078 159 5083 '
201 5065 424 5131 arbores,
458 5064 633 5135 glebae,
675 5081 822 5128 saxa,
845 5080 995 5118 sensu
1038 5064 1263 5116 animata
1290 5064 1429 5117 vitali
1460 5064 1596 5135 vocis
1635 5066 1778 5117 soni-

200 5145 305 5190 tum
332 5132 527 5206 quirent
566 5146 613 5189 et
651 5138 908 5206 verborum
947 5135 1199 5206 articulos
1232 5136 1514 5206 integrare,
1560 5132 1631 5188 ita
1678 5151 1778 5191 non

201 5207 327 5262 duce
344 5204 566 5273 natura,
593 5217 678 5261 etc
694 5204 1026 5262 .Wakefidd.
1047 5248 1062 5270 ,
1096 5207 1145 5259 in
1178 5205 1309 5263 Silv.
1334 5204 1505 5268 (ἐι-31η
1540 5208 1669 5260 tom.
1703 5222 1773 5272 tv,

202 5293 319 5348 pag.
344 5279 654 5345 ‘2“,locum
680 5278 758 5333 sic
787 5276 1006 5332 refinxit
1038 5296 1050 5333 :
1086 5274 1148 5332 Si
1172 5278 1225 5331 in
1256 5274 1545 5348 linguarum
1579 5287 1778 5332 nostra-

200 5366 312 5404 rum
349 5348 889 5421 facultatem—immo
922 5351 964 5404 si
995 5350 1220 5413 arbores,
1250 5348 1425 5421 glcbw,
1452 5366 1598 5421 saxa,
1628 5365 1779 5404 sensu

201 5419 425 5475 animata
463 5420 636 5487 vitali,
664 5420 799 5474 vocis
822 5437 1001 5475 sonum
1043 5419 1317 5491 quit-evitet
1358 5419 1619 5475 verborum
1648 5422 1776 5473 arti-

201 5492 341 5547 culos
383 5491 668 5562 integrare.
712 5492 810 5547 ista
841 5508 940 5547 non
971 5491 1099 5546 duce
1128 5502 1330 5554 natura,
1361 5503 1466 5547 etc.
1497 5496 1565 5546 At
1611 5492 1773 5546 nolim

201 5562 486 5634 quidquam
521 5576 730 5618 mutare
755 5562 1053 5634 facilitatem
1080 5563 1250 5634 multo
1274 5563 1450 5631 aptius
1486 5573 1569 5617 est
1608 5562 1775 5634 verbo

202 5632 360 5701 solvi,
387 5637 670 5689 solvuntur
711 5634 852 5688 enim
884 5633 1119 5689 dil‘iicilia
1143 5633 1194 5689 in
1230 5633 1538 5691 facilitatem
1559 5675 1572 5700 ,
1602 5634 1654 5689 itt
1698 5632 1774 5689 fa-

204 5705 452 5761 cultatem
481 5721 585 5759 non
617 5705 765 5760 item.
796 5703 907 5761 Nec
930 5704 1086 5761 etiam
1117 5707 1189 5759 ita
1219 5707 1535 5763 mutandum
1570 5705 1621 5762 in
1652 5707 1769 5759 ista.

207 5772 308 5848 Sed
333 5778 404 5831 ita
426 5786 509 5831 est
533 5776 694 5848 οὕτῳς
721 5792 777 5829 so
798 5817 813 5840 ,
844 5791 907 5831 ea
934 5776 1239 5833 conditione
1259 5777 1375 5834 scil.
1401 5777 1590 5834 hiscere
1615 5775 1657 5833 si
1686 5795 1776 5848 po-

206 5846 264 5902 tis
290 5859 477 5913 essent,
507 5858 611 5905 etc.
635 5844 837 5904 OasLa.

1895 3915 2040 3968 creto.
2058 3914 2403 3986 ADleitautem
2429 3916 2673 3969 immania
2699 3916 2950 3986 exemplo
2976 3914 3167 3985 Virgil.
3189 3956 3203 3981 ,
3232 3914 3484 3985 .tEneid.,

1897 3998 1951 4039 ῃ
1970 4027 1983 4051 ’
2014 3984 2496 4121 19......Posuitque
2516 4058 2739 4108 immania
2762 4058 2963 4121 templa.
3010 4056 3228 4108 tinam.

1967 4134 2190 4212 Inducta
2244 4143 2561 4212 confusione.
2617 4139 2770 4196 Fulv.
2821 4139 3000 4197 Ursin.
3064 4140 3306 4209 indocta,
3371 4154 3479 4201 non

1895 4210 2058 4265 male.
2097 4212 2298 4267 Unam“

1970 4276 2329 4375 Nuncnpuper
2365 4282 2420 4337 in
2443 4292 2592 4373 'utero
2634 4284 2811 4375 manis
2857 4294 2962 4365 sua:
3010 4283 3277 4375 formatus.
3326 4283 3481 4375 lianc

1892 4369 2056 4421 nuper
2085 4356 2211 4427 χθὲς
2240 4359 2326 4410 καὶ
2354 4359 2556 4438 «petua,
2586 4371 2704 4437 qua}
2746 4354 2952 4411 Graecis
3000 4362 3083 4409 est
3128 4355 3483 4439 proverbialis

1890 4424 2120 4496 formula
2147 4426 2216 4481 de
2256 4442 2313 4481 re
2344 4426 2485 4480 haud
2513 4439 2585 4480 tta
2614 4426 2818 4496 pridem
2849 4433 2997 4496 gesta
3016 4466 3033 4491 ,
3065 4436 3123 4480 ut
3152 4429 3261 4481 Iter:
3307 4438 3353 4480 et
3382 4446 3483 4483 nu-

1891 4495 2007 4567 dius
2041 4498 2256 4562 tertius,
2303 4512 2391 4567 ap.
2443 4492 2705 4567 Latinos.
2735 4492 2873 4550 Vidi
2915 4492 3125 4567 Erasm.
3151 4496 3476 4567 ,AProverb.

1893 4565 2147 4629 Gatalter.
2175 4568 2240 4621 ad
2268 4564 2621 4623 ILAntonin.
2648 4607 2663 4630 ,
2696 4566 2790 4620 lib.
2827 4582 2882 4628 ι,
2919 4566 3003 4636 §7
3028 4583 3042 4629 ;
3068 4566 3118 4620 .Ι.
3148 4564 3249 4620 Ch.
3284 4565 3475 4636 Wulf.,

1892 4637 1943 4709 in
1974 4639 2182 4694 Ltbanii
2209 4638 2381 4709 Epist.
2415 4638 2549 4709 270;,
2576 4636 2750 4709 Juret.
2784 4636 2864 4709 ad
2907 4639 3220 4706 Symmach.
3246 4679 3261 4701 ,
3296 4638 3388 4693 lib.
3422 4656 3475 4709 ι,

1890 4708 2061 4778 Epist.
2093 4711 2160 4776 5,
2197 4705 2317 4779 pag.
2344 4706 2377 4763 6
2399 4747 2412 4760 .
2444 4709 2508 4763 ed
2536 4707 2727 4780 Lectii.
2774 4705 3260 4780 Nuperjormatum
3300 4725 3446 4764 recen

1889 4788 1987 4833 teut
2017 4780 2202 4853 Jovem
2230 4780 2359 4833 dicit
2381 4778 2929 4853 Arnobiusrespecttt
2961 4778 3053 4832 Dei
3074 4778 3221 4853 feri,
3252 4783 3471 4853 summi,

1888 4848 2074 4906 teterul
2107 4862 2158 4906 et
2189 4864 2477 4919 numquam
2509 4849 2693 4916 geniti.
2721 4848 2962 4905 lli-num.
2996 4856 3050 4903 et
3070 4848 3274 4905 OttELL.

1960 4922 2125 4976 Irrttit
2165 4937 2235 4974 se.
2259 4920 2334 4975 Ita
2359 4919 2642 4989 legendum
2671 4935 2740 4974 ex
2775 4921 3153 4976 emendatione
3187 4920 3339 4976 Fulv.
3371 4921 3473 4979 Ur-

1886 4991 2007 5047 sini.
2038 4992 2254 5047 Phrasis
2302 4991 2517 5062 Optitnis
2563 4991 2922 5062 scriptoribus
2972 4995 3188 5062 usitata.
3248 4994 3467 5051 Terent.

1885 5063 2118 5133 Adelph.
2142 5103 2156 5129 ,
2187 5071 2293 5117 act.
2325 5060 2394 5118 tv.
2428 5076 2577 5120 scen.
2617 5060 2687 5130 '2,
2727 5078 2807 5118 vs.
2841 5064 2902 5119 H
2932 5082 2946 5118 :
2988 5061 3113 5117 Vide
3141 5081 3204 5117 ne
3246 5065 3333 5118 ille
3371 5067 3470 5122 huc

1884 5150 2091 5203 prorsus
2120 5135 2282 5187 irruat
2306 5150 2376 5189 se.
2408 5133 2484 5189 Ita
2506 5150 2766 5203 erumpere
2791 5151 2843 5189 se
2872 5136 2938 5205 ad
2962 5134 3166 5189 belfunt.
3190 5137 3290 5205 Ap.
3310 5134 3425 5192 Cie.
3447 5180 3464 5205 ,

1885 5205 2054 5279 Epist.
2073 5220 2186 5270 vtn,
2210 5205 2426 5279 lt,_Alii
2443 5206 2651 5262 irruisse
2674 5208 2811 5279 turpi
2830 5204 3155 5261 soloecismo.
3176 5204 3466 5265 S'rstvseu.

1858 5272 2139 5347 Ὄρθον-ιε
2165 5277 2233 5329 ad
2259 5277 2366 5332 Cic.
2396 5278 2433 5331 Ι.
2462 5292 2501 5333 ι.

1951 5344 2171 5403 XXXV.
2194 5378 2263 5389 --
2282 5347 2341 5404 Si
2369 5364 2470 5402 una
2508 5349 2685 5421 religio
2699 5358 2776 5421 est
2798 5346 2939 5421 nobis
2975 5349 3209 5421 vobisque
3232 5363 3463 5421 commu-

1882 5418 1960 5492 nis
1981 5460 1995 5483 ,
2030 5430 2186 5475 cessat
2213 5422 2292 5475 ira
2331 5417 2627 5475 caelestium:
2662 5418 2928 5492 Meursius
2949 5461 2962 5484 ,
2992 5417 3216 5492 pagiﬁS
3238 5462 3253 5485 ,
3284 5418 3466 5492 legen-

1880 5489 2262 5564 dum‘censet:
2296 5492 2337 5546 si
2378 5508 2478 5564 una
2524 5491 2701 5564 religio
2731 5500 2800 5546 est
2842 5488 3009 5545 nobis
3030 5488 3290 5561 vobisque,
3319 5488 3460 5547 cont-

1879 5562 2047 5615 munis
2072 5573 2199 5617 esset
2227 5563 2304 5617 ira
2328 5561 2847 5617 tmteatiumIOnsLL.

1952 5630 2191 5706 XXXVI.
2232 5665 2304 5674 —
2350 5635 2455 5689 Sed
2494 5633 2650 5706 quod
2674 5634 2925 5688 hominem
2961 5641 3157 5706 natum,
3210 5642 3292 5706 et,
3322 5634 3460 5706 quod

1880 5705 2108 5774 personis
2163 5706 2355 5777 infame
2413 5703 2722 5777 est‘viltbus
2753 5745 2768 5770 ,
2810 5705 3009 5777 _t_:ru_cis
3070 5703 3344 5777 supplicio
3374 5704 3462 5760 in-

1878 5786 2195 5861 te'tzcmpttmlt‘.
2220 5774 2475 5861 Lactant.
2501 5774 2645 5861 alii).
2675 5788 2728 5861 ιγ
2750 5816 2765 5844 ,
2801 5774 2891 5861 iii.
2922 5774 3067 5861 Dicat
3097 5774 3228 5832 enim
3252 5781 3470 5861 fortasse

1860 5844 2065 5915 'aliqttis
2098 5847 2244 5904 :Cttr
2265 5848 2310 5903 si
2343 5844 2475 5903 Dens
2510 5846 2638 5917 fuit,
2678 5854 2724 5902 et
2747 5848 2878 5903 mori
2902 5847 3090 5915 voluit,
3137 5844 3462 5904 non'sattem
