4020 6276
582 316 687 375 767

1683 315 1955 374 ARNOBII
1996 313 2359 373 ADVERSUS
2393 316 2664 376 GENTES

3795 315 3897 374 763

581 433 652 486 tis
671 445 987 504 agnoscere.
1037 431 1136 501 Qui
1190 430 1482 487 animantia
1535 431 1858 488 monstravit
1912 430 2161 486 informia
2190 433 2242 493 Α
2267 445 2400 493 ram.
2431 430 2769 489 afficiebamb
2797 433 3135 491 contumeliis
3154 432 3440 505 gravibus:
3472 447 3601 489 cum
3628 446 3740 489 eos
3769 446 3901 488 esse

581 538 683 580 nos
719 538 839 582 esse
861 564 877 589 ,
929 523 1080 579 vanis
1113 522 1457 593 opinionibus
1502 522 1670 580 ﬁdere
1706 544 1718 579 :
1750 523 1881 579 nihil
1922 537 2169 593 compre-

592 615 819 672 hensum
849 614 1067 680 habere,
1098 615 1227 671 nihil
1260 617 1420 681 scire,
1452 625 1508 672 et
1527 632 1645 687 quae
1675 626 1886 671 nostros
1914 615 2015 669 sita
2045 624 2171 668 sunt

585 715 713 764 ante
738 708 924 763 oculos
941 750 956 775 ,
981 723 1087 763 non
1117 707 1319 764 videre.
1343 708 1443 777 Qui
1468 751 1484 775 ,
1513 709 1652 779 quod
1674 709 1851 764 omnia
1876 707 2169 777 superavit,

581 810 666 857 est
714 811 1107 872 transgressum
1148 812 1231 857 est
1282 818 1533 867 munera,
1580 804 1647 857 ab
1684 803 2031 871 religionibus‘
2074 818 2172 855 nos

585 892 735 948 falsis
774 894 1090 964 religionem
1120 895 1357 951 traduxit
1381 904 1408 933 τι
1446 895 1514 951 ad
1552 911 1751 951 veram.
1784 897 1884 965 Qui
1914 896 1981 950 ab
2006 896 2175 968 signis

587 985 883 1055 inertibus,
913 998 1075 1058 atque
1099 1003 1164 1043 ex
1198 988 1459 1044 vilissimo
1489 987 1732 1044 formatis
1768 989 1881 1043 luto
1908 989 1973 1044 ad
2001 990 2175 1045 sidera

587 1079 890 1136 sublevavit
913 1088 969 1135 et
991 1080 1189 1137 caelum
1221 1099 1234 1135 :
1260 1090 1454 1136 etcum
1477 1081 1695 1137 domino
1715 1097 1895 1137 rerum
1920 1082 2029 1137 Deo
2051 1097 2177 1153 sup-

588 1173 937 1245 plicationum
983 1173 1111 1230 fecit
1156 1174 1319 1231 verba
1352 1183 1515 1247 atque
1562 1176 1864 1231 orationum
1902 1176 2170 1248 colloquia

589 1267 839 1324 miscere.

660 1360 908 1419 XXXIX.
942 1363 1272 1430 Venerabar,
1303 1380 1337 1421 o
1381 1366 1598 1422 caecitas
1624 1408 1639 1432 ,
1688 1381 1861 1437 nuper
1892 1366 2180 1423 simulacra

590 1455 755 1512 modo
794 1472 863 1512 ex
900 1456 1205 1516 fornacibus
1234 1470 1512 1531 prompta,
1560 1460 1612 1515 in
1645 1460 1924 1517 incudibus
1952 1461 2086 1518 deos
2127 1472 2184 1520 et

591 1563 660 1604 ex
688 1548 899 1608 malleis
920 1550 1210 1608 fabricatos
1228 1594 1244 1620 ,
1276 1554 1685 1625 elephantorum
1715 1569 1838 1610 ossa
1863 1597 1878 1621 ,
1906 1556 2140 1625 picturas
2164 1598 2180 1623 ,

605 1644 908 1700 veternosis
927 1645 981 1699 in
1008 1646 1290 1703 arboribus
1320 1647 1506 1704 uenias
1531 1668 1545 1704 :
1569 1650 1613 1703 si
1641 1649 1852 1719 quando
1874 1664 2182 1721 conspexe-

595 1750 712 1789 ram
745 1736 1062 1793 lnbricatum
1101 1738 1334 1807 lapidem
1358 1781 1373 1805 ,
1404 1752 1457 1796 et
1491 1756 1557 1797 ex
1588 1741 1713 1796 olivi
1740 1741 1971 1812 unguine
2011 1742 2187 1798 sordi—

593 1825 800 1893 datum,
843 1838 1113 1900 tamquam
1143 1830 1344 1888 inesset
1369 1832 1451 1888 vis
1482 1848 1718 1902 pra-setis
1740 1877 1755 1901 ,
1782 1834 2038 1891 adulabar
2059 1876 2075 1901 ,
2108 1834 2189 1890 af-

593 1916 787 1987 fabar,
850 1929 908 1976 et
961 1921 1220 1978 beneficia
1271 1926 1559 1994 poscebam
1615 1926 1746 1981 nihil
1804 1928 2071 1984 sentiente
2121 1928 2190 1983 de

2273 525 2553 581 credebam
2597 527 2755 599 ligna,
2786 527 3015 599 lapides,
3057 536 3221 600 atque
3262 543 3419 595 ossa,
3452 538 3549 583 aut
3590 529 3649 583 in
3695 527 3902 597 hujus-

2273 619 2418 672 modi
2448 634 2624 674 rerum
2659 621 2901 676 habitare
2918 620 3169 677 materia.
3195 620 3347 677 Nunc
3370 620 3604 677 doctore
3632 630 3805 675 tanto
3836 620 3893 677 in

2280 708 2390 762 vias
2422 710 2662 766 veritatis
2692 712 2972 780 inductus,
3003 713 3180 768 omnia
3213 712 3314 768 ista
3338 754 3355 780 ,
3383 728 3505 784 quas
3541 713 3681 777 sint,
3718 713 3846 767 scio
3876 730 3893 767 :

2275 800 2433 871 digna
2464 802 2531 857 de
2549 803 2722 873 dignis
2747 814 2768 842 ο
2797 807 2992 870 sentio,
3018 802 3398 861 contumeliam
3429 806 3641 861 nomini
3672 806 3898 861 nullam

2276 894 2412 950 facio
2432 896 2614 952 divino
2644 907 2734 954 :ct
2764 898 2891 967 quid
2922 899 3117 970 cuique
3143 900 3443 966 debeatur,
3466 900 3552 954 vel
3582 914 3893 970 persona},

2277 988 2362 1042 vel
2403 990 2597 1056 capiti,
2639 990 2934 1048 inconfusis
2969 992 3223 1063 gradibus
3260 1004 3421 1063 atque
3460 995 3897 1050 auctoritatibus

2281 1081 2473 1137 tribuo.
2504 1081 2579 1137 Ita
2608 1097 2737 1154 ergo
2763 1082 3009 1140 Christus
3030 1100 3135 1139 non
3168 1085 3426 1140 habeatur
3448 1101 3476 1139 a
3503 1087 3666 1141 nobis
3694 1086 3896 1141 Deus?

2282 1192 2382 1231 nec
2403 1218 2418 1236 .
2452 1177 2541 1247 qui
2571 1178 2807 1231 omnium
2845 1178 3079 1249 alioquin
3102 1180 3186 1234 vel
3210 1179 3475 1235 maximus
3505 1188 3693 1252 potest
3723 1195 3900 1236 exco-

2281 1268 2433 1340 gitari
2461 1309 2475 1332 ,
2517 1270 2810 1325 divinitatis
2848 1270 3114 1327 afficiatur
3146 1273 3326 1340 cultu,
3364 1288 3393 1326 a
3424 1289 3533 1343 quo
3556 1271 3896 1343 jamdudum

2284 1372 2427 1418 tanta
2464 1372 2519 1419 et
2556 1365 2860 1435 accepimus
2899 1366 3038 1421 dona
3067 1367 3308 1423 viventes
3330 1409 3346 1434 ,
3386 1375 3444 1423 et
3477 1378 3889 1438 espectamus,

2283 1455 2397 1511 dies
2420 1472 2541 1510 cunt
2562 1458 2789 1521 venerit,
2817 1457 3117 1526 ampliora?

2358 1550 2471 1605 XL.
2512 1550 2619 1605 Sed
2663 1551 2900 1620 patibulo
2946 1551 3140 1607 afﬁxus
3183 1551 3406 1608 interiit.
3453 1552 3595 1622 Quid
3642 1553 3800 1609 istud
3837 1552 3902 1609 ad

2285 1646 2538 1698 causam?
2568 1643 2751 1716 Neque
2793 1646 2933 1700 enim
2977 1645 3211 1716 qualitas
3250 1657 3303 1701 et
3345 1645 3672 1701 deformitas
3704 1649 3902 1703 mortis

2289 1739 2426 1795 dicta
2455 1738 2572 1808 ejus
2600 1739 2845 1794 immutat
2870 1748 2960 1794 aut
2989 1738 3149 1806 facta,
3181 1749 3272 1793 aut
3301 1753 3368 1794 eo
3399 1739 3584 1794 minor
3619 1739 3904 1796 videbitur

2295 1832 2701 1903 disciplinarum
2742 1834 2858 1903 ejus
2899 1834 3208 1899 auctoritas,
3240 1834 3364 1904 quia
3396 1834 3631 1889 vinculis
3656 1836 3906 1907 corporis

2295 1940 2401 1979 non
2431 1925 2661 1980 naturali
2699 1925 3055 1981 dissolutione
3080 1925 3352 1997 digressus
3379 1935 3485 1993 est,
3518 1928 3617 1983 sed
3659 1928 3708 1981 vi
3752 1929 3901 1983 illata

594 2018 785 2065 trunco
814 2028 828 2063 :
854 2021 910 2068 et
934 2026 1029 2069 eos
1054 2013 1202 2086 ipsos
1230 2016 1408 2085 divos,
1441 2031 1580 2089 quos
1604 2032 1726 2074 esse
1755 2019 1886 2073 mihi
1912 2026 2189 2088 persuase-
2217 2012 2267 2073 B
2294 2019 2547 2075 decessit.
2579 2018 2909 2092 Pythagoras
2934 2019 3150 2078 Samius
3170 2021 3482 2091 suscipione
3504 2018 3905 2079 dominationis

1819 2133 2201 2193 LECTIONES
2237 2133 2546 2192 VARIANT
2555 2134 2657 2190 ES.

667 2226 696 2255 ³
726 2224 1041 2277 Transduxit.
1066 2221 1189 2276 Alii.

660 2285 693 2325 ι’
724 2286 1053 2341 Adfacieham.
1091 2302 1182 2340 ms.

2368 2231 2391 2259 ε
2424 2228 2576 2280 Divis.
2602 2227 2839 2280 Stewech.

1973 2383 2534 2443 COMMENTARIUS.

672 2480 775 2549 Qui
811 2483 1092 2537 animantia
1132 2480 1426 2536 monstrauit
1458 2480 1702 2547 informia
1733 2494 1824 2533 nos
1851 2496 1976 2534 esse.
2008 2479 2061 2534 Id
2103 2488 2187 2534 est

598 2550 909 2609 imtu'rfecla
941 2564 995 2608 et
1040 2553 1324 2618 deformia,
1378 2568 1445 2607 ne
1488 2553 1685 2607 decore
1727 2566 1824 2604 suo
1867 2551 2182 2621 glorientur.

598 2622 793 2692 Quare.
838 2624 968 2679 nihil
1009 2624 1319 2680 mutandum
1345 2624 1614 2679 existimo.
1649 2623 1891 2678 lienam.
1925 2652 1995 2663 ——
2019 2624 2187 2677 Stew.

598 2696 741 2757 conj.
778 2697 1006 2759 inﬁrma.
1030 2695 1234 2752 OBELL.

674 2764 827 2821 Nihil
850 2770 1265 2837 comprehensum
1291 2766 1493 2831 habere,
1524 2766 1655 2819 nihil
1677 2767 1808 2837 scire
1827 2807 1842 2828 ,
1868 2775 1915 2819 et
1935 2781 2048 2836 qua:
2067 2782 2188 2819 nos-

602 2848 706 2893 tros
732 2839 831 2893 sita
855 2836 971 2892 sunt
992 2850 1108 2894 ante
1129 2839 1322 2904 oculos,
1343 2855 1445 2894 non
1473 2838 1661 2891 videre.
1696 2836 1922 2892 Videtur
1946 2839 2046 2890 hoc.
2071 2838 2190 2891 loco

600 2906 870 2964 Arnobius
894 2910 1055 2965 verba
1087 2910 1174 2963 illa
1203 2911 1399 2963 Christi
1425 2924 1515 2976 ap.
1549 2910 1852 2963 Matthaunn
1874 2949 1889 2971 ,
1916 2924 1967 2962 c.
1991 2924 2106 2962 xm.
2138 2924 2189 2960 v.

606 2981 674 3057 15
704 2998 718 3032 :
744 2981 1034 3057 :31:qu
1058 2984 1156 3057 γὰρ
1187 2984 1218 3041 ἡ
1243 2980 1426 3057 καρδία
1446 2988 1553 3057 τοῦ.
1574 2981 1697 3057 itacui)
1728 2982 1939 3057 τούτῳ.
1964 2984 2066 3057 καὶ-
2086 2986 2197 3039 τοῖς

604 3056 705 3109 ὠσὶ
732 3053 932 3129 βαρέὼίς
965 3053 1186 3129 iuungam

601 3123 895 3198 μυσάν.’μή
931 3147 1056 3181 ποτε
1083 3123 1237 3198 ἴδωσίι
1280 3133 1391 3186 τοῖς
1445 3123 1741 3198 ὀφθαλμοξς,
1792 3127 1882 3198 nati
1905 3131 2027 3198 ,τοῖς
2076 3126 2200 3198 ὠσὶν

603 3192 888 3256 ἆκούσωάι.
912 3201 996 3252 καὶ
1103 3195 1286 3272 καρδίᾳ
1311 3192 1527 3256 συνῶσίι,
1552 3192 1635 3248 atati
1673 3192 2029 3318 ἐπιστρὟωσι
2053 3234 2068 3258 .
2116 3197 2203 3247 καὶ

603 3269 823 3318 idm-mum
864 3270 1087 3318 αὐτούς.
1138 3284 1257 3318 utne
1308 3266 1520 3318 tltvinus
1563 3265 1724 3318 Soter
1778 3266 1846 3318 de
1927 3264 2199 3317 udteortttn

601 3264 1087 3341 ἰάσωμαιᾼαύτούί,
1138 3264 1274 3337 q'ttae'
1308 3265 1724 3341 tltvinus_Soter
1778 3264 1846 3318 de
1891 3264 2199 3341 {udteortttn

601 3334 760 3408 gente
790 3338 985 3395 eliatus
1022 3348 1126 3402 est,
1156 3334 1438 3408 perperam
1480 3336 1545 3390 ad
1575 3336 1884 3389 universum
1907 3334 2201 3389 humanum

604 3424 779 3480 genus
809 3410 1170 3466 transtulisse.
1205 3409 1415 3463 Onam"

677 3480 855 3548 Signis
902 3481 1167 3535 inertibus.
1228 3480 1487 3535 Similiter
1530 3476 1689 3548 infra,
1742 3476 1837 3530 lib.
1869 3492 1927 3539 ll,
1956 3490 2079 3548 cap.
2109 3475 2198 3537 59,

603 3546 892 3607 simulacris
955 3551 1199 3619 inertibus
1254 3550 1563 3619 supplicare.
1646 3546 1872 3619 Stupida
1928 3547 2204 3619 simulacra

603 3624 831 3692 appellat
862 3620 1009 3676 Zeno
1030 3614 1365 3678 ‘VerOnensis
1385 3620 1646 3692 Set-inmte
1672 3614 1922 3673 de'Jona.
1959 3616 2198 3692 (leuabo.

731 3692 905 3748 XXIX
967 3722 1037 3734 —
1081 3692 1149 3746 In
1206 3692 1470 3745 incudibus
1521 3688 1659 3743 Deos
1710 3701 1756 3744 et
1800 3705 1864 3743 ea:
1891 3689 2089 3741 malleis
2114 3690 2198 3757 [a-

607 3764 848 3819 bricatos.
900 3764 1055 3820 Fulv.
1102 3764 1283 3821 Ursin.
1322 3762 1469 3818 dulci.
1513 3761 1583 3821 in.
1641 3760 1734 3815 sed
1764 3762 1834 3814 ttil
1865 3759 2198 3814 mutandum.

605 3833 674 3888 In
699 3846 750 3890 et
781 3852 845 3890 ex
870 3836 1169 3903 saepissime
1198 3834 1495 3889 abundant.
1528 3831 1664 3886 Vide
1689 3846 1850 3902 supra
1886 3831 1949 3884 ad
1993 3846 2111 3903 cap.
2145 3832 2198 3893 5,
2226 3844 2237 3855 “

606 3907 771 3962 verba
801 3902 1141 3961 Cltttltleorttnt
1166 3924 1229 3961 ex
1253 3905 1527 3959 reconditis
1552 3904 1857 3966 disciplinis.
1889 3902 2204 3955 Sintiilitnus

608 3987 794 4032 nostra
842 3981 989 4032 locus
1018 3987 1101 4032 est
1148 3995 1234 4043 ap.
1270 3977 1466 4030 Minue.
1502 3973 1612 4028 Fel.
1670 3974 1880 4040 0ctav.,
1913 3989 2033 4042 cap.
2087 3973 2157 4027 55
2187 3990 2201 4026 :

608 4046 750 4103 Deus
775 4065 955 4103 aureus
981 4050 1057 4101 vel
1085 4058 1351 4118 argenteus
1373 4049 1435 4100 de
1457 4045 1716 4099 immundo
1742 4045 1966 4109 vasculo,
2016 4053 2206 4118 utsic-

608 4120 724 4189 pius
750 4121 943 4190 factum
972 4116 1226 4191 Egyptio
1260 4119 1392 4191 regi,
1425 4118 1692 4191 conﬂatur,
1727 4118 1956 4170 tunditur
1984 4116 2202 4181 malleis,

606 4193 662 4246 in
687 4192 955 4247 incudibus
975 4189 1247 4260 ﬁguratur.
1285 4189 1523 4242 lienam.
1548 4196 1612 4260 et
1640 4189 1881 4242 Emesa.

692 4261 979 4317 Veteruosis
1016 4258 1076 4316 in
1118 4259 1387 4314 arboribus
1439 4258 1639 4315 uenias.
1685 4260 1922 4313 Arbores
1967 4258 2117 4318 dicit,
2150 4259 2202 4312 in

606 4334 802 4406 quibus
834 4334 1004 4405 spolia
1033 4347 1294 4402 suspensa
1326 4339 1483 4406 erant
1507 4340 1561 4406 et
1582 4328 1688 4406 diis
1705 4338 2041 4406 consecrati.
2070 4329 2202 4406 Nam

606 4399 660 4461 iit
688 4405 821 4475 ipsis
851 4399 1092 4461 donariis
1120 4399 1175 4460 et
1210 4401 1542 4457 anatltemasi
1571 4401 1736 4475 «enim
1789 4401 1862 4468 (id
1892 4410 1973 4453 est
2000 4399 2201 4475 fasciaa.

1263 3053 1344 3108 κάὶ
1372 3056 1494 3113 τοὺς
1534 3053 1814 3177 ﬁgendum):
1844 3053 2011 3105 αὐτῶν
2048 3055 2199 3123 ἑκᾰμ-
2225 3086 2270 3148 C

1280 3133 1391 3177 τοῖς
1445 3125 1741 3177 ὀφθαμοῐς.
1792 3127 2027 3177 καὶτοῖς
2076 3126 2200 3176 ὠσὶν

1537 3146 1637 3179 αλιι

2287 2494 2593 2541 recensere.
2635 2495 2740 2535 non
2768 2479 2891 2536 dico
2921 2481 3107 2549 quales
3127 2480 3244 2536 sitis
3272 2480 3324 2535 in
3356 2477 3751 2544 sacriﬁcando,
3788 2491 3906 2533 cum

2289 2564 2474 2606 enecta
2504 2561 2558 2606 et
2585 2552 2821 2607 tabidosa
2845 2562 2898 2607 et
2919 2552 3157 2608 scabiosa
3191 2567 3417 2622 qumque
3448 2551 3728 2622 mactatis.
3763 2571 3784 2603 ι
3835 2549 3906 2605 Ita

2290 2624 2464 2677 locum
2518 2636 2759 2677 nostrum
2809 2623 3009 2693 optime
3057 2621 3288 2691 explicat
3333 2621 3531 2677 Franc.
3586 2621 3810 2677 Otlinus
3858 2622 3905 2674 in

2288 2694 2610 2750 adversariis
2659 2695 2859 2749 criticis
2931 2695 3144 2749 insertis
3204 2694 3562 2749 Miscellaneis
3616 2694 3903 2749 Obserta-

2288 2768 2524 2822 tionibus
2596 2767 2796 2843 criticis
2847 2768 3035 2830 novis.
3091 2764 3300 2821 Fasric.
3374 2781 3515 2892 uno
3580 2780 3712 2834 pag.
3774 2764 3904 2820 458.

3520 2853 3680 2891 κειι.

3520 2853 3680 2891 κειι.

2374 2908 2436 2963 Si
2471 2910 2677 2975 quando
2702 2925 3061 2973 conspexerant
3108 2908 3412 2962 lubricatum
3463 2908 3715 2975 lapidem,
3772 2915 3823 2961 et
3851 2922 3909 2960 ea:

2301 2982 2421 3035 olivi
2449 2984 2669 3049 unguine
2711 2981 3048 3034 sordidatum.
3094 2979 3166 3033 Ita
3198 2980 3315 3035 Ful.
3350 2979 3596 3035 Ursinus.
3624 2978 3769 3033 Coti.
3805 2993 3905 3033 ms.

2304 3052 2465 3106 habet
2510 3053 2824 3115 lapidem...
2859 3052 3171 3111 ordinatum.
3202 3067 3265 3106 ex
3296 3067 3405 3119 quo
3433 3050 3644 3106 Theod.
3680 3049 3904 3104 Canter.

2305 3123 2423 3177 l‘ccit
2454 3123 2742 3187 odoratum,
2768 3123 3037 3178 Stewecb.
3062 3133 3380 3177 exornatum.
3413 3122 3719 3191 Dempster.
3744 3121 3906 3176 Para-

2305 3195 2398 3263 lip.
2427 3196 2490 3247 ad
2518 3194 2699 3248 Rusio.
2735 3195 2955 3263 Antiqu.
2988 3210 3124 3248 rom.
3153 3210 3213 3254 tt.
3236 3209 3353 3262 cap.
3379 3193 3473 3257 20,
3506 3209 3626 3263 pag.
3660 3194 3796 3251 184,
3819 3192 3905 3247 ed.

2302 3266 2612 3325 Sehrevel..
2661 3267 2806 3334 conj.
2840 3268 3106 3336 irrigatum
3154 3265 3416 3319 Meursius
3454 3265 3707 3336 dicatum,
3743 3263 3799 3319 id
3830 3274 3907 3318 est

2304 3336 2484 3389 divntn
2520 3336 2737 3391 factum.
2774 3337 2879 3391 Sed
2910 3335 3127 3405 pra-stat
3154 3337 3492 3390 sordidatum.
3527 3335 3769 3389 Verbtttu
3800 3352 3905 3389 sor-

2305 3409 2484 3461 didare
2509 3423 2594 3476 ap.
2625 3410 2914 3476 seriptores
2943 3408 3364 3470 ecclesiasticos,
3398 3408 3762 3470 Lactantiutu,
3797 3407 3905 3478 Cy-

2306 3481 2574 3548 prianum,
2627 3481 2975 3548 Augustinum
2998 3521 3011 3539 ,
3046 3494 3151 3532 non
3181 3494 3379 3533 rarum.
3433 3479 3687 3547 lntelligit
3723 3488 3902 3532 autem

2304 3545 2513 3603 unctum
2546 3545 2795 3626 lapidein,
2825 3549 3316 3626 ).¢napov).ibov._lta
3347 3552 3489 3626 enim
3521 3545 3731 3626 Graecis
3770 3549 3904 3603 dici-

2307 3631 2413 3682 tur.
2462 3633 2516 3672 ιιι
2562 3638 2625 3675 ex
2674 3620 2962 3677 Clemente
2996 3621 3284 3676 Aleitandr.
3316 3623 3498 3676 videre
3525 3628 3609 3676 εει
3642 3620 3902 3675 Stromat.

2307 3708 2381 3766 vit
2418 3711 2428 3743 :
2459 3695 2505 3747 oi
2526 3696 2676 3748 αὐτοὶ
2703 3699 2803 3749 πᾶν
2825 3695 2967 3759 ξύλον
2991 3699 3074 3766 uoti
3104 3696 3267 3748 πάντα
3286 3695 3435 3759 λίθον,
3454 3695 3539 3749 τὸν
3573 3690 3906 3766 δέ-λεγόμςλον

2305 3764 2534 3841 ᾎςπαρὸν,
2555 3771 2996 3841 ’προσκυνοῦδτεφ
3022 3765 3188 3841 Quem
3214 3765 3419 3841 locutu,
3455 3764 3904 3841 ttt_tntt_|_tOs_’alios

2307 3833 2626 3893 Clutiwntisf
2650 3838 2811 3889 latine
2834 3839 2995 3890 vertit
3018 3835 3313 3890 Arnobius.
3342 3834 3458 3890 Non
3488 3835 3693 3887 abludit
3724 3833 3902 3890 Theo-

2309 3905 2511 3970 phrain
2544 3907 2836 3962 Character
2866 3922 2975 3969 xw,
3027 3907 3095 3960 de
3134 3907 3529 3975 Superstitione
3555 3922 3570 3959 :
3597 3910 3809 3962 καὶτῶν
3833 3908 3899 3961 λι-

2306 3986 2478 4055 ῖςαρῶν
2503 3979 2646 4032 λίθων
2673 3988 2770 4034 τῶν
2873 3977 3453 4055 ταξςῃτῃὸδοιςμπαριςξξθ
3486 3980 3540 4032 ἐκ
3564 3986 3659 4038 τῆς
3688 3978 3898 4055 ληκύθου

2307 4047 2465 4122 ἓλοξιον
2491 4059 2759 4122 καταχεῖν.
2789 4050 2888 4106 Ubi
2921 4050 3029 4122 vid.
3048 4047 3613 4122 CasaumeUnctum
3643 4060 3801 4122 vocat
3831 4050 3902 4102 la-

2308 4120 2476 4186 pidem
2505 4122 2554 4173 iu
2590 4119 2840 4189 Apologia
2871 4121 3149 4191 Apuleius,
3180 4131 3227 4173 el
3257 4121 3309 4174 in
3341 4119 3574 4176 Floridis
3601 4139 3615 4174 :
3646 4121 3781 4191 lapis
3806 4137 3903 4175 un-

2307 4193 2459 4261 guine
2478 4191 2746 4248 delibutus.
2773 4193 2960 4248 Paton.
2986 4203 3039 4244 et
3060 4190 3261 4246 ORELL.

2385 4260 2606 4339 Trunca.
2640 4264 2960 4339 Prudentius
2987 4268 3107 4339 napi
3130 4267 3388 4339 στεφάνῳ
3403 4271 3561 4339 vocat
3590 4262 3901 4339 deasciatum

2307 4333 2558 4403 stipitem,
2588 4343 2641 4388 et
2673 4334 2961 4405 Apotheosi
3010 4333 3241 4406 ci'ppum'
3261 4346 3307 4389 et
3351 4335 3628 4404 ﬁculneum
3658 4335 3899 4403 stipitem.

3508 4407 3758 4462 ELusun.

605 4472 727 4534 sive
780 4478 925 4532 vitta:
954 4489 1064 4549 iant
1105 4472 1815 4549 .vitt_arum“extremitaurs,
1836 4540 1847 4549 ι
1872 4482 1929 4524 ut
1974 4473 2205 4549 explicat
2231 4480 2283 4541 1)
2313 4545 2339 4549 _
2388 4474 2600 4529 Nomini
2627 4477 2815 4549 divino.
2846 4476 2946 4531 Th.
2972 4476 3237 4531 Canterns
3264 4478 3349 4549 leg
3394 4478 3611 4542 numini,
3646 4479 3903 4548 probante

606 4551 763 4606 Serv.
791 4590 806 4607 .
834 4549 900 4603 ad
951 4548 1137 4620 Virgil.
1171 4545 1341 4620 AEtL,
1387 4544 1481 4620 lib.
1505 4559 1568 4620 t_,
1599 4557 1678 4620 vs.
1718 4540 1879 4614 574),
1922 4553 1971 4620 et
2001 4543 2202 4620 ahquid

605 4621 737 4677 inibi
766 4613 1074 4690 depictum:
1098 4616 1368 4673 Plutarch.
1422 4618 1473 4668 in
1504 4613 1842 4690 Titnoleoute
1868 4629 1880 4667 :
1914 4616 1965 4667 ἐκ
1985 4616 2083 4690 γὰρ
2107 4623 2206 4668 τῶν

606 4686 924 4770 κρεμαμέῦων
964 4692 1288 4770 ἀναθημόςεων
1328 4690 1594 4770 ταινία-τις
1621 4686 2088 4770 ἀπορρυεῖσακκοξὶ
2128 4708 2205 4760 φε-

606 4758 790 4840 ρομίένῇ
840 4758 1126 4840 orepavoqu
1169 4761 1397 4833 ἔχουσα,
1429 4764 1514 4840 αξᾳί
1546 4758 2157 4840 νίκας-,ἐμπεποικιλμέναξ
2185 4797 2201 4821 ,

606 4831 876 4910 Ῑπέριέπεσε
989 4834 1166 4910 κεφαλῇ
1195 4831 1284 4888 sua
1312 4832 1652 4904 Τιμολέοντος.
1783 4840 1957 4910 autem
1982 4833 2206 4910 arbores

608 4895 859 4976 reitgtOSa
887 4895 1269 4960 oliseriatione
1298 4919 1327 4955 a
1363 4895 1813 4976 prtmereuntibus
1860 4901 2199 4963 colebantur,

608 4987 664 5032 et
690 4972 958 5032 inviolata:
998 4977 1256 5030 durabant
1286 4991 1456 5028 annos
1482 4972 1760 5042 plurimos.
1788 4988 1952 5040 quare
1977 4981 2205 5025 veterno-

608 5066 693 5105 sus
722 5047 955 5119 appellat
992 5062 1084 5102 eas
1122 5045 1417 5119 Arnobius.
1446 5045 1662 5119 Talem,
1686 5045 1935 5119 arborem
1983 5043 2204 5119 elegan-

608 5113 819 5176 tissime
852 5119 1107 5175 describit
1144 5119 1370 5183 Lucam,
1405 5117 1496 5170 lib.
1551 5132 1590 5179 I,
1636 5130 1714 5169 vs.
1760 5116 1884 5175 156.
1932 5127 2085 5179 seqq.
2134 5113 2207 5166 De

609 5193 755 5248 cultu
786 5202 966 5245 autem
998 5201 1052 5244 et
1084 5188 1431 5245 veneratione
1462 5190 1648 5240 harum
1680 5187 1929 5241 arborum
1961 5186 2207 5240 testimo-

610 5263 697 5319 nia
736 5275 951 5319 exstant
981 5277 1103 5317 cum
1131 5260 1258 5314 alibi
1288 5273 1453 5327 prope
1484 5259 1712 5314 ittlinita.
1747 5267 1855 5310 tttttt
1883 5255 2023 5323 apud
2056 5258 2206 5323 Apu-

611 5335 773 5390 leium
798 5335 978 5390 verbis
999 5328 1507 5397 signiticantissintis
1532 5328 1743 5382 Florida
1769 5330 1959 5394 prima.
1988 5327 2207 5381 iIEItALD

610 5416 667 5463 et
694 5406 989 5462 Nouna.—
1020 5403 1263 5458 Veternus
1306 5412 1390 5457 est
1423 5399 1632 5463 inertia,
1665 5407 1722 5451 ut
1748 5397 1967 5465 exponit
1993 5398 2209 5451 Si-riins

611 5478 679 5533 ad
711 5478 915 5543 Virgil"
963 5476 1161 5546 Georg.
1192 5491 1230 5540 t,
1263 5473 1390 5534 1%,
1438 5482 1724 5526 veternosus
1756 5466 2207 5546 i_tters_._Erttctttnt

619 5567 649 5604 c
692 5539 858 5603 sacris
884 5539 1167 5603 arhOribns
1211 5546 1504 5610 decerpere
1541 5554 1657 5596 erat
1689 5539 1859 5599 nefas.
1890 5539 2092 5593 idcirco
2122 5541 2210 5594 vix

624 5622 755 5675 alias
785 5618 1196 5683 consecrabant,
1245 5632 1403 5684 quam
1457 5625 1771 5669 veternosus
1821 5611 2050 5684 etnnulli
2098 5610 2207 5678 jatn

624 5692 742 5746 usui
775 5690 999 5753 habiles.
1041 5681 1191 5758 quod
1213 5681 1296 5742 hic
1328 5686 1496 5758 tangit
1544 5683 1831 5758 Arnobius.
1869 5681 2067 5758 Eadem
2101 5684 2211 5758 fere

622 5777 777 5817 mens
804 5773 883 5815 est
927 5752 1251 5824 Tertulliani,
1298 5752 1713 5813 cltristtanurnm
1744 5753 1926 5808 hoStes
1970 5755 2046 5807 sic
2075 5752 2210 5806 allo-

621 5830 834 5903 quentis
865 5832 1171 5902 Apologet.,
1224 5845 1345 5897 cap.
1393 5830 1462 5884 l4
1491 5843 1506 5881 :
1544 5850 1563 5880 ι
1596 5824 1731 5882 Volo
1757 5833 1811 5881 et
1840 5825 1975 5881 ritus
2004 5834 2212 5881 vestros

2308 4545 2615 4603 Stewechio
2644 4558 2698 4604 et
2726 4548 2977 4603 Meursio.
3006 4549 3113 4605 Sed
3143 4551 3264 4604 vide
3311 4545 3486 4605 notata
3515 4550 3602 4676 6d
3643 4545 3764 4620 i-ap.
3810 4550 3898 4604 ‘20.

3563 4637 3723 4676 necs.

3563 4637 3723 4677 RELL.

2379 4688 2493 4745 XL.
2518 4720 2589 4731 —
2613 4689 2938 4763 Pythagoras
2988 4692 3195 4747 Samius
3223 4693 3511 4762 suspicione
3539 4693 3903 4747 dominationis

2307 4761 2500 4825 iniusta
2547 4761 2683 4816 vivus
2747 4761 3090 4818 concrematas
3136 4770 3187 4817 in
3254 4761 3374 4833 {uno
3420 4775 3512 4819 est.
3563 4763 3741 4819 Varia:
3787 4765 3901 4818 lue-

2309 4845 2430 4887 runt
2460 4833 2526 4905 de
2549 4833 2864 4905 Pythagora:
2913 4847 3085 4889 morte
3133 4836 3432 4901 epinioucs.
3480 4850 3614 4905 quas
3660 4834 3902 4889 Laertius

2309 4904 2445 4977 (Vill,
2480 4904 2506 4975 §
2537 4904 2650 4975 59).
2703 4906 2924 4960 'l‘zetzes
2961 4906 3211 4973 (Chiliad.
3243 4922 3317 4969 XI,
3350 4922 3468 4974 pag.
3508 4904 3668 4977 £43),
3715 4905 3902 4961 Suidas

2309 4975 2482 5053 (adv.
2510 4978 3040 5053 Πυβοςιγὸραςηιιίἰᾳηεξ
3058 4979 3378 5032 retulerunt.
3408 4975 3713 5053 Pritna‘est
3732 4978 3900 5037 illum.

2311 5047 2362 5118 in
2391 5047 2553 5101 domo
2585 5047 2789 5103 Milonis
2816 5047 3143 5103 Crotoniatm
3173 5064 3294 5101 cum
3327 5060 3491 5111 esset,
3523 5048 3806 5118 cuju~dam
3838 5063 3898 5102 ex

2309 5117 2436 5181 illis,
2466 5134 2599 5186 quos
2636 5120 2759 5172 illuc
2792 5120 3076 5173 admittere
3125 5120 3313 5177 noluit.
3344 5119 3563 5185 invidia,
3592 5117 3680 5174 vel
3713 5121 3900 5175 Croto-

2310 5188 2575 5261 ttiatarttm
2594 5190 2901 5253 sustiieinne
2920 5200 3172 5257 metuque
3192 5190 3510 5261 tyrannidis,
3533 5191 3724 5246 eadem
3745 5189 3900 5245 domo

2313 5259 2526 5314 incensa
2555 5261 2802 5320 flammis.
2831 5261 2993 5315 fuisse
3012 5259 3355 5317 sullot-atum.
3383 5262 3481 5315 Alii
3509 5277 3637 5317 vero
3664 5261 3897 5323 tradunt,

2312 5330 2483 5404 illum,
2539 5331 2668 5404 inde
2711 5343 2975 5398 ereptum.
3029 5333 3079 5385 in
3126 5349 3254 5403 agro
3286 5332 3417 5387 labis
3458 5334 3616 5402 pleno
3661 5333 3897 5404 jugulum

2315 5402 2754 5474 persequentibus
2782 5403 3015 5458 dedisse.
3040 5402 3376 5459 Dicmarchus
3401 5419 3531 5459 vero
3559 5404 3668 5474 (ap.
3700 5403 3896 5460 Laert..

2312 5470 2352 5527 I.
2384 5470 2513 5539 cit.)
2560 5476 2808 5542 Opinalns
2863 5484 2966 5535 est,
3019 5475 3191 5542 ipsum
3238 5475 3289 5529 itt
3339 5470 3896 5535 Mttsarttt‘n‘delubro,

2313 5544 2454 5614 quod
2484 5545 2775 5614 Metaponti
2821 5555 2922 5604 est.
2972 5559 3064 5614 per
3089 5546 3437 5616 quadraginta
3470 5546 3583 5600 dies
3613 5546 3896 5599 abscondi-

2315 5625 2425 5668 tum
2484 5616 2622 5669 fante
2670 5626 2726 5670 et
2774 5616 2947 5670 inedia
3001 5617 3174 5686 egisse
3227 5619 3481 5672 animant.
3527 5616 3677 5672 Alias
3729 5618 3896 5671 adhuc

2316 5686 2579 5760 Laertius”
2610 5686 2677 5741 dc
2705 5688 2973 5760 _ejttsdem_
3002 5688 3317 5760 Pythagora:
3354 5688 3570 5743 interitu
3591 5689 3891 5760 sententias

2316 5756 2611 5829 Heraclidis
2628 5768 2682 5814 et
2703 5757 2977 5829 Hermippi
3001 5756 3239 5814 enarrat.
3264 5764 3331 5816 At
3348 5759 3560 5814 brevius
3588 5758 3894 5814 Plutarchus

2316 5828 2407 5901 (de
2447 5828 2613 5887 Stoic.
2662 5828 3004 5901 repugnant.,
3039 5841 3170 5889 tom.
3200 5847 3235 5887 tt
3262 5874 3278 5901 ,
3309 5846 3431 5902 pag.
3462 5829 3595 5885 1051
3623 5829 3641 5901 )
3672 5847 3685 5885 :
3713 5832 3788 5886 Τὰ
3810 5832 3892 5902 μὲν
