4020 6304
498 316 597 369 791

1642 305 1916 363 ΑΒΝΟΒΙΙ
1958 298 2322 362 ADVERSUS
2365 304 2634 361 GENTES

3699 303 3816 360 79i

491 430 596 499 giis
625 446 640 483 :
676 430 989 501 permittant
1017 426 1109 481 uui
1130 443 1197 482 ex
1228 426 1428 496 p0pulo
1458 426 1510 480 iu
1542 423 1780 480 officium
1815 422 2088 478 sermonis
2114 432 2165 494 Α
2192 420 2261 477 ab
2289 420 2492 486 intima,
2528 420 2673 478 Deus
2699 423 2766 479 ab
2795 424 3079 495 incognitis
3104 425 3318 495 regnis,
3363 432 3417 479 et
3452 423 3522 478 ab
3552 422 3813 479 omnium

495 520 657 576 dandi
684 537 775 576 ora
804 520 1158 575 coarticulare
1191 527 1457 573 mutormn
1477 560 1492 583 ,
1517 518 1804 573 surtlorum
1823 516 2093 571 auriculas

498 625 763 674 reserare,
797 612 911 665 sine
938 610 1226 664 luminibus
1268 611 1563 678 procreatis
1602 608 1880 663 oculorum
1915 606 2094 662 redin-

502 713 715 771 tegrat'e
746 711 985 761 naturas,
1019 709 1073 755 et
1101 706 1151 755 in
1198 702 1442 770 frigentia
1471 702 1597 756 olim
1627 701 1865 755 membra
1903 713 2095 754 sensus

497 794 813 863 animasque
844 794 1125 849 reducere.
1162 798 1294 858 Aut,
1327 795 1370 849 si
1402 794 1566 849 ardua
1602 810 1689 849 res
1722 795 1821 849 ista
1850 803 1964 859 est,
1995 809 2093 848 ue-

502 886 741 954 qitealiis
762 885 1073 954 permittere
1088 885 1270 940 talium
1293 896 1515 954 'lOSﬂIlll
1534 901 1755 956 operum
1780 893 2094 956 potestates,

505 975 608 1043 ipsi
659 975 888 1042 faciant,
944 988 999 1031 et
1041 992 1163 1031 cum
1203 978 1315 1031 suis
1362 978 1552 1032 ritibus
1583 977 1811 1042 faciant,
1841 976 2097 1047 quidquid

506 1067 737 1123 malefici
774 1069 1040 1138 grutuiuis
1082 1071 1353 1124 nutricant
1379 1080 1644 1125 terrarum
1675 1070 1825 1125 sinus
1841 1070 2097 1141 quidquid

506 1160 699 1213 virium
750 1163 990 1217 continet
1040 1160 1244 1217 fremor
1290 1163 1379 1218 ille
1435 1164 1761 1229 verborum,
1815 1174 1975 1233 atque
2005 1162 2101 1218 ad-

502 1252 705 1323 juncne
774 1256 1075 1310 carminum
1134 1258 1522 1319 necessitates,
1584 1274 1689 1310 non
1758 1255 2097 1321 inridemus,

510 1347 803 1414 adjiciam,
868 1366 972 1403 non
1043 1348 1457 1414 interdicimus,
1504 1350 1779 1419 culligattt.
1850 1349 2100 1419 Experiri

509 1439 641 1495 libet
671 1451 725 1495 et
753 1457 1173 1509 recognmcere,
1207 1460 1273 1497 an
1304 1461 1427 1498 cum
1459 1448 1570 1499 suis
1591 1442 1809 1499 efficere
1835 1444 1941 1498 diis
1973 1458 2095 1513 pos,

510 1534 651 1598 sint,
683 1536 823 1602 quod
873 1537 941 1590 ab
971 1539 1189 1592 rusticis
1213 1537 1550 1606 christianis,
1576 1537 1915 1609 jussionibus
1944 1536 2099 1593 lacti-

510 1635 677 1680 lattttn
706 1638 789 1682 est
821 1629 996 1684 nudis.

584 1718 710 1773 Llll.
743 1719 1024 1786 Desisute,
1056 1736 1090 1776 ο
1118 1722 1287 1778 nescii
1309 1764 1322 1785 .
1373 1722 1427 1777 in
1471 1722 1755 1778 maledicta
1782 1733 2105 1779 convertere

2197 514 2438 583 principe
2486 513 2627 569 Deus
2672 516 2963 587 sospitator
3005 525 3090 573 est
3135 517 3332 573 missus
3366 533 3564 587 :quem
3622 531 3813 587 neque

2195 605 2276 661 sol
2307 605 2441 675 ipSr,
2475 620 2649 675 neque
2672 607 2797 669 ulla.
2821 608 2866 663 si
2892 610 3154 670 sentiunt,
3178 608 3379 674 sidera,
3404 625 3510 666 non
3533 620 3810 676 rectores,

2198 714 2304 753 uuu
2333 698 2604 769 principes
2651 701 2867 767 mundi,
2906 717 3012 757 non
3056 701 3288 772 denique
3318 700 3393 758 dii
3422 703 3600 773 magni
3623 743 3639 765 ,
3672 710 3808 767 aut,

2196 792 2286 861 qui
2315 789 2579 861 [ingentes
2606 806 2666 847 se
2689 793 2824 847 deos
2869 808 3039 862 genus
3079 808 3241 849 omne
3289 793 3596 850 mortalium
3644 794 3814 850 terri-

2201 895 2343 947 tant.
2396 886 2539 941 unde
2583 895 2676 940 aut
2721 887 2811 956 qui
2862 884 3051 951 fuerit,
3088 895 3378 954 potuerunt
3409 895 3684 943 noscere.
3715 886 3810 942 vel

2200 979 2481 1049 suspicari.
2530 977 2598 1032 Et
2643 978 2859 1033 merito.
2897 978 3106 1033 Exutus
3151 987 3207 1033 at
3254 993 3523 1050 corpore.
3566 977 3713 1050 quod
3751 978 3810 1032 in

2202 1072 2393 1141 exigua
2423 1069 2506 1124 sui
2536 1068 2955 1125 circumferebat
2999 1078 3181 1140 parte,
3237 1081 3517 1141 postquam
3545 1070 3715 1124 videri
3745 1083 3813 1125 se

2204 1178 2393 1233 passus
2415 1174 2531 1227 εει,
2565 1164 2719 1231 cujus
2746 1170 2890 1217 esset
2932 1171 3025 1216 aut
3068 1160 3450 1231 magnitud'mis
3497 1160 3655 1227 sciri,
3697 1160 3818 1215 no-'

2205 1254 2367 1309 vitate
2399 1269 2575 1308 rerum
2606 1253 2862 1308 exterrita
2893 1254 3140 1308 universa
3167 1252 3349 1307 mundi
3379 1262 3505 1306 sunt
3530 1251 3811 1307 elementa

2207 1348 2416 1402 turbata
2436 1389 2450 1409 .
2486 1346 2645 1402 tellus
2673 1358 2815 1400 muta
2858 1346 3224 1411 contremuit,
3253 1360 3404 1399 mare
3436 1342 3681 1399 funditus
3712 1358 3811 1400 re-

2204 1440 2380 1498 fusum
2432 1453 2550 1505 est,
2595 1457 2690 1495 aer
2736 1441 2911 1511 globis
2962 1440 3232 1495 involutus
3284 1447 3367 1493 est
3419 1441 3812 1503 tenebrarum,

2207 1539 2395 1610 igneus
2441 1536 2589 1592 orbis
2632 1536 2764 1591 solis
2810 1536 3077 1605 tepefacto
3120 1533 3317 1588 ardore
3363 1531 3617 1602 deriguit.
3662 1529 3815 1599 Quid

2206 1633 2351 1685 enim
2382 1632 2619 1684 restabat
2651 1640 2706 1682 ιιι
2735 1628 2919 1693 ﬂeret,
2956 1635 3240 1697 postquam
3267 1624 3407 1679 Dens
3434 1635 3519 1678 est
3545 1623 3814 1694 cognitus

2208 1726 2287 1789 is,
2332 1723 2424 1793 qui
2468 1736 2590 1778 esse
2629 1720 2946 1791 jamdudum
2993 1735 3130 1775 unus
3174 1717 3574 1790 judicabature
3612 1715 3817 1771 nobis?

511 1824 602 1865 res
632 1820 806 1866 tantas
827 1854 841 1876 ,
892 1813 1030 1868 nihil
1076 1816 1125 1869 ei
1170 1818 1411 1871 nocitura
1458 1818 1548 1887 qui
1596 1815 1754 1884 fecit,
1811 1817 2103 1885 periculum
2136 1832 2182 1892 Β
2280 1815 2415 1873 LIV.
2448 1817 2553 1873 Sed
2584 1832 2690 1871 nou
2718 1814 2943 1871 creditis
2969 1822 3122 1884 gesta
3153 1813 3290 1866 haec.
3325 1809 3431 1866 Sed
3464 1810 3557 1880 qui
3585 1823 3648 1865 ea
3676 1822 3818 1863 eon-

512 1901 739 1956 allatura
772 1904 866 1959 sed
895 1905 1047 1961 vobis
1076 1922 1093 1960 :
1120 1908 1447 1976 periculum,
1482 1909 1697 1978 inquam
1723 1950 1738 1972 ,
1771 1924 1878 1964 nou
1914 1924 2108 1978 parvu-

511 1994 621 2049 lutu
640 2035 653 2057 ,
699 1995 794 2049 sed
823 1995 876 2049 in
909 1998 1072 2052 rebus
1101 1999 1347 2065 eximiis,
1381 1999 1476 2055 sed
1509 2002 1561 2054 in
1588 1999 1877 2071 praecipuis
1904 1999 2107 2055 consti-

517 2096 713 2139 tutum.
744 2086 1020 2156 Siquidem
1053 2106 1138 2143 res
1162 2092 1338 2145 anima
1372 2091 1602 2159 pretiosi
1634 2101 1750 2155 est,
1783 2107 1885 2147 nec
1914 2091 2031 2161 ipso
2051 2104 2111 2146 se

516 2176 723 2231 homini
767 2179 1058 2251 quidquam
1104 2193 1280 2252 potest
1319 2182 1537 2239 cliarius
1566 2184 1814 2239 inveniri.
1843 2183 2022 2251 Nihil,
2055 2194 2114 2238 ut

518 2272 748 2339 remini,
800 2277 1103 2345 magicum.
1155 2276 1283 2331 nihil
1329 2280 1641 2344 humanum,
1678 2279 2108 2349 przrstigiosum,

518 2375 606 2416 aut
636 2365 921 2420 subdolum
942 2407 957 2433 ,
988 2368 1117 2423 nihil
1150 2367 1351 2423 fraudis
1378 2369 1588 2425 delituit
1615 2371 1665 2424 in
1687 2370 1903 2426 Christo
1924 2415 1938 2438 ,
1968 2372 2113 2426 deri-

517 2456 689 2512 deatis
723 2459 846 2513 licet
892 2476 955 2516 ex
988 2478 1137 2518 more
1165 2477 1324 2534 atque
1357 2465 1407 2517 in
1440 2464 1719 2521 lasciviam
1747 2465 2116 2520 diSsolvamini

516 2552 924 2611 cachinnorum.
961 2557 1101 2613 Deus
1151 2558 1243 2614 ille
1286 2558 1541 2615 sublimis
1587 2560 1713 2626 fuit,
1767 2560 1908 2615 Deus
1938 2559 2120 2615 radice

2210 1909 2399 1981 spicati
2426 1918 2552 1964 sunt
2583 1908 2734 1973 fieri,
2785 1914 2843 1961 et
2879 1904 2979 1960 sub
3021 1902 3194 1959 oculis
3231 1901 3345 1957 suis
3385 1900 3639 1956 viderunt
3683 1901 3816 1969 agi,

2213 2014 2379 2061 testes
2404 2003 2592 2073 optitni
2612 2044 2627 2069 ,
2665 2000 3064 2070 certissimique
3091 2007 3343 2062 autores,
3376 2005 3431 2051 et
3460 1993 3822 2051 crediderunt

2216 2097 2330 2151 lucc
2359 2096 2500 2167 ipsi,
2548 2103 2604 2150 et
2650 2092 2918 2149 credenda
2948 2091 3182 2163 posteris
3212 2088 3370 2145 nobis
3402 2088 3544 2143 haud
3573 2085 3824 2143 exilibus

2214 2204 2334 2245 cum
2359 2187 2841 2259 approbationibus
2872 2184 3232 2240 tradiderunt.
3266 2182 3497 2251 Quinam
3530 2181 3615 2236 isti
3646 2188 3783 2236 sunt
3803 2223 3822 2241 ,

2218 2279 2448 2335 fortasse
2498 2277 2784 2349 quaeritis?
2845 2275 3085 2337 Gentes.
3131 2274 3345 2344 populi,
3413 2273 3696 2339 nationes,
3766 2282 3827 2327 et

2220 2371 2555 2428 incredulum
2586 2369 2715 2425 illud
2738 2384 2907 2439 genus
2931 2368 3224 2422 humanum
3252 2365 3430 2437 :quod
3453 2406 3469 2431 ,
3497 2365 3600 2420 nisi
3630 2375 3827 2436 aperta

2221 2480 2308 2521 res
2333 2473 2498 2529 esset,
2529 2472 2585 2518 et
2615 2462 2734 2517 luce
2767 2462 2878 2528 ipsa
2901 2503 2917 2527 ,
2953 2459 3407 2531 quemadmodum
3438 2458 3655 2523 dicitur,
3705 2456 3826 2512 cla-

2224 2560 2355 2624 rior,
2408 2571 2700 2627 numquam
2751 2555 2914 2611 rebus
2959 2552 3267 2625 huiusmodi
3317 2551 3657 2609 credulitatis
3710 2565 3829 2608 sua:

1763 2650 2148 2731 LECTIONES
2184 2659 2596 2731 VARIANTES.

598 2792 625 2821 "
657 2791 832 2843 Nosse.
878 2804 963 2842 ms.

1917 2895 2287 2952 COMMENTA
2298 2892 2477 2951 RIUS.

602 3017 907 3094 lno/ﬁcium
951 3016 1199 3094 sermonis
1247 3012 1771 3094 dandi._Sermonem
1818 3013 1943 3094 dare
1988 3013 2118 3094 dicit
2146 3033 2189 3094 ρ
2228 3028 2346 3094 ιρις..
2379 3013 2548 3094 Antea
2598 3010 2874 3083 legebatur
2919 3009 3051 3064 nihil
3103 3009 3334 3079 fraudis,
3380 3009 3510 3065 nihil
3553 3010 3730 3066 delicti
3772 3012 3830 3066 in

523 3083 793 3146 Arnobius
841 3090 1110 3143 locutione
1160 3102 1303 3146 rara,
1355 3085 1449 3139 sed
1497 3100 1602 3138 non
1655 3085 1969 3154 impropria.
2001 3083 2117 3139 Non

522 3176 660 3232 opus
698 3177 827 3229 ergo
869 3172 944 3213 t'Sl
995 3158 1316 3232 rescribere.
1358 3158 1414 3209 in
1462 3156 1679 3232 ofﬁcium
1718 3156 2117 3232 sermocinandi.

595 3226 886 3287 Sardorum
940 3231 1205 3283 auriculas
1230 3244 1477 3281 reserare.
1531 3228 1719 3279 l'ltlitor
1774 3226 1944 3293 Lugd.
2002 3226 2118 3280 Bal.

524 3303 671 3357 dedit
695 3316 940 3362 returare,
992 3302 1042 3354 id
1075 3308 1157 3355 est
1181 3301 1417 3359 aperire,
1451 3296 1750 3350 recludere.
1784 3296 1923 3366 Opp.
1973 3296 2123 3349 obtu-

522 3393 659 3431 rare.
696 3372 1095 3434 vitlc_Nonium.
1124 3372 1225 3423 hoc
1249 3371 1433 3421 verbo.
1459 3368 1634 3435 Quod,
1661 3366 1704 3419 si
1729 3369 1887 3420 modo
1908 3366 2123 3422 Codicis

523 3446 631 3500 ﬁde
663 3448 946 3503 niteretur,
972 3443 1215 3509 apprime
1242 3438 1562 3509 conveniret
1598 3438 1853 3509 Aruobio,
1877 3439 2124 3508 antiquo-

526 3534 643 3570 rum
672 3526 726 3569 el
752 3508 1121 3572 ttltsoltllttt'llln
1158 3508 1439 3561 \‘Rl‘bOl‘lllll
1471 3509 1684 3578 :lUCllpi.
1709 3508 1909 3562 ORELL.

607 3585 628 3638 Ι
637 3600 722 3647 pse
753 3584 976 3650 faciant,
1003 3592 1049 3635 el
1092 3597 1207 3633 cum
1248 3580 1354 3631 suis
1398 3579 1579 3632 ritibus
1625 3580 1848 3645 faciant,
1877 3578 2127 3648 quidquid

527 3656 749 3721 maleﬁci
769 3653 1037 3722 graminis,
1061 3663 1155 3705 etc.
1182 3651 1444 3722 Meursius
1463 3650 1605 3722 delet
1628 3650 1892 3722 posterius
1910 3651 2125 3718 faciant.

527 3726 593 3781 N.
624 3719 894 3781 lli-iusius.
924 3724 1188 3776 Adversar
1217 3762 1230 3781 .
1260 3721 1352 3775 lib.
1383 3735 1440 3785 tt,
1465 3736 1515 3775 c.
1540 3721 1596 3782 9,
1620 3737 1740 3785 pag.
1765 3719 1889 3791 272,
1914 3723 2121 3791 legend.

529 3806 714 3851 censet
735 3814 746 3847 :
770 3805 816 3848 et
838 3810 950 3847 cum
967 3794 1073 3847 suis
1102 3792 1280 3846 ritibus
1298 3802 1505 3849 acuant.
1525 3790 1794 3861 quidquid.
1816 3804 1946 3854 t-tc.,
1969 3790 2127 3846 acute

528 3868 778 3938 quidem;
821 3865 914 3920 sed
955 3864 1034 3938 nil
1086 3863 1419 3938 mutandum.
1467 3861 1661 3938 Verba_
1692 3864 1834 3916 enim
1879 3864 2128 3938 quidquid

530 3933 753 4002 maleﬁci
801 3936 1047 4006 graminis
1068 3977 1081 3995 .
1109 3944 1212 3990 etc.
1238 3976 1253 3997 ,
1287 3934 1555 4006 pertinent
1598 3933 1663 3987 ad
1690 3948 1944 4006 sequens
1984 3935 2126 4006 adii-5

528 4003 1113 4074 ciant.....'colligant,
1153 4014 1208 4059 et
1251 4004 1500 4074 quidem.
1532 4014 1591 4058 ut
1630 4003 1759 4058 tnilti
1801 4005 2030 4063 videtur.
2058 4005 2126 4059 ad

533 4080 819 4147 po~tcrius.
852 4076 981 4130 Nam
1013 4079 1283 4147 [remot-ein
1314 4076 1583 4129 verborum
1621 4076 1860 4146 colligere
1895 4075 2001 4130 dici
2038 4078 2125 4130 vis

533 4161 736 4219 posset.
770 4149 969 4202 ()RELL.

610 4219 826 4273 Fremor
860 4221 946 4272 ille
972 4217 1257 4272 verborum.
1288 4215 1583 4270 Fremorem
1605 4218 1866 4270 verborum
1889 4217 2129 4285 appellat

533 4291 750 4360 proprie
778 4290 1068 4354 Arnobius,
1093 4288 1233 4357 quod
1266 4304 1492 4340 murmur
1511 4290 1764 4360 nt-{gicttnt
1789 4298 1841 4341 et
1863 4306 2129 4342 susurrum

530 4357 786 4487 magism:
816 4361 927 4414 alii.
961 4360 1251 4416 Stridorem
1276 4361 1529 4430 magicum
1559 4358 1690 4413 dicit
1710 4357 1973 4427 Tibullus,
2003 4375 2040 4424 t,
2070 4362 2125 4426 '2,

532 4447 614 4487 vs.
747 4449 760 4486 :

532 4447 614 4487 VS.
649 4447 760 4487 412

717 4543 826 4594 Jam
847 4546 947 4594 ciet
970 4542 1185 4593 infernas
1215 4543 1407 4603 magico
1431 4542 1643 4593 stridore
1662 4548 1904 4592 catervas.

536 4646 755 4716 Nempe,
783 4649 907 4716 quia
940 4648 1140 4716 magica
1172 4647 1256 4700 illa
1289 4646 1526 4702 carmina
1558 4645 1855 4716 breviusiet
1883 4644 2123 4716 concita-

536 4719 643 4789 tius
675 4715 1119 4789 proli-rebantur,
1159 4717 1758 4789 souttni~que_taututu_
1780 4715 1962 4767 labris.
1996 4715 2126 4789 Inde

533 4800 585 4865 gl
617 4785 788 4843 Grirci
817 4790 1085 4865 ψιθύρους,
1108 4789 1453 4863 ψιθυρισμούς
1491 4787 1697 4865 dignm.
1720 4785 2120 4865 Hygino—Cl.

530 4858 732 4915 Suram
761 4856 1061 4922 atl'Sitlbuq
1091 4856 1255 4913 (εἰη-ιη’.
1292 4856 1345 4923 tt,
1384 4874 1458 4910 vs.
1491 4856 1582 4920 86,
1614 4872 1729 4924 pag.
1767 4856 1853 4909 12.
1882 4856 2082 4912 Οιιειι..

609 4929 729 4987 Non
760 4931 1108 4982 interdicimus
1132 4974 1143 4987 .
1175 4929 1438 4997 colligant.
1470 4928 1640 4982 Nuuis
1673 4941 1767 4995 pro
1795 4928 2019 4993 imperio
2046 4929 2127 4981 in-

533 5001 828 5054 terdicimus
891 5000 1066 5053 Malim
1113 5001 1272 5065 igitur
1310 5002 1689 5056 intercedimus.
1719 5000 1769 5049 id
1808 5009 1911 5062 est,
1940 4998 2126 5068 prohi-

531 5071 744 5131 bemus.
766 5086 871 5139 quo
896 5075 1058 5125 verbo
1089 5079 1252 5122 untur
1272 5068 1538 5123 Arnobius
1563 5078 1618 5123 et
1646 5068 1769 5123 alibi
1800 5084 1904 5121 non
1934 5071 2120 5123 semel.

533 5140 877 5195 Tt'atts'atum
917 5157 946 5194 a
987 5142 1347 5195 Tribttuorutn
1380 5150 1434 5193 et
1464 5140 1688 5192 aliorum
1722 5141 2123 5194 interceSs'toni-

533 5210 655 5276 bas,
692 5226 920 5281 quormn
967 5210 1410 5267 intercedentiqu
1442 5225 1544 5264 vox
1569 5220 1682 5265 erat
1724 5208 1846 5265 Veto
1876 5219 1967 5265 aut
1997 5208 2128 5265 Pro-

534 5282 700 5335 hibeo.
741 5281 985 5337 HERALD.

611 5352 1008 5424 Recognoscerc.
1030 5349 1292 5424 Meursius
1309 5351 1453 5422 cooj.
1477 5368 1573 5406 ere
1586 5352 2123 5424 cognoscere.0__ttnt.t..

607 5421 843 5477 Llllf—
893 5424 961 5478 Ut
1006 5424 1188 5477 remitti
1258 5421 1459 5477 Remini
1501 5421 1731 5479 restituit
1765 5423 1868 5478 Th.
1927 5422 2127 5477 Canter

531 5491 656 5547 Var.
691 5495 861 5557 Lert.,
897 5496 989 5549 lib.
1015 5511 1072 5561 ll,
1105 5512 1152 5548 c.
1175 5495 1261 5558 l7,
1289 5506 1441 5549 antea
1466 5495 1890 5548 meminivitiose.
1919 5493 2123 5548 ORELL.

602 5564 866 5627 Siquidem
908 5583 987 5620 res
1034 5566 1208 5619 anima
1252 5566 1472 5628 pretiosa
1510 5575 1616 5631 est,
1646 5580 1738 5619 nec
1778 5565 1892 5632 ipso
1939 5580 1992 5617 se
2034 5566 2127 5616 Ito-

494 5634 793 5705 ~mini,e!c.
839 5636 1126 5701 Meursius,
1162 5638 1322 5703 p.54.
1374 5637 1653 5705 legendum
1694 5635 1998 5704 suspicatur
2036 5650 2127 5688 nec

524 5702 636 5771 ipsa
657 5706 843 5758 scilicet
873 5708 1083 5765 homini.
1110 5702 1215 5759 etc.
1244 5702 1445 5761 (ικειιῖ

524 5837 531 5842 _
593 5772 744 5828 Nihil
788 5778 987 5845 fraudis
1031 5776 1231 5832 delituit
1270 5777 1326 5831 in
1369 5777 1596 5833 Christo.
1646 5776 1722 5834 ita
1766 5774 2015 5845 Herald.,
2058 5791 2126 5834 ex

2224 3082 2447 3139 Christo.
2471 3082 2672 3140 0nt:t.t..

2297 3155 2459 3225 Atque
2494 3157 2544 3208 in
2585 3155 2847 3209 lasciviam
2891 3153 3240 3225 dissolvamini
3267 3153 3655 3207 cachinnorum.
3689 3151 3832 3209 Pru-

2225 3223 2440 3302 dentius
2463 3231 2584 3302 περὶ
2614 3229 2913 3302 στεφάνωνέ
2948 3223 3053 3302 Cur
3083 3236 3136 3302 tu
3165 3234 3364 3302 sacrate
3410 3240 3500 3302 pler
3544 3227 3832 3302 cachinnos

2225 3297 2453 3350 solveris.
2503 3293 2785 3352 Petronius
2814 3314 2829 3351 :
2858 3295 3041 3350 Stabat
3085 3296 3220 3348 inter
3262 3297 3369 3348 lucc
3419 3293 3573 3348 Giton
3594 3336 3609 3357 ,
3642 3306 3690 3350 et
3718 3297 3832 3351 risu

2228 3366 2532 3420 dissolvebat
2571 3369 2663 3421 ilia
2702 3384 2814 3423 sua.
2848 3368 3091 3422 Emesa.
3118 3366 3222 3420 Pro
3245 3375 3398 3430 atque
3423 3366 3688 3422 Meursius
3713 3382 3830 3422 tua-

2228 3438 2334 3491 vult
2365 3454 2508 3506 teque
2535 3439 2692 3492 male.
2726 3438 2931 3493 Οιιειι.

2304 3507 2441 3562 Deus
2485 3509 2659 3563 radice
2699 3512 2762 3563 ab
2804 3511 3003 3562 intima.
3033 3508 3086 3563 ΙιΙ
3117 3516 3201 3563 est
3237 3508 3383 3562 omni
3423 3518 3605 3575 parte,
3638 3508 3828 3564 intima

2229 3593 2323 3633 sua
2360 3581 2409 3631 vi
2457 3595 2519 3633 ac
2566 3591 2751 3633 natura
2787 3580 2944 3638 Deus.
2982 3594 3142 3648 purus
3184 3590 3341 3647 putus
3370 3579 3530 3644 Deus,
3559 3595 3694 3648 gaus
3723 3582 3833 3634 und

2229 3650 2489 3705 durchaus
2515 3650 2657 3715 Gott,
2686 3650 2806 3704 Gott
2844 3651 2976 3705 nach
3020 3651 3184 3703 seiuer
3223 3650 3481 3703 innerstett
3530 3649 3723 3705 Natur.
3770 3651 3831 3707 lu

2229 3735 2348 3792 seq.
2387 3736 2483 3789 pro
2508 3723 2571 3775 ab
2599 3723 2871 3791 incognitis
2909 3723 3077 3792 regnis
3119 3720 3388 3777 Slewcclt.
3420 3722 3623 3776 mavult
3648 3723 3833 3777 incon-

2230 3790 2351 3846 ditis
2380 3794 2432 3844 id
2464 3803 2546 3847 est
2571 3790 2806 3847 aeternis.
2834 3790 3034 3847 Οιιειζιη

2309 3861 2372 3915 Et
2411 3865 2609 3917 merito.
2656 3863 2856 3919 Exutus
2902 3874 2955 3917 at
2993 3880 3228 3929 corpore,
3257 3872 3363 3919 etc.
3396 3862 3473 3917 Ita
3518 3864 3832 3921 felicissime

2232 3934 2540 3988 emendavit
2568 3945 2623 3988 et
2652 3935 2895 3989 distinxit
2925 3936 3096 3990 locum
3119 3935 3293 3989 editor
3316 3934 3484 4004 Lugd.
3509 3936 3628 3990 Bal.
3653 3938 3830 3991 Antea

2233 4015 2348 4059 erat
2374 4015 2421 4058 el
2450 4007 2626 4060 merito
2656 4016 2838 4060 exutus
2860 4022 2891 4059 a
2921 4021 3153 4070 corpore,
3181 4005 3321 4069 quod
3355 4017 3501 4061 recte
3523 4004 3834 4063 isﬁetidttltat

2234 4074 2622 4147 Stewechium,
2641 4078 2790 4147 quasi
2808 4079 3000 4130 merito
3014 4091 3110 4140 pro
3127 4084 3150 4130 t
3172 4076 3371 4131 ltristus
3388 4089 3580 4132 exutus
3598 4093 3831 4145 corpore

2235 4146 2338 4202 huc
2378 4158 2458 4201 est
2490 4146 2731 4219 mortuus
2779 4148 2867 4201 sit.
2898 4147 3082 4217 Itaque
3108 4147 3425 4219 conjiciebat
3457 4149 3747 4219 legentium
3773 4161 3831 4203 at

2234 4218 2443 4271 emerito
2476 4219 2494 4289 (
2513 4218 2613 4272 hoc
2637 4228 2739 4273 e~t.
2772 4219 2876 4272 vita
2912 4216 3127 4289 functo)
3156 4227 3334 4271 exutus
3372 4234 3404 4271 a
3444 4216 3677 4284 corpore.
3722 4220 3830 4275 Sed

2236 4289 2382 4341 mqu
2410 4288 2601 4342 melior
2647 4289 2857 4343 videtur
2901 4288 3148 4343 Salmasii
3193 4288 3519 4344 emendatio.
3556 4289 3621 4344 Et
3648 4291 3832 4345 merito

2236 4359 2355 4412 scil.
2372 4376 2493 4414 cum
2519 4359 2945 4425 pravcedeotibus
2959 4358 3288 4429 jungendum
3304 4358 3406 4413 ltoc
3423 4376 3584 4417 sensu
3607 4379 3619 4415 :
3642 4360 3832 4417 Merito

2156 4419 2210 4479 D
2236 4428 2383 4483 illum
2411 4419 2806 4485 non'noverunt.
2842 4419 3023 4484 Mirtiri
3054 4419 3153 4483 non
3184 4430 3315 4491 licet,
3349 4433 3391 4484 si
3420 4432 3568 4486 illum
3601 4448 3704 4486 non
3735 4449 3831 4487 uo-

2229 4510 2426 4555 vcrunt.
2462 4499 2557 4555 Est
2586 4502 2649 4555 ist
2675 4501 2967 4567 naturlich,
2994 4501 3113 4556 dass
3149 4502 3222 4556 sie
3258 4502 3372 4630 ihq)
3394 4504 3532 4557 uicht
3578 4502 3827 4561 kannteu.

3375 4589 3530 4629 uELL.

3375 4589 3530 4629 ΚΕΗ..

2302 4641 2583 4729 {umquam
2607 4642 2767 4729 videri
2789 4659 2843 4697 se
2865 4659 3044 4729 passus
3070 4653 3160 4706 est,
3188 4645 3334 4715 cujus
3359 4657 3497 4729 esset
3508 4655 3602 4729 aut
3629 4649 3833 4729 magni-

2231 4714 2422 4767 tudinis
2450 4715 2590 4787 sciri.
2625 4714 2794 4769 Locus
2825 4715 3147 4787 mendosus,
3180 4714 3340 4787 quem
3371 4716 3573 4785 duplici
3603 4714 3830 4787 conjec-

2232 4794 2349 4838 tura
2379 4786 2660 4856 restituere
2689 4795 2915 4840 conatur
2940 4785 3071 4840 Adr.
3104 4784 3357 4840 Behotius
3383 4788 3433 4840 in
3456 4784 3826 4856 'Apopltoret“

2231 4856 2325 4910 lib.
2359 4871 2436 4921 Ill,
2467 4870 2517 4910 c.
2550 4855 2602 4918 8,
2636 4856 2885 4911 nimirum
2916 4876 2928 4911 :
2964 4866 3230 4926 postquam
3260 4857 3421 4911 videri
3446 4874 3499 4912 se
3525 4855 3706 4922 passus
3728 4871 3827 4926 est,

2229 4927 2343 5008 quis
2365 4937 2511 5008 esset,
2539 4938 2625 4979 aut
2652 4927 2801 4995 cuius
2824 4929 3207 5008 magnitudinis.
3230 4930 3395 5008 verbo
3415 4930 3534 4983 sciri
3552 4940 3827 5008 tamquam

2232 4998 2413 5068 inepto
2442 5000 2765 5069 glossemate
2790 5007 3084 5065 expuncto,
3113 5007 3206 5050 aut
3228 4998 3300 5053 ita
3331 5015 3343 5051 :
3376 5012 3646 5068 postquam
3665 4998 3831 5057 videri

2229 5083 2284 5121 se
2312 5086 2494 5135 passus
2528 5079 2620 5132 est,
2646 5071 2756 5137 quis
2781 5079 2942 5134 esset,
2966 5078 3053 5122 aut
3078 5070 3227 5139 cujus
3268 5071 3639 5140 magnitudinis
3680 5073 3827 5140 sciri,

2232 5152 2329 5208 pro
2356 5150 2444 5193 aut
2469 5140 2609 5213 sciri,
2636 5140 2784 5213 cujus
2811 5152 2936 5194 esset
2968 5140 3352 5210 magnitudinis.
3384 5139 3649 5210 Equidem
3681 5139 3830 5213 prio-

2230 5224 2343 5264 rem
2377 5210 2625 5278 pra-fero.
2649 5211 2854 5265 ORELL.

2303 5280 2438 5336 LIV.
2494 5308 2566 5322 —
2610 5280 2845 5356 Quinam
2897 5281 2983 5335 isti
3015 5290 3159 5356 _su_n_t
3192 5322 3206 5343 ,
3266 5283 3487 5353 fortasse
3539 5285 3774 5356 quaeritis
3801 5287 3828 5341 .9

2232 5348 2434 5414 Gentes,
2468 5361 2573 5406 etc.
2605 5352 2834 5406 Scentus
2867 5366 2986 5405 sum
3014 5353 3067 5407 in
3097 5352 3180 5408 his
3201 5348 3825 5421 et'seqttentiliusiuter-

2231 5425 2578 5493 punctionem
2612 5422 2826 5496 Meursii
2858 5435 2907 5476 et
2949 5423 3002 5496 in
3042 5424 3391 5493 sequentibus
3432 5426 3553 5496 lego
3589 5443 3824 5484 commo-

2230 5496 2378 5547 daret
2408 5508 2505 5562 pro
2530 5493 2929 5548 commodarent.
2956 5493 3159 5549 OnELL.

2306 5562 2600 5633 Numquam
2635 5562 2783 5619 rebus
2824 5567 3078 5629 eiusmodi
3112 5564 3427 5620 credulitatis
3451 5582 3562 5622 sua:
3589 5584 3822 5623 ranunc-

2229 5640 2374 5706 daret
2413 5650 2704 5706 assensum.
2752 5633 2864 5690 Afri
2925 5639 3492 5706 utuntur‘saepissime
3543 5642 3823 5706 pra-terito

2228 5703 2561 5778 imperfecto
2610 5720 2706 5778 p_ro
2772 5703 3334 5778 plusquamperfecto,
3405 5718 3461 5761 ut
3525 5703 3823 5778 loqututtur

2226 5775 2587 5847 grammatici.
2618 5775 2779 5834 Extat
2807 5775 2922 5834 huic
2962 5778 3200 5851 ἔναλλανγὴ
3241 5778 3385 5850 apud
3425 5775 3726 5837 Arnobium
3765 5792 3822 5836 et
