3986 6316
481 5711 516 5738 θ

565 389 674 451 8οἹ

1696 381 1970 439 ARNOBII
2011 377 2377 437 ADVERSUS
2404 377 2675 437 GENTES

3742 354 3829 437 sits

565 500 757 564 Deum,
789 496 969 557 vultis,
999 496 1165 550 immo
1199 494 1371 550 solum
1411 494 1458 551 si
1496 494 1652 551 liceat
1680 494 1976 550 belluarum
2006 510 2157 564 agre-
2188 497 2233 555 A
2263 496 2391 549 retis
2432 494 2553 549 esse
2582 490 2967 557 rertissimum,
3003 505 3110 546 non
3139 504 3326 547 verum
3348 533 3363 557 ,
3407 490 3550 561 quod
3591 493 3829 551 immunes

565 592 723 644 Slililn
775 589 880 642 rittt
936 587 1174 642 cruentis
1228 588 1412 640 oribus
1469 586 1761 653 mandere,
1810 586 2151 641 comminutis

567 695 687 735 cum
714 679 925 735 ossilms
950 690 1309 734 trausvorare.
1343 678 1645 745 Quodnam,
1677 694 1881 748 qmcso,
1906 678 1975 733 ob
1997 678 2155 731 meri-

562 781 674 828 tum
719 772 917 839 dicite,
952 771 1102 842 cujus
1146 771 1216 825 ob
1262 772 1463 841 peccati
1506 772 1762 842 culpam?
1808 771 1935 841 quid
1982 771 2051 825 ab
2091 786 2157 824 eo

566 866 914 921 couunissutu
940 875 1042 932 est,
1071 865 1212 933 quod
1247 874 1486 919 tenorem
1515 864 1810 918 inﬂet-teret
1840 862 1993 925 recti,
2023 872 2078 917 et
2105 863 2156 916 in

563 958 682 1014 odia
711 972 807 1011 vos
836 973 1025 1028 aspera
1072 957 1348 1012 furialibus
1395 957 1625 1012 stimulis
1664 955 1993 1010 concitaret?
2023 956 2158 1021 Quia

561 1050 859 1104 animarum
891 1060 1189 1104 vestrarum
1222 1048 1501 1104 custodem
1532 1064 1588 1102 se
1619 1048 1839 1101 missum
1871 1046 1989 1101 solo
2017 1046 2156 1100 iudi-

565 1141 703 1196 cavit
724 1140 793 1195 ab
813 1156 974 1212 rege:
1004 1142 1126 1209 quia
1149 1140 1300 1194 vobis
1326 1139 1783 1194 inunortalitatem
1812 1138 1972 1201 ferre,
1998 1153 2157 1206 quam

561 1249 659 1289 vos
691 1233 885 1289 habere
910 1232 1179 1288 confiditis
1206 1232 1455 1287 humanis
1487 1247 1777 1301 paucorum
1802 1232 2156 1286 assevi-ratio.

564 1326 721 1381 nibus
747 1324 931 1380 suasi?
959 1324 1113 1393 Quod
1159 1325 1203 1379 si
1252 1336 1395 1379 esset
1442 1324 1581 1394 apud
1630 1338 1728 1378 vos
1771 1336 1976 1377 certum
2022 1321 2157 1376 falsa

2253 601 2348 641 vos
2380 585 2494 640 iure
2535 585 2603 637 ab
2651 594 2758 637 tam
2814 584 3115 640 innumeris
3158 584 3533 640 vexationibus
3570 600 3827 656 corporum

2258 690 2429 746 usque
2473 674 2537 729 ad
2581 675 2802 729 ultimos
2852 673 2988 730 tlnes
3041 674 3336 744 sponderet
3387 674 3598 731 aetatis?
3639 686 3690 730 et
3729 677 3830 733 licet

2260 767 2506 837 ambigua
2566 781 2654 821 res
2701 773 2865 832 esset,
2919 766 3335 821 committeretis
3389 781 3483 821 vos
3535 776 3833 831 tameu,nec

2262 862 2532 931 potionem
2590 861 2916 931 incognitam
2980 858 3303 916 dubitaretis
3355 859 3573 916 haurire
3626 876 3716 931 spe
3762 877 3833 916 sa-

2263 955 2387 1009 lutis
2418 954 2716 1024 proposita,
2762 963 2925 1022 atque
2967 969 3155 1009 amore
3195 953 3582 1009 incolumitatis
3636 955 3830 1011 incensi.

2262 1048 2477 1107 Eluxit.
2507 1057 2670 1116 atque
2699 1047 2952 1116 apparuit
2982 1046 3229 1101 Cbrisws
3267 1047 3343 1102 rei
3375 1046 3623 1101 maxima:
3649 1048 3834 1101 nuntia-

2265 1151 2372 1204 tor.
2400 1141 2703 1209 auspicium
2732 1140 2963 1194 faustum
2997 1150 3249 1209 portans,
3281 1149 3335 1195 et
3364 1140 3685 1209 praeconium
3712 1142 3834 1196 salu-

2266 1244 2381 1289 tare
2405 1234 2770 1289 credentibus.
2811 1233 3067 1301 Quaenam
3096 1242 3181 1289 est
3222 1234 3322 1287 ista
3353 1233 3674 1299 crudelitas,
3703 1232 3834 1288 inhu-

2271 1326 2610 1394 tnanitasque
2639 1322 2813 1389 tanta,
2834 1326 3155 1396 quiuimmo,
3188 1334 3247 1381 ut
3272 1326 3453 1383 verius
3480 1326 3687 1397 loquar,
3713 1325 3836 1381 fasti-

564 1418 712 1473 illum
756 1418 973 1483 dicere,
1016 1434 1141 1487 spes
1183 1419 1342 1472 etiam
1390 1417 1705 1471 vanissimas
1753 1416 2033 1485 polliceri,
2067 1430 2167 1470 nec

563 1512 642 1565 sic
672 1510 825 1565 video
865 1512 1030 1565 fuisse
1058 1524 1311 1573 causam,
1344 1524 1440 1583 cur
1477 1525 1601 1564 eum
1640 1509 1910 1564 deberetis
1950 1508 2165 1573 odisse,
2270 1526 2384 1566 rem
2442 1510 2605 1573 tanti,
2656 1525 2762 1565 non
2812 1517 3020 1566 tantum
3069 1510 3353 1565 verborum
3403 1509 3841 1566 maledictionibus

565 1614 662 1656 cur
705 1601 885 1656 hostili
928 1600 1396 1656 animadversione
1423 1600 1681 1655 danmare
1708 1642 1721 1660 .
1752 1601 1951 1660 immo.
1981 1600 2025 1653 si
2053 1599 2170 1653 aui—
2270 1603 2547 1668 scindere,
2589 1618 2774 1657 verum
2821 1603 2982 1658 etiam
3031 1602 3175 1658 bello
3218 1601 3367 1673 gravi
3410 1610 3573 1672 atque
3622 1601 3841 1657 omnibus

565 1709 686 1750 Inus
709 1694 861 1749 Vobis
890 1695 1125 1749 clemens
1156 1693 1380 1758 fuisset,
1412 1703 1468 1749 et
1509 1691 1653 1746 mitis
1679 1734 1694 1759 ,
1726 1686 1809 1745 vel
1853 1700 2075 1762 propter
2117 1690 2169 1745 id
2273 1694 2526 1765 persequi
2560 1695 2787 1749 telorum
2820 1693 3175 1750 effusionibus
3201 1704 3257 1750 et
3285 1694 3494 1750 ruinis?
3517 1694 3630 1750 Non
3662 1694 3842 1764 placent

565 1786 741 1841 solum
769 1802 893 1842 eum
924 1786 1196 1842 deberetis
1220 1785 1472 1856 amplecti
1495 1827 1509 1849 ,
1542 1784 1681 1856 quod
1724 1784 1977 1854 optabilia
2019 1785 2172 1837 vobis
2273 1804 2337 1845 ea
2367 1806 2487 1859 qua:
2510 1789 2659 1853 dicit,
2679 1799 2877 1845 etcum
2900 1788 3290 1845 oifen~ionibus
3315 1789 3607 1844 audiuntur
3631 1804 3659 1843 a
3683 1789 3842 1843 vobis?

569 1878 865 1949 spouderet
892 1888 945 1934 et
976 1894 1231 1948 prospera
1263 1897 1276 1933 :
1309 1878 1451 1948 quod
1480 1878 1741 1933 bonarum
1773 1887 1918 1932 esset
1950 1878 2169 1931 nuntius
2199 1878 2245 1938 B
2276 1899 2373 1953 pro
2413 1882 2633 1937 ludicris
2671 1898 2733 1937 ea
2771 1881 3241 1938 vaticinationibus
3270 1890 3599 1953 computate.
3628 1879 3844 1936 Stolidis-

569 1986 751 2027 rerum
785 1989 798 2025 :
833 1973 974 2042 quod
1024 1988 1085 2027 ea
1137 1972 1487 2041 przedicaret,
1520 1987 1639 2042 quae
1685 1972 1885 2027 nullius
1929 1973 2167 2026 animum
2273 1976 2439 2029 simas
2475 1990 2563 2029 res
2605 1975 2857 2046 loquitur,
2890 1984 2945 2031 et
2984 1974 3125 2031 fatua
3169 1976 3310 2030 dona
3361 1974 3660 2043 promittit?
3697 1972 3841 2028 ridete

571 2063 1462 2135 licderi-ut:securiorisﬂquinimo
1481 2065 1870 2134 expectationis
1900 2063 2167 2133 impleret.
2274 2078 2331 2122 ut
2378 2068 2647 2136 sapientes
2688 2083 2784 2123 vos
2809 2067 2932 2129 viri,
2961 2077 3017 2123 et
3044 2068 3096 2122 in
3123 2067 3235 2122 suis
3261 2067 3546 2123 erroribus
3577 2066 3841 2121 fatuitatem

646 2156 806 2212 LXV.
839 2160 884 2212 υ
916 2157 1224 2228 ingratutnb
1249 2166 1303 2212 et
1341 2156 1560 2226 impium
1594 2157 1887 2210 sarculum!
1921 2171 1953 2209 o
1985 2157 2033 2208 iu
2060 2156 2168 2225 pri—
2273 2160 2561 2230 relinquite
2600 2159 2854 2215 volutari.
2899 2159 3159 2228 Quaenam
3188 2167 3272 2215 est
3300 2159 3417 2215 lucc
3446 2160 3659 2221 feritas,
3688 2168 3741 2214 ut
3775 2174 3843 2213 reo

575 2260 752 2306 vatum
783 2252 1074 2321 perniciem
1107 2251 1405 2306 incredibili
1440 2250 1672 2320 pectoris
1693 2249 2051 2304 obstinatione
2081 2265 2172 2318 pa-
2276 2262 2519 2322 petamus
2562 2268 2681 2322 qua:
2737 2251 2880 2306 dicta
2928 2261 3056 2307 sunt
3097 2251 3334 2321 saepius,
3382 2266 3507 2322 qua:
3551 2250 3712 2307 libido
3756 2259 3841 2305 tam

573 2344 781 2400 ratum!
817 2344 871 2399 Si
902 2343 1097 2412 aliquis
1123 2343 1187 2397 ad
1214 2359 1310 2398 vos
1342 2338 1580 2397 medicus
1604 2360 1667 2396 cx
1692 2343 1975 2396 Summotis
1998 2342 2169 2396 venis-
2275 2346 2537 2408 carnifex,
2568 2344 2894 2414 inexpiabile
2927 2345 3124 2399 bellum
3152 2344 3396 2400 indicere
3425 2344 3560 2399 nihil
3589 2344 3656 2400 de
3680 2355 3726 2399 te
3749 2358 3842 2399 me-

574 2446 658 2492 sct
682 2447 736 2491 et
759 2452 1052 2506 nmuquam
1069 2437 1221 2491 vobis
1237 2436 1550 2507 regionibus
1568 2434 1817 2505 cognitis,
1836 2435 2171 2488 medicamen
2275 2438 2423 2492 rito?
2460 2436 2763 2492 Dilacerare
2792 2437 2835 2491 si
2867 2437 3047 2503 detur,
3078 2452 3200 2492 eum
3229 2436 3367 2492 velle
3394 2452 3494 2507 per
3521 2438 3739 2501 viscera,
3763 2433 3837 2506 qui

578 2528 840 2598 pollicens
867 2528 1001 2594 tale,
1029 2526 1172 2598 quod
1212 2544 1240 2580 a
1285 2528 1477 2582 vestris
1502 2527 1821 2596 corporibus
1848 2526 2026 2581 omnia
2055 2542 2173 2583 om-
2276 2548 2383 2587 non
2431 2530 2592 2586 modo
2620 2530 2827 2585 nullum
2857 2530 3100 2586 intulerit
3126 2530 3325 2585 malum
3358 2532 3526 2597 nulli,
3555 2530 3649 2587 sed
3677 2543 3843 2599 aequa-

576 2619 705 2675 niuo
747 2618 1053 2688 prohiberet
1097 2620 1406 2675 morborum
1446 2629 1500 2674 et
1534 2618 1898 2675 valetudinum
1928 2634 2171 2689 genera:
2276 2625 2401 2680 liter
2433 2624 2703 2693 benignus
2743 2623 2993 2678 hostibus
3033 2623 3236 2687 dicere,
3269 2622 3525 2693 quidnam
3566 2622 3648 2678 his
3686 2619 3843 2677 salutis

578 2728 685 2770 non
742 2713 987 2769 certatim
1042 2728 1231 2769 omnes
1283 2716 1679 2771 accurreretis?
1729 2730 1834 2770 non
1901 2714 2174 2769 blanditiis
2276 2718 2390 2773 Deo
2423 2726 2730 2786 portaretur
2758 2731 2787 2769 a
2818 2714 3102 2785 principe:
3134 2713 3264 2786 quid
3293 2725 3439 2770 esset
3462 2714 3606 2770 facto
3633 2727 3774 2785 opus,
3799 2718 3843 2764 ut

576 2807 826 2864 omnibus
869 2816 1030 2877 atque
1069 2806 1367 2863 honoribus
1413 2810 1577 2863 fotum
1613 2809 1893 2864 familiaria
1926 2810 2170 2879 suscipe-
2278 2810 2551 2864 interitum
2583 2807 2917 2879 fugerent,et
2941 2806 3843 2879 immortalitatemconsequerentur

578 2899 708 2957 retis
736 2899 790 2957 in
822 2900 1054 2957 moenia?
1082 2916 1187 2958 non
1220 2902 1349 2957 illud
1393 2903 1765 2959 medicaminis
1806 2918 1973 2973 genus
2017 2914 2166 2973 opta-
2278 2902 2549 2974 ignotam?
2587 2901 2832 2972 Cumque
2884 2900 3093 2956 novitas
3117 2914 3331 2966 rerum,
3363 2908 3421 2955 et
3468 2898 3699 2955 inaudita
3739 2909 3840 2967 pro-

1791 3015 2079 3074 LECTION
2090 3017 2170 3073 ES
2208 3016 2627 3074 VARIANTES.

2206 3130 2251 3193 C
2283 3134 2415 3193 teras
2436 3128 2681 3181 trmtstutit
2726 3131 2792 3193 ad
2814 3127 3008 3181 initium
3029 3127 3141 3181 libri
3176 3130 3239 3181 II.
3266 3133 3423 3193 ouant
3467 3126 3843 3191 transpositionem

2288 3191 2490 3244 damnat
2513 3193 2679 3244 Sabaei
2706 3192 2855 3245 editio
2878 3200 2923 3245 et
2940 3207 3053 3255 ms.,
3077 3200 3129 3245 ut
3150 3190 3448 3246 Stewechius
3463 3190 3640 3245 monet.

2274 1416 2485 1471 diosum
2516 1417 2883 1488 supercilium,
2915 1418 3275 1472 nuntiatorem
3303 1417 3543 1474 muneris
3571 1426 3626 1473 et
3649 1418 3839 1488 portito-

646 3130 671 3159 θ
707 3129 1012 3179 Securiores.
1038 3143 1128 3180 ms.

644 3191 671 3233 ι)
707 3195 829 3245 Ηατε
851 3205 960 3243 cum
975 3188 1056 3256 iis,
1076 3205 1186 3258 qua:
1210 3194 1397 3244 duabus
1413 3190 1524 3245 aliis
1541 3199 1804 3258 sequuntur
1816 3191 2027 3257 paginis,
2051 3193 2178 3242 Cim-

1939 3361 2314 3419 COMMENTA
2327 3363 2503 3421 RIUS.

652 3478 903 3536 Cruentis
942 3480 1130 3535 oribus
1174 3479 1449 3535 mandere.
1485 3479 1766 3550 Pr0prium
1791 3482 2037 3535 verbum.
2071 3480 2178 3535 Lu-

704 3481 903 3535 ruentis
942 3480 1130 3535 oribus
1174 3479 1449 3535 mandere.
1485 3479 1766 3550 Pr0prium
1791 3482 2037 3535 verbum.
2071 3480 2178 3535 Lu-
2286 3481 2638 3548 scriptoribus
2670 3480 2866 3535 nubem
2897 3479 3269 3547 exemplorum
3293 3479 3461 3544 citat,
3492 3480 3764 3539 Savaron.,
3791 3471 3842 3526 ad

704 3552 807 3604 ius.
840 3552 931 3604 lib.
965 3567 1015 3604 tv
1050 3567 1068 3604 :
2287 3552 2501 3604 Sidon..
2537 3553 2629 3604 lib.
2653 3569 2723 3604 vi.
2754 3553 2914 3604 euist.
2952 3553 2999 3604 ι.
3026 3566 3145 3604 nan.
3170 3550 3378 3604 590.‘et
3406 3548 3458 3604 «Ι.
3489 3550 3582 3604 Fr.
3611 3549 3841 3604 Gronor.

583 3563 807 3617 crettns,
840 3563 931 3605 ιιι).
965 3567 1015 3605 tv
1050 3567 1068 3604 :

2287 3552 2501 3617 Sidon.,
2537 3553 2629 3605 lib.
2653 3569 2723 3615 vi,
2754 3553 2914 3620 epist.
2952 3553 2999 3615 ι,
3026 3566 3145 3620 pag.
3170 3550 3378 3609 590.‘et
3406 3548 3458 3604 J.
3489 3550 3582 3606 Fr.
3611 3549 3841 3620 Gronor»

2286 3624 2444 3678 Oliss.
2475 3616 2493 3685 ,⁷
2521 3624 2615 3677 lib.
2649 3640 2745 3685 ill,
2791 3616 2911 3691 cap.
2953 3616 3045 3676 2οζ
3080 3616 3273 3676 Munus
3297 3632 3479 3675 autem
3508 3664 3525 3683 ,
3570 3621 3636 3675 de
3661 3616 3845 3691 quohic

2288 3696 2521 3777 mentio,
2563 3703 2649 3749 est
2678 3689 2871 3749 salutis
2896 3693 3219 3764 prteconium
3248 3702 3302 3748 et
3340 3692 3586 3747 veritatis
3626 3689 3844 3761 pt‘mdica-

2288 3766 2901 3891 twitii)i'liii':sL.L:Si-riverius
2932 3834 3167 3889 malebat
3191 3835 3354 3888 ranis.
3388 3833 3603 3906 (Rana.
3625 3848 3688 3894 te.
3709 3840 3844 3906 genus

2286 3909 2396 3973 teli,
2434 3908 2567 3964 Vide
2596 3909 2741 3964 Fest.
2774 3906 2795 3979 )
2825 3922 2926 3964 nec
2953 3907 3096 3961 male
3118 3947 3134 3973 ,
3162 3901 3437 3978 quomodo
3470 3905 3671 3961 Ennius
3697 3901 3842 3957 dixit:

675 3665 894 3727 thuasi
924 3664 1177 3726 pantherm
1202 3678 1363 3728 morsu
1385 3665 1598 3728 saevique
1624 3664 1785 3714 leonis

680 3726 987 3787 Maudautur,
1014 3730 1203 3791 magnis
1226 3726 1529 3778 clamoribus
1541 3728 1705 3776 omnia
1741 3727 2008 3791 complent,

586 3809 792 3866 Ennius
827 3829 840 3864 :

651 3914 902 3993 _\'ulturis
924 3925 976 3974 in
992 3924 1143 3989 sylvis
1163 3927 1399 3975 miserum
1422 3924 1688 3975 mandebat
1705 3926 1989 4036 hemtitiiem.

1884 4002 1989 4036 eam

1884 4002 2035 4037 ERALD
2043 4025 2054 4036 .

659 4115 822 4173 LXV.
854 4147 925 4158 —
957 4117 1225 4171 Paratum.
1252 4117 1325 4170 Ita
1356 4116 1611 4181 Salmas.,
1639 4114 1692 4169 in
1720 4115 1807 4169 ed.
1833 4113 2004 4185 Lugd.
2039 4112 2180 4178 Bat.,
2439 4065 2633 4117 nam“
2656 4072 2898 4129 simsum
2924 4065 3105 4126 hastas’
3131 4062 3186 4113 ﬁt
3204 4061 3402 4115 ferreus
3423 4064 3602 4116 πίητ-

585 4186 696 4260 Ms.
720 4192 987 4260 privatum.
1023 4188 1155 4244 Fulv
1210 4187 1389 4244 Ursin.
1423 4204 1660 4257 pronum.
1684 4186 1889 4241 OBELL.

659 4255 1046 4315 Continitleritts
1074 4277 1158 4313 vos
1185 4270 1369 4313 tamen.
1405 4255 1623 4326 Pmpria
1672 4260 1890 4312 locutio.
1927 4256 2063 4310 Infra
2086 4255 2179 4310 lib.

587 4347 645 4388 tt.
680 4329 1038 4402 zEgritudines
1079 4348 1349 4397 corporum
1382 4332 1690 4402 medicorum
1723 4329 2031 4402 committitis
2065 4344 2174 4379 uta-

588 4398 857 4457 nibttsz.
892 4402 1118 4459 Gellius.
1159 4402 1250 4456 lib.
1280 4418 1319 4463 ι,
1352 4417 1401 4457 c.
1452 4401 1518 4455 15
1552 4419 1561 4452 1
1602 4398 1777 4468 Itaque
1823 4398 2034 4463 auditis,
2077 4414 2180 4450 non

585 4473 888 4529 auscultatis
910 4485 1166 4538 tamquam
1207 4471 1677 4541 pharmacopolam.
1707 4468 1844 4523 Nam
1880 4472 1990 4540 ejus
2033 4469 2182 4522 verba

585 4546 883 4611 audiantur,
908 4562 1081 4600 verum
1117 4545 1165 4598 ei
1200 4561 1344 4599 nemo
1370 4561 1423 4598 se
1447 4542 1709 4597 committit
1731 4557 1888 4665 ,Ιῗιιιιι
1926 4556 2059 4609 wger
2090 4549 2179 4593 est.
2211 4579 2265 4639 Β

1806 4627 1999 4665 εηλιο.

1806 4627 1999 4665 εηλιο.

660 4691 858 4746 Eluxit.
894 4689 1205 4756 Eleganter,
1235 4687 1405 4741 instar
1431 4685 1662 4740 ﬂamma:
1685 4684 1863 4756 subito
1891 4698 2183 4756 emittimu-

586 4764 675 4818 tis.
708 4763 840 4816 Vide
871 4753 1053 4814 Barth.
1092 4757 1345 4840 Advers,
1380 4757 1470 4810 lib.
1503 4771 1558 4810 Vl
1580 4796 1593 4817 .
1626 4770 1748 4878 cap.
1779 4754 1834 4815 5.
1868 4769 1922 4824 p.
1950 4753 2077 4809 265.
2108 4754 2183 4806 lta

588 4842 643 4878 et
669 4835 989 4878 ηιητρικεη-
1020 4830 1237 4878 Gratius
1262 4828 1545 4878 Cvuetzet..
1576 4841 1656 4878 vs.
1754 4844 1767 4878 :

588 4842 643 4889 et
669 4835 989 4888 relucessere.
1020 4830 1237 4886 Gratius
1262 4828 1545 4900 Cyneget.,
1576 4841 1656 4880 vs.
1690 4828 1719 4878 7
1754 4844 1767 4879 :

2287 4190 2393 4247 Sed
2428 4190 2621 4246 Cicero
2660 4190 2910 4246 similiter
2952 4189 3164 4245 locutus
3192 4228 3208 4253 ,
3256 4187 3353 4242 lib.
3385 4203 3477 4255 ut,
3509 4188 3580 4245 de
3617 4184 3841 4257 Legibus:

2288 4262 2444 4317 Caius
2467 4278 2583 4316 vero
2608 4260 2872 4316 Gracchus
2898 4261 3062 4315 ruinis
3090 4270 3137 4314 ct
3160 4259 3223 4312 iis
3249 4260 3384 4327 ﬁcis,
3408 4277 3541 4330 quas
3566 4261 3673 4328 ipse
3685 4274 3733 4311 se
3749 4268 3844 4324 pro-

2282 4336 2467 4405 jecisse
2505 4334 2558 4386 in
2595 4334 2764 4400 [orum
2794 4332 2924 4386 dixit
2947 4373 2963 4395 ,
2990 4332 3185 4405 quibus
3220 4330 3633 4401 digladiarentur
3672 4330 3845 4405 interit:

2288 4400 2453 4466 cives,
2500 4420 2670 4458 nonne
2695 4402 3219 4473 omnemgreipublicte
3243 4400 3432 4473 statum
3465 4400 3784 4473 permutavit;
3802 4401 3845 4448 et

2291 4476 2497 4531 Seneca
2519 4517 2534 4539 ,
2563 4475 2723 4544 epist.
2752 4490 2807 4528 tx
2836 4492 2849 4527 :
2877 4471 3197 4546 Quanto/tie
3223 4471 3509 4546 mirabilior
3533 4474 3639 4546 vir,
3675 4471 3752 4541 qui
3776 4479 3844 4546 per

2313 4551 2481 4599 'errum
2520 4556 2567 4599 et
2608 4549 2787 4598 ruinas
2814 4555 2862 4598 et
2891 4545 3036 4602 iane:
3065 4545 3258 4598 illwsus
3286 4554 3334 4597 et
3360 4544 3614 4602 indemnis
3645 4544 3843 4597 erexerit-

2344 4633 2497 4688 suns.
2525 4658 2540 4682 ,
2575 4611 3085 4688 pag,37.——Ruime
3117 4626 3295 4688 Itaque
3336 4614 3388 4669 li.
3422 4614 3460 4669 ι.
3491 4624 3617 4671 sunt
3641 4611 3844 4682 lapides,

2288 4686 2973 4743 aediﬁciorumdirutorum
3003 4687 3216 4740 rudera.
3246 4686 3451 4742 υιιειι..

2364 4759 2466 4826 Qui
2534 4776 2635 4812 non
2703 4760 2854 4813 modo
2924 4758 3126 4812 nultum
3179 4758 3410 4811 intulerit
3476 4758 3665 4811 malum
3721 4749 3843 4826 nulli.

2288 4816 2552 4885 Meursius
2580 4835 2778 4884 mavult
2811 4848 2823 4883 :
2853 4828 2970 4883 ulti.
3000 4833 3065 4882 At
3087 4827 3316 4896 duplicis
3343 4829 3641 4899 negationis
3666 4839 3757 4879 non
3782 4816 3842 4870 af-

2290 4902 2578 4963 ﬁrmantis.
2605 4902 2697 4957 sed
2725 4901 3099 4955 vehementius
3126 4900 3372 4969 negantis
3402 4898 3553 4955 more
3573 4898 3841 4969 Gi-aacortttn

2288 4974 2440 5043 plura
2464 4959 2707 5043 exempla
2732 4971 2889 5026 aﬁ‘ert
2913 4959 3225 5043 Veclinerus
3249 4973 3299 5023 in
3328 4969 3681 5032 Hetlenolex.,
3712 4959 3838 5024 αδδ,

2290 5042 2410 5115 pag.
2448 5045 2570 5103 381.
2603 5042 2691 5098 ed.
2726 5044 3042 5113 llensinger.
3066 5042 3279 5115 Onam“

2364 5106 2470 5169 Sed
2491 5116 2758 5185 aequaliter
2783 5106 3027 5185 benignus
3053 5113 3489 5186 hostibus‘dicere,
3516 5122 3619 5186 εις
3779 5106 3842 5157 εει

2290 5185 2425 5241 Cod.
2449 5180 2559 5239 nisi
2580 5186 2736 5240 lectio
2769 5180 2970 5240 teme're
2996 5192 3193 5238 mutata
3211 5199 3241 5238 a
3258 5183 3482 5239 Gelenio
3508 5196 3561 5239 et
3582 5180 3837 5236 F.llrsino:

2290 5259 2380 5312 sed
2409 5257 2668 5320 tequiiliter
2691 5258 2934 5327 benignus
2964 5255 3195 5309 omnibus
3222 5256 3486 5327 docuerit;
3511 5254 3756 5327 wqualiter
3776 5243 3835 5297 be-

2292 5332 2477 5399 nignus
2500 5329 2617 5383 scil.
2640 5323 2820 5399 fuerit:
2834 5326 3094 5399 Beiiignus
3115 5327 3284 5379 dicere
3304 5326 3601 5382 Gracisnio
3624 5323 3837 5399 frequenf

2292 5397 2805 5475 tiasittttt._1rpaiic__ro
2830 5400 3008 5475 λέγειν.
3038 5398 3222 5475 Itaque
3245 5412 3511 5475 nonmopus
3530 5408 3641 5475 est,
3670 5404 3719 5445 ιιι
3743 5397 3836 5475 cuin

2291 5472 2499 5526 editore
2520 5467 2686 5540 Ln'gd.
2715 5471 2829 5523 Bat.
2862 5467 3097 5538 legamus
3114 5471 3322 5540 diceret.
3349 5472 3402 5523 Si
3422 5467 3546 5540 quid
3565 5477 3729 5540 autem
3750 5472 3839 5540 ιιιηῖ

2294 5524 2535 5603 tandum,
2571 5524 2781 5596 uiallem
2824 5524 3029 5605 uixerit,
3065 5539 3185 5609 quia
3208 5524 3479 5609 praecessit
3504 5536 3747 5609 intulerit.
3773 5524 3836 5578 id

2293 5628 2414 5667 cum
2456 5612 2764 5667 Stevverhio
2794 5611 2860 5665 ad
2905 5610 2994 5665 lib.
3030 5604 3104 5668 tt'.
3133 5604 3253 5679 cap.
3292 5611 3351 5679 i,
3400 5609 3627 5664 edixen‘t.
3666 5604 3835 5679 Glossit'

2292 5666 2544 5739 Memlir;
2570 5684 2996 5737 edicit—talum
3041 5666 3165 5735 dicit
3205 5666 3287 5736 'vei
3338 5666 3473 5751 i‘oras
3523 5680 3641 5753 dicit
3670 5666 3837 5753 λιςιξάι

2294 5755 2534 5809 edictuin.
2564 5753 2747 5824 Neque
2769 5755 2992 5808 hostibus
3019 5739 3408 5812 mutandtttn'in
3439 5748 3683 5824 omnibus.
3708 5739 3835 5824 fide;

2295 5805 2533 5882 iurgari;
2564 5805 2871 5895 isseisse
2905 5805 3464 5895 sinsi-iussitot.
3506 5821 3594 5895 illa
3634 5819 3687 5895 t_)_.
3716 5805 3834 5868 Pauli

2294 5897 2360 5953 ad
2388 5896 2622 5965 001085.,
2651 5889 2687 5952 i.
2715 5912 2795 5954 Vs.
2819 5896 2885 5952 21
2920 5912 2933 5952 :
2958 5898 3051 5952 Καὶ
3071 5896 3207 5972 ὑμᾶς
3236 5918 3357 5955 ποτε
3380 5894 3524 5954 ὄντας
3547 5889 3836 5963 amnium-

776 4944 907 4995 Hinc
924 4956 1071 4993 omne
1094 4942 1331 4993 auxilium
1354 4943 1485 5002 vitze,
1508 4945 1676 4990 rectus
1694 4952 1791 5002 que
1811 4938 2000 4989 reluxit

665 5071 733 5126 Et
759 5007 1079 5136 (xiiii-iam,
1121 5067 1190 5123 de
1226 5066 1509 5123 consulatu
1554 5064 1905 5131 Stilichonis,
1955 5063 2049 5118 lib.
2097 5078 2185 5131 tu,

904 5210 1015 5271 Hic,
1037 5208 1261 5266 Stilicho,
1300 5207 1493 5259 cunctis
1515 5208 1709 5271 inopina
1735 5206 1935 5269 reluxit,

742 5275 819 5327 'l'e
840 5268 1047 5333 victore,
1074 5272 1223 5323 Salus.
1582 5268 1611 5333 κ’
1664 5268 1843 5333 Onus.

662 5331 1169 5398 Inlmmnnitas’qua
1214 5343 1375 5388 tanta.
1411 5333 1485 5389 Ita
1531 5332 1706 5388 editor
1750 5331 1918 5402 Lugd.
1960 5331 2077 5385 Bat.
2122 5347 2186 5385 ex

591 5409 977 5466 emendatione
1030 5407 1267 5463 Meursii.
1318 5406 1425 5462 Alii
1475 5422 1487 5458 :
1527 5406 1973 5530 inhumanumque
2024 5412 2184 5456 tanta.

1747 5490 1898 5529 RELL.

1747 5490 1898 5529 RELL.

669 5550 1030 5606 Nnntiatorem
1057 5550 1277 5604 muneris
1304 5558 1350 5603 et
1380 5548 1678 5616 portitorem
1712 5548 1860 5598 tanti.
1898 5543 2041 5616 Ergo
2064 5561 2186 5612 por—

592 5622 713 5676 titor
756 5625 860 5686 iam
893 5640 959 5675 eo
994 5637 1111 5676 :evo
1140 5621 1205 5675 ad
1240 5621 1339 5674 hoc
1381 5614 1711 5688 exemplum.
1754 5617 1845 5669 Sic
1885 5614 2190 5669 tabellarios

594 5693 865 5761 portitores
911 5694 1195 5747 litterarum
1236 5691 1473 5761 appellat
1513 5688 1579 5761 Β.Δ
1616 5688 2010 5761 Hieronymus.
2056 5699 2191 5761 quos

598 5755 724 5816 alibi
754 5761 955 5831 baiulos
979 5765 1129 5818 dicit.
1163 5755 1355 5831 Papias
1379 5780 1390 5792 ι
1426 5759 1666 5827 Baiutus,
1689 5759 1934 5831 portitor,
1959 5755 2187 5831 gerulus,

599 5826 1342 5888 nutritor'.Hr:tthn.—Conf.
1378 5826 1588 5891 Bartln,
1624 5827 1932 5883 Adversar..
1959 5826 2031 5881 lib
2076 5843 2186 5892 Ltn,

605 5911 739 5968 cap.»
759 5901 794 5955 8
821 5943 834 5969 ,
866 5918 986 5973 pag.
1007 5902 1151 5960 2492
1174 5942 1190 5970 ,
1221 5912 1275 5958 et
1300 5943 1314 5971 ,
1344 5902 1433 5971 qui
1462 5916 1527 5955 cx
1560 5898 1877 5955 rcceutioris
1918 5898 2192 5955 latiuitatis
