3986 6358
194 396 293 453 809
1506 404 1712 463 LIBER
1750 407 2134 469 SECUNDUS.
3390 429 3494 492 810

192 506 369 563 missio
397 508 726 567 audientium
754 511 1034 571 turbarent
1056 523 1286 584 mentes,
1314 526 1369 574 et
1396 517 1771 576 credulitatem
1800 529 1854 590 Α
1877 537 1998 580 esse
2029 540 2152 596 Spes
2182 541 2308 583 suas
2327 568 2341 595 ,
2371 544 2504 599 quas
2524 529 2841 600 jamdudum
2886 547 3211 605 acceperant
3249 508 3321 596 de
3363 544 3484 598 ani-

192 599 424 658 l'acerent
450 604 741 662 haesitare:
777 608 1036 664 virtutum
1062 611 1301 666 omnium
1324 611 1596 680 dominus,
1620 625 1782 686 atque
1891 632 2099 673 marum
2124 619 2327 687 salute,
2362 636 2462 679 nec
2501 599 2796 694 perieulum
2844 599 3037 685 mortis
3078 632 3183 686 alia
3222 648 3281 689 se
3323 650 3485 705 posse

187 693 351 765 ipsius
397 699 587 756 mortis
630 704 901 758 extinctor
956 702 1230 761 hominem
1276 721 1431 761 suum
1483 708 1787 778 permiserit
1893 711 2102 768 ratione
2124 713 2309 769 vitare.

186 784 411 845 interﬁci
428 831 444 859 ,
472 800 534 847 ut
559 807 628 849 ex
654 795 816 852 rebus
840 797 1528 868 consequentibus‘scirent
1566 802 1618 856 in
1670 809 1786 857 tuto

1560 917 2122 978 COMMENTARIUS.

189 1021 472 1112 péuoui'uoti
486 1026 710 1112 ἔχθρρρς
726 1036 789 1112 'tji
808 1026 1003 1112 δᾳνοὶᾳ
1019 1030 1065 1084 ἐν
1079 1039 1184 1112 rei;
1204 1030 1371 1107 ἔργοις
1388 1040 1495 1095 τοῖς
1511 1040 1763 1112 πονηροῖς

1961 1033 2233 1089 Hominem
2262 1052 2427 1112 s_u_t_n_n.
2466 1036 2520 1092 Id
2547 1046 2630 1093 est
2657 1038 2928 1112 hominem
2959 1083 2972 1105 ,
3014 1062 3173 1112 queat
3206 1046 3456 1108 induerat

184 1098 292 1181 ξυγὶ
333 1093 387 1181 δέ
416 1087 820 1181 {irrogari-75M“
849 1103 901 1155 ἐν
926 1090 1000 1175 re“;
1043 1087 1251 1181 adimi
1270 1087 1364 1164 friae
1393 1105 1582 1181 capue;
1616 1087 1758 1160 οίύτοὶ

1912 1087 2426 1181 manuarium.
2445 1087 2972 1181 negaretis:

187 1160 268 1250 δωζ
294 1171 386 1250 rei)
420 1169 656 1250 θριγάτου,
698 1160 1043 1250 adipata-ridae
1067 1160 1203 1246 sua;
1537 1160 1761 1249 ὀίμὼμονε

1966 1174 2050 1231 Ea:
2073 1160 2224 1233 i'ebus
2246 1160 2698 1250 consequentibus.
2722 1160 2909 1240 ld‘est'
2919 1160 3327 1246 ἷρεῖιῖἶξέίὶοηθ
3373 1207 3488 1250 sua.

186 1239 271 1290 καὶ
293 1238 627 1311 ἀνεγκλήτους
653 1238 962 1299 κατελιὼπιον
985 1238 1167 1301 aeris.
1196 1238 1400 1303 Uti-ELL.
1572 1238 1583 1248 ’
1653 1238 1664 1249 ’

1575 1238 1583 1248 ⁵
1653 1238 1664 1249 ’
2121 1313 2125 1317 .
2422 1238 2434 1250 ’
2957 1257 3149 1316 Onam.

263 1468 414 1477 ”’
1105 1529 1591 1640 LIBER
1664 1531 2296 1643 SECUND
2319 1536 2577 1645 US..
3193 1445 3197 1447 θ

1588 1791 2088 1823 Mm-

1569 1936 1779 1993 INDEX
1815 1934 2143 1995 CAPITUM.

174 2117 256 2173 Ab
278 2118 494 2174 ethnicis
519 2119 726 2187 inquirit
754 2119 1008 2174 Arnobius
1026 2135 1121 2173 cur
1141 2120 1345 2173 dentum
1362 2116 1626 2174 Christum
1653 2117 1775 2171 nul—
1802 2119 1850 2179 B
1951 2134 2128 2173 manes
2158 2129 2303 2175 erant
2333 2137 2448 2176 cum
2485 2125 2912 2195 philosophorum
2944 2132 3232 2201 coryphatis
3258 2135 3321 2188 de
3346 2134 3455 2190 Deo
3474 2179 3488 2202 ,

253 2213 358 2268 lius
384 2213 439 2268 in
467 2230 552 2270 eos
579 2214 772 2286 peccati
796 2231 940 2269 reum
963 2214 1040 2268 ita
1065 2213 1297 2279 oderint,
1341 2222 1395 2267 ut
1426 2210 1509 2267 uel
1537 2213 1650 2283 ejus
1679 2227 1777 2265 uo-
1958 2212 2022 2266 de
2044 2229 2320 2282 corporum
2360 2219 2731 2273 resurrectione
2780 2221 2843 2275 de
2869 2223 3034 2278 salute
3067 2226 3355 2284 animatum
3376 2270 3389 2292 ,
3437 2240 3483 2284 et

175 2352 183 2361 .
252 2306 389 2361 mine
409 2306 587 2361 audito
615 2308 696 2361 ira
722 2307 955 2378 protinus
979 2309 1355 2363 excandescant
1399 2324 1414 2361 :
1445 2306 1535 2377 qui
1575 2318 1780 2369 tamen,
1961 2304 2152 2374 futuris
2195 2305 2476 2375 impiorum
2501 2310 2666 2378 poenis
2697 2313 2994 2378 sententiae,
3037 2319 3268 2386 quamvis
3314 2321 3379 2372 ab
3409 2320 3490 2375 his

264 2398 420 2454 etiam
446 2400 491 2454 si
516 2400 604 2454 cui
620 2399 859 2454 credatur
878 2400 1067 2472 dignus
1088 2417 1192 2454 non
1208 2408 1355 2462 esset,
1394 2415 1451 2452 eo
1472 2399 1655 2453 saltent
1681 2413 1783 2451 non
1955 2396 2107 2451 aliter
2130 2409 2281 2465 atque
2303 2414 2335 2450 ιι
2368 2396 2677 2454 Christianis
2706 2402 3045 2471 explicentur.
3111 2404 3238 2476 Cap.
3279 2408 3368 2471 15,
3399 2410 3487 2466 14.

249 2490 610 2561 aspernandus
629 2501 760 2558 erat,
792 2492 931 2562 quod
962 2492 1162 2546 cunctis
1176 2491 1315 2546 viam
1341 2491 1412 2545 ad
1428 2490 1612 2546 cretum
1634 2506 1784 2544 mon-
1886 2485 2025 2541 Hinc
2068 2489 2389 2544 occasionem
2437 2502 2610 2561 captat
2650 2493 2905 2549 Arnobius
2952 2495 3300 2568 edisserendi,
3336 2502 3486 2570 cujus

184 2572 185 2575 η
255 2584 460 2640 stravit.
1563 2582 1696 2655 Cap.
1728 2585 1783 2640 1.
1957 2591 2161 2635 natura:
2180 2582 2247 2636 sit
2268 2582 2441 2636 anima
2472 2594 2668 2648 nostra,
2700 2603 2801 2655 quo
2832 2603 2895 2641 ea:
2920 2592 3062 2657 [ante
3088 2590 3301 2659 prodeat
3329 2584 3379 2645 et
3400 2608 3496 2647 cur

92 2741 99 2746 δ
174 2675 425 2731 Occurrit
441 2686 620 2733 auctor
644 2678 1612 2750 gentilibusrespondentibus,summo
1638 2678 1786 2733 illum
1956 2679 2111 2732 variis
2139 2676 2406 2745 allectibus
2447 2690 2498 2735 et
2524 2682 2657 2736 vitiis
2696 2685 2787 2752 [iat
2831 2686 3073 2740 obnoxia.
3122 2686 3257 2742 Illos
3307 2689 3493 2745 deinde

249 2769 372 2824 odio
414 2786 468 2824 se
506 2780 777 2842 propterea
818 2772 1088 2843 prosequi,
1135 2773 1261 2843 quia
1306 2788 1509 2827 omnem
1570 2771 1784 2826 deorum
1956 2769 2188 2839 refutat,
2215 2772 2302 2840 qui
2328 2783 2554 2827 nostram
2582 2775 2812 2829 animam
2855 2778 3085 2848 ejusdem
3112 2796 3226 2833 cum
3256 2779 3486 2835 Deoint-

255 2865 456 2919 cultum
479 2866 677 2919 evertit,
1485 2864 1616 2937 Cap.
1639 2865 1694 2932 ‘2,
1725 2867 1778 2922 3.
1956 2862 2284 2917 mortalitatis
2332 2874 2378 2918 et
2420 2875 2621 2920 natura:
2662 2869 2965 2940 participem
3009 2887 3116 2925 esse
3181 2875 3488 2941 pronuntia-

175 2957 427 3013 Ostendit
454 2959 682 3014 ethnicos
708 2976 920 3030 prorsus
948 2962 1200 3016 intnterito
1229 2962 1420 3016 Christi
1441 2961 1592 3015 dictis
1620 2977 1783 3032 prop-
1961 2954 2103 3009 bant.
3002 2962 3133 3032 Cap.
3158 2964 3245 3032 Μ,
3283 2967 3369 3031 15,
3397 2968 3485 3021 lii.

260 3061 403 3106 terea
437 3068 539 3106 non
583 3052 811 3120 credere,
842 3054 980 3124 quod
1008 3071 1088 3119 ea,
1123 3070 1240 3123 qua:
1269 3054 1560 3124 pollicetur,
1593 3069 1648 3107 se
1672 3070 1784 3107 ωη-
1883 3046 1949 3102 At
1977 3048 2150 3104 divina
2180 3060 2287 3115 est,
2321 3052 2610 3122 inquiebant
2629 3095 2641 3114 ,
2677 3055 2851 3107 anima
2881 3056 3104 3110 hominis
3129 3099 3142 3122 ,
3172 3062 3260 3128 qui
3278 3063 3479 3113 ratione

250 3158 409 3212 quant
423 3143 592 3215 reipsa
606 3143 844 3198 daturum
863 3161 957 3199 nos
970 3161 1071 3198 non
1088 3144 1645 3215 convincit.Siquidem
1662 3144 1784 3215 plu-
1957 3142 2153 3196 ctcteris
2183 3151 2387 3212 praestat
2413 3144 2739 3199 anintalibus.
2775 3144 2980 3215 Optime
3005 3147 3245 3216 quidem,
3279 3150 3487 3219 reponit

251 3236 390 3289 rinta
413 3245 695 3307 suppetunt
729 3253 905 3291 eorum
931 3253 1047 3307 qua:
1073 3236 1305 3292 Christus
1330 3237 1563 3309 promisit
1586 3278 1602 3303 ,
1634 3236 1779 3291 haud
1954 3236 2208 3292 Arnobius
2230 3279 2243 3303 ,
2272 3238 2317 3291 si
2344 3237 2495 3292 homo
2520 3240 2617 3292 hac
2653 3255 2747 3293 sua
2772 3241 2974 3294 ratione
3002 3241 3123 3295 bene
3145 3258 3345 3312 semper
3370 3252 3482 3297 ute-

254 3331 470 3385 ontnino
516 3331 713 3386 incerta
766 3348 938 3387 rerum
991 3344 1297 3404 arguntenta
1354 3350 1368 3386 :
1410 3347 1526 3402 qua:
1580 3331 1784 3402 quidem
1954 3338 2111 3383 retur.
2136 3329 2331 3384 Deinde
2352 3331 2902 3387 nonnullisoccurrens
2925 3334 3181 3388 iustantiis
3209 3336 3485 3404 vulgiopi-

247 3438 413 3493 quum
437 3422 492 3476 in
516 3432 757 3494 promptu
786 3424 911 3491 sint,
940 3424 1004 3477 de
1031 3424 1253 3478 aliorum
1275 3440 1474 3494 quoque
1492 3422 1554 3477 ab
1578 3440 1638 3478 eo
1660 3439 1780 3495 pro-
1956 3421 2185 3476 nationes
2222 3423 2284 3476 de
2326 3423 2512 3477 anima:
2558 3423 2796 3479 humana:
2842 3427 3139 3493 pnes-lautia
3167 3428 3375 3496 exponit
3422 3443 3484 3481 ac

264 3518 542 3572 missorum
559 3528 738 3573 eventu
761 3517 1031 3571 dubitandi
1058 3517 1204 3571 nulla
1228 3517 1360 3571 ratio
1380 3526 1475 3572 est.
1496 3515 1623 3588 Cap.
1647 3517 1701 3581 4,
1721 3518 1777 3573 5.
1807 3497 1854 3561 C
1960 3514 2132 3568 diluit.
3100 3518 3229 3586 Cap.
3267 3519 3356 3585 Π,
3385 3520 3474 3587 l8,

168 3610 855 3681 Ethnicorumjactantiant
900 3609 1160 3675 retundit,
1191 3610 1380 3680 quippe
1419 3610 1507 3681 qui
1550 3625 1603 3665 se
1643 3609 1782 3665 solos
1887 3603 2066 3676 Pergit
2089 3623 2240 3676 porro
2271 3608 2645 3675 demonstrare,
2691 3610 2943 3664 humanus
2970 3611 3168 3666 anintas
3209 3629 3368 3683 neque
3400 3615 3485 3668 di-

250 3701 517 3773 sapientia
546 3712 592 3756 et
617 3703 829 3757 scientia
859 3712 1068 3757 ornatos
1120 3703 1499 3773 gloriarentur,
1568 3712 1778 3757 cteteros
1960 3698 2101 3752 vinas
2151 3716 2260 3754 esse
2305 3717 2466 3770 neque
2503 3701 2730 3761 omnium
2779 3703 2993 3756 scientia
3011 3704 3237 3757 eruditas
3260 3706 3313 3757 in
3348 3704 3484 3759 hunc

257 3809 415 3859 vero,
447 3795 536 3864 qui
563 3810 654 3866 per
684 3803 843 3848 totum
874 3805 1124 3849 terrarum
1166 3793 1339 3848 orbent
1361 3792 1565 3849 Christo
1596 3812 1782 3850 nomen
1958 3791 2205 3845 nntndunt
2233 3808 2261 3845 e
2288 3793 2414 3846 mlo
2440 3792 2710 3848 advolasse
2729 3835 2743 3858 ,
2774 3804 2926 3864 atque
2953 3795 3073 3849 inde
3112 3796 3213 3848 ruit
3239 3797 3487 3866 placitum

248 3884 557 3951 dederunt,
602 3901 789 3957 magno
814 3886 966 3940 etiam
991 3886 1196 3957 ingenio
1224 3886 1471 3957 prteditos
1492 3926 1507 3953 ,
1541 3886 1744 3942 obtusas
1762 3931 1776 3956 ,
1955 3882 2089 3936 illud
2112 3882 2453 3952 quorumdam
2496 3883 2920 3955 philosOphorum
2938 3927 2953 3952 ,
2992 3902 3092 3956 quo
3119 3903 3177 3940 ea
3201 3904 3316 3955 quin
3335 3890 3491 3945 disci-

247 3977 457 4033 hebete;
483 3993 544 4033 ac
571 3977 748 4049 fama;
774 3978 1146 4034 existimarem,
1213 3990 1224 3997 '
1469 3975 1600 4049 Cap,
1632 3978 1687 4044 6,
1723 3978 1777 4033 7,
1957 3989 2071 4027 nttts
2096 3972 2506 4028 reminiscentias
2533 3991 2643 4028 esse
2667 3978 3009 4031 somniabant.
3229 3980 3360 4051 Cap.
3396 3982 3486 4039 {9.

157 4072 228 4130 Ν
236 4071 358 4127 ulla
388 4071 548 4143 igitur
567 4072 766 4126 ratione
786 4071 907 4125 aliis
928 4087 1030 4125 non
1055 4071 1303 4126 doctiores
1332 4071 1520 4126 ethnici
1544 4071 1783 4127 christia-
1887 4064 1955 4120 Et
1983 4067 2115 4120 hanc
2141 4066 2346 4137 quidem
2373 4068 2796 4136 conjectationem
2823 4069 3007 4139 falsam
3038 4088 3146 4126 esse
3176 4074 3293 4126 aliis
3314 4075 3485 4129 adhuc

244 4181 346 4219 nos
382 4163 554 4218 divino
578 4164 825 4235 magistro
851 4181 944 4218 suo
974 4164 1233 4219 credentes
1254 4164 1631 4233 vituperabant.
1657 4163 1784 4219 Sine
1956 4160 2214 4214 rationum
2240 4162 2510 4216 momentis
2536 4163 2717 4216 evincit
2746 4180 2759 4215 ί
2789 4164 3039 4233 imprimis
3070 4180 3184 4217 vero
3215 4167 3482 4235 proposita

246 4258 450 4331 prtevia
477 4274 696 4330 namque
720 4258 823 4326 ﬁde
851 4258 1052 4313 nullum
1082 4261 1313 4331 profecto
1340 4259 1599 4330 negotium
1618 4260 1783 4314 susci-
1956 4254 2225 4325 Itgpathesi
2250 4254 2416 4323 pueri,
2432 4254 2485 4309 in
2498 4254 2841 4309 desertissima
2857 4266 2903 4309 et
2922 4256 3179 4311 inaccessa
3204 4260 3483 4331 solitudine

243 4354 412 4424 pitur.
432 4350 645 4424 Ipsimet
660 4353 875 4425 gentiles
891 4354 1216 4423 opinionibus
1252 4353 1519 4408 credebant
1550 4353 1780 4423 philosa-
1954 4348 2062 4401 nati
2080 4357 2229 4416 atque
2258 4346 2444 4402 ibidem
2474 4364 2675 4402 summa
2703 4349 2756 4401 in
2783 4349 2987 4401 silentio
3032 4365 3064 4400 a
3113 4360 3255 4403 ntuta
3282 4353 3478 4406 nutrice

242 4447 507 4517 phorum,
540 4444 626 4517 qui
655 4446 718 4499 de
744 4444 925 4515 primis
953 4456 1121 4500 tamen
1144 4461 1315 4499 rerum
1345 4444 1612 4514 principiis
1640 4446 1785 4500 aliis-
1953 4440 2179 4495 educati.
3112 4441 3239 4510 Cap.
3266 4443 3358 4509 20,
3386 4444 3449 4500 2|
3466 4487 3479 4499 .

241 4557 353 4612 que
379 4540 444 4596 de
485 4540 635 4598 rebus
663 4539 798 4594 nihil
843 4540 965 4594 certi
1020 4539 1375 4610 exploratique
1406 4538 1676 4608 proferunt
1723 4554 1783 4591 ac
1887 4533 2026 4589 Ilinc
2045 4534 2300 4590 evidenter
2320 4534 2615 4599 concludit,
2659 4536 2939 4587 humanam
2966 4536 3194 4587 animam
3238 4537 3292 4589 in
3323 4552 3475 4591 mun-

244 4649 456 4704 semper
482 4633 615 4687 inter
638 4648 693 4687 se
721 4630 1097 4703 dt'gladiantur.
1354 4630 1484 4700 Cap.
1515 4630 1571 4696 8,
1601 4630 1658 4695 9,
1690 4629 1779 4684 10.
1956 4627 2081 4681 dum
2102 4643 2203 4682 non
2229 4626 2423 4681 venisse
2441 4625 2667 4678 onmium
2693 4624 2907 4679 scientia
2933 4623 3258 4678 instructam.
3282 4643 3293 4655 “

147 4725 319 4783 Inde
346 4722 544 4795 colligit
565 4723 822 4779 Arnobius
844 4722 1040 4794 atquius
1066 4738 1174 4777 esse
1202 4723 1409 4777 credere
1436 4721 1662 4789 Christo,
1693 4720 1784 4792 qui
3097 4715 3227 4788 Cap.
3259 4719 3351 4787 22,
3383 4708 3489 4778 25.⁸

248 4820 416 4874 tantis
454 4818 718 4873 miraculis
758 4817 1049 4873 doctrinam
1099 4832 1249 4869 suam
1295 4815 1573 4883 stabilivit,
1624 4832 1781 4887 quam
1886 4809 2090 4866 Exinde
2113 4809 2369 4864 Arnobius
2399 4807 2714 4862 contrarium
2745 4805 2987 4863 Platonis
3015 4821 3372 4880 arguntentum
3415 4830 3480 4869 ea:

246 4909 579 4984 philosophis
617 4900 988 4980 quantumlibet
1013 4906 1075 4961 ob
1105 4922 1304 4959 morum
1333 4906 1678 4977 integritatem
1701 4916 1781 4961 at-
1810 4887 1866 4947 Ῑ)
1964 4917 2122 4972 puero
2148 4900 2212 4954 de
2255 4900 2479 4955 numeris
2508 4899 2820 4970 interrogato
2853 4901 3063 4970 petitum
3094 4902 3374 4958 luculenter
3397 4906 3478 4960 di-

245 5022 352 5077 que
396 5004 707 5073 sapientiam
753 5002 1069 5066 laudandis,
1112 4999 1199 5071 qui
1224 4998 1355 5054 nihil
1396 4998 1474 5053 vel
1517 4998 1786 5053 ntinimum
1961 4995 2074 5049 luit.
3101 4993 3231 5067 Cap.
3259 4997 3352 5061 24,
3382 4997 3475 5055 25.

246 5100 382 5169 quid
410 5099 490 5153 his
515 5097 683 5153 simile
707 5112 950 5168 umquam
976 5102 1273 5166 potuerunt.
1526 5088 1659 5161 Cap.
1692 5092 1780 5146 ll.
1891 5088 2082 5144 Eorum
2106 5086 2438 5158 objectionem
2480 5086 2746 5151 dissolvit,
2780 5087 2867 5158 qui
2904 5088 3076 5142 dicunt
3105 5090 3330 5143 animam
3350 5133 3366 5158 ,
3392 5092 3478 5146 ubi

133 5196 248 5257 Et
277 5204 419 5250 certe
459 5194 505 5247 si
544 5192 784 5247 Christus
811 5190 1053 5244 humanis
1080 5197 1280 5243 tantum
1322 5185 1642 5258 arguntentis
1665 5201 1786 5240 usus
1959 5180 2165 5249 corpori
2209 5177 2561 5248 conjungitur,
2620 5179 2848 5248 priorum
2921 5179 3147 5233 oblivisci
3198 5191 3386 5248 atque,
3430 5191 3485 5236 ttt

246 5286 467 5358 fuisset,
496 5300 642 5340 nemo
667 5284 713 5338 ei
731 5283 889 5350 ﬁdem
917 5280 1265 5347 adhibuisset,
1293 5295 1448 5349 quam
1477 5290 1647 5333 tamen
1677 5277 1785 5348 ple-
1955 5273 2099 5327 aiunt
2118 5315 2132 5340 ,
2164 5288 2231 5326 ex
2246 5271 2397 5326 docta
2419 5271 2803 5326 elementariam
2830 5272 2964 5340 ﬁeri.
3100 5270 3231 5342 Cap.
3263 5273 3354 5341 ‘26,
3384 5274 3474 5327 27.

246 5380 402 5450 rique
427 5376 554 5433 dare
577 5376 745 5432 coacti
763 5384 881 5431 sunt
902 5374 964 5429 ob
990 5374 1128 5430 edita
1156 5372 1219 5428 ab
1246 5373 1360 5444 ipso
1389 5372 1602 5443 ejusque
1626 5370 1783 5425 dtsci-
1891 5365 2039 5421 Idem
2067 5374 2423 5437 argumentum
2454 5372 2750 5435 pertractat.
3220 5363 3349 5434 Cap.
3382 5365 3476 5424 28.

252 5474 400 5543 palis
428 5471 716 5535 miracula;
747 5469 884 5524 edita
906 5508 920 5533 ,
942 5469 1190 5538 inquam,
1219 5468 1406 5537 ubique
1425 5466 1478 5520 in
1509 5464 1716 5522 Oriente
1739 5473 1786 5519 et
1892 5457 1978 5513 Ex
2001 5457 2275 5528 disputatis
2310 5456 2505 5529 colligit
2534 5466 2713 5511 auctor
2736 5454 2987 5509 hominem
3036 5455 3369 5525 proletarium
3421 5476 3482 5514 ac

252 5560 541 5622 Occidente
570 5575 618 5619 et
655 5563 979 5636 potissimum
1009 5561 1191 5617 Roma:
1210 5602 1227 5631 ,
1256 5561 1342 5615 ubi
1392 5560 1574 5616 Simon
1604 5575 1785 5630 magus
1963 5568 2173 5625 prorsus
2195 5552 2399 5624 inapem
2425 5549 2594 5605 ordini
2617 5550 2781 5618 primo
2807 5550 2860 5601 h.
2899 5564 2944 5600 e.
2982 5548 3152 5603 divino
3180 5566 3279 5603 non
3315 5553 3480 5606 ascri-

244 5676 289 5713 a
317 5658 477 5714 Petro
503 5674 570 5713 ea:
606 5656 812 5712 sublimi
839 5671 939 5711 tere
968 5654 1022 5709 in
1048 5663 1239 5710 terram
1275 5653 1505 5722 deiectus
1549 5652 1785 5724 pcrhibe—
1961 5645 2181 5701 bendum
2221 5660 2313 5699 nec
2368 5644 2414 5697 ei
2466 5641 2696 5697 eamdem
2724 5651 2878 5710 atque
2905 5638 3012 5693 Deo
3040 5641 3480 5699 immortalitatem

254 5761 365 5806 tur.
1416 5790 1422 5794 .
1536 5744 1664 5814 Cap.
1696 5744 1779 5798 12.
1966 5737 2308 5815 tribuendam.
3111 5732 3241 5803 Cap.
3268 5733 3361 5801 9.9,
3390 5737 3482 5792 30.

119 5843 331 5921 Quid
381 5841 575 5912 plura?
623 5839 746 5897 Non
784 5837 1021 5897 vexanda
1052 5849 1220 5907 certe,
1247 5838 1337 5895 sed
1362 5838 1477 5895 ideo
1520 5838 1789 5894 laudanda
1898 5829 2097 5886 Eadem
2125 5830 2321 5885 ratione
2344 5828 2609 5898 impugnat
2646 5824 2900 5880 Arnobius
2933 5827 3509 5921 contrariamEpicuri

243 5935 461 5993 eratab
487 5934 701 5990 ethnicis
732 5932 1125 5987 christianoram
1159 5930 1324 6001 ﬁdes,
1359 5930 1482 6001 quia
1502 5929 1607 5986 illis
1643 5945 1787 6001 com-
1968 5920 2289 5992 opinionem,
2340 5920 2427 5991 qui
2476 5918 2704 5975 animum
2746 5918 3024 5971 humanam
3074 5920 3338 5974 mortalem
3386 5938 3493 5979 csse

765 6026 1042 6087 ΡΑτκοι.
1073 6022 1153 6115 'V.
2016 6111 2019 6115 Ι
2850 6011 2929 6075 26
