3986 6326
564 401 667 465 8H

1702 388 1981 447 ARNOBII
2016 384 2383 446 ADVERSUS
2411 387 2688 445 GENTES

3751 384 3855 442 8l2

636 513 909 589 garriebat.
934 510 1131 567 Deinde
1156 508 1333 564 statuit
1359 514 1540 561 auctor
1567 515 1758 574 noster,
1792 506 2019 563 animam
2049 520 2152 558 me-
2182 505 2235 565 Α
2327 513 2545 571 seratur,
2592 500 2728 573 quod
2784 498 2847 555 ab
2896 498 3003 555 alio
3040 495 3215 554 statim
3268 498 3462 554 destrui
3488 513 3592 554 non
3659 498 3855 569 possit?

636 610 737 664 dice
775 606 1044 676 cujusdam
1069 601 1338 658 mortalem
1378 600 1511 655 inter
1556 608 1605 654 et
1645 599 1873 653 divinant
1921 608 2158 651 naturant

636 716 743 755 esse
765 697 1081 754 substantiaz.
1140 686 1144 690 ’
1727 688 1859 758 Cap.
1892 689 2048 745 50-
2065 689 2157 743 54.

563 794 881 853 lnstantibus
928 807 1045 846 vero
1092 789 1306 844 ethnicis
1326 828 1339 853 ,
1370 802 1469 857 quo
1501 794 1651 857 pacto
1708 782 2016 836 immortalis
2046 782 2160 850 ﬁeri

635 887 794 959 possit
822 885 1031 951 anima,
1076 882 1121 937 si
1166 882 1347 936 medite
1388 880 1530 933 illius
1559 876 1821 948 qualitatis
1869 876 1973 939 sit,
2030 876 2159 947 facit

631 980 755 1032 satis
784 976 1058 1031 Arnobius.
1781 967 1909 1040 Cap.
1942 969 2032 1034 '55,
2067 967 2157 1023 56.

561 1070 761 1127 Deinde
791 1071 1017 1125 animant
1045 1077 1275 1124 nostram
1302 1082 1333 1119 a
1361 1075 1621 1136 postrema
1645 1062 1870 1133 quadam
1914 1069 2164 1132 potestate

634 1166 794 1236 fuisse
820 1164 1027 1234 quidem
1057 1173 1315 1227 creatam,
1353 1161 1443 1213 sed
1471 1174 1632 1227 neque
1662 1158 1849 1211 divina:
1879 1155 2041 1225 prolis
2069 1171 2160 1208 ne-

631 1273 730 1326 que
755 1256 939 1311 summi
971 1253 1067 1307 Dei
1116 1254 1280 1321 ﬁliam
1326 1268 1432 1305 esse
1473 1250 1807 1304 demonstrat.
1836 1246 1945 1301 Nec
1970 1242 2162 1315 patitur

631 1360 810 1404 auctor
838 1350 934 1403 sibi
964 1348 1147 1419 objici,
1178 1345 1425 1401 mundum
1458 1345 1568 1400 sine
1590 1344 1796 1398 homine
1834 1358 1941 1396 esse
1966 1342 2159 1410 imper-

636 1447 855 1516 fectum;
879 1442 1105 1513 adeoque
1144 1439 1308 1494 Deum
1347 1439 1751 1509 uniuscujusque
1776 1437 2003 1491 animant
2028 1453 2090 1490 ea:
2110 1452 2162 1490 se

632 1538 747 1607 ipso
768 1535 993 1609 genitam
1018 1534 1072 1588 in
1102 1533 1382 1587 humanum
1412 1546 1599 1603 corpus
1628 1518 1844 1586 misisse.

1661 1619 1791 1691 Cap.
1825 1620 1913 1688 36,
1944 1620 2034 1686 37,
2066 1618 2158 1675 58.

558 1721 743 1796 Longa
787 1732 960 1776 autem
988 1720 1284 1775 inductione
1314 1726 1529 1772 conatur
1558 1715 1821 1769 ostendere
1840 1755 1855 1779 ,
1904 1714 2161 1767 hominem

627 1833 731 1870 non
758 1815 828 1868 ad
849 1815 1206 1885 perfectionem
1229 1812 1425 1877 mundi,
1455 1810 1542 1879 qui
1568 1809 1768 1879 quidem
1796 1808 1906 1861 sine
1930 1807 2024 1860 illo
2052 1822 2161 1860 esse

629 1915 864 1978 poterat,
919 1905 1009 1960 sed
1054 1905 1119 1958 ad
1153 1905 1404 1974 privatam
1448 1902 1711 1969 ipsiusmet
1750 1900 1969 1953 hominis
2005 1899 2148 1952 utili-
2188 1891 2230 1951 Β

632 2009 786 2053 tatem
816 2014 921 2052 esse
943 2006 1187 2051 creatunt.
1220 1996 1385 2065 Atque
1411 2011 1474 2048 ex
1506 1994 1585 2047 his
1610 1993 1904 2059 concludit,
1932 1992 2159 2045 divinam

632 2108 737 2148 non
759 2108 865 2146 esse
893 2092 1119 2146 animum
1136 2133 1150 2157 ,
1177 2105 1294 2161 qua:
1323 2089 1650 2159 postmodum
1670 2088 1721 2141 in
1744 2104 1929 2157 corpus
1950 2087 2158 2156 aliquod

624 2201 655 2236 a
681 2183 784 2237 Deo
817 2185 972 2238 missa
1002 2182 1174 2252 fuerit.
1695 2177 1828 2249 Cap.
1863 2179 1931 2236 59
1966 2210 2035 2219 —
2062 2180 2153 2234 45.

556 2282 770 2348 Alsua,
803 2282 1072 2350 inquiunt,
1127 2280 1414 2344 voluntate,
1464 2294 1568 2332 non
1613 2276 1707 2331 Dei
1746 2278 1898 2348 jussu
1926 2276 2058 2329 venit
2104 2276 2158 2329 in

626 2375 891 2429 mundum.
925 2372 1021 2428 Cui
1048 2371 1253 2442 quidem
1282 2371 1542 2425 instantia:
1572 2370 1797 2425 occurrit
1824 2369 2097 2423 Arnobius.

1709 2461 1836 2529 Cap.
1866 2460 1938 2514 44
1966 2490 2037 2499 ——
2060 2458 2154 2513 46.

560 2555 821 2630 Urgebant
846 2557 1034 2613 ethnici
1062 2598 1083 2619 ,
1131 2556 1263 2609 unde
1289 2556 1446 2625 igitur
1476 2554 1649 2608 anima
1678 2555 1949 2623 progenita
1976 2552 2040 2605 sit
2068 2560 2156 2605 aut

628 2650 834 2721 prolata
854 2649 1190 2717 ’inquireutes.
1227 2645 1423 2711 Quibus
1447 2644 1718 2714 respondet
1748 2643 2041 2707 Arnobius,
2084 2642 2155 2695 il-

626 2742 717 2799 lud
742 2742 963 2812 primunt
990 2741 1134 2794 nobis
1161 2755 1268 2794 esse
1291 2747 1628 2807 compertum,
1646 2738 1792 2791 illam
1814 2753 1904 2791 nec
1926 2736 2153 2789 divinant

623 2851 715 2889 nec
749 2834 844 2888 Dei
885 2850 997 2889 esse
1026 2833 1317 2904 progeniem
1343 2849 1362 2887 :
1391 2832 1521 2887 nihil
1551 2832 1686 2885 enim
1736 2849 1767 2883 a
1813 2830 1922 2884 Deo
1953 2846 2151 2884 summa

624 2927 737 2997 ﬁeri
786 2943 1023 2997 umquam
1054 2926 1300 2995 potuisse,
1336 2925 1434 2978 nisi
1479 2923 1710 2978 omnibus
1739 2924 1964 2977 numeris
1994 2923 2147 2977 abso-

628 3020 812 3074 lutum.
848 3018 1045 3073 Deinde
1091 3018 1299 3084 subdit,
1343 3017 1477 3071 illud
1507 3034 1600 3071 nos
1640 3027 1778 3071 certo
1806 3032 2111 3089 cognoscere
2132 3056 2153 3081 ,

623 3112 850 3167 homines
894 3109 1025 3164 nihil
1051 3126 1157 3164 esse
1198 3110 1342 3164 aliud
1370 3110 1468 3164 nisi
1497 3111 1699 3165 animas
1727 3111 1931 3180 corpori
1961 3110 2151 3180 alliga—

622 3213 731 3267 tas,
760 3218 875 3273 quae
899 3203 1037 3256 omni
1063 3202 1302 3257 vitiorum
1328 3218 1508 3273 genere
1544 3214 1964 3273 corrumpuntur.

1771 3294 1899 3364 Cap.
1931 3295 2022 3361 t7,
2053 3294 2143 3348 ts.
2174 3272 2218 3336 C

547 3387 682 3445 Sunt
708 3388 913 3458 quident
945 3387 1186 3441 nonnulli
1232 3386 1441 3456 optimis
1483 3386 1709 3442 moribus
1759 3402 1774 3438 :
1822 3396 1876 3440 at
1922 3386 1977 3441 hi
2024 3402 2148 3441 sane

615 3479 913 3550 paucissimi
939 3488 1079 3532 sunt.
1112 3477 1396 3549 Ecquinant
1429 3494 1545 3532 vero
1584 3478 1795 3549 perfecti
1826 3488 1941 3533 sunt
1966 3478 2137 3534 homi-

619 3574 749 3628 nes?
782 3571 903 3627 Non
930 3573 1087 3644 igitur
1112 3572 1284 3626 divina
1314 3582 1385 3627 est
1409 3573 1585 3628 anima
1613 3576 1857 3628 humana.

1776 3666 1901 3735 Cap.
1933 3665 2025 3731 49,
2053 3666 2142 3721 50.

548 3754 731 3825 Neque
758 3771 872 3811 vero
902 3764 972 3809 est
998 3755 1135 3826 quod
1164 3756 1365 3810 rideant
1396 3756 1612 3822 ethnici,
1645 3757 1690 3812 si
1728 3775 1969 3829 negemus
1998 3759 2143 3813 nobis

619 3864 727 3903 esse
750 3858 1062 3917 compertum
1082 3889 1095 3915 ,
1142 3865 1243 3919 quo
1270 3849 1422 3902 modo
1451 3849 1546 3903 illa
1590 3850 1657 3904 sit
1696 3860 1889 3905 creata.
1925 3852 1986 3906 Si
2013 3852 2147 3906 enim

618 3951 751 3994 recte
778 3958 810 3993 a
841 3939 1058 3994 Platone
1098 3950 1349 3995 assertum
1394 3951 1611 4012 putant,
1658 3941 1774 3997 illas
1799 3961 1903 3998 non
1953 3961 1987 3997 α
2037 3944 2145 4000 Deo

620 4035 852 4106 summa},
885 4036 977 4091 sed
1002 4053 1031 4088 a
1055 4036 1337 4091 minoribus
1363 4037 1667 4107 quibusdam
1691 4041 2021 4109 potestatibus
2038 4058 2149 4099 esse

619 4137 818 4183 creatas
850 4144 863 4179 :
894 4144 987 4181 cur
1012 4130 1156 4183 nobis
1184 4145 1284 4183 non
1312 4130 1480 4183 licebit
1504 4132 1644 4201 ipsus
1672 4148 1780 4187 esse
1810 4136 1991 4189 media:
2015 4153 2145 4206 qua-

610 4220 769 4275 litatis
811 4222 961 4292 longe
990 4226 1175 4277 certius
1205 4240 1462 4293 asserere,
1507 4242 1621 4296 qua:
1651 4236 1820 4282 tamen
1852 4248 1883 4283 a
1914 4230 2022 4286 Deo
2051 4234 2145 4286 int-

619 4318 928 4372 mortalitate
958 4320 1255 4373 donentur?
1645 4322 1772 4395 Cap.
1806 4326 1898 4391 51,
1928 4327 2018 4395 5’2,
2050 4330 2140 4383 55.

547 4409 729 4482 Neque
754 4412 974 4478 dixeris,
1007 4413 1136 4467 nihil
1185 4414 1390 4484 penitus
1419 4416 1527 4469 sine
1569 4413 1666 4470 Dei
1708 4419 1965 4475 voluntate
1992 4424 2141 4490 ﬁeri,

613 4523 777 4577 neque
802 4507 957 4561 etiant
998 4506 1251 4562 curiosius
1277 4510 1510 4579 inquiras
1527 4551 1543 4574 ,
1566 4509 1704 4564 unde
1731 4512 1866 4566 mala
1907 4515 2144 4570 oriantur

611 4609 658 4652 et
682 4616 772 4653 cur
798 4616 857 4653 ea
898 4597 1043 4654 Deus
1085 4602 1365 4669 permittat.
1412 4599 1528 4655 Hoc
1568 4619 1726 4656 unum
1757 4621 1850 4673 pro
1880 4616 2017 4660 certo
2047 4607 2140 4661 Iut-

614 4690 862 4758 botulum,
896 4690 1028 4745 nihil
1054 4709 1085 4744 a
1116 4707 1231 4745 vero
1272 4690 1383 4746 Deo
1428 4694 1539 4760 ﬁeri
1567 4693 1760 4748 malum
1781 4737 1795 4759 ,
1827 4697 2064 4751 vitiosum
2093 4709 2137 4753 et
2168 4667 2221 4727 D

615 4782 825 4835 noxium
873 4781 1107 4851 quodque
1159 4783 1392 4837 omnibus
1422 4798 1551 4839 'non
1599 4786 1666 4839 sit
1717 4786 1945 4841 salutare
1990 4798 2139 4859 atque

618 4872 801 4927 timoris
824 4871 1190 4940 plenissimum.
1762 4874 1893 4948 Cap.
1923 4880 2013 4945 54,

542 4963 755 5021 Nemini
784 4979 901 5018 vero
928 4965 1060 5018 mira
1088 4965 1247 5019 videri
1276 4967 1419 5020 debet
1451 4978 1627 5022 nostra
1653 4968 1715 5022 de
1743 4979 1815 5022 tot
1842 4972 1960 5028 aliis
1986 4974 2136 5029 rebus

612 5058 886 5130 ignoratio.
925 5057 1054 5123 Quis
1097 5060 1230 5113 enint
1278 5062 1437 5114 nescit
1495 5071 1663 5117 tantas
1710 5081 1817 5121 esse
1868 5068 2132 5123 hominum

610 5151 674 5206 de
701 5168 755 5207 re
779 5151 1003 5221 qualibet
1039 5152 1418 5219 contentiones,
1450 5163 1505 5209 ut
1536 5155 1668 5211 nihil
1698 5173 1731 5211 a
1757 5175 2013 5231 quaquam
2038 5179 2125 5217 as-

3428 593 3560 664 Cap.
3638 592 3732 659 56,
3767 593 3853 648 57.

2265 695 2509 761 Quamvis
2547 710 2669 766 ergo
2712 694 3011 766 ignorarent
3057 689 3372 756 Christiani,
3414 704 3448 741 a
3490 704 3594 758 quo
3637 696 3687 740 et
3726 685 3857 740 unde

2332 798 2501 843 creata
2527 790 2593 843 sit
2621 789 2794 841 anima
2823 787 3046 841 humana
3073 801 3093 840 :
3117 784 3249 838 nihil
3291 782 3415 836 inde
3462 781 3712 836 adversus
3742 778 3857 833 illos

2334 864 2535 953 efﬁcere
2574 890 2807 952 poterant
2857 878 3083 945 ethnici,
3136 876 3321 949 quibus
3349 875 3510 929 multo
3558 874 3716 946 plura
3743 882 3859 927 sunt

2333 977 2670 1046 incomperta.
3431 966 3562 1037 Cap.
3642 967 3735 1031 58,
3768 966 3855 1022 59.

2263 1069 2417 1127 Recte
2444 1071 2613 1139 itaque
2639 1068 2872 1127 Christus
2892 1109 2906 1133 ,
2930 1083 3086 1124 verus
3106 1064 3251 1123 Deus
3267 1106 3289 1131 ,
3314 1065 3411 1124 sub.
3437 1062 3669 1117 leoninis
3693 1063 3861 1132 forma

2336 1163 2536 1219 locutus
2578 1162 2731 1235 jubet
2775 1178 2898 1229 nos,
2946 1161 3143 1223 relictis
3181 1158 3419 1213 omnibus
3459 1156 3858 1227 quaestionibus,

2333 1257 2401 1309 ad
2430 1273 2599 1309 rerum
2629 1255 2982 1310 universarum
3010 1253 3287 1308 Dominum
3314 1261 3419 1305 tota
3447 1259 3613 1305 mente
3656 1246 3862 1312 attolli;

2332 1348 2421 1418 qui
2450 1348 2651 1402 tametsi
2679 1346 3043 1417 comprehendi
3080 1352 3297 1415 nequeat
3318 1383 3335 1409 ,
3368 1344 3547 1398 nullus
3569 1350 3742 1395 tamen
3764 1340 3863 1394 nisi

2332 1457 2503 1495 amens
2532 1440 2682 1494 illunt
2726 1439 2893 1495 solunt
2942 1454 3051 1493 esse
3100 1436 3266 1491 Deum
3318 1434 3549 1506 ambigit.
3610 1432 3863 1487 Ethnicos

2331 1533 2511 1604 igitur,
2540 1533 2628 1604 qui
2658 1549 2772 1588 eum
2818 1548 2921 1587 non
2963 1538 3277 1602 agnoscunt,
3329 1535 3534 1581 manent
3580 1526 3705 1580 saevi
3748 1532 3865 1595 post

2333 1634 2543 1679 ntortem
2572 1624 2849 1679 cruciatus.
3350 1618 3481 1687 Cap.
3523 1616 3612 1683 60,
3645 1616 3737 1683 61,
3769 1616 3863 1672 62.

2266 1717 2576 1788 Urgentibus
2630 1716 2876 1781 ethnicis,
2925 1714 3051 1785 quid
3096 1729 3216 1783 ergo
3251 1718 3421 1765 actum
3466 1709 3530 1763 sit
3579 1707 3643 1762 de
3686 1723 3868 1761 eorum

2331 1812 2636 1879 animabus,
2679 1810 2766 1879 qui
2795 1819 2913 1864 ante
2940 1807 3133 1862 Christi
3173 1807 3443 1860 adventum
3485 1803 3675 1856 mortui
3704 1810 3864 1869 sunt,

2329 1914 2377 1961 et
2418 1921 2507 1959 cur
2549 1920 2722 1959 omnes
2760 1903 2947 1957 animae
2992 1918 3092 1955 non
3136 1886 3237 1954 sint
3283 1895 3469 1968 a’quali
3514 1895 3869 1964 muniﬁcentia

2333 1999 2537 2053 donata:
2569 2016 2586 2055 :
2616 1999 2885 2068 respondet
2918 1998 3138 2068 primum
3170 1995 3425 2049 Arnobius
3444 2036 3459 2061 ,
3489 1993 3756 2065 wqualiter
3815 1994 3869 2047 in

2337 2106 2515 2144 omnes
2544 2091 2722 2143 divina
2744 2089 2981 2158 beniﬁcia
3013 2088 3174 2160 fuisse
3200 2083 3427 2154 diffusa;
3459 2085 3663 2152 deinde,
3688 2100 3869 2138 omnes

2332 2180 2499 2236 Deum
2540 2183 2800 2251 tequaliter
2838 2198 3020 2236 vocare
3060 2180 3393 2251 omnibusque
3430 2180 3503 2234 ad
3544 2196 3600 2233 se
3627 2177 3869 2257 veniendi

2331 2285 2632 2346 potestatem
2682 2275 2891 2346 fecisse,
2944 2275 3035 2330 sed
3079 2275 3211 2330 nulli
3254 2274 3607 2330 necessitatem
3652 2260 3867 2338 afferre.

3471 2366 3603 2432 Cap.
3646 2366 3738 2432 ὣ,
3770 2366 3865 2420 64.

2260 2460 2419 2516 Docet
2442 2502 2454 2522 .
2486 2478 2575 2515 cur
2604 2460 2744 2516 Deus
2785 2479 2887 2517 non
2934 2463 3092 2531 faciat
3111 2502 3127 2529 ,
3160 2472 3218 2515 ut
3262 2461 3409 2516 inviti
3436 2460 3671 2514 homines
3700 2460 3869 2528 ipsius

2328 2556 2535 2610 credant
2563 2557 2859 2625 promissis;
2886 2556 3090 2621 deinde,
3123 2556 3258 2625 quod
3288 2556 3387 2610 soli
3410 2553 3693 2609 Christiani
3716 2553 3868 2606 salu-

2328 2663 2425 2703 tem
2456 2659 2828 2716 consequantur
2877 2665 2973 2719 ope
2999 2649 3189 2704 Christi
3240 2659 3392 2719 atque
3432 2648 3655 2716 auxilio,
3706 2648 3800 2701 cui
3839 2662 3871 2700 a

2328 2743 2437 2797 Deo
2469 2753 2615 2814 patre
2651 2742 2989 2811 facultas-ista
3022 2757 3283 2796 concessa.
3602 2739 3737 2809 Cap.
3773 2741 3864 2797 65.

2255 2834 2467 2889 Transit
2493 2836 2562 2889 ad
2587 2846 2799 2888 veterem
2829 2835 3145 2889 ethnicorum
3171 2834 3562 2903 querimoniam,
3608 2849 3718 2903 qua
3767 2850 3867 2888 ιιο-

2324 2929 2510 2984 rellam
2538 2945 2644 2983 esse
2678 2928 3011 2983 christianum
3037 2926 3332 2997 religionem
3359 2936 3512 2998 atque
3535 2926 3787 2995 antiquos
3823 2934 3871 2984 et

2325 3022 2519 3090 patrios
2544 3022 2676 3075 ritus
2702 3022 2755 3075 in
2785 3020 3033 3075 barbaros
3054 3036 3114 3074 ac
3142 3020 3441 3090 peregrinos
3468 3036 3572 3074 non
3609 3036 3723 3075 esse
3752 3038 3868 3075 ntu-

2324 3114 2509 3168 tandos
2549 3113 2956 3184 expostulabant.
3342 3111 3470 3185 Cap.
3519 3112 3612 3180 66,
3640 3106 3738 3180 67,
3771 3115 3861 3171 68.

2254 3204 2473 3260 Tametsi
2503 3205 2782 3260 christiana
2808 3205 2986 3276 religio
3023 3221 3196 3260 recens
3224 3214 3353 3259 esset
3378 3204 3645 3270 instituta,
3694 3221 3869 3261 nonne

2321 3316 2403 3354 res
2456 3315 2631 3354 omnes
2683 3300 2951 3366 humanas,
3010 3314 3179 3352 nonne
3232 3299 3288 3352 in
3341 3298 3551 3368 primis,
3605 3297 3692 3353 vel
3738 3299 3867 3370 ipsis

2324 3392 2599 3461 fatentibus
2661 3391 2910 3459 ethnicis,
2968 3407 3143 3445 eorum
3196 3388 3289 3444 Dii
3359 3405 3468 3445 esse
3538 3389 3868 3459 caperunt?

3466 3480 3597 3554 Cap.
3639 3483 3740 3549 69,
3777 3483 3865 3539 70.

2254 3579 2319 3636 Si
2358 3596 2477 3651 ergo
2524 3588 2641 3634 ante
2684 3579 3086 3651 quadringentos
3127 3594 3291 3631 annos
3333 3575 3635 3632 Christiana
3677 3579 3870 3648 religio

2324 3688 2430 3727 non
2464 3681 2604 3737 erat,
2654 3688 2814 3742 neque
2859 3672 3013 3726 etiant
3059 3679 3178 3724 ante
3226 3671 3331 3724 duo
3386 3685 3644 3723 asinorum
3698 3670 3869 3724 millia

2324 3764 2495 3819 nullos
2544 3765 2665 3818 deos
2713 3781 2832 3818 suos
2890 3765 3050 3836 fuisse
3092 3779 3279 3834 negare
3326 3780 3433 3817 non
3486 3773 3756 3832 poterant.
3802 3763 3869 3818 At

2322 3858 2525 3913 demum
2564 3858 2828 3927 religionis
2866 3857 3147 3911 auctoritas
3170 3873 3283 3911 non
3323 3866 3399 3911 est
3439 3865 3677 3926 tempore
3723 3856 3868 3911 aesti-

2321 3952 2545 4017 manda,
2576 3952 2663 4004 sed
2690 3952 2914 4005 numine.
3604 3948 3745 4021 Cap.
3774 3950 3865 4004 7L

2254 4045 2599 4117 Objectionent
2650 4046 2796 4100 illam
2847 4047 3086 4115 deinceps
3139 4046 3375 4117 infringit
3430 4044 3732 4112 Arnobius,
3763 4060 3871 4115 qua

2321 4139 2509 4193 ethnici
2559 4138 2927 4205 obtendebant,
2974 4155 3147 4193 eorum
3198 4140 3496 4210 religionem
3526 4142 3695 4192 multo
3722 4148 3867 4193 vetu-

2319 4236 2529 4288 stiorem
2550 4235 2833 4287 christiana
2850 4251 2958 4289 esse
2978 4234 3204 4301 adeoque
3221 4234 3485 4287 veriorem.
3510 4231 3640 4302 Cap.
3661 4231 3863 4296 72,75.

2249 4331 2544 4401 Respondet
2586 4330 2966 4400 postulantibus
2996 4331 3124 4399 ipsis
3150 4330 3405 4395 ethnicis,
3448 4345 3542 4383 cur
3592 4338 3702 4382 tam
3749 4342 3867 4384 sero

2318 4423 2553 4478 Christus
2577 4440 2609 4476 a
2638 4423 2746 4478 Deo
2773 4424 2958 4478 missus
2980 4425 3151 4494 fuerit.
3486 4419 3618 4493 Cap.
3645 4422 3745 4488 74,
3767 4424 3862 4478 75.

2249 4516 2391 4572 Satis
2417 4517 2597 4570 iisdent
2624 4516 2749 4585 facit
2790 4516 3163 4585 inquirentibus
3186 4557 3199 4582 ,
3243 4531 3336 4569 cur
3364 4513 3535 4581 Deus,
3580 4515 3669 4569 cui
3704 4514 3867 4569 Chri-

2318 4608 2787 4673 stianiserviebant,
2807 4610 3035 4678 patiatur
3062 4609 3181 4665 illos
3201 4611 3339 4663 omni
3368 4610 3791 4679 persecutionum
3803 4625 3868 4662 ac

2321 4721 2587 4775 pennarum
2609 4720 2789 4774 genere
2814 4704 2987 4759 vexari
3018 4713 3065 4758 et
3089 4704 3332 4774 opprimi.
3351 4701 3481 4785 Cap.
3507 4702 3597 4768 76,
3639 4704 3734 4771 77,
3770 4705 3864 4760 78.

2312 4886 2352 4941 1.
2385 4886 2498 4942 Hoc
2523 4886 2576 4940 in
2607 4886 2728 4942 loco
2759 4885 2915 4940 tribui
2940 4885 2985 4941 si
3010 4884 3117 4940 ulla
3149 4884 3380 4941 facultas
3407 4895 3630 4956 posset,
3652 4888 3865 4944 vellem

2236 4996 2357 5037 cum
2391 4982 2475 5036 his
2500 4982 2771 5047 omnibus,
2799 4980 2994 5049 quibus
3024 4995 3222 5034 notuen
3252 4980 3485 5036 invisum
3514 4990 3602 5037 est
3629 4979 3863 5050 Christi,

2235 5075 2305 5129 ab
2330 5075 2569 5129 instituta
2606 5072 2975 5144 principaliter
3001 5072 3320 5128 defensione
3365 5072 3695 5132 diverticulo
3724 5092 3865 5146 pau-

2234 5168 2400 5238 lisper
2422 5167 2581 5234 facto,
2617 5166 2738 5223 talia
2765 5165 2932 5222 verba
2963 5165 3212 5222 miscere.
3246 5166 3299 5222 Si
3324 5166 3527 5222 nullam
3553 5184 3683 5228 esse
3703 5170 3869 5227 duci-

1887 5298 2448 5365 COMMENTARIUS.

608 5448 648 5503 l.
694 5481 766 5489 —
815 5449 873 5505 Si
930 5449 1125 5505 nullant
1172 5467 1280 5505 esse
1351 5451 1535 5507 ducitis
1600 5458 1956 5511 contumeliam
2020 5478 2127 5516 res-

535 5522 758 5588 pondere
810 5521 1005 5585 aliquid
1054 5523 1406 5591 interrogatos.
1457 5523 1640 5593 Neque
1686 5526 1829 5580 enim
1861 5531 1991 5583 satis
2030 5531 2126 5587 ho-

537 5602 748 5669 nestum
794 5593 1011 5669 videtur
1042 5594 1346 5669 superiores
1389 5605 1440 5648 ct
1485 5594 1731 5669 dominos
1771 5597 2120 5669 interrogare.

538 5658 815 5714 Salvianus
839 5703 851 5721 .
905 5664 1062 5727 epist.
1109 5658 1163 5715 in
1197 5680 1211 5716 :
1244 5663 1490 5718 Parentes
1519 5668 1841 5728 charissinti;
1877 5658 2123 5728 Parizntes

537 5733 978 5804 reuerendissinti,
1031 5735 1334 5804 interrogari
1402 5751 1487 5789 vos
1558 5751 1875 5804 quwsumus,
1952 5740 2117 5796 liceat.

542 5796 737 5877 Contra
769 5802 982 5877 super-lii
1031 5813 1085 5856 ct
1132 5796 1271 5858 fusiu
1304 5805 1494 5877 tumidi
1524 5796 1842 5877 cunctanter
1863 5796 1959 5863 aut
1989 5813 2121 5870 nihil

543 5868 759 5922 omnino
815 5868 1055 5924 solebant
1109 5873 1453 5942 respondere.
1511 5874 1702 5933 Cicero
1753 5879 1819 5935 ad
1876 5868 2117 5956 Trcltat.,

2232 5464 2326 5520 lib.
2378 5481 2480 5528 \‘II,
2522 5467 2678 5533 epist.
2731 5468 2976 5545 “inQui
3022 5470 3209 5526 isthinc
3260 5473 3499 5539 veniunt,
3555 5479 3861 5545 superbiant

2232 5547 2397 5614 tuam_
2428 5549 2700 5614 accusant,
2736 5541 2876 5614 quod
2919 5552 3133 5614 negent,
3183 5555 3230 5597 te
3273 5540 3731 5614 percunctantibus
3775 5569 3859 5606 re-

2230 5608 2519 5692 sponderes
2540 5610 2704 5692 ltlcm,
2736 5612 2923 5671 ’1ἰ.εο.,
2958 5608 3009 5692 1,,
3030 5629 3087 5692 (ξ.-
3110 5613 3150 5692 ξ
3172 5631 3186 5668 :
3324 5615 3464 5692 Quid
3479 5618 3578 5692 ?_si
3608 5632 3657 5673 te
3686 5638 3856 5692 roga-

2229 5694 2342 5763 vero
2359 5679 2575 5763 aliquid,
2602 5699 2767 5763 nonne
2789 5685 3112 5763 respondebis
3127 5685 3221 5737 ?—-
3237 5687 3299 5739 A.
3314 5679 3625 5763 Superbum
3642 5692 3695 5744 id
3726 5679 3857 5763 q'ui-

2228 5750 2340 5803 dem
2368 5762 2497 5805 esset
2525 5768 2544 5807 .'
2568 5752 2656 5807 sed
2704 5754 2806 5809 nisi
2850 5750 2976 5823 quid
3025 5772 3226 5835 necesse
3252 5759 3377 5823 erit,
3406 5750 3559 5835 'ntalg
3584 5778 3647 5818 ne
3671 5750 3857 5835 roges.

3154 5827 3394 5886 unum.
3432 5840 3487 5886 et
3518 5827 3779 5891 Ειιιεκεῖ.
3850 5886 3857 5907 ,
