4020 6284
286 352 393 411 817

1608 364 1819 425 LIBER
1861 368 2237 429 SECUNDUS.

3480 391 3588 450 818

282 469 372 529 ﬁci
393 515 408 538 ,
437 472 634 545 quibus
660 476 982 546 statuerint,
1032 479 1276 549 malunt,
1308 482 1443 541 solvi
1475 483 1735 556 coniuges
1762 502 1878 543 ma-
1907 492 1959 554 Α
1987 488 2125 545 forte
2153 491 2330 547 obtusi
2360 499 2414 548 et
2441 492 2570 548 fatui
2602 493 2856 553 videntur
2876 497 2930 554 hi
2957 501 3132 572 vobis,
3162 506 3252 575 qui
3274 521 3374 577 per
3399 509 3586 566 orbem

284 565 594 636 trimoniis,
624 567 963 626 exbzeredari
992 586 1022 626 a
1054 575 1367 641 parentibus
1409 577 1564 633 liberi
1591 621 1606 646 ,
1636 595 1797 649 quam
1827 581 1888 635 li-

277 655 408 712 dem
437 674 692 729 rumpere
721 661 1091 729 christianam,
1122 675 1177 721 et
1203 669 1453 724 salutaris
1478 670 1682 727 militia:
1705 688 1886 728 sacra-

276 760 464 805 menta
491 749 799 822 deponere?
824 755 967 821 quod
999 772 1122 811 cum
1173 774 1374 829 genera
1406 776 1689 831 poenarum
1739 776 1884 821 tanta

274 841 391 897 sint
418 858 447 896 a
497 843 654 899 vobis
699 848 972 917 proposita
1003 849 1280 920 religionis
1325 851 1485 922 hujus
1530 857 1882 924 sequentibus

274 933 451 1005 leges,
477 948 739 1004 augeatur
766 953 853 992 res
880 942 1070 1009 magis,
1102 950 1156 996 et
1183 951 1369 998 contra
1399 959 1589 1000 omnes
1607 947 1781 1001 minas
1803 956 1884 1003 at-

274 1043 387 1100 que
415 1028 698 1085 interdicta
733 1029 1076 1086 formidinum
1109 1033 1408 1091 animosius
1443 1038 1674 1105 pepulus
1718 1038 1879 1094 obui-

276 1128 443 1187 tatur,
491 1131 546 1177 et
583 1121 649 1177 ad
702 1124 957 1179 credendi
1001 1126 1236 1182 studium
1283 1128 1663 1198 prohibitionis
1711 1133 1881 1202 ipsius

272 1215 511 1270 stimulis
531 1216 830 1273 excitetur?
846 1217 1115 1289 Numquid
1140 1230 1165 1257 ³
1188 1222 1301 1276 haec
1324 1221 1437 1276 ﬁeri
1465 1225 1661 1293 passim
1684 1234 1739 1281 et
1766 1229 1883 1280 ina-

273 1310 422 1364 niter
454 1309 688 1365 creditis
711 1354 726 1376 ,
760 1312 992 1367 fortuitis
1020 1312 1324 1368 incursibus
1357 1318 1556 1371 assumi
1587 1316 1685 1373 has
1727 1335 1879 1374 men-

275 1401 406 1456 tes?
434 1400 582 1457 ltane
609 1402 749 1457 istud
776 1418 883 1457 non
910 1403 1149 1460 divinum
1179 1415 1233 1460 et
1257 1421 1470 1462 sacrum
1493 1418 1611 1473 est,
1642 1424 1733 1465 aut
1759 1413 1877 1468 sine

272 1492 394 1549 Deo
426 1509 615 1548 eorum
646 1503 825 1551 tantas
863 1496 1169 1552 animorum
1201 1498 1315 1554 ﬁeri
1347 1502 1734 1558 conversiones
1757 1546 1771 1569 ,
1819 1515 1879 1561 ut

274 1599 403 1641 cum
455 1585 737 1642 carniﬁces
790 1589 951 1655 unci,
1000 1589 1200 1659 aliique
1254 1591 1520 1647 innumeri
1566 1596 1874 1663 cruciatus,

269 1676 729 1748 quemadmodum
751 1677 1007 1747 diximus,
1028 1679 1379 1751 impendeant
1404 1682 1431 1720 ιι
1448 1685 1757 1753 credituris,
1787 1688 1875 1743 vel

267 1771 351 1825 uti
378 1770 607 1841 quadam
636 1772 925 1829 dulcedine
950 1785 1112 1845 atque
1138 1778 1381 1832 omnium
1404 1779 1661 1835 virtutum
1688 1797 1875 1838 amore

264 1865 509 1938 correpti
553 1867 795 1938 cognitas
835 1868 1099 1940 accipiant
1147 1872 1422 1940 rationes,
1474 1884 1636 1942 atque
1678 1879 1863 1933 mundi

1984 582 2096 653 jam
2127 593 2295 640 totum
2327 588 2645 657 consilirant
2677 599 2733 645 et
2758 602 2956 648 eoeunt
2984 595 3036 649 in
3069 595 3226 653 istius
3252 599 3590 657 credulitatis

1993 691 2297 733 assensum.

2058 768 2143 825 VI.
2173 770 2466 843 Quidergo
2487 775 2511 824 ?
2550 789 2646 829 vos
2676 776 2778 830 soli
2807 774 2832 814 ά
2858 779 3137 849 sapientiae
3170 783 3373 838 conditi
3423 792 3587 854 atque

1985 861 2360 933 intelligentiie
2390 864 2441 919 vi
2489 881 2638 922 mera
2662 909 2677 931 ,
2712 871 2898 923 nescio
2926 873 3050 940 quid
3098 874 3245 929 aliud
3275 876 3494 942 videtis,
3528 887 3585 932 et

1986 960 2354 1032 profundum?
2400 965 2503 1018 soli
2533 980 2653 1020 esse
2681 982 2851 1036 nugas
2895 968 3193 1038 intelligitis
3223 971 3336 1027 huic
3363 974 3543 1028 omnia
3571 1015 3587 1040 ,

1982 1056 2082 1109 soli
2113 1056 2274 1111 verba
2307 1066 2362 1112 et
2387 1059 2622 1127 pueriles
2654 1061 2885 1129 ineptias
2906 1104 2919 1124 ,
2953 1077 3014 1115 ea
3039 1079 3159 1133 qum
3182 1066 3339 1120 nobis
3360 1068 3585 1134 promit-

1981 1146 2146 1202 timus
2172 1150 2453 1219 principali
2481 1154 2550 1205 ab
2578 1169 2701 1223 rege
2733 1158 2991 1209 ventura?
3018 1156 3173 1214 Unde
3194 1200 3207 1222 ,
3242 1175 3428 1230 quieso
3448 1203 3464 1226 ,
3495 1172 3578 1217 est

1980 1238 2137 1293 Vobis
2166 1250 2371 1295 tantum
2423 1245 2701 1312 sapientia:
2734 1247 2985 1302 traditum
3006 1247 3034 1320 fl
3080 1249 3220 1304 unde
3264 1252 3564 1320 acuminis,

1978 1342 2035 1389 et
2063 1336 2363 1392 vivacitatis
2393 1340 2644 1393 tantum?
2674 1341 2758 1395 vel
2809 1356 2875 1396 ex
2904 1344 3098 1411 quibus
3141 1345 3383 1400 scientia:
3413 1346 3582 1403 disci-

1978 1430 2140 1500 plinis
2184 1440 2391 1487 tantum
2433 1435 2614 1489 cordis
2658 1451 2955 1503 asmrnere,
2990 1439 3339 1495 divinationis
3370 1450 3577 1496 tantum

1978 1522 2229 1591 potuistis
2275 1522 2526 1581 haurire?
2571 1525 2704 1594 Quia
2746 1543 2844 1598 per
2890 1545 3050 1584 casus
3093 1542 3147 1585 et
3196 1541 3438 1603 tempora
3484 1534 3581 1590 de-

1976 1612 2182 1668 clinare
2228 1614 2390 1670 verba
2433 1617 2584 1672 scitis
2624 1628 2678 1672 et
2719 1619 2959 1687 nomina,
3009 1622 3129 1689 quia
3178 1638 3341 1677 voces
3384 1624 3580 1679 barba-

1982 1718 2074 1758 ras
2096 1746 2112 1771 ,
2144 1705 2594 1779 solcecismosqne
2616 1710 2819 1778 vitare,
2847 1711 2967 1781 quia
3000 1728 3348 1770 numerosum
3376 1757 3392 1783 ,
3423 1728 3476 1771 et
3500 1718 3582 1771 in-

1972 1800 2261 1860 structum,
2285 1800 2751 1869 compositumque
2781 1816 3111 1870 sermonem,
3132 1814 3224 1859 aut
3246 1806 3344 1875 ipsi
3366 1821 3461 1859 vos
3484 1823 3581 1860 tm-

1971 1886 2071 1939 stis
2101 1886 2331 1955 eli‘erre,
2368 1901 2460 1945 aut
2501 1892 2807 1962 incomptus
2835 1908 2957 1949 cum
2997 1897 3187 1957 fuerit,
3235 1897 3414 1963 scire;
3448 1901 3575 1969 quia

264 1959 522 2015 omnibus
551 1959 712 2016 rebus
760 1970 1077 2031 prmponant
1107 1972 1129 2001 ε
1160 1962 1426 2019 amicitias
1468 1962 1713 2021 Christi?
1756 1968 1865 2025 Nisi
1896 1966 1944 2026 Β
1973 1974 2257 2033 Fornicem
2285 1980 2620 2037 Lucilianum
2656 1959 2702 2051 θ,
2732 1995 2784 2040 et
2815 1984 3080 2058 Marsyam
3114 1959 3411 2059 Pomponii
3428 1959 3575 2045 obsi-

1512 2058 1809 2119 LECTION
1816 2064 1897 2123 ES
1933 2067 2351 2129 VARIANTES.

335 2148 363 2217 ξι
390 2148 464 2217 A_n
504 2149 870 2217 numquid_M_s.
896 2153 942 2201 et
974 2148 1055 2200 ed.
1082 2150 1237 2217 Lugd.
1278 2151 1340 2200 Β.

331 2210 361 2251 1)
410 2209 699 2272 lmpendaht
739 2212 879 2261 Fulv.

338 2276 361 2337 ‘f
414 2273 698 2337 Propouant
720 2272 839 2337 Sub.
860 2276 913 2337 Μ
915 2272 1009 2337 ale.

340 2336 369 2375 ἀ
402 2333 532 2387 Haec
555 2333 625 2386 ita
649 2333 791 2387 Fulv.
820 2349 838 2388 :
865 2336 989 2396 Quid
1025 2350 1152 2401 ergo
1172 2350 1258 2389 vos
1281 2338 1370 2389 soli
1423 2342 1679 2405 sapientiae
1722 2352 1870 2409 atque

1980 2160 2325 2234 intelligentiae
2350 2168 2393 2234 vi
2419 2180 2555 2218 mera
2600 2172 2770 2234 nescio
2791 2171 2905 2234 quid
2926 2172 3143 2223 abditum
3177 2175 3356 2226 videtis
3381 2181 3433 2228 et
3455 2188 3575 2229 con~

1978 2222 2161 2294 ditumI
2180 2228 2432 2294 Audacius
2455 2243 2599 2294 quam
2630 2222 2823 2284 verius:
2840 2232 2966 2285 Vide
2999 2235 3114 2286 Not.

2046 2289 2069 2318 θ
2095 2287 2397 2341 Lucialinum
2420 2287 2539 2343 Sab.
2577 2297 2819 2347 mendose.

1631 2474 1643 2497 ._
1658 2425 2213 2495 COMMENTARIUS.

262 2514 972 2592 sterium‘yid.‘(_3as3ubon.,
1005 2517 1096 2592 ad_
1117 2516 1344 2573 Sueton.
1377 2519 1627 2589 August.,
1658 2532 1783 2592 cap.
1808 2523 1864 2590 2,

261 2603 389 2660 pag.
426 2588 552 2649 179,
583 2586 711 2642 edit.
737 2587 1267 2660 BurmaunaOneLL.

345 2658 539 2732 Quibus
567 2660 854 2732 statuerint.
885 2659 985 2732 Th.
1020 2658 1239 2732 Canter.
1293 2661 1548 2732 quibusris
1576 2666 1863 2720 statuerint.

261 2729 377 2805 Sed
418 2731 492 2786 nil
517 2731 852 2805 mutandum,
875 2729 1076 2805 quibus.
1112 2729 1361 2805 hoc‘loco
1384 2749 1479 2805 pro
1495 2735 1720 2805 quantis,
1742 2752 1868 2805 qua-

262 2802 423 2869 libus,
455 2814 507 2855 ut
539 2816 703 2871 sirpe.
753 2801 873 2856 Vid.
910 2801 1117 2863 Heins.,
1164 2803 1229 2855 ad
1273 2801 1514 2867 Plitedh,
1555 2804 1660 2857 fab.
1692 2801 1860 2869 1,]5.

260 2871 422 2927 Fulv.
456 2873 684 2929 Ursinus
716 2883 882 2927 totum
917 2872 1093 2926 locum
1126 2874 1196 2927 ita
1224 2874 1353 2941 legit.
1392 2885 1446 2927 et
1487 2876 1859 2938 interpunxit:

262 2943 417 3000 Servi
437 2944 740 2999 cruciatibus
756 2945 887 3015 affici
912 2945 1144 2998 omnibus
1170 2947 1436 3000 statuerint
1460 2960 1478 2998 :
1511 2947 1707 3000 malunt
1735 2951 1861 3005 solvi

259 3018 507 3087 conjuges
531 3016 887 3069 matrimoniis.
928 3015 1132 3071 OBELL.

337 3088 419 3141 Ad
439 3088 679 3141 credendi
698 3088 925 3141 studium
948 3088 1304 3155 prohibitionis
1346 3088 1506 3156 ipsius
1530 3089 1752 3145 stimulis
1769 3109 1858 3148 ea:-

258 3160 472 3214 citetur.
490 3158 750 3214 Similiter
767 3158 1110 3221 Tertullian.,
1144 3161 1195 3213 in
1231 3159 1537 3227 Apologet.,
1567 3176 1685 3227 cap.
1717 3163 1850 3217 ult.:

260 3229 379 3285 Nec
417 3231 694 3301 quidquam
725 3239 891 3283 tamen
924 3230 1125 3299 pro/icit
1173 3230 1466 3298 exquisitior
1494 3247 1705 3301 quicque
1740 3251 1858 3288 cru-

258 3300 447 3356 delitas
469 3312 653 3366 uestra,
688 3300 927 3375 illecebra
971 3312 1043 3355 est
1068 3304 1235 3375 magis
1264 3312 1414 3355 secta:
1441 3317 1460 3354 :
1485 3300 1657 3370 plures
1700 3306 1854 3375 effici-

256 3389 397 3439 mur,
418 3375 611 3442 quoties
642 3372 880 3427 metimur
904 3388 935 3424 a
966 3372 1102 3427 uobis
1129 3388 1148 3425 :
1177 3389 1344 3426 semen
1372 3382 1446 3425 est
1473 3375 1682 3442 sanguis
1708 3372 1854 3431 Cliri.

256 3444 563 3500 stiunorum.
585 3444 667 3498 Cl.
702 3446 883 3497 eumd.
914 3443 1311 3514 adﬂScapulam,
1337 3457 1455 3512 Cap.
1485 3443 1552 3507 4;
1585 3445 1852 3514 Laclant.,

257 3515 359 3570 lib.
391 3532 442 3582 v,
474 3532 594 3584 cap.
628 3516 725 3577 l3;
755 3514 948 3568 Minue.
981 3513 1093 3568 Fel.
1125 3517 1311 3568 Uittav.
1336 3533 1351 3580 ;
1380 3514 1513 3580 Leo,
1539 3530 1704 3570 serui.
1734 3523 1760 3573 1
1786 3513 1855 3575 de

256 3585 363 3641 SS.
395 3586 553 3642 Petro
583 3596 634 3641 et
667 3586 851 3640 Paulo.
880 3585 1123 3640 ELuENit.
1524 3608 1531 3611 λ

331 3661 410 3712 An
433 3658 680 3730 numquid
726 3657 834 3730 lia’c
865 3657 981 3730 ﬁeri
1006 3657 1194 3730 passim
1227 3665 1272 3710 et
1292 3656 1513 3730 inaniter
1539 3659 1764 3714 creditis.
1793 3659 1850 3715 Id

253 3739 364 3795 est,
396 3727 580 3783 temere
598 3739 645 3782 et
676 3729 908 3799 fortuito,
939 3728 1049 3780 sine
1075 3727 1292 3788 delectu,
1313 3730 1436 3787 εἰκῆ.
1465 3728 1732 3792 Lactant.,
1753 3732 1851 3787 lib.

253 3816 338 3861 ιιι.
371 3815 490 3870 cap.
523 3799 593 3854 9:
623 3800 980 3863 Anaxagoras,
1011 3799 1681 3873 quantabneoquiut-eretur,
1702 3804 1851 3873 cujus

247 3873 333 3926 rei
358 3869 512 3925 causa
540 3880 687 3923 natus
713 3880 836 3921 esset
859 3884 877 3931 ;
906 3869 1167 3934 respondit
1196 3886 1214 3922 :
1243 3870 1383 3923 Solis
1403 3887 1464 3921 ac
1485 3872 1599 3923 ειτιὶ
1623 3869 1844 3927 videndi.

250 3941 413 3997 Hunc
439 3957 607 3995 uocem
638 3939 962 3993 admirantur
989 3956 1181 4003 omnes,
1213 3955 1273 4011 ac
1304 3939 1608 4009 pltllOSOp/to
1639 3944 1845 4011 dignam

235 4013 507 4087 judicunt.
538 4012 600 4065 At
626 4011 884 4087 egon/tunc
926 4021 1046 4076 puto
1085 4027 1186 4087 non
1236 4008 1592 4087 invenienteni,
1623 4008 1745 4081 quid
1768 4031 1848 4067 νεα

247 4080 550 4150 spondei-et,
582 4080 825 4149 effudisse
852 4080 947 4135 hoc
974 4081 1183 4151 passim,
1210 4097 1271 4133 ne
1300 4091 1501 4133 taceret.
1530 4080 1846 4139 lienam.—

245 4153 339 4211 Cl.
369 4155 729 4215 Biiiiematit‘...
757 4152 821 4205 ad
842 4152 1127 4216 Lactantii,
1155 4152 1244 4206 lib.
1280 4167 1317 4218 ι,
1347 4161 1399 4203 et
1430 4150 1748 4214 Burtnaim..
1777 4157 1843 4211 ad

247 4226 492 4291 Phaedr.,
519 4224 649 4278 Fab.
684 4224 777 4278 lib.
821 4239 871 4289 v,
902 4223 954 4289 l,
986 4236 1126 4274 vers.
1157 4225 1211 4284 5,
1260 4237 1377 4291 pag.
1411 4220 1536 4277 258.
1568 4222 1641 4277 Ita
1672 4225 1843 4291 Qui..-

246 4298 444 4361 tiliam,
481 4297 718 4351 Declam.
747 4309 820 4358 ιν,
845 4295 912 4349 13
938 4311 952 4347 :
982 4291 1094 4347 Ista
1122 4293 1288 4347 credis
1318 4295 1508 4363 passim
1536 4294 1846 4368 fortuitoque

246 4369 519 4447 disposita
549 4368 755 4447 (lusu;
992 4432 1027 4447 η
1132 4435 1232 4447 .-.
1409 4436 1421 4447 .

324 4432 600 4507 Carniﬁces
629 4439 764 4491 unci.
816 4435 961 4492 Alii:
987 4432 1257 4503 Carniﬁci:
1304 4436 1439 4490 unci.
1475 4436 1581 4493 Sed
1611 4440 1839 4495 verbum

245 4506 763 4581 carnifexadjective
785 4519 1003 4577 usurpat
1027 4506 1319 4581 Arnobius,
1342 4523 1522 4577 supra.
1548 4510 1640 4564 lib.
1660 4528 1698 4569 ι.
1717 4527 1837 4581 cap.

246 4586 351 4639 ult.
380 4579 550 4647 :‘Qute
578 4582 735 4636 libido
766 4590 870 4632 tam
896 4579 1164 4652 carnifex?
1187 4588 1241 4652 et
1275 4580 1354 4652 sic
1391 4591 1489 4652 opt
1490 4581 1578 4634 imi
1609 4579 1843 4652 scriptu-

247 4670 359 4710 res.
392 4653 603 4718 Ilorat.,
631 4652 733 4707 Od.
764 4666 802 4715 t,
836 4651 903 4706 15
928 4666 942 4703 :
967 4650 1199 4702 Adulteri
1227 4650 1415 4703 crines.
1450 4650 1651 4706 Ttbull.
1684 4650 1843 4719 t,iil,

244 4728 318 4780 lli
348 4744 360 4779 :
386 4726 626 4778 Aratores
670 4722 835 4777 boves.
881 4722 1065 4782 Silius,
1094 4736 1217 4783 xm,
1248 4720 1355 4775 575
1380 4736 1393 4772 :
1423 4719 1651 4776 Bellator
1688 4726 1843 4779 ensis.

246 4795 372 4850 Vid.
403 4794 746 4861 Oudendorp.
781 4791 846 4847 ad
875 4790 1087 4861 Apulei.
1120 4791 1270 4855 Met.,
1305 4790 1491 4861 "IL",
1525 4808 1577 4860 p.
1610 4795 1732 4848 illi.
1762 4796 1847 4849 In-

244 4867 520 4936 lelligendi
542 4860 717 4919 autem
741 4864 861 4918 unci
886 4904 900 4927 ,
930 4860 1025 4917 Seu
1051 4862 1229 4936 potius
1259 4860 1472 4929 ungula:
1495 4863 1599 4936 illa:
1626 4864 1846 4922 bisulca:

246 4950 302 4993 et
331 4932 542 5000 ferrem,
575 4936 767 5006 quibus
791 4936 912 5005 igne
930 4932 1281 5006 candentibus
1306 4946 1430 5006 reos
1457 4934 1645 5006 eculeo
1673 4939 1848 5005 impo-

244 5010 380 5065 sitos
411 5002 730 5078 torquebant
756 5002 1118 5078 et'laniabant
1144 5010 1374 5057 veteres.
1412 5002 1696 5070 Prudeut.,
1726 5002 1846 5078 τὲερε

242 5075 526 5153 Στιφάνωνζ
550 5083 750 5152 hymno
776 5077 833 5132 in
862 5075 1198 5153 Vincentium
1231 5085 1546 5144 martyrem,
1571 5089 1712 5133 vers.
1743 5075 1845 5135 175

243 5162 302 5210 ιιι
331 5167 446 5223 seq.
478 5171 493 5208 :

491 5247 613 5299 Haec
632 5247 779 5305 fatur,
806 5252 860 5295 et
880 5242 1204 5296 stridentibus

496 5310 732 5361 Laniatur
755 5309 896 5359 uncis
917 5308 1100 5357 denuo.

242 5395 403 5461 Vide,
433 5395 522 5466 qui
562 5395 874 5466 detortura
920 5392 1443 5466 Romanorum__vet.
1491 5389 1692 5466 multus
1723 5399 1842 5466 est,

241 5461 500 5539 Materni,
531 5466 598 5522 de
623 5465 811 5539 (Silano
840 5464 1111 5539 Romische
1138 5461 1500 5539 Alteri/tumet,
1533 5472 1587 5516 et
1624 5462 1710 5539 ις».
1740 5462 1844 5516 Dit-

241 5550 385 5595 rant.
416 5530 610 5594 Ca’selii
635 5537 869 5602 Variam,
899 5535 989 5588 lib.
1016 5550 1058 5604 ι,
1078 5548 1196 5600 cap.
1222 5532 1385 5595 l5,'iu
1409 5530 1622 5588 Gruter.
1655 5532 1843 5604 Lamp.

243 5609 422 5688 Crit...
440 5612 545 5688 vol.
579 5625 657 5673 ιιι,
683 5620 917 5688 _part._tt,
952 5603 1182 5688 pziﬁll.
1208 5603 1410 5658 (ιιιειι.
1450 5674 1461 5687 .
1640 5677 1652 5688 .

330 5680 497 5735 Veluti
556 5697 635 5752 qu«
659 5677 790 5752 dant
823 5677 1090 5752 dulcedine
1117 5686 1283 5752 atque
1322 5677 1560 5752 (inminui
1603 5677 1845 5752 virtutum

243 5769 438 5817 amore,
467 5746 578 5808 etc.
608 5750 864 5806 Gelenius
885 5747 952 5801 ita
981 5764 996 5800 :
1038 5746 1200 5799 Veluti
1216 5747 1439 5815 quadam
1466 5746 1737 5802 dulcedine
1761 5759 1844 5801 at-

243 5840 343 5895 que
371 5835 574 5877 nectare
602 5823 726 5877 ebrii
756 5828 935 5901 cuncta
962 5828 1306 5904 contemnant,
1336 5828 1466 5883 etc.,
1485 5833 1616 5904 qua:
1640 5828 1851 5904 pistre.

246 5890 333 5951 ina
361 5895 523 5949 verba
553 5909 675 5947 cum
708 5906 882 5960 neque
912 5890 961 5943 in
994 5890 1115 5943 cod.
1150 5902 1278 5952 ms.,
1329 5903 1501 5958 neque
1530 5891 1580 5943 in
1611 5891 1848 5947 editione

1972 2530 2215 2613 principe
2239 2549 2460 2613 romana
2493 2536 2759 2613 legantur,
2792 2538 2942 2613 illum
2969 2539 3034 2613 de
3062 2554 3161 2594 suo
3180 2540 3452 2597 addidisse
3472 2558 3573 2613 pu-

1972 2609 2047 2654 tat
2093 2602 2378 2685 Cauterus.
2413 2606 2482 2661 Et
2528 2602 2753 2685 omnino
2788 2611 3147 2681 ingratissima
3195 2624 3338 2669 esset
3382 2602 3569 2685 triplex

1971 2673 2225 2748 repetitio
2253 2685 2343 2732 τοῦ
2375 2689 2547 2748 atque.
2579 2682 2781 2735 ORELL.

2043 2744 2287 2829 Cognitas
2312 2744 2557 2829 ratio-nes.
2590 2750 2733 2829 idem
2772 2752 2917 2829 quod
2963 2754 3367 2829 supradixerat
3408 2774 3571 2829 argit-

1970 2827 2138 2892 menta
2163 2818 2426 2892 credendi.
2461 2820 2677 2877 Fulvius
2704 2818 2907 2878 mavult
2942 2818 3243 2892 t'ncOgnitas.
3287 2818 3493 2883 Ouum:

2040 2886 2371 2963 Creiliilitatis
2400 2909 2680 2946 assensum.
2714 2895 3021 2959 Credulitas,
3058 2886 3158 2951 hoc
3186 2898 3301 2952 loco
3327 2909 3379 2954 et
3406 2899 3565 2963 infra,

1967 2969 2085 3043 cap.
2118 2958 2208 3040 12,
2235 2960 2306 3043 Ain
2340 2962 2533 3043 bonam
2570 2974 2772 3031 partem
2816 2981 2912 3033 pro
2941 2958 3082 3035 lide,
3116 2977 3170 3021 tit
3196 2970 3394 3039 saepius
3422 2958 3562 3043 apud

1968 3026 2065 3099 hos
2085 3031 2394 3099 scriptores.
2435 3026 2638 3089 Οιιιῖιζι..

2162 3097 2232 3141 —'
2255 3103 2411 3180 _Quid
2439 3107 2594 3174 ergo?
2621 3121 2708 3158 vos
2740 3106 2846 3180 soli
2884 3108 3150 3180 sapientia:
3190 3112 3383 3165 conditi
3410 3122 3563 3180 atque

1961 3167 2311 3251 intelligentia}
2338 3177 2385 3251 vi
2415 3167 2572 3229 mera.
2611 3178 2781 3251 nescio
2809 3167 3104 3251 quid;aliud
3133 3180 3312 3237 videtis
3340 3192 3390 3237 et
3440 3167 3563 3251 pro-

1957 3242 2196 3319 tundunt.
2262 3247 2438 3319 lrobo
2506 3242 2870 3313 conjecmrain
2936 3248 3227 3304 Sthecliii
3292 3271 3306 3305 :
3374 3242 3562 3319 Quid?

1960 3308 2100 3380 Ergo
2135 3328 2221 3368 uos
2248 3317 2347 3393 soli
2386 3308 2651 3393 sapientiae
2693 3320 2886 3393 conditi
2926 3330 3077 3390 atque
3122 3308 3469 3393 intelligenda:
3515 3327 3564 3378 ri

1956 3398 2123 3462 inera,
2158 3387 2324 3462 nescio
2362 3389 2487 3457 quid
2518 3391 2684 3462 ullius
2724 3392 2904 3443 videtis
2950 3387 3001 3444 et
3042 3387 3392 3462 profundius?
3426 3395 3559 3448 Vide

1956 3452 2127 3533 inlpp.
2157 3456 2222 3509 ad
2254 3452 2395 3533 est.
2423 3459 2586 3533 verbo
2606 3463 2764 3533 altum
2797 3472 2841 3515 et
2865 3452 3202 3533 profundunt.
3236 3465 3336 3518 Pro
3361 3467 3560 3520 conditi

1956 3524 2080 3605 loco
2106 3541 2227 3605 cum
2251 3530 2597 3605 Oudendorp.
2627 3524 3080 3605 adApulei.,'lib.
3109 3551 3146 3597 i,
3178 3551 3295 3605 pag.
3326 3536 3358 3591 8
3383 3554 3395 3589 :
3419 3537 3556 3591 Con-

1955 3598 2099 3663 ditce,
2135 3598 2184 3651 id
2216 3608 2318 3665 est,
2348 3603 2661 3666 reconditie,
2696 3598 2886 3657 litteris
2931 3605 3049 3658 scil.
3080 3598 3349 3661 Vix-enim
3394 3609 3555 3662 latine

1952 3666 2057 3721 dici
2087 3680 2260 3738 potest
2290 3672 2406 3725 vino
2436 3673 2670 3729 conditus
2699 3674 2767 3728 de
2792 3675 2963 3728 ebrio.
2998 3675 3100 3729 Pro
3123 3694 3263 3731 mera
3289 3676 3554 3734 Meursius

1952 3738 2007 3791 in
2036 3740 2306 3808 Append.,
2339 3746 2575 3798 mavult:
2602 3743 2667 3799 1n
2698 3762 2756 3799 ea
2785 3761 2859 3799 re.
2900 3746 3104 3802 ORELL.

2027 3827 2179 3883 Unde
2216 3835 2467 3888 acuminis
2496 3846 2544 3888 et
2587 3824 2866 3890 vivacitatis
2895 3846 3110 3892 tantum.
3155 3838 3410 3897 Viuacitus
3449 3841 3552 3897 hoc

1952 3898 2073 3975 loco
2104 3902 2298 3975 ingenii
2324 3905 2474 3975 vigor
2492 3915 2547 3960 et
2571 3907 2842 3973 celeritas,
2874 3919 3116 3963 nostrum
3151 3911 3310 3967 ινδεχ.
3343 3914 3547 3969 Onam”

2020 3970 2468 4052 Aut-incomptus,
2491 3994 2606 4052 cum
2653 3970 2838 4052 fuerit,
2861 3981 3010 4034 scire.
3045 3980 3171 4052 Legi
3204 3986 3384 4039 tnalim
3412 3986 3550 4040 :Aut

1948 4041 2258 4106 inconditus,
2286 4041 2431 4125 cum_
2442 4049 2617 4125 fuerit.
2653 4041 2803 4125 Nam
2816 4041 3084 4105 incondita
3122 4041 3346 4125 proprie
3374 4070 3548 4121 oppo-

1950 4123 2151 4195 nuiitur
2175 4117 2474 4195 numerosis.
2505 4118 2716 4195 Cicero.
2752 4121 2843 4175 lib.
2877 4138 2955 4186 ιιι,
2997 4125 3065 4178 de
3092 4117 3355 4180 Oratore:
3381 4117 3548 4195 quue

1951 4184 2190 4261 princeps
2218 4185 2474 4261 Isocrates
2498 4189 2779 4246 instituisse
2806 4184 2990 4261 fertur,
3019 4206 3076 4248 ut
3111 4197 3426 4250 inconditum
3455 4184 3552 4249 an-

1948 4255 2202 4337 tiquorum
2249 4258 2450 4312 dicendi
2492 4255 2945 4337 consuetudinarii,
2979 4255 3353 4321 delectationis
3398 4278 3549 4337 atque

1947 4328 2367 4405 auriuut_causa_,
2397 4333 2619 4387 numeris
2664 4328 3021 4405 adstringeret.
3062 4337 3303 4393 lienam.
3346 4369 3417 4379 —
3459 4328 3547 4393 Νιι

1948 4399 2279 4478 mutandum.
2314 4402 2447 4457 Nam
2477 4405 2790 4478 incomptum
2819 4399 3127 4461 sermonem
3175 4409 3397 4478 Opponit
3439 4411 3544 4462 Ar-

1948 4469 2140 4543 nobius
2168 4486 2273 4525 non
2303 4489 2594 4537 numeroso,
2621 4469 2713 4528 sed
2736 4479 3037 4543 composite,
3059 4478 3108 4529 id
3131 4469 3544 4534 esti-artiﬁciosa:

1948 4541 2336 4616 concinna-que
2392 4554 2677 4599 Structurae
2721 4541 3169 4616 collocationique
3228 4548 3539 4603 verborum.

1948 4609 2082 4683 ()pp.
2118 4615 2425 4682 incomptus,
2451 4616 2709 4668 horridus.
2744 4615 2861 4669 Vid.
2886 4615 3024 4678 Cic.,
3053 4609 3119 4670 de
3139 4617 3351 4671 Orator.
3385 4635 3423 4682 t,
3450 4619 3539 4676 il:

1946 4681 2197 4756 Quiutil.,
2229 4681 2398 4756 Instit.
2426 4700 2498 4756 ι,
2524 4701 2574 4739 c.
2609 4691 2672 4756 lg.
2707 4685 2735 4756 §
2761 4685 2865 4750 44,
2895 4697 2977 4752 et,
3006 4688 3095 4756 qtti
3126 4688 3193 4741 de
3237 4688 3341 4750 hoc
3372 4690 3542 4746 verbo

1947 4753 2146 4829 multus
2171 4767 2272 4815 est,
2304 4771 2321 4809 ι
2350 4754 2448 4829 Ch.
2476 4755 2588 4829 ΪΙἸιζ
2612 4753 2822 4829 Ernesti
2855 4759 2905 4811 in
2937 4753 3133 4829 Lesico
3160 4758 3540 4829 Techno'ogiin

1946 4824 2306 4900 lat._rhc_tor.,
2336 4826 2519 4900 verbis
2548 4824 2890 4900 Compositio,
2921 4825 3264 4900 Cumpositus.
3331 4824 3536 4887 Οκεῖι.

2020 4892 2290 4949 Fornicem
2325 4892 2685 4952 Lucilianum;
2703 4892 2901 4953 Forniit
2929 4892 3143 4955 videtur
3169 4902 3331 4956 fuisse
3355 4903 3540 4958 titulus

1948 4962 2135 5018 incerti
2168 4968 2453 5021 satirarum
2478 4968 2872 5024 Lucilianarum
2902 4969 3047 5034 libri,
3080 4973 3341 5030 olisrteni.
3371 4982 3431 5028 ut
3456 4974 3541 5028 vi-

1945 5034 2478 5113 deturhargumenti.
2513 5041 2642 5094 Natu
2675 5043 2881 5113 fornix.
2914 5042 2974 5113 id
2995 5043 3135 5110 quod
3169 5044 3407 5113 lupanar.
3440 5043 3542 5099 lsi-

1945 5104 2350 5184 (Ξυνιιξοιξιᾷεζ.Δ
2377 5110 2467 5184 lib.
2503 5126 2557 5173 χ,
2592 5104 2711 5182 pag.
2737 5112 2886 5184 1075
2908 5154 2923 5179 ,
2950 5104 3108 5168 Auct.
3141 5104 3267 5184 ling.
3298 5116 3414 5177 lat.,
3446 5114 3536 5171 ed.

1945 5174 2241 5255 Godtd'redi’
2261 5174 2289 5233 ἶ
2300 5174 2636 5255 Fornicarius
2656 5174 3057 5255 Etjt‘ornicatrix
3075 5196 3166 5248 est,
3189 5174 3337 5253 cujus
3357 5174 3544 5255 corpus

1947 5248 2205 5326 publicum
2240 5260 2290 5305 et
2320 5254 2528 5326 uulgare
2567 5263 2662 5310 est.
2698 5253 2825 5309 ch
2865 5256 2955 5308 sub
2984 5256 3209 5309 arcuatis
3248 5248 3540 5326 prosterne-

1945 5318 2149 5396 b_ant_ur_,
2182 5338 2296 5396 qua:
2322 5318 2434 5396 locu
2463 5327 2685 5396 fornices
2715 5326 2976 5379 dicuntur.
3022 5326 3148 5379 Inde
3184 5318 3305 5380 nata
3353 5342 3543 5381 recen-

1948 5390 2098 5466 tioris
2127 5390 2405 5466 latinitatis
2433 5390 2687 5451 vocabula
2722 5397 2976 5466 {emicare
3002 5406 3054 5450 et
3085 5396 3376 5465 fornicatio.
3408 5397 3542 5454 Vide

1948 5461 2105 5539 Voss.
2140 5463 2375 5536 Etymol.
2398 5467 2597 5539 noun,
2616 5461 2778 5523 verbo
2806 5467 2980 5535 fornix
3003 5475 3059 5521 et.
3084 5461 3455 5539 Oudendorp.,
3484 5468 3540 5523 in

1948 5534 2134 5601 Apul.,
2171 5534 2293 5605 pag.
2319 5538 2442 5593 465.
2469 5537 2543 5593 Ita
2583 5537 2765 5592 Horat.
2799 5534 2835 5600 i,
2864 5553 3026 5591 serin.
3058 5554 3116 5602 ιι,
3157 5537 3263 5593 50:
3292 5534 3471 5593 Ole'nte
3488 5540 3543 5594 in

1947 5607 2142 5676 fornice
2168 5618 2404 5662 stantem.
2438 5609 2538 5661 l’ro
2565 5608 2889 5662 Lucilianum
2912 5608 3173 5662 Meursius
3211 5611 3314 5676 leg.
3348 5620 3538 5665 ceu~et

1946 5674 2298 5731 chilianum.
2323 5679 2425 5734 Sed
2443 5679 2608 5739 nulla,
2637 5680 2777 5745 quod
2796 5680 2928 5741 scio,
2952 5679 3106 5747 hujus
3134 5674 3542 5735 nominisCmci—

1946 5749 2003 5802 lii
2045 5749 2308 5803 coinmdia
2360 5752 2554 5804 citatur
2598 5749 2667 5803 ab
2709 5749 2979 5818 antiquis,
3034 5748 3368 5811 Scriverius,
3399 5752 3542 5815 apud

1947 5820 2195 5890 eumdem
2227 5820 2448 5890 Meitrs.,
2480 5836 2598 5890 pag.
2637 5820 2727 5887 5i,
2755 5825 2898 5889 conj.
2933 5818 3276 5876 Licinianum.
3310 5825 3515 5878 υιιειι.

2021 5888 2294 5958 Marsyam
2322 5888 2621 5964 Pomponii.
2653 5888 2926 5963 Pomponii
2950 5902 3120 5965 poeta:
3146 5893 3252 5951 duo
3274 5893 3554 5952 celebran-
