3986 6330
134 366 245 424 825

1420 365 1624 423 LIBER
1667 361 2045 421 SECUNDUS.

3331 358 3438 418 826

133 485 334 557 ignium
377 484 822 542 conversionibus
867 480 1039 541 ﬁeri’?’
1073 473 1213 557 ι³θέξι
1239 483 1422 540 ctione
1467 496 1727 554 aquarum
1755 487 1807 546 Α
1836 479 1991 535 nobis
2019 489 2074 536 et
2102 480 2256 536 vobis
2284 493 2448 536 unum
2480 485 2535 535 et
2564 476 2771 534 socium
2801 476 3028 535 credere
3057 494 3070 533 :
3106 477 3262 534 vobis
3299 478 3437 535 veli-

132 553 368 632 fhales?
396 576 730 649 Pythagoras
758 592 984 632 numero
1007 553 1216 632 ὁ¹“¹¹¹δί³
1284 553 1589 645 :‘orporales
1618 573 1728 628 for-

130 683 244 724 mas
276 668 473 724 Plato?
503 667 898 724 individuorum
933 666 1078 724 Deli.
1108 662 1143 747 ‘_
1208 667 1222 729 '.
1290 661 1733 722 ‘boncnrsiones?

131 772 222 817 aut
250 762 352 824 illi.
384 762 478 833 qui
505 772 786 818 autumant
832 763 962 818 nihil
1015 746 1051 793 δ’
1198 754 1441 839 ³βῆιηίηο
1485 775 1729 830 compre-

132 854 318 923 hendi,
352 871 420 910 an
451 856 517 910 sit
544 870 730 911 verum
753 856 893 925 quod
927 852 1025 910 did
1096 847 1376 913 ‘1‘3ﬂiuut:
1410 862 1502 907 aut
1528 853 1727 922 ipsum,

129 948 274 1020 quod
303 948 567 1003 definiunt
592 990 608 1014 ,
652 947 898 1003 veritatis
935 932 1390 1017 esse-intelligunt
1421 944 1731 1017 pronuntia-

128 1041 284 1096 tum?
312 1040 446 1097 Cum
479 1040 641 1113 igit’ur
669 1042 932 1112 comperti
978 1041 1113 1096 nihil
1145 1041 1384 1096 habeatis
1412 1051 1465 1096 et
1505 1040 1725 1111 cogniti,

126 1133 415 1204 omniaque
443 1134 554 1197 illa,
579 1148 698 1205 qua:
727 1133 984 1198 scribitis,
1010 1144 1062 1188 et
1094 1132 1352 1189 librorum
1380 1132 1732 1203 comprehen-

124 1226 254 1282 ditis
281 1228 535 1293 millibus,
567 1226 886 1283 credulitate
923 1228 1247 1281 asseveratis
1271 1226 1406 1281 duce
1434 1242 1448 1279 :
1478 1240 1726 1296 quaenam

124 1319 244 1375 bzee
269 1330 355 1375 est
379 1319 637 1389 judicatio
668 1329 774 1374 tam
805 1320 1032 1389 injusta,
1080 1328 1135 1373 ut
1167 1328 1404 1373 nostram
1436 1316 1727 1372 derideatis

122 1413 313 1479 ﬁdem,
342 1427 504 1484 quam
537 1427 631 1468 vos
662 1411 863 1468 habere
891 1411 1204 1482 conspicitis
1235 1422 1417 1466 nostra
1445 1411 1496 1465 in
1526 1410 1723 1466 credu-

119 1504 277 1560 litate
300 1504 687 1560 communem?
711 1504 816 1559 Sed
841 1504 1176 1575 sapientibus
1198 1518 1293 1557 vos
1318 1502 1447 1557 viris
1474 1502 1725 1557 omnibus

122 1599 412 1655 instructis
446 1599 853 1669 disciplinarum
900 1596 1187 1668 generibus
1224 1594 1485 1652 creditis?
1531 1609 1724 1664 nempe

118 1690 251 1759 illis,
284 1691 375 1763 qui
418 1691 549 1746 nihil
597 1692 857 1755 sciscant,
885 1703 988 1746 nec
1019 1689 1365 1761 pronuntiant
1394 1702 1598 1753 unum;
1631 1688 1720 1758 qui

113 1798 221 1856 pro
266 1785 382 1841 suis
425 1785 711 1841 sententiis
743 1784 886 1840 bella
925 1798 1049 1838 cum
1092 1782 1499 1838 adversantibus
1526 1796 1720 1838 consev

1835 574 1902 628 tis
1932 573 2079 638 dari,
2113 572 2258 645 quod
2288 572 2362 628 ita
2392 571 2589 627 abillis
2615 570 2859 638 dicatur,
2900 570 3184 647 accipere;
3213 585 3311 626 vos
3337 584 3436 637 ea,

1832 681 1951 736 quae
1985 664 2333 735 proferuntur
2368 680 2398 719 a
2438 662 2676 730 Christo,
2707 663 2898 719 audire
2927 672 2983 719 et
3007 660 3259 747 “notare
3288 661 3435 719 noli-

1833 760 1935 814 tis?
1964 760 2127 829 Atqui
2157 761 2200 814 si
2233 775 2425 814 causas
2463 759 2642 815 causis
2663 799 2678 826 ,
2710 769 2895 830 partes
2921 752 3093 835 parti“
3119 800 3160 838 8.,
3195 757 3433 847 volueri-

1831 866 1950 904 mus
1974 866 2189 922 aequare
2218 870 2232 905 :
2266 851 2436 923 magis
2466 865 2566 906 nos
2596 850 2838 905 valemus
2869 850 3118 917 ostendet
3142 922 3145 925 ν
3226 849 3331 939 and
3374 850 3429 906 in

1830 944 2048 1001 Christo
2078 946 2339 1001 fuerimus
2376 946 2587 1010 secuti,
2631 961 2791 1017 quam
2845 946 2899 1000 in
2941 946 3139 1020 philosc
3230 960 3275 1023 1,5
3301 946 3431 1019 quid

1832 1051 1947 1091 vos.
1979 1038 2058 1092 Ae
2086 1052 2184 1093 nos
2211 1038 2424 1108 quidem
2456 1039 2509 1093 in
2538 1037 2629 1092 illo
2659 1038 2830 1092 secuti
2862 1038 2978 1093 ltu‘c
3004 1053 3143 1101 sumi
3209 1078 3237 1123 ἑ
3263 1046 3455 1109 opera'

1830 1131 1920 1186 illa
1956 1133 2261 1201 magnilica,
2288 1133 2799 1203 potentissimasque
2824 1131 3071 1197 virtutes,
3104 1115 3240 1215 qthls
3268 1132 3431 1189 variis

1829 1223 2000 1279 edidit
2025 1224 2377 1295 exhibuitque
2404 1224 2696 1290 miraculis,
2729 1223 2922 1295 quibus
2950 1226 3124 1294 quivis
3152 1233 3334 1295 posset
3360 1224 3428 1280 ad

1828 1318 2206 1374 necessitatem
2250 1317 2587 1373 credulitatis
2627 1317 2855 1384 adduci,
2898 1328 2950 1373 et
2973 1317 3220 1389 judicare
3248 1316 3429 1374 ﬁdeli-

1829 1421 1929 1480 ter,
1957 1429 2064 1467 non
2092 1427 2213 1468 esse
2242 1428 2360 1482 qua:
2390 1413 2582 1493 tierent
2612 1410 2868 1478 hominis,
2898 1411 2994 1467 sed
3024 1411 3219 1467 divinas
3244 1411 3417 1467 alicu-

1822 1507 1911 1578 jus
1963 1515 2124 1578 atque
2171 1506 2457 1577 incognitae
2506 1506 2812 1578 potestatis.
2847 1505 2960 1563 Vos
2989 1506 3043 1561 in
3091 1505 3428 1578 philosophis

1828 1600 2057 1655 virtutes
2084 1599 2253 1653 secuti
2281 1613 2413 1670 quas
2437 1603 2590 1663 estis,
2615 1609 2673 1654 ut
2702 1599 2871 1669 magis
2892 1614 2987 1655 vos
3016 1599 3120 1654 illis
3141 1615 3299 1670 quam
3323 1614 3424 1656 nos

1824 1692 2040 1749 Christo
2078 1692 2375 1763 oportuerit
2414 1692 2672 1748 credere?
2708 1692 3039 1760 Quisnamne
3070 1693 3285 1748 illorum
3330 1692 3427 1748 ali-

1824 1787 2036 1858 quando
2059 1787 2221 1842 verbo
2245 1801 2353 1841 uuo
2376 1786 2570 1858 potuit,
2598 1796 2690 1841 aut
2713 1786 2871 1842 unius
2898 1786 3105 1858 imperii
3129 1786 3375 1858 jussione
3403 1804 3419 1843 :

114 1887 249 1932 runt
274 1918 290 1942 ,
323 1886 381 1932 et
409 1876 708 1948 pervicacia
736 1874 1344 1947 sempr-'v'digladiantur
1373 1874 1587 1940 hostili;
1620 1874 1710 1945 qui

1830 1894 1927 1934 non
1982 1879 2157 1934 dicam
2215 1879 2379 1934 maris
2434 1879 2702 1945 insanias,
2760 1887 2853 1934 aut
2910 1888 3288 1949 tempestatum
3340 1880 3425 1934 lu-

112 1984 243 2024 cum
273 1968 416 2026 alter
434 1968 655 2024 alterius
684 1966 1033 2035 labefactant;
1054 1966 1362 2033 destruunt,
1386 1967 1718 2021 convellunt-

110 2075 225 2132 que
251 2060 490 2125 decreta,
524 2070 714 2116 cuncta
747 2061 950 2116 incerta
991 2060 1256 2124 iecerunt,
1290 2075 1391 2116 nec
1424 2074 1581 2131 posse
1613 2060 1715 2114 ali-

108 2151 247 2224 quid
275 2153 401 2207 sciri
429 2168 496 2207 ex
534 2152 645 2222 ipsa
673 2153 1014 2208 dissensione
1041 2158 1429 2208 menstrarunt.

185 2241 281 2298 Xl.
314 2242 420 2298 Sed
466 2243 849 2300 ollicianrhmc
884 2244 1054 2309 nihil,
1108 2244 1347 2314 nihilque
1378 2244 1712 2316 impediant;

104 2336 411 2408 plurimum
439 2352 549 2409 quo
579 2338 757 2393 minus
803 2339 883 2394 eis
928 2338 1154 2395 credere
1203 2348 1364 2411 atque
1411 2339 1717 2396 auscultare

106 2429 384 2487 debeatis.
420 2431 487 2487 Et
514 2432 640 2502 quid
672 2441 789 2502 est,
843 2433 986 2505 quod
1040 2433 1093 2489 in
1140 2434 1241 2490 hac
1288 2443 1469 2505 parte,
1501 2444 1594 2491 aut
1619 2448 1717 2491 vos

105 2522 410 2593 plurimum
454 2524 696 2581 habeatis
720 2567 735 2592 ,
776 2535 869 2580 aut
909 2541 1007 2583 nos
1057 2528 1277 2584 minus?
1313 2527 1423 2583 Vos
1462 2528 1671 2585 Platoni
1696 2572 1711 2596 ,

103 2630 209 2673 vos
232 2615 473 2686 Cronio,
506 2634 603 2675 vos
629 2618 928 2687 Numeuio,
961 2623 1046 2675 vel
1073 2621 1159 2675 cui
1205 2621 1424 2678 libuerit
1451 2624 1712 2681 creditis:

103 2723 217 2765 nos
237 2709 537 2779 credimus,
561 2719 617 2767 et
641 2713 1036 2781 acquiescimus
1054 2711 1291 2768 Christo.
1313 2712 1573 2786 lniquitas
1601 2715 1718 2773 base

102 2812 314 2875 quanta
337 2813 444 2874 est,
472 2815 527 2862 ut
557 2821 679 2862 cum
710 2806 923 2878 utrique
950 2807 1261 2864 auctoribus
1287 2818 1516 2878 stemus,
1540 2812 1717 2884 sitque

1821 1987 1974 2028 rores
2013 1971 2327 2042 prohibere,
2360 1987 2711 2042 compescere
2745 1990 2758 2027 :
2789 1987 2895 2027 non
2933 1972 3093 2027 caecis
3136 1972 3424 2029 restituere

1821 2067 2021 2123 lumina
2051 2075 2144 2121 aut
2172 2066 2288 2121 sine
2318 2052 2611 2122 luminibus
2643 2066 2783 2121 natis
2809 2066 2940 2122 dare
2972 2085 2985 2121 :
3017 2081 3125 2121 non
3162 2065 3230 2121 ad
3260 2066 3421 2122 vitam
3502 2134 3508 2139 ἱ

1820 2176 2076 2219 revocare
2105 2160 2388 2217 defunctos
2425 2177 2438 2214 :
2471 2175 2596 2221 nou.
2618 2174 2856 2245 curiosas
2886 2159 3187 2217 dissolvere
3213 2160 3423 2232 passio-

1822 2269 1918 2310 nes
1944 2272 1957 2308 :
1990 2252 2086 2309 sed
2116 2253 2259 2325 quod
2289 2254 2620 2309 levissimum
2662 2254 2833 2323 nteito
2859 2264 2971 2320 est,
3006 2253 3379 2329 fer‘vunculum
3402 2298 3420 2325 ,

1821 2350 2056 2405 scabiem
2077 2391 2094 2417 ,
2134 2358 2226 2403 aut
2256 2348 2607 2404 inbmrentem
2637 2349 2903 2419 spinulam
2934 2349 3053 2406 call:
3116 2365 3218 2405 una
3250 2350 3419 2409 inter-

1821 2441 2057 2499 dictione
2084 2443 2310 2498 sanare?
2338 2442 2454 2498 Non
2485 2457 2595 2514 quo
2624 2442 2747 2498 illos
2773 2458 3055 2515 negemus,
3088 2451 3181 2499 aut
3208 2459 3418 2500 morum

1823 2534 2127 2605 integritate
2169 2533 2464 2590 laudabiles
2485 2575 2502 2602 ,
2530 2544 2625 2590 aut
2667 2549 2774 2591 non
2805 2537 2951 2591 omni
2991 2517 3193 2625 gf‘jcre
3218 2534 3424 2592 studio-

1823 2640 1940 2679 rum
1972 2634 2027 2680 et
2052 2624 2460 2695 disciplinarum
2492 2626 2695 2695 peritos
2733 2641 2747 2679 :
2780 2641 2904 2682 nam
2931 2636 2986 2682 et
3017 2627 3195 2683 verbis
3221 2642 3317 2684 eos
3344 2627 3423 2683 lu-

1824 2718 2213 2775 culentissimis
2241 2719 2443 2774 scimus
2474 2718 2615 2790 loqui
2648 2729 2702 2775 et
2748 2720 3226 2789 compositionibus
3254 2720 3425 2791 ﬂuere

1822 2810 2108 2883 levigatis;
2140 2810 2467 2868 concludere
2512 2811 2827 2869 acutissime
2867 2813 3247 2887 syllogismos;
3278 2813 3423 2871 ordi-

1469 2971 2029 3033 COMMENTARIUS.

181 3111 521 3191 Pytlragoras
549 3127 759 3191 numero
788 3112 946 3191 exire;
979 3110 1177 3191 Recepi
1212 3111 1502 3191 intextum
1536 3128 1721 3191 emen-
1747 3115 1792 3179 C
1826 3122 1975 3191 te_ru_s
2014 3115 2122 3191 leg.
2149 3124 2339 3191 censet
2371 3114 2757 3191 Protomo‘sive
2800 3116 3103 3191 Prothoum,
3129 3119 3285 3191 cujus
3313 3135 3424 3176 me-

101 3183 390 3240 dationem
438 3186 751 3253 palmariam
795 3183 846 3240 J.
899 3183 991 3238 Fr.
1042 3183 1302 3239 Gronovii
1348 3185 1612 3247 prolatam
1666 3186 1718 3241 in

101 3255 360 3329 Episwla
400 3256 474 3310 .ad
521 3255 780 3329 Salinas,
824 3254 952 3329 289,
996 3255 1049 3329 in
1104 3254 1321 3329 Sylloge
1367 3255 1539 3329 Epist.
1586 3257 1722 3311 Bur-

99 3325 325 3391 niann.,
352 3336 484 3381 tom.
505 3343 564 3393 ιι,
594 3326 802 3396 ρ.’529.
832 3326 1007 3381 Antea
1035 3325 1352 3396 legebatur:
1390 3326 1721 3397 Pythagoras

100 3414 358 3455 numeros
384 3399 529 3452 scivit
549 3399 576 3453 7
602 3397 747 3468 quod
780 3398 1127 3453 falsissimum
1150 3414 1164 3462 ;
1193 3399 1416 3452 omnino
1444 3400 1589 3454 enim
1617 3415 1719 3455 nu-

97 3484 296 3527 meros
323 3470 530 3525 sciebat.
555 3469 910 3540 Pythagoras,
930 3468 1021 3522 sed
1043 3484 1148 3523 non
1168 3470 1390 3525 numeris
1408 3471 1549 3524 exire
1571 3488 1721 3526 mun-

96 3544 258 3597 dum.
288 3540 532 3596 Herald.:
562 3557 802 3595 numeros
823 3543 978 3594 coire.
1008 3540 1274 3595 Meursius
1298 3559 1311 3596 :
1340 3557 1579 3597 numeros
1599 3544 1720 3596 scit-

96 3614 212 3669 ne?
259 3612 360 3668 Ed.
408 3611 576 3682 Lugd.
625 3611 765 3667 Bat.:
810 3612 1181 3666 nunteros'ire.
1212 3611 1317 3668 Sed
1347 3612 1504 3671 unice
1532 3629 1717 3669 verum

97 3699 329 3741 numero
359 3683 498 3739 exire
518 3684 637 3737 scil.
660 3699 763 3737 res.
792 3682 995 3740 OBELL.

178 3755 387 3810 Nostra
437 3760 491 3809 in
540 3754 849 3810 credulitate
883 3771 1231 3828 communem.
1271 3754 1552 3828 ‘Stewech.
1608 3757 1711 3828 leg.

92 3838 336 3891 censet;
365 3838 544 3880 nostra
569 3843 684 3880 cum
713 3827 1034 3880 credulitate.
1063 3827 1168 3881 Sed
1200 3825 1357 3881 valde
1390 3828 1561 3894 placet
1588 3825 1718 3883 con-

86 3902 321 3971 jecuira
369 3897 581 3971 lieraldi
625 3898 676 3950 in
707 3896 863 3952 Curis
905 3898 1158 3971 secundis
1198 3897 1427 3971 legentis
1457 3908 1620 3971 vestra
1663 3901 1716 3954 in

94 3968 448 4034 credulitate,
482 3968 533 4023 id
575 3980 659 4024 est
687 3985 809 4023 cum
855 3971 1032 4023 omnia
1068 3970 1158 4023 illa
1204 3970 1474 4035 credatis,
1507 3968 1717 4026 habetis

92 4044 274 4098 ﬁdem
305 4054 650 4097 communem
682 4040 982 4095 nobiseum.
1008 4043 1211 4095 URELL.

176 4112 278 4170 XI.
305 4112 504 4167 --Sed
548 4113 768 4182 ofﬁciant
819 4112 926 4167 Ita'c
968 4113 1099 4166 nihil
1136 4113 1364 4182 nihilque
1409 4112 1709 4182 impediant.

90 4184 240 4241 Herc
292 4192 379 4238 est
422 4184 732 4238 emendatio
783 4184 1065 4237 verissima
1119 4183 1209 4238 .lo.
1250 4183 1466 4237 Meursii
1522 4187 1714 4239 merito

91 4258 171 4313 ab
221 4254 437 4311 editore
466 4254 634 4323 Lugd.
692 4255 809 4308 Bat.
871 4255 922 4308 in
960 4263 1190 4310 -textum
1245 4264 1481 4321 recepta.
1530 4253 1712 4310 Codex

91 4344 208 4383 ms.
240 4327 402 4381 habet
427 4343 441 4381 :
468 4326 581 4397 Sed
595 4326 808 4397 c/Iiciant
826 4327 933 4397 lues
950 4326 1183 4397 nihilque
1201 4326 1501 4395 impediant,
1524 4329 1714 4383 vitiose

89 4409 155 4454 et
185 4400 319 4471 sine
343 4412 528 4471 sensu.
558 4396 821 4471 Gelenius
842 4396 1009 4451 edidit
1034 4415 1047 4452 :
1079 4397 1186 4471 Sed
1209 4402 1464 4471 facessunt
1487 4400 1596 4452 haec
1628 4400 1712 4471 ni-

92 4472 286 4539 hilque
303 4470 607 4538 impediant.
630 4469 893 4524 llcraldtts
920 4471 1063 4531 cnttj.
1096 4487 1109 4523 :
1134 4470 1239 4523 Sed
1262 4470 1475 4539 efﬁciant
1503 4471 1611 4524 haec
1637 4469 1715 4523 ni-

1828 3186 2309 3261 minit_Apuleius.
2353 3187 2422 3261 de
2470 3188 2581 3261 Deo
2615 3187 2873 3243 Socratis.
2909 3186 3212 3253 Meursius;
3241 3208 3293 3261 p.
3326 3193 3418 3259 53,

1825 3258 2109 3330 legendum
2137 3266 2323 3313 censet
2351 3259 2585 3330 Stratoni
2612 3261 2786 3315 citans
2817 3262 3174 3330 Augustinum
3202 3258 3270 3317 de
3303 3258 3417 3317 Civ.

1826 3330 1941 3396 Dei,
1969 3329 2066 3401 lib.
2095 3346 2166 3392 vi,
2191 3344 2309 3401 cap,
2338 3329 2434 3392 10;
2458 3328 2781 3396 Seriverius,
2811 3328 2951 3401 apud
2977 3334 3223 3386 ettmdem
3248 3332 3420 3388 Meur-

1821 3402 1959 3473 sium
1988 3398 2216 3473 Cratoni.
2252 3399 2544 3456 Numenius
2572 3398 2924 3471 Apameensis
2954 3402 3141 3473 Syrus,
3178 3403 3418 3467 philoso—

1828 3472 1966 3544 phus
1997 3472 2299 3540 platonicus
2322 3483 2375 3526 et
2404 3474 2806 3544 pythagoricus,
2830 3472 3003 3528 variis
3024 3474 3238 3542 scriptis
3269 3476 3421 3544 nobi-

1822 3541 2027 3615 litatus,
2060 3559 2123 3598 ex
2164 3545 2361 3615 quibus
2403 3541 2554 3612 plura
2579 3541 2884 3615 'fragmenta
2912 3556 3122 3599 exstant
3143 3542 3284 3614 apud
3315 3545 3423 3600 Ett-

1820 3614 2141 3686 sehinmide
2183 3613 2579 3685 Prtrparatione
2606 3613 2938 3686 evangelica,
2981 3617 3075 3671 lib.
3108 3632 3159 3670 ιιι
3185 3613 3258 3672 et
3301 3633 3417 3672 xm.

1820 3683 2149 3758 Ct‘.ﬁASuidas,
2176 3694 2230 3740 et
2260 3683 2494 3758 llesych.
2517 3686 2685 3742 Miles.
2718 3683 2770 3741 in
2801 3687 2918 3758 ejus
2946 3690 3074 3742 vita.
3105 3686 3313 3743 Οιιειι..

1897 3756 1964 3811 Ut
1986 3774 2102 3810 cum
2124 3758 2323 3830 utrique
2347 3756 2646 3830 auctoribus
2668 3756 2876 3830 stemus.
2913 3758 3038 3814 Haec
3063 3767 3146 3830 est
3181 3759 3422 3830 Sagacis-

1820 3825 1954 3882 sima
1995 3825 2306 3882 emendatio
2341 3827 2573 3883 Gelcnii.
2613 3829 2745 3883 Cod.
2792 3843 2894 3883 ms.
2939 3839 2992 3884 et
3035 3829 3123 3883 ed.
3153 3825 3292 3885 rom.
3321 3848 3335 3884 :
3367 3842 3423 3885 ut

1820 3915 1935 3953 cum
1960 3899 2184 3965 utrisque
2213 3900 2507 3954 auctoribus
2529 3910 2748 3970 tempus,
2780 3900 2962 3970 inepte
2986 3910 3042 4027 (ὃ
3064 3900 3213 3954 ιιιιΙΙο
3232 3916 3420 3958 sensu.

3046 3988 3203 4026 BELL.

3046 3988 3203 4026 ΚΕΗ..

1904 4040 2054 4094 Vobis
2080 4041 2243 4096 velitis
2275 4040 2407 4107 dari,
2438 4041 2576 4113 quod
2601 4042 2761 4115 itarab
2788 4043 2893 4098 illis
2920 4043 3128 4108 dicitur,
3162 4045 3418 4115 accipere,

1818 4128 1904 4166 eos
1945 4130 2026 4177 ea,
2069 4130 2182 4180 qum
2224 4115 2557 4181 proferuntur
2585 4131 2614 4165 a
2646 4114 2869 4180 Christo,
2912 4115 3094 4168 audire
3112 4127 3157 4167 et
3195 4114 3424 4184 spectare

1818 4184 2290 4256 nolitis._Stcwech
2323 4186 2467 4252 conj.
2495 4203 2511 4239 :
2538 4185 2688 4240 vobis
2711 4187 2887 4242 velitis
2908 4186 3044 4246 dari.
3074 4186 3330 4256 quidquid
3352 4188 3421 4241 ab

1820 4254 1928 4327 illis
1978 4254 2209 4321 dicatur,
2258 4256 2501 4325 arripere
2549 4272 2645 4310 nos
2688 4273 2785 4321 ea;
2832 4271 2952 4327 qum
2994 4254 3342 4327 proferuntur
3389 4273 3420 4312 a

1816 4325 2037 4381 Christo
2063 4328 2250 4398 audire
2280 4338 2328 4381 et
2366 4338 2614 4398 spectare
2645 4325 2862 4383 nolitis.‘
2897 4325 3158 4398 Equidem
3201 4328 3420 4396 propius

1816 4398 1881 4451 ad
1916 4398 2077 4452 verba
2098 4397 2321 4454 Arnobii
2350 4398 2633 4466 legendum
2651 4405 2850 4454 censeo
2875 4417 2886 4452 :
2921 4397 3073 4451 Vobis
3100 4400 3260 4452 velitis
3281 4400 3416 4461 dari,

1817 4469 1956 4540 quod
1983 4469 2047 4523 ab
2077 4471 2180 4524 illis
2208 4472 2430 4535 dicatur,
2461 4472 2690 4539 accipere
2720 4487 2834 4531 nos;
2866 4485 2924 4540 ea
2946 4484 3062 4537 qua:
3090 4474 3421 4540 proferuntur

91 4537 201 4604 hil,
228 4537 461 4609 nihilque
479 4541 764 4612 impediant
786 4556 804 4593 .'
827 4540 956 4612 nihil
980 4540 1197 4612 efﬁciant
1220 4537 1494 4612 explicans
1520 4543 1715 4595 frustra
1738 4541 1799 4609 ,D
1823 4537 1856 4594 ἐι
1886 4539 2110 4612 Christo,
2146 4541 2327 4612 audire
2348 4550 2395 4593 et
2416 4537 2645 4612 spectare
2659 4541 2851 4612 nolitis,
2870 4537 3028 4612 Certe
3054 4554 3105 4590 v.
3122 4537 3194 4591 ita
3220 4540 3421 4608 impor-

88 4615 214 4667 sint
238 4655 255 4678 ,
290 4612 486 4668 elfectu
536 4622 759 4667 careant

88 4684 198 4740 lib.
257 4699 446 4755 xxvttl.
492 4698 611 4755 cap.
659 4684 713 4745 9.
761 4692 816 4737 et
864 4681 1179 4755 Ruhnken.,
1228 4684 1293 4736 ad
1338 4682 1713 4755 Rutilanpq

88 4757 197 4811 lib.
231 4772 268 4810 ιι
303 4769 356 4825 p.
385 4754 535 4827 120).
564 4754 737 4827 Quam
768 4765 944 4807 tamen
969 4754 1336 4827 conjecturam
1376 4755 1488 4824 ipse
1521 4754 1714 4811 lleral-

89 4829 207 4882 dus
238 4824 504 4881 retractat
522 4830 573 4882 in
602 4825 761 4882 Curis
792 4824 1063 4879 secundis.
1099 4829 1303 4879 Unam“

189 4897 293 4953 Vos
326 4897 558 4963 Platoni,
603 4914 689 4953 vos
733 4896 942 4959 Granio,
985 4911 1072 4949 vos
1116 4895 1395 4950 Nnmenio.
1441 4895 1532 4953 Sic
1570 4897 1713 4953 edidi

84 4986 228 5027 cum
261 4968 474 5040 editore
505 4967 1002 5040 Lugdune-Batavo
1030 4983 1099 5021 ex
1133 4968 1515 5040 emendatione
1554 4967 1709 5023 Fulv.

85 5040 309 5099 Ursini.
341 5038 522 5096 Codex
556 5038 658 5095 ms.
689 5039 850 5094 habet
874 5038 1136 5104 Crotonio,
1159 5038 1311 5109 eujus
1333 5039 1469 5108 apud
1501 5049 1715 5095 veteres

90 5114 260 5169 nulla
291 5113 517 5168 mentio.
554 5112 800 5168 Defendit
832 5122 1010 5165 tamen
1051 5111 1187 5178 llug.
1227 5109 1445 5165 Grotius
1472 5110 1538 5164 ad
1568 5110 1715 5164 Mar-

84 5183 518 5258 cian._Capell..
553 5183 648 5237 lib.
684 5200 754 5249 vt,
796 5198 854 5258 ιιἒ
872 5181 999 5258 209.
1034 5186 1713 5258 putansessexpordmto;

133 5256 317 5332 enth
344 5273 372 5332 τι
405 5257 622 5332 Κρότων,
659 5264 796 5332 teste
819 5255 1118 5332 Stephano,
1146 5254 1414 5332 .c_t_inuui_
1438 5254 1507 5309 ab
1533 5261 1713 5332 Arno-

133 5273 317 5312 eunte
344 5273 372 5307 31
405 5273 622 5332 κροτων,
659 5273 796 5310 ιυειο
825 5273 1118 5321 διιειιιιιιιιο,
1163 5273 1218 5308 Cl
1249 5273 1396 5308 11111111
1438 5273 1507 5309 au
1535 5273 1713 5307 arno-

83 5273 195 5384 ﬁio
246 5327 630 5398 Pythagoram.
675 5326 891 5398 Cronius
920 5335 1099 5380 autem
1144 5325 1504 5398 PhilosOphus
1532 5323 1715 5398 Plato-

83 5396 305 5465 nicus,’
325 5396 604 5453 familiaris
651 5397 932 5460 Numenii,
980 5406 1310 5451 memoratur
1342 5397 1412 5450 ab
1460 5396 1711 5458 Eusebio.

82 5470 251 5527 Hist.
282 5470 509 5533 eccles.,
535 5470 627 5524 lib.
663 5486 736 5534 νι,
766 5483 886 5537 cap.
920 5468 1007 5523 l9.
1044 5469 1301 5540 Gelenius
1332 5467 1513 5540 (quem
1541 5468 1715 5540 secuti

82 5541 355 5613 plerique
386 5541 646 5613 editores)
678 5543 748 5594 ita
783 5541 1009 5613 mutavit
1036 5557 1049 5591 :
1081 5556 1166 5594 ros
1191 5538 1420 5603 Platoni,
1456 5538 1713 5613 vos__Plo-

78 5610 239 5678 lino,
270 5629 358 5667 vos
390 5610 669 5677 Nuntenio,
695 5624 750 5665 et
783 5610 879 5663 hos
910 5620 1016 5663 tres
1038 5613 1313 5680 conjungit
1346 5615 1507 5665 etiam
1538 5610 1715 5666 Thro-

77 5686 356 5745 duretus,
385 5699 551 5737 Serm.
584 5701 638 5744 ιι,
672 5684 739 5739 de
767 5682 1069 5747 Principiis,
1106 5700 1156 5752 p.
1190 5685 1291 5736 55:
1325 5686 1511 5738 Αὐτίκα
1548 5686 1714 5738 τοίνυν

76 5762 198 5814 τήν
238 5755 496 5816 Πλάτωνος
526 5754 739 5811 διάνοιαν
766 5756 1179 5815 ἀναπτύσσοντες
1207 5759 1287 5808 καὶ
1312 5754 1339 5809 ὁ
1367 5756 1609 5815 Πλωτῖνος
1636 5759 1716 5810 καὶ

76 5832 403 5897 Νηνμήνιος.
433 5826 675 5881 Plotinus
699 5829 949 5897 princeps
978 5825 1513 5897 Neoplatonicorunt,
1548 5826 1715 5897 notis-

78 5896 284 5954 simus
311 5913 343 5952 e
372 5898 476 5953 vita
500 5913 531 5953 a
554 5897 858 5969 Porpltyrio
890 5896 1154 5966 discipulo
1185 5897 1408 5966 scripta.
1441 5896 1544 5951 'l‘h.
1571 5896 1718 5951 Cano

810 4610 970 4679 (Vide
1019 4610 1081 4666 C.
1133 4611 1343 4677 Barth.,
1395 4611 1756 4680 Adversum.

1824 4620 2011 4666 lunum
2042 4604 2143 4667 hoc
2170 4604 2365 4666 loco'et
2399 4604 2557 4678 plane
2585 4609 2895 4664 delendum.
2923 4609 3126 4662 OaELL.

1895 4683 1957 4736 Et
1970 4684 2211 4754 judicare
2232 4681 2468 4746 ﬁdeliter.
2490 4681 2638 4754 Nave
2654 4680 2872 4754 ﬁdeliter
2892 4679 3026 4733 dixit
3054 4680 3415 4754 pro_e_o,‘quod

1819 4764 1900 4809 est
1928 4748 2142 4822 ﬁdenter
2169 4763 2222 4807 ct
2252 4758 2514 4822 audacter.
2546 4751 2863 4807 Prudentius
2886 4764 3100 4820 quoque
3130 4748 3297 4817 fidelis
3321 4765 3418 4820 pro

1738 4840 1744 4847 ·
1819 4820 2176 4900 credibilia
2227 4821 2333 4877 ﬁde
2398 4820 2563 4893 (ligno
2613 4823 2895 4893 usurpavit
2951 4826 3073 4900 περὶ
3123 4822 3412 4896 Στεφάνων,

1821 4897 2018 4968 hymno
2042 4898 2109 4953 10
2133 4914 2147 4950 :

2002 5006 2122 5072 Euge
2145 5008 2186 5058 si
2210 5009 2322 5072 quis
2344 5019 2515 5059 amens
2539 5008 2757 5072 fabulosa
2780 5012 3047 5071 exrsttmat,

2002 5068 2097 5134 yel
2123 5068 2242 5132 ipse
2255 5078 2361 5121 tute
2386 5072 2427 5120 si
2452 5085 2625 5134 parum
2649 5071 2845 5134 lideliaq,
3035 5068 3041 5071 ⁷
3104 5088 3107 5097 ί

2002 5131 2200 5182 Rebare
2227 5134 2437 5197 pridem,
2456 5131 2582 5185 'vera
2606 5131 2875 5197 cognoscas
2894 5136 3027 5186 licet.

2818 5217 3075 5286 'Msons.,
3103 5235 3155 5289 ῃ.
3186 5218 3274 5275 54.

1891 5324 2291 5383 Fervuuculutn.
2316 5329 2393 5385 lta
2430 5329 2607 5385 editor
2646 5324 2818 5397 Ludg'.
2843 5324 2984 5397 Bat.,
3006 5333 3066 5397 I_tt
3090 5323 3321 5397 videtur,
3351 5338 3416 5378 ex

1819 5413 1921 5452 ms.
1953 5399 2075 5453 cod.
2127 5399 2456 5466 fervunculus
2499 5418 2527 5455 a
2576 5395 2811 5455 fervmé.
2852 5395 2958 5449 vid.
3004 5395 3090 5449 Fl.
3131 5395 3308 5464 Caper
3352 5398 3420 5449 de

1817 5469 2014 5543 Verbis
2040 5470 2220 5543 dubiis
2252 5489 2371 5543 pag.
2398 5474 2563 5537 2248,
2598 5466 3021 5543 in_Colleetione_
3034 5466 3291 5543 Putscltii.
3312 5466 3417 5521 Alii

1819 5540 2003 5610 legunt
2045 5534 2396 5609 furunculum,
2438 5534 2579 5613 quod
2626 5541 2764 5596 idem
2822 5548 2943 5613 es_t._
2972 5534 3316 5613 Furunculus
3346 5547 3420 5593 est

1819 5607 2134 5667 tuberculum
2153 5626 2356 5668 oculum
2373 5607 2486 5674 cum
2505 5614 2768 5683 inﬂatione
2790 5620 2836 5665 ct
2854 5609 3054 5663 dolore.
3075 5607 3241 5673 Cels.,
3264 5608 3418 5675 lib.v,

1818 5697 1940 5753 cap.
1973 5684 2070 5740 ult.
2096 5686 2375 5741 lNOstrum
2406 5685 2591 5755 Aisse.)
2621 5683 2824 5738 OBELL.

1893 5749 2355 5827 Compositionibus
2392 5758 2549 5827 fluere
2573 5749 2828 5825 'levigatis.
2861 5749 3219 5827 Levigare.....
3249 5750 3423 5827 ligurrit

1819 5834 1866 5900 et
1891 5820 2094 5900 mquam
2124 5831 2314 5899 facere,
2337 5820 2727 5900 glauntaclten,
2745 5820 3024 5900 -verebtteu,
3048 5823 3259 5900 glauci}:
3287 5820 3422 5878 Vide

1816 5891 2193 5969 Ottdendorp.,
2217 5900 2266 5954 iu
2295 5891 2526 5970 Apuleii.
2559 5897 2685 5952 Mcl.
2708 5891 2799 5953 lib.
2835 5910 2892 5963 ιι,
2919 5891 3417 5966 βαςᾶὅᾶοκειιη
