4020 6274
557 334 657 411 ast

1664 353 1940 414 ARNOBII
1981 353 2343 413 ADVERSUS
2380 354 2655 412 GENTES

3732 363 3737 367 ‘
3764 348 3877 409 8δέ

559 468 792 531 clausas?
825 467 932 525 Vos
958 468 1100 526 enim
1130 482 1238 524 non
1266 484 1455 527 omnes
1486 485 1585 542 pro
1616 472 1826 527 illarum
1855 473 2040 544 geritis
2067 474 2151 527 in-
2180 476 2228 537 Α
2261 486 2417 543 posse
2442 472 2684 528 dolorem
2726 471 3046 529 admittere?
3072 472 3217 546 quod
3266 482 3459 555 autem.
3481 470 3686 529 sentiat
3718 468 3885 525 dolo-

561 561 960 617 columitatibus
982 575 1161 627 curas,
1195 577 1300 618 non
1328 563 1471 634 quod
1499 564 1642 619 vitiis
1664 565 1946 632 ouuiibus,
1980 573 2037 621 et
2062 580 2155 621 cu-

559 652 871 723 piditatibus
919 654 1235 711 abstineatis
1260 665 1286 693 ει
1321 666 1536 713 :metus
1586 657 1676 713 ille
1705 672 1801 713 vos
1850 658 2031 721 habet.
2087 675 2156 716 ne

558 745 709 802 velut
750 745 1040 803 trabalibus
1088 747 1254 802 clavis
1300 747 1476 813 afﬁxi,
1528 750 1844 819 corporibus
1883 749 2154 805 haereatis.

565 837 701 908 Quid
732 838 808 893 illi
840 838 939 893 sibi
991 839 1179 895 volunt
1202 853 1529 897 secretarum
1558 844 1749 896 artium
1781 842 1934 909 ritus,
1964 842 2157 913 quibus

561 929 798 988 all'amini
827 931 1012 986 nescio
1042 947 1177 1003 quas
1209 942 1522 1003 potestates,
1556 924 1612 988 ut
1655 934 1763 989 sint
1791 935 1943 990 vobis
1984 934 2155 1004 placi-

561 1021 680 1086 das,
733 1037 909 1093 neque
936 1023 1002 1077 ad
1033 1022 1194 1081 sedes
1234 1024 1598 1081 remeantibus
1645 1025 1840 1097 patrias
1883 1026 2156 1083 obstacula

558 1115 921 1183 impeditionis
945 1119 1260 1188 opponant?

631 1208 773 1266 XIV.
804 1211 1028 1268 Audetis
1062 1211 1240 1269 ridere
1279 1227 1407 1281 nos,
1449 1227 1570 1268 cum
1609 1215 1886 1285 gehennas
1906 1214 2154 1282 dicimus,

559 1309 616 1357 et
666 1301 1107 1375 inextinguibiles
1152 1305 1413 1374 quosdam
1460 1306 1641 1376 ignes,
1683 1307 1735 1363 in
1766 1323 1903 1378 quos
1952 1308 2158 1364 animas

559 1392 720 1464 dcjici
750 1394 818 1449 ab
845 1410 1031 1451 earum
1062 1397 1328 1463 hostibus,
1378 1398 1719 1469 inimicisque
1764 1400 2159 1471 cognovimus?

558 1487 741 1556 Quid?
789 1488 942 1545 Plato
986 1490 1127 1545 idem
1158 1501 1340 1547 vester
1384 1491 1438 1547 in
1477 1506 1544 1547 eo
1588 1492 1900 1560 volumine,
1927 1492 2070 1565 quod
2093 1491 2160 1547 de

559 1582 756 1638 animae
807 1582 1210 1640 immortalitate
1247 1587 1579 1656 composuit,
1630 1601 1736 1641 non
1766 1586 2158 1651 Acherontem,

561 1690 670 1731 non
702 1674 923 1748 Stygem
945 1718 960 1743 ,
998 1691 1109 1732 non
1143 1677 1407 1750 Cocytum
1454 1677 1682 1745 ﬂuvios,
1715 1687 1770 1734 et
1807 1677 2158 1751 Pyriphlege-

562 1765 807 1824 thoutem
839 1768 1105 1834 nominat,
1132 1769 1186 1824 in
1216 1770 1412 1842 quibus
1450 1769 1659 1826 animas
1685 1774 1959 1825 asseverat
1978 1770 2117 1825 volvi
2141 1812 2156 1839 ,

2261 582 2397 632 rem,
2431 566 2883 622 immortalitatem
2925 565 3127 622 habere
3164 580 3270 621 non
3298 566 3503 637 posse?
3542 563 3656 620 Nec
3685 570 3879 619 tamen

2257 657 2376 728 ejus
2401 659 2697 714 auctoritas
2722 658 3009 729 plurimum
3041 672 3072 712 a
3114 657 3342 714 veritate
3370 656 3632 712 declinat.
3660 655 3883 724 Quam-

2258 751 2337 805 vis
2365 752 2506 806 enim
2537 751 2619 806 vir
2646 751 2812 818 lenis,
2855 760 2909 807 et
2950 750 3225 806 benevolus
3264 746 3559 805 voluntatis
3602 747 3881 802 inhuma-

2258 858 2386 896 num
2415 857 2535 898 esse
2564 841 2875 909 crediderit,
2904 842 3123 912 capitali
3167 842 3376 897 animas
3410 840 3685 896 sententia
3727 853 3875 894 con-

2257 935 2500 992 demnari
2535 953 2548 989 :
2583 950 2688 991 non
2716 944 2800 990 cst
2828 948 3004 991 tamen
3037 940 3239 990 absone
3275 934 3582 1005 suspicatus
3624 932 3737 1004 jaci
3781 945 3882 989 eas

2259 1030 2312 1085 in
2344 1030 2565 1085 ﬂumina
2610 1030 2866 1085 torrentia
2909 1030 3244 1085 ﬂammarum
3285 1027 3493 1099 globis,
3522 1037 3577 1081 et
3622 1025 3879 1081 emnosis

2258 1122 2604 1193 voraginibus
2633 1129 2789 1176 tetra.
2822 1120 3102 1176 Jaciuntur
3126 1120 3268 1174 enim
3288 1160 3304 1185 ,
3333 1129 3389 1175 et
3421 1118 3489 1173 ad
3520 1117 3755 1173 nihilum
3786 1133 3881 1174 re-

2259 1217 2463 1283 dactas,
2489 1215 2809 1271 interitionis
2838 1225 3114 1287 perpetuae
3144 1213 3496 1270 frustratione
3537 1221 3879 1270 vanescunt.

2262 1310 2400 1367 Sunt
2444 1309 2587 1363 enim
2626 1307 2819 1363 media:
2867 1307 3168 1378 qualitatis,
3212 1307 3349 1362 sicut
3378 1303 3598 1360 Christo
3645 1314 3885 1362 auctore

2261 1408 2595 1464 compertum
2626 1407 2742 1466 cst,
2789 1406 2843 1453 et
2873 1398 3095 1454 interire
3141 1413 3262 1468 quas
3312 1398 3550 1467 possint,
3598 1397 3781 1453 Deum
3825 1396 3875 1452 si

2262 1489 2670 1563 ignoraverint,
2713 1490 2835 1544 vita:
2870 1498 2924 1545 et
2961 1490 3030 1544 ab
3079 1489 3511 1554 exitioliherari,
3559 1490 3605 1543 si
3632 1488 3701 1543 ad
3755 1489 3885 1559 ejus

2261 1597 2321 1639 se
2359 1584 2552 1648 minas,
2585 1592 2746 1654 atque
2774 1581 3132 1652 indulgentias
3163 1582 3504 1652 applicarint.
3535 1580 3605 1636 Et
3636 1591 3694 1636 ut
3721 1581 3879 1652 quod

2264 1675 2503 1745 ignotum
2540 1684 2623 1729 est
2651 1682 2848 1743 pateat,
2879 1672 2994 1727 haec
3016 1682 3099 1728 est
3130 1672 3365 1727 hominis
3392 1686 3540 1727 mors
3567 1688 3719 1736 vera,
3754 1674 3884 1730 hare

2265 1768 2401 1824 nihil
2423 1765 2701 1822 residuum
2730 1765 2952 1821 faciens.
2976 1764 3109 1819 Nam
3141 1764 3253 1831 illa,
3296 1780 3416 1836 quae
3439 1765 3539 1821 sub
3559 1764 3736 1820 oculis
3756 1781 3890 1820 cer-

559 1860 753 1932 mergi,
777 1861 968 1916 esuri?
992 1862 1056 1917 Et
1084 1862 1246 1917 homo
1272 1862 1572 1935 prudentia:
1598 1877 1703 1917 non
1732 1876 1931 1932 pravae,
1959 1871 2014 1918 et
2039 1878 2163 1918 exa-
2192 1873 2241 1933 Β
2272 1857 2437 1924 nitur,
2470 1857 2766 1912 animarum
2793 1864 2876 1911 est
2898 1870 2927 1910 a
2955 1855 3273 1926 corporibus
3295 1854 3576 1926 dijugatio,
3608 1871 3715 1909 non
3752 1855 3885 1911 linis

559 1954 723 2009 minis
749 1954 1044 2026 iudiciique
1064 1957 1314 2026 perpensi
1342 1972 1457 2012 rem
1482 1955 1873 2025 inenodabilem
1901 1955 2151 2026 suscipit:

561 2054 623 2101 ut
642 2061 764 2102 cum
801 2047 1008 2102 animas
1037 2048 1183 2103 dicat
1212 2048 1576 2116 immortales,
1603 2057 1891 2120 perpetuas
1912 2090 1928 2114 ,
1950 2057 2005 2104 et
2029 2061 2153 2102 cor-

563 2136 738 2207 porali
766 2137 1038 2195 soliditate
1065 2140 1331 2210 privatas,
1354 2139 1530 2211 puniri
1557 2155 1650 2195 eas
1684 2139 1829 2195 dicat
1857 2147 2032 2195 tamen
2051 2179 2067 2204 ,
2098 2145 2154 2193 et

559 2229 839 2286 doloribus
868 2230 1066 2288 alliciat
1089 2247 1366 2289 sensuum.
1387 2235 1517 2301 Quis
1538 2243 1716 2292 autem
1742 2232 2018 2289 hominum
2044 2245 2152 2287 non

559 2321 706 2381 videt
750 2323 893 2396 quod
943 2324 1014 2382 sit
1058 2312 1580 2398 immortale,bquod
1628 2326 1891 2398 simplex,
1940 2324 2148 2380 nullum

2263 1950 2579 2006 abolitionis
2605 1959 2902 2005 extremus.
2933 1947 3078 2015 Haec,
3104 1948 3343 2019 inquam,
3366 1963 3444 2003 est
3465 1948 3702 2003 hominis
3727 1963 3886 2004 mors

2260 2058 2408 2110 vera,
2450 2058 2573 2099 cum
2616 2043 2813 2098 anima:
2867 2042 3170 2115 nescientes
3211 2042 3379 2097 Deum
3425 2056 3524 2112 per
3570 2040 3885 2111 longissimi

2260 2135 2517 2207 temporis
2564 2134 2861 2190 cruciatum
2907 2141 3300 2189 consumuntur
3345 2133 3453 2204 igni
3509 2132 3656 2188 ferro
3685 2130 3714 2170 δ
3743 2173 3761 2197 ,
3823 2133 3882 2189 in

2259 2242 2420 2299 quem
2462 2226 2579 2281 illas
2617 2225 2821 2296 jacient
2863 2223 3081 2296 quidam
3125 2223 3417 2303 crudeliter
3435 2223 3590 2291 saevi,
3635 2232 3696 2278 et
3748 2232 3883 2280 ante

2257 2318 2529 2376 Christum
2560 2317 2835 2389 incogniti,
2867 2325 2923 2373 et
2943 2319 3011 2375 ab
3037 2316 3156 2373 solo
3182 2317 3391 2373 sciente
3418 2314 3644 2373 detecti.

1779 2441 2157 2502 LECTIONES
2198 2437 2619 2497 VABIANTES.

620 2539 649 2569 "
689 2538 963 2592 Abstinetis
980 2540 1121 2593 Fulv.

2312 2530 2343 2572 ιδ
2390 2531 2625 2597 lgnil‘cro,
2651 2544 2745 2584 una
2765 2544 2877 2584 voce
2900 2531 3019 2583 Sub.
3059 2530 3203 2582 male.

1908 2619 2476 2680 COMMENTARIUS:

596 2744 804 2820 roprie_
814 2759 940 2820 esse
964 2746 1247 2820 dicebant,
1273 2756 1463 2820 contra
1505 2762 1640 2820 quos
1669 2746 1909 2818 disputat
1930 2746 2148 2820 fl‘ertul—

581 2817 757 2886 ianus,
790 2816 929 2873 libro
957 2818 1024 2873 de
1046 2818 1464 2875 Resurrectione
1490 2816 1689 2886 carnis,
1715 2816 1769 2875 c.
1789 2820 1874 2874 40.
1904 2819 2145 2874 Humum.

628 2885 935 2961 Trabalibus
972 2891 1130 2945 clavis
1174 2890 1330 2961 afﬁxi.
1367 2889 1508 2945 Clavi
1538 2885 1776 2956 trabales,
1807 2892 1927 2944 scil.
1958 2890 2153 2960 quibus

557 2958 740 3014 trabes
756 2960 947 3014 aedium
967 2958 1463 3031 compingebantur,
1490 2978 1682 3031 graves
1706 2963 1841 3016 adeo
1860 2973 1913 3016 et
1937 2958 2153 3027 porten-

559 3037 693 3103 tosze
725 3032 1137 3103 magnitudinis:
1160 3032 1285 3088 hinc
1314 3049 1409 3103 per
1433 3033 1795 3101 Metaphoram
1824 3032 1893 3088 de
1919 3033 2005 3098 iis,
2034 3045 2155 3103 qua:

558 3099 909 3156 immutabilia
944 3113 1089 3168 sunt,
1132 3119 1252 3172 qua:
1286 3099 1423 3160 adeo
1455 3099 1662 3160 evitare
1707 3120 1814 3159 non
1860 3104 2002 3159 licet.
2049 3099 2158 3156 Ho-

559 3155 695 3236 rat,
744 3155 798 3228 in
842 3155 1258 3230 suassuas
1289 3155 1678 3243 Ῑῦἆόξίζόἆ.
1708 3155 1828 3242 '35,
1861 3155 2017 3231 vers;
2052 3155 2153 3239 #15,
2183 3155 2228 3217 Ο

557 3256 710 3315 seqq.
756 3260 771 3299 :

810 3360 884 3425 ’ξε
905 3375 1106 3425 semper
1128 3363 1287 3412 anteit
1313 3374 1441 3412 Steva
1465 3360 1750 3412 Necessitas

807 3421 978 3474 Claros
998 3421 1213 3474 trabales
1235 3431 1289 3473 et
1310 3437 1497 3474 cuneos
1519 3436 1661 3473 manu

807 3483 1018 3536 Gestans
1047 3486 1225 3535 ahena.

560 3589 663 3648 Ubi
691 3589 799 3645 vid.
824 3592 989 3661 Cruq.
1014 3599 1068 3645 et
1094 3590 1473 3647 Mitscherlich.
1509 3590 1751 3656 Petron.,
1770 3604 1820 3645 c.
1847 3590 1944 3645 75:
1978 3589 2154 3656 Nosti,

558 3663 699 3731 quod
724 3661 881 3715 semel
905 3662 1171 3730 destinavi,
1201 3664 1346 3718 clavo
1373 3663 1556 3717 trabali
1584 3663 1750 3730 ﬁxum
1795 3671 1886 3729 est,
1923 3662 2011 3718 tibi
2041 3662 2152 3716 vid.

555 3732 733 3801 intjip.
763 3732 967 3789 OnnLL.

638 3802 817 3876 Neque
840 3806 907 3858 ad
933 3805 1078 3861 sedes
1104 3807 1443 3861 remeantibus
1473 3807 1667 3875 patrias
1705 3804 1966 3860 obstacula
1992 3807 2157 3876 impe-

560 3875 771 3947 ditionis
800 3889 1080 3947 opponant.
1117 3877 1503 3935 Existimabam
1529 3879 1695 3942 enim,
1745 3878 2019 3932 daemonas
2046 3875 2159 3932 sive

560 3946 750 4019 genios
778 3947 1002 4019 singulis
1031 3947 1336 4005 hominibus
1388 3953 1439 4005 iu
1473 3950 1609 4005 hanc
1637 3950 1811 4004 lucem
1842 3949 2156 4019 prodeunti-

560 4017 663 4073 bus
690 4018 849 4084 -quasi
894 4022 1147 4074 custodes
1173 4031 1226 4073 et
1274 4022 1436 4076 totius
1463 4022 1584 4075 vitte
1612 4017 1982 4075 moderatores
2007 4020 2154 4081 dari;

560 4087 890 4162 eosdemque
935 4090 1206 4145 custodias
1246 4106 1388 4157 suas,
1443 4092 1658 4162 quando
1689 4092 1813 4146 hinc
1839 4091 2054 4158 abeant,
2104 4092 2157 4145 in

555 4158 817 4232 judicium
847 4175 1072 4229 rapere;
1107 4173 1267 4232 atque
1296 4158 1482 4219 eorum
1514 4163 1822 4220 testimonio
1864 4162 1988 4215 ferri
2018 4178 2046 4215 a
2072 4162 2159 4231 ju-

561 4228 680 4302 dice
705 4235 1047 4302 sententiam.
1098 4228 1224 4289 Haec
1268 4245 1385 4291 erat
1411 4236 1651 4291 Platonis
1681 4235 1968 4295 sententia,
1998 4228 2159 4302 quam

561 4300 615 4379 in
644 4300 1209 4379 thdoueproponit,
1241 4317 1294 4379 et
1321 4324 1476 4375 quam
1507 4307 1741 4379 explicat
1771 4300 2052 4379 Apuleius,

560 4370 661 4449 bro
683 4371 751 4428 de
781 4373 891 4449 Deo
914 4370 1170 4449 Socratis.
1216 4378 1297 4434 Cl.
1340 4370 1653 4449 Augustin,
1676 4376 1781 4449 lib.
1802 4370 1969 4449 jt,_de
1996 4372 2156 4428 Civit.

561 4441 681 4517 Dei,
712 4458 830 4514 cap.
863 4445 926 4510 9;
959 4448 1178 4503 Servius
1203 4450 1268 4504 ad
1301 4441 1464 4506 verba
1496 4447 1729 4517 Virgilii,
1789 4444 2014 4517 Quisque
2039 4460 2158 4517 suos

561 4516 783 4591 patimur
810 4534 986 4591 manes
1006 4518 1160 4585 (IEn.
1187 4537 1259 4584 vt.
1281 4523 1406 4591 745)
1430 4542 1443 4575 ι
1470 4514 1646 4591 Quum
1662 4518 1938 4579 nascimur,
1953 4514 2152 4591 inquit,

559 4586 691 4659 duos
715 4590 891 4658 genios
914 4584 1174 4646 sortimur.
1209 4591 1355 4646 Unus
1390 4584 1597 4659 estfqui
1625 4588 1856 4659 hortatur
1893 4586 1961 4659 ad
1987 4584 2154 4647 bona;

559 4655 826 4729 alterfqui
855 4663 1094 4730 depravat
1117 4663 1188 4715 ad
1216 4666 1374 4718 mala.
1432 4655 1628 4726 Quibus
1658 4655 2004 4730 assistentibus
2043 4665 2155 4719 post

558 4739 769 4783 mortem
813 4729 926 4785 aut
955 4734 1232 4786 asserimur
1275 4737 1329 4786 in
1364 4733 1624 4786 meliorem
1675 4729 1859 4791 vitam;
1899 4736 1987 4779 aut
2034 4740 2155 4778 cou-

559 4798 862 4853 demnamur
889 4803 942 4855 iu
970 4803 1268 4857 deteriorem
1319 4820 1338 4857 :
1396 4818 1486 4869 per
1533 4814 1659 4870 quos
1710 4808 1800 4851 aut
1844 4796 2155 4870 vacationem

559 4884 829 4942 meremur,
874 4882 965 4926 aut
1008 4873 1226 4926 reditum
1253 4874 1307 4927 in
1337 4868 1574 4942 corpora.
1610 4868 1748 4939 Ergo
1781 4883 1950 4922 manes
1982 4868 2156 4937 genios

560 4939 702 4995 dicit.
729 4956 856 4997 quos
883 4943 1121 4997 cur-vita
1148 4944 1410 4997 sortimur.
1427 4939 1683 4996 'HBRALD.

633 4983 1747 5077 v-v—v'in
1783 5026 1840 5064 eo
1879 4983 2175 5076 volumine,

559 5081 697 5151 quod
734 5080 796 5135 de
833 5083 1021 5136 animae
1051 5083 1435 5137 immortalitate
1477 5082 1803 5151 composuit,
1850 5097 1951 5134 nou
1994 5082 2156 5135 Ache-

494 5220 497 5223 _
561 5165 756 5223 fontem
797 5160 900 5207 etc.
929 5152 1059 5223 Vide
1086 5153 1295 5207 Platon.
1325 5152 1605 5221 Phaedon”
1638 5168 1689 5220 ιι.
1726 5152 2030 5223 112-414,
2063 5153 2150 5207 ed.

562 5221 912 5296 H._Steph§tn.
949 5222 1035 5294 (p.
1076 5222 1382 5289 251—238,
1414 5224 1521 5278 vol.
1556 5240 1594 5289 ι,
1645 5225 1730 5277 ed.
1762 5222 1928 5296 Bip.),
1958 5233 2013 5277 et
2055 5225 2157 5278 Eu—

560 5294 700 5365 s_cb.,
728 5292 782 5365 in
818 5292 1107 5364 Praeparat.
1134 5297 1406 5365 evangel..
1445 5296 1480 5349 Ι.
1508 5310 1624 5354 xm.
1644 5310 1692 5348 c.
1734 5296 1786 5349 7.
1815 5292 2056 5350 Emissa.
2085 5325 2156 5335 —

562 5362 717 5435 Cum”.
742 5362 1017 5430 Gr0t.,_ad
1050 5366 1201 5420 Mart.
1236 5362 1464 5435 (ἔφθη,
1499 5383 1551 5434 p.
1588 5367 1675 5420 57.
1709 5364 1910 5422 OBELL.

638 5434 764 5489 Rem
783 5436 1156 5491 ineuodabilem
1172 5439 1404 5506 suscipit,
1430 5447 1535 5493 etc.
1557 5438 1778 5493 Animas
1798 5439 1957 5507 igitur
1972 5437 2158 5494 existi-

564 5515 697 5571 mat,
730 5508 774 5561 si
796 5508 909 5579 siut
936 5510 1174 5579 materiae
1201 5519 1469 5579 expertes,
1506 5510 1753 5579 passione
1801 5519 1855 5563 et
1881 5509 2157 5564 doloribus

561 5578 930 5650 girporalibus
960 5578 1103 5633 allici
1147 5598 1251 5634 non
1277 5578 1463 5650 posse,
1496 5595 1614 5649 qua)
1641 5591 1723 5636 est
1751 5581 1916 5650 ipsius
1945 5595 2158 5650 quoque

563 5645 878 5723 Tertulliani
913 5650 1243 5723 (Apologet.,
1276 5645 1326 5706 ὖ.
1357 5653 1450 5723 48)
1501 5645 1556 5707 et
1594 5645 1820 5707 alioruin
1851 5645 2153 5707 sententias.

563 5717 740 5796 Quare
783 5717 1095 5796 col-poi-ales
1113 5717 1345 5796 'auimas
1391 5717 1507 5792 (sed
1548 5723 1789 5793 corporis
1817 5723 2076 5796 tenuioris
2105 5732 2161 5778 et

565 5788 878 5866 spiritttalis,
908 5792 1267 5866 mxumi-imi?)
1320 5788 1659 5851 existimavit
1676 5811 1798 5851 cum
1829 5794 2158 5851 Tel-tulliano

570 5855 855 5921 Arnobius,
889 5863 979 5929 qui
1009 5855 1100 5917 eas
1127 5855 1417 5923 arbiiratus
1441 5875 1525 5924 est
1550 5866 1678 5938 pati.
1714 5867 1953 5923 HBBALD.

2183 4553 2237 4613 1)

2326 2733 2392 2791 Et
2414 2735 2674 2792 doloribus
2701 2735 2884 2807 ofﬁciat
2909 2752 3167 2792 sensuum.
3198 2736 3271 2791 Ita
3296 2735 3538 2793 Sabaeus.
3587 2734 3716 2790 cod.
3752 2749 3864 2790 ms.

2254 2808 2445 2863 doloris
2465 2808 2597 2879 (τί)ῑεὶ
2615 2824 2787 2874 sensu,
2818 2808 2935 2863 scil.
2973 2808 3130 2874 dicat,
3156 2807 3307 2879 quod
3326 2808 3511 2862 nescio
3548 2821 3653 2879 qua
3702 2821 3875 2862 causa

2256 2880 2478 2936 mutavit
2494 2878 2669 2935 editor
2686 2879 2854 2947 Lugd.
2881 2879 2993 2933 Bal.
3015 2880 3208 2933 doloris
3230 2878 3417 2949 aﬁiciat
3434 2895 3585 2933 sensu
3610 2878 3870 2934 Elmenh.

2256 2967 2431 3005 sensus
2461 2966 2575 3006 acc.
2610 2951 2746 3019 plur.
2775 2949 2977 3005 OttELL.

2330 3018 2699 3076 Coudemuare.
2726 3021 2821 3076 Ms.
2855 3022 2957 3076 Alii
2985 3020 3332 3075 condemnari.
3367 3018 3569 3076 Οιιεω..

2332 3092 2607 3147 Jaciuntur
2646 3094 2800 3158 enim,
2825 3103 2919 3147 etc.
2961 3092 3018 3147 In
3045 3093 3288 3147 eamdem
3313 3097 3632 3147 sententiam
3657 3091 3876 3147 {Encas

2262 3162 2506 3220 Gazaens
2551 3167 2601 3217 in
2643 3164 3037 3232 'l‘heOphras-to,
3070 3178 3123 3233 p.
3156 3163 3226 3218 5‘2
3252 3160 3405 3233 (edit.
3437 3164 3597 3218 Barth
3629 3166 3645 3228 )
3678 3182 3690 3216 :
3721 3167 3789 3219 Οἱ
3814 3164 3876 3220 δὲ

2258 3239 2405 3312 stain
2427 3238 2498 3296 εἰς
2524 3238 2782 3312 Τάρταρᾳν
2825 3232 3154 3312 ἐμπεθόνιιέεςἲ
3169 3232 3291 3312 Δὅθεν
3322 3232 3507 3312 οῧλποτε
3535 3236 3872 3312 inﬁrmaverat,

2258 3307 2403 3382 αὐτοὶ
2427 3309 2517 3379 μὲν
2543 3304 3549 3382 οὗκέζτὶνόνίνάνταιίπαράδειγμα-δὲῶς
3593 3306 3733 3382 dim;
3779 3328 3876 3380 75—

2259 3376 2447 3449 νόμενοὶ
2471 3417 2485 3439 ,
2534 3381 2604 3438 εἰς
2641 3380 2721 3432 ἀεὶ
2756 3381 3027 3454 κςίσονται.
3080 3376 3396 3454 ’ἑαύττίῄὰρ
3427 3380 3474 3432 ἐν
3519 3376 3731 3432 Φαίδωνι
3788 3376 3877 3432 aut

2259 3452 2451 3573 Γολῗγίᾳ
2482 3451 2744 3524 Σωκράτης
2778 3448 3155 3524 διϊσχνρὶζετο.
3188 3448 3389 3503 υιιειιιξ.

2386 3532 2646 3572 auescuut.
2681 3521 2954 3573 Stewech.
2989 3522 3093 3573 lea.
3122 3536 3389 3573 evanescuu

2386 3520 2646 3572 nitescunt.
2681 3520 3093 3587 Steweclt.'leg.
3122 3530 3442 3574 evanescunt.
3475 3520 3676 3576 ORELL.

2334 3590 2471 3645 Suut
2510 3590 2642 3643 enim
2685 3592 2866 3644 media:
2896 3591 3158 3662 qualitatis
3182 3633 3197 3656 ,
3241 3592 3372 3644 sicut
3413 3591 3614 3646 Christo
3653 3602 3876 3646 auctore

2260 3672 2572 3731 compertum
2599 3670 2690 3725 est,
2737 3671 2784 3715 el
2828 3663 3034 3715 interire
3062 3678 3175 3732 qum
3205 3663 3421 3731 possint.
3454 3663 3579 3717 Hice
3628 3664 3874 3717 valenti-

2262 3734 2585 3786 niauismum
2615 3733 2782 3792 olent.
2823 3732 3064 3787 utetiam
3107 3734 3197 3787 alii
3224 3733 3595 3789 adverterunt.
3626 3733 3870 3795 'l‘crtul.,

2262 3804 2383 3858 adv.
2414 3803 2729 3878 valeatne.
2762 3804 2860 3859 '59:
2888 3803 2952 3858 Et
2978 3805 3153 3878 auima
3179 3806 3407 3878 mortalis
3428 3807 3565 3878 apud
3594 3804 3734 3871 illos,
3764 3809 3877 3861 nisi

2261 3890 2376 3944 quas
2395 3877 2610 3929 salutem
2638 3876 3027 3944 ﬁdeinveuerit.
3052 3880 3198 3943 Quos
3226 3877 3404 3945 itaque
3432 3876 3648 3931 secutus
3688 3880 3878 3930 Aruo-

2261 3945 2382 4001 bius
2414 3946 2756 4013 existimavit,
2806 3948 3093 4015 impiorum
3124 3947 3332 4015 animas
3368 3948 3525 4011 mori,
3556 3962 3653 4002 nec
3680 3957 3873 4002 autem

2262 4020 2441 4071 statim
2472 4019 2729 4088 extingui.
2763 4019 2857 4073 sed
2887 4013 3186 4085 longissimi
3220 4013 3476 4088 temporis
3529 4019 3874 4076 cruciatibus

2262 4099 2319 4143 et
2344 4088 2619 4144 doloribus
2648 4089 2914 4149 consumi.
2950 4090 3194 4142 ELIENH.
3227 4098 3281 4141 et
3309 4090 3550 4145 IIERALD.

2335 4160 2396 4232 Si
2438 4163 2508 4214 ad
2537 4162 2647 4230 ejus
2674 4177 2727 4232 se
2754 4161 2917 4213 minas
2946 4168 3093 4232 atque
3119 4160 3464 4232 indulgentius
3515 4162 3870 4232 applicarint.

2261 4229 2395 4302 Cod.
2422 4245 2523 4284 ms.
2547 4229 2684 4302 siad
2709 4232 2828 4302 ejus
2841 4229 3055 4302 semina,
3092 4229 3240 4302 nullo
3267 4245 3428 4302 sensu
3451 4249 3471 4302 7:
3497 4229 3596 4302 pro
3624 4247 3732 4301 quo
3761 4232 3875 4287 Gc-

2263 4300 2435 4355 leuius
2461 4318 2514 4354 se
2544 4300 2727 4363 minas,
2764 4301 2851 4352 alii
2879 4316 2932 4352 se
2959 4300 3382 4364 misericordiam,
3422 4300 3723 4356 Herald.se
3750 4321 3877 4358 mu-

2262 4372 2365 4424 nia.
2401 4370 2507 4425 Sed
2537 4370 2735 4439 optime
2766 4369 2928 4424 habet
2956 4385 3173 4434 uttuus,.
3192 4371 3456 4439 applicare
3481 4388 3533 4424 se
3573 4374 3641 4425 ad
3695 4376 3876 4431 ruinas

2262 4439 2380 4503 Dei,
2434 4440 2487 4494 id
2532 4450 2614 4493 est
2655 4441 2826 4492 minas
2858 4440 2971 4502 Dei,
3002 4441 3247 4502 exitium,
3280 4440 3422 4507 quod
3456 4441 3597 4495 Ileus
3625 4444 3878 4501 minatur

2262 4509 2540 4581 improbis,
2572 4511 2768 4581 vereri.
2801 4510 2942 4564 Bene
2972 4511 3149 4580 itaque
3187 4512 3340 4565 minas
3380 4523 3731 4581 opponuntur
3787 4519 3874 4572 in.

2260 4580 2552 4649 dulgentiis.
2577 4579 2781 4635 ORELL.
2843 4617 2860 4624 -

2328 4651 2529 4726 Anima:
2555 4654 2830 4726 nescientes
2855 4651 3041 4707 Deum.
3084 4652 3140 4708 Id
3188 4663 3271 4710 est
3300 4655 3462 4709 Deum
3496 4654 3723 4726 ejusque
3752 4661 3873 4715 cle-

2259 4723 2516 4797 mentiam
2546 4725 2686 4797 scire
2716 4726 2800 4778 vel
2846 4726 3076 4797 experiri
3108 4727 3373 4782 nolentes.
3408 4723 3541 4781 Vide
3569 4723 3754 4797 supra,
3795 4734 3866 4786 ad

2260 4791 2351 4848 lib.
2379 4810 2415 4859 ι,
2448 4809 2496 4848 c.
2542 4796 2629 4861 l7,
2677 4797 2838 4852 verba
2889 4791 2930 4850 ι’
2964 4795 3078 4851 Hoc
3133 4814 3250 4869 ergo
3303 4800 3375 4852 dii
3424 4803 3596 4869 uiagui
3638 4791 3863 4858 'uoruut.

3469 4868 3675 4925 ORELL.

2331 4934 2452 5007 lgni
2477 4938 2819 5013 feroalguem
2849 4944 3011 5013 ferum
3040 4939 3169 4994 dicit
3194 4940 3485 5008 Arnobius,
3517 4942 3870 5013 quemadmo-

2258 5007 2384 5063 dum
2429 5007 2581 5084 vetus
2612 5007 2830 5065 Latinus
2850 5007 3153 5084 ‘Bibliorum
3185 5013 3449 5080 interpres
3479 5007 3615 5082 feros
3641 5014 3861 5084 ﬂuctus,

2257 5078 2617 5159 grteceﬁgpm
2650 5086 2867 5159 ripam.
2901 5082 3170 5159 Arnobius
3197 5078 3356 5159 supra
3388 5102 3400 5136 :
3428 5078 3866 5159 inextinguibiles

2257 5154 2417 5225 ignes.
2449 5152 2565 5210 Lib.
2597 5171 2669 5217 tv,
2697 5152 3107 5221 inextinguibiles
3134 5155 3378 5223 gelteuna:
3409 5152 3668 5223 ﬂammas.
3694 5161 3861 5225 Cypr.

2257 5223 2324 5277 ad
2362 5224 2710 5283 Demetrium.
2745 5225 2837 5279 τοι.
2866 5224 2974 5296 258
3002 5242 3015 5276 :
3045 5227 3305 5278 ardentem
3333 5229 3615 5296 gehennam
3640 5237 3686 5282 et
3716 5223 3864 5282 viva-

2258 5309 2339 5369 ses
2380 5296 2637 5369 ﬂammas.
2693 5295 3009 5369 Tertullian.
3061 5295 3371 5369 Apologel.,
3421 5312 3470 5352 c.
3526 5297 3597 5352 48
3628 5314 3640 5349 :
3677 5300 3861 5369 jugem

2256 5366 2442 5440 ignem.
2476 5366 2747 5432 Lactant.,
2774 5368 2866 5422 lib.
2898 5381 3011 5431 vui,
3035 5380 3084 5421 c.
3116 5366 3182 5420 21
3224 5383 3236 5420 :
3267 5369 3435 5437 ignem
3463 5366 3849 5440 sempiternum,

2256 5448 2361 5491 etc.
2392 5436 2635 5492 ELMENH.

2330 5506 2397 5562 lu
2426 5525 2571 5578 queui
2586 5510 2782 5579 jacieut
2827 5509 2946 5563 illos
2973 5509 3180 5578 quidam
3208 5511 3482 5565 crudeliter
3509 5512 3627 5565 saevi
3657 5521 3703 5565 et
3732 5522 3851 5568 aute

2258 5578 2519 5634 Christum
2546 5578 2813 5651 incogniti.
2836 5592 2941 5635 etc.
2973 5582 3132 5649 Atqui
3157 5581 3474 5648 jamdudum
3503 5593 3626 5637 ante
3655 5582 3860 5641 Christi

2261 5660 2501 5717 tempora
2530 5652 2697 5720 viguit
2726 5652 2777 5705 in
2805 5651 3112 5706 Judieorum
3139 5662 3298 5719 gente
3338 5655 3521 5722 opinio
3551 5653 3617 5707 de
3646 5655 3858 5710 daemo-

2260 5722 2418 5794 nibus
2446 5736 2673 5791 corpora
2714 5722 2943 5777 humana
2966 5723 3349 5794 Aittfcstantibus
3381 5726 3757 5794 malorumque
3804 5728 3857 5783 in

2262 5792 2470 5847 inferno
2497 5796 2809 5852 lOl‘lUl‘lbllS.
2839 5791 2997 5849 Couf.
3032 5794 3295 5863 imprimis
3325 5794 3570 5850 Westen.
3602 5791 3679 5850 ari
3716 5798 3853 5854 Nov.

2261 5864 2433 5931 Test.,
2464 5874 2571 5921 tom
2600 5883 2639 5935 ι,
2673 5885 2723 5939 p.
2752 5865 2860 5920 279
2911 5874 2967 5922 et
3013 5880 3164 5936 seqq.
3217 5867 3456 5920 Similem
3507 5865 3853 5925 .ludaicorum
