4020 6334
184 389 284 444 8-H

1508 383 1710 440 LIBER
1747 383 2121 442 SECUNDUS.

3374 395 3480 451 sta
3539 378 3544 386 '

187 515 243 561 ut
269 519 370 560 nec
396 502 608 574 frigoris
649 515 866 558 sensum
893 509 942 568 ει,
975 515 1076 558 nec
1105 501 1353 556 ardorem
1384 500 1617 556 validum
1660 517 1780 570 per-
1805 509 1857 567 Α
1884 515 2100 570 semper
2139 499 2304 555 silens
2335 498 2576 561 accedat,
2619 501 2840 555 verbum
2881 504 3083 559 nullmn
3118 505 3339 573 faciens,
3376 525 3475 564 nec

187 598 420 668 petiatur
452 597 676 650 uastatis.
709 595 766 649 In
813 594 956 650 hunc
983 609 1149 649 sonus
1178 597 1397 648 omnino
1426 595 1621 648 nullius
1650 594 1786 648 inci-

187 689 278 744 dat
321 689 500 754 vocis,
532 705 638 742 non
666 689 816 755 avis,
861 704 966 745 n0u
995 688 1219 752 bestite,
1271 703 1374 741 non
1419 687 1782 753 tempestatis,

187 797 294 836 non
353 779 609 845 hominis,
670 795 777 836 non
832 779 1064 848 denique
1118 777 1346 849 fragoris
1394 777 1642 848 alicujus,
1697 786 1790 831 aut

188 874 569 943 Concrepantis
612 873 922 928 terribiliter
970 872 1112 927 caeli.
1166 871 1548 942 Excogitemns
1593 870 1790 926 deinde

186 966 640 1036 quemadmodum
689 968 868 1019 lumen
911 965 1171 1036 accipiat,
1220 979 1324 1018 non
1353 979 1419 1018 ex
1460 964 1610 1018 illato
1651 962 1789 1033 igni,

188 1074 366 1130 neque
404 1075 472 1114 ex
511 1058 628 1114 sole
666 1070 993 1128 conspecto,
1035 1058 1129 1114 sed
1171 1058 1394 1112 nothum
1439 1056 1637 1126 aliquid
1667 1057 1789 1123 ﬁat,

189 1152 331 1223 quod
380 1153 668 1223 imaginem
720 1151 939 1206 luminis
994 1151 1225 1221 caligine
1278 1149 1591 1219 interposita
1644 1165 1794 1204 men-

192 1253 353 1299 tiatur
385 1262 398 1298 :
427 1245 589 1316 janua
637 1260 744 1299 non
795 1261 896 1299 una
926 1243 1014 1311 sit,
1049 1259 1150 1300 nec
1190 1243 1260 1299 sit
1306 1243 1557 1297 introitus
1587 1253 1789 1308 rectus,

188 1339 415 1394 adeatur
474 1339 759 1394 inllexibns
807 1339 1063 1394 ﬂexuosis
1111 1355 1128 1391 :
1177 1352 1276 1392 nec
1329 1337 1640 1392 recludatur
1691 1336 1792 1390 ali-

189 1431 430 1504 quando,
462 1432 561 1488 nisi
589 1447 711 1487 cum
744 1432 1050 1488 necessaria
1083 1431 1218 1486 ratio
1246 1430 1552 1501 postularit.

266 1525 408 1581 XXI.
443 1525 594 1582 Nunc
619 1527 873 1596 quoniam
897 1525 1115 1596 imagini
1141 1525 1557 1595 praeparavimus
1585 1522 1791 1590 sedem,

189 1620 524 1691 accipiamus
571 1620 826 1692 deinceps
869 1637 990 1674 mox
1035 1620 1270 1690 aliquem
1321 1628 1530 1683 natum,
1582 1618 1635 1672 in
1690 1617 1794 1672 loci

191 1715 338 1770 illius
364 1715 675 1785 hospitium,
695 1715 838 1786 quod
862 1714 1057 1770 habeat
1077 1730 1192 1770 rem
1223 1715 1445 1780 nullam,
1464 1725 1518 1767 et
1543 1713 1611 1768 sit
1640 1713 1797 1768 inane

191 1823 258 1863 ac
289 1823 514 1863 vacuum
544 1826 558 1864 :
583 1808 856 1863 Platonica
889 1809 1015 1865 licet
1044 1819 1134 1862 aut
1160 1808 1495 1879 Pythagorea
1519 1807 1795 1878 progenie,

1889 594 1941 646 in
1989 609 2269 648 sermones
2312 593 2518 663 aliquos
2565 609 2656 646 ora
2687 603 2739 647 et
2770 595 2914 650 labra
2958 596 3166 650 diducat
3195 616 3207 649 :
3236 599 3329 654 sed
3359 615 3481 655 cum

1889 702 2150 741 mammas
2187 687 2425 748 dederit,
2455 699 2511 742 et
2557 690 2939 757 cousitqui‘ntia
2980 693 3240 760 supplerit
3273 695 3478 759 ollicia,

1888 779 2070 834 datum
2101 781 2266 850 quieti
2298 781 2523 849 linquat.
2551 790 2604 835 et
2635 794 2761 836 ante
2797 783 2940 837 fores
2969 784 3182 838 clau-as
3210 785 3325 841 dies
3357 802 3486 842 noc-

1889 883 2077 946 tesque
2120 876 2416 931 Continnet.
2458 877 2635 931 l'oscit
2678 877 2821 930 enim
2875 878 3190 949 plerumque
3237 895 3343 946 res,
3390 897 3488 935 nu-

1892 970 2073 1024 tricias
2093 969 2282 1024 adi-sse
2309 985 2487 1034 curas,
2512 978 2566 1024 et
2583 970 2876 1024 observare
2903 972 3257 1039 temporarias
3285 985 3478 1029 moms.

1893 1065 1961 1116 At
1985 1077 2114 1117 vero
2139 1078 2259 1116 cum
2289 1064 2515 1132 cmperit
2543 1062 2894 1118 solidioribus
2920 1064 3052 1118 cibis
3083 1063 3257 1118 infans
3288 1065 3485 1120 debv-re

1893 1154 2085 1222 fulciri,
2135 1155 2342 1210 nutrice
2385 1156 2684 1210 inferantur
2713 1155 2779 1210 ab
2819 1157 3030 1219 eadem,
3067 1167 3236 1221 veste,
3269 1170 3325 1210 ut
3353 1157 3487 1212 dixis

1893 1262 2030 1308 mus,
2074 1247 2267 1316 posita,
2311 1256 2364 1301 et
2411 1259 2599 1301 tenore
2642 1247 2940 1301 reticentia:
2982 1257 3216 1302 servato.
3249 1248 3368 1317 lp-e
3395 1265 3494 1304 au-_

1896 1351 2020 1402 tem,
2053 1341 2142 1410 qui
2172 1339 2396 1393 infertur
2419 1341 2570 1392 cibus
2603 1339 2674 1392 sit
2711 1353 2846 1393 unus
2876 1348 3033 1409 atque
3062 1339 3201 1394 idem
3229 1356 3444 1408 semper
3474 1362 3488 1396 :

1894 1433 2025 1487 nihil
2057 1434 2276 1486 materia
2316 1431 2592 1496 differens,
2624 1447 2724 1486 nec
2767 1447 2864 1503 per
2887 1433 3065 1486 varios
3095 1432 3491 1504 redintegratus

1893 1539 2116 1595 sapores
2152 1541 2165 1577 :
2198 1523 2293 1578 sed
2338 1533 2430 1578 aut
2477 1523 2622 1577 ﬁtilla
2669 1523 2735 1577 de
2779 1524 2949 1587 tnilio,
2979 1533 3073 1579 aut
3115 1525 3184 1579 sit
3228 1525 3378 1595 panis
3427 1542 3494 1582 ex

1895 1616 2057 1681 farre,
2088 1625 2199 1681 aut,
2251 1624 2306 1669 ut
2336 1615 2527 1669 :eseula
2580 1613 2848 1669 imitemur
2892 1615 3143 1685 antiqua,
3197 1633 3260 1670 ex
3311 1619 3495 1674 cinere

1895 1708 2051 1762 caldo
2102 1706 2355 1778 glandes,
2405 1716 2498 1761 aut
2547 1722 2612 1762 ex
2671 1707 2836 1760 ramis
2884 1708 3184 1777 agrestibus
3229 1709 3493 1763 bucculae.

1896 1801 2050 1856 Potio
2077 1813 2252 1853 autem
2294 1799 2400 1853 vini
2428 1801 2496 1853 sit
2524 1813 2743 1869 prorsus
2787 1800 3078 1869 incognita,
3113 1817 3211 1856 nec
3242 1802 3495 1856 sedanda:

190 1913 284 1959 aut
313 1903 504 1958 horum
543 1903 788 1973 alicujus,
818 1903 908 1974 qui
939 1904 1202 1958 acuminis
1232 1902 1588 1974 perhibentur
1633 1901 1796 1956 fuisse

1928 1892 2044 1947 liud
2071 1892 2424 1946 admoveatur
2465 1891 2586 1954 siti,
2611 1907 2768 1961 quam
2803 1893 2974 1960 liquor
3012 1907 3176 1960 purus
3201 1907 3233 1946 e
3260 1891 3498 1947 fontibus

193 1998 362 2054 divini
399 2015 414 2053 :
445 2007 539 2054 aut
565 2014 633 2054 ex
674 1999 839 2054 Deum
873 1999 1149 2068 responsis
1178 1994 1563 2066 sapientissimi
1591 2010 1796 2049 nuncu-

193 2092 327 2164 pati.
362 2092 515 2159 Quod
561 2107 682 2148 cum
726 2101 902 2148 actum
946 2091 1136 2159 fuerit,
1178 2090 1366 2146 nutriri
1400 2100 1454 2144 ut
1481 2089 1676 2145 debeat
1711 2103 1798 2144 se-

194 2184 401 2254 quitur,
445 2193 500 2240 et
547 2184 818 2240 alimoniis
865 2183 1310 2240 convenientibus
1354 2182 1595 2238 educari.
1630 2181 1796 2236 Adhi-

193 2277 420 2336 beamus
442 2277 600 2350 igitur
620 2278 976 2344 etnutricem,
1001 2293 1120 2348 quae
1146 2291 1362 2348 semper
1388 2275 1454 2330 ad
1483 2291 1608 2332 eum
1627 2272 1792 2338 nuda,

1901 1986 2117 2041 caldore
2150 1984 2286 2054 ignis
2316 1985 2547 2038 intactus
2581 2001 2595 2037 :
2628 1993 2703 2047 et,
2732 1985 2775 2038 si
2805 1983 2918 2039 fieri
2951 1988 3090 2054 potis
3113 1995 3216 2051 est,
3252 1987 3498 2041 manibus

1899 2081 2336 2138 subministratus
2371 2079 2537 2133 cavis.
2584 2077 2702 2132 Fiet
2752 2079 2893 2144 enim
2944 2078 3220 2134 familiaris
3269 2095 3301 2134 e
3350 2097 3500 2136 more

1901 2173 2234 2231 consuetudo
2276 2173 2328 2227 iu
2374 2183 2617 2226 naturam
2665 2187 2858 2227 versa:
2894 2187 2993 2226 nec
3035 2175 3296 2244 appetitio
3332 2175 3504 2244 porri-

1901 2280 2055 2341 getur
2085 2267 2327 2334 ulterius,
2351 2281 2473 2321 esse
2499 2264 2726 2335 amplius
2755 2266 3000 2320 nesciens
3024 2265 3166 2335 quod
3194 2276 3425 2336 petatur.

1379 2417 1453 2473 l.’r.
1472 2415 1767 2472 CTIONES
1804 2409 2228 2469 VARIANTES.

266 2535 293 2566 ³
336 2532 482 2584 Addit
506 2530 648 2583 Fulv.
676 2531 928 2596 hyemalis.

1552 2639 2118 2697 COMMENTARIUS.

283 2781 392 2837 Sed
435 2780 644 2834 nothum
673 2779 869 2848 aliquid
897 2779 1009 2849 ﬁat.
1039 2780 1247 2835 Sensus
1288 2790 1372 2835 cst
1399 2797 1412 2835 :
1437 2780 1617 2834 lumen
1650 2795 1803 2850 pers-

206 2853 369 2924 picue
401 2869 505 2924 non
539 2852 858 2924 excipiatur,
902 2851 997 2905 sed
1026 2853 1240 2924 aliunde
1273 2867 1368 2920 per
1400 2852 1635 2924 rimulas
1669 2853 1809 2906 irre-

210 2922 325 2997 pat,
354 2922 490 2997 adeo
515 2935 571 2977 ιιι
600 2938 786 2997 verum
822 2923 998 2997 lumen
1018 2922 1136 2997 _dici
1168 2941 1274 2997 non
1308 2925 1496 2997 possit.
1547 2923 1802 2997 setlsup-

217 2993 506 3121 posiégvsmn
553 3005 607 3049 et
644 2996 849 3049 νοθείὀν.
883 2994 972 3049 Sic
1017 2994 1296 3050 Lucretius
1322 2994 1388 3049 de
1419 2993 1590 3060 Luna,
1625 2994 1721 3050 lib.
1750 3009 1808 3062 v,

217 3082 299 3121 vs.
460 3083 474 3119 :

213 3082 299 3123 vs.
330 3067 436 3122 5'75
460 3083 474 3119 :

311 3158 568 3222 Lunaque,
593 3160 699 3208 sive
725 3159 872 3209 notho
895 3159 1052 3210 fertur
1074 3160 1175 3209 loca
1202 3160 1388 3210 lumine
1406 3160 1640 3220 lustrans,

315 3223 432 3270 Sive.
459 3235 594 3270 suam
654 3225 821 3284 roprio
839 3223 990 3285 jactat
1012 3223 1074 3272 de
1099 3236 1305 3283 corpore
1330 3223 1512 3283 lucem,

316 3284 560 3333 Ouidauid
586 3237 652 3333 id)
659 3292 754 3333 est.
781 3285 933 3333 nihilo
953 3284 1112 3333 fertur
1138 3288 1320 3333 maiore
1345 3284 1500 3333 figura

316 3284 560 3347 Quidquid
586 3284 634 3333 id
659 3292 754 3344 est,
781 3284 933 3334 nihilo
953 3284 1112 3334 fertur
1138 3288 1320 3347 majore
1345 3284 1522 3348 figura.

220 3400 277 3447 Cl
311 3389 510 3446 Catull.
540 3406 706 3446 Carm,
739 3390 827 3457 54,
857 3406 938 3444 γε,
967 3391 1032 3446 15
1067 3413 1078 3448 ε

473 3481 548 3545 Tu
570 3490 748 3545 potens
771 3482 957 3545 Trivia,
984 3489 1036 3533 et
1059 3483 1210 3533 notho
1235 3496 1292 3532 es

474 3544 615 3594 Dicta
639 3544 825 3594 lumine
848 3544 1003 3595 Luna.

304 3650 491 3706 Paton.
536 3649 640 3705 Alii
689 3649 876 3718 legunt
917 3666 1122 3704 novum.
1152 3649 1284 3703 Cod.
1323 3665 1424 3701 ms.
1471 3657 1667 3703 notum.
1712 3647 1829 3702 No-

229 3724 377 3778 thum
402 3732 486 3775 est
517 3737 580 3775 ex
610 3720 990 3776 emendatione
1019 3721 1294 3787 Sealigeri.
1327 3720 1533 3775 ORELL.

309 3793 612 3859 luﬂexibus.
663 3791 738 3845 lla
769 3791 1042 3846 Stewerh.
1091 3801 1352 3861 sequente
1399 3793 1607 3846 editore
1653 3789 1828 3858 Lttgd.

231 3867 336 3921 Bat
389 3864 476 3917 ESI
513 3871 690 3916 autem
721 3863 790 3916 ab
819 3863 1063 3930 inﬂexus,
1094 3880 1172 3924 us,
1205 3878 1302 3931 pro
1337 3863 1572 3931 iii/Ieario,
1606 3871 1657 3913 ut
1688 3878 1826 3913 com-

231 3946 461 3992 mutatus
477 3950 574 4002 pro
590 3934 937 3986 commulatio.
970 3933 1184 3987 Lucret.
1207 3949 1242 3995 t,
1269 3948 1410 3987 vers.
1438 3933 1563 3999 805,
1594 3933 1833 4000 opinatus

232 4025 335 4078 pro
361 4005 558 4078 opinio;
583 4003 780 4078 l_tl..}\',
805 4003 934 4069 466;
954 4002 1228 4078 Caninius
1260 4021 1353 4078 pro
1371 4005 1639 4078 confectio,
1659 4003 1730 4055 liv
1776 4018 1829 4078 γ.

233 4072 382 4133 vers.
416 4076 545 4140 M7,
583 4074 878 4128 Declinatus
919 4091 1018 4146 pro
1057 4072 1330 4128 declinatio
1372 4090 1457 4141 ap.
1488 4074 1695 4129 Varron
1750 4072 1834 4146 _de

233 4151 372 4217 liug.
424 4147 544 4217 lat..
592 4144 1125 4214 aliqtiotiesfliissus
1167 4163 1263 4210 pro
1293 4146 1455 4212 ﬁssio,
1500 4144 1832 4217 ap.ri.\lanil_.,

235 4215 341 4277 lib;
372 4233 410 4271 ι.
449 4216 602 4276 Vide,
651 4217 738 4280 qui
775 4218 923 4285 plura
971 4217 1214 4284 exempla
1259 4217 1550 4280 congessit,
1581 4215 1830 4268 Tennnll.

238 4290 309 4346 ad
345 4288 591 4344 Frontin.
633 4287 958 4356 Strategem.
993 4289 1088 4343 lib.
1123 4305 1157 4352 I,
1207 4290 1415 4358 praefat.
1461 4303 1580 4358 pag.
1629 4287 1694 4349 3,
1742 4286 1830 4340 ed.

239 4360 595 4428 Oudendorp.
631 4358 736 4414 Alii
762 4360 1145 4429 inﬂationibus.
1182 4357 1504 4414 Arutzenius
1531 4357 1596 4413 ad
1625 4357 1834 4413 Nazarii

242 4434 449 4494 Paneg.
481 4430 533 4486 in
563 4428 900 4485 Constantin.
930 4429 992 4486 C.
1031 4432 1092 4498 ν,
1125 4431 1152 4502 §
1194 4431 1248 4486 6.
1287 4430 1527 4502 Legend.
1561 4428 1705 4499 conj.
1739 4445 1834 4481 an-

244 4503 493 4578 fractibus
517 4502 776 4578 flexuosis.
809 4502 1013 4578 Οιιιξιιιι,Γ

323 4573 464 4655 XXI.
522 4603 594 4655 -τ-
627 4571 800 4655 ⁸Νιιιιις
836 4576 1092 4655 quoniam
1159 4574 1371 4655 imagini
1435 4574 1838 4655 pra‘parayimus
1864 4596 1918 4655 Β

245 4646 443 4709 sedem,
477 4645 787 4709 accipiamus
813 4647 1048 4713 deinceps
1071 4661 1192 4699 mox
1213 4647 1434 4712 aliquem
1463 4655 1636 4698 natum
1665 4645 1716 4698 in
1741 4645 1838 4698 loci

1917 2781 2086 2833 rectio
2119 2777 2366 2848 proxime
2395 2777 2600 2833 accedit
2630 2778 2695 2832 ad
2727 2780 3010 2835 lectionem
3036 2781 3159 2836 cod.
3185 2798 3284 2837 ms.
3323 2786 3376 2838 in
3399 2802 3508 2839 ser-

1916 2866 2064 2903 mone
2104 2850 2346 2916 alicujus,
2379 2849 2519 2924 quod
2552 2858 2700 2904 stare
2737 2867 2841 2924 non
2871 2862 3074 2924 potest,
3111 2857 3232 2922 quia
3281 2858 3502 2924 nemini,

1919 2932 2122 2988 praeter
2165 2937 2321 2973 unam
2358 2918 2644 2986 nutrit-em,
2689 2921 2756 2974 ad
2803 2922 3058 2978 infantem
3092 2918 3350 2980 accedere
3380 2918 3510 2982 lice;

1919 2991 2028 3044 bat.
2061 2990 2250 3046 Gelen.
2284 2991 2334 3044 in
2361 3007 2642 3044 sermonem
2664 2994 2902 3060 aliquem.
2933 2994 3149 3051 lli-rald.
3189 3013 3280 3050 nec
3313 3002 3366 3052 in
3402 3016 3512 3052 ser--

1919 3062 2304 3116 mocinationem
2331 3079 2420 3114 ora
2454 3103 2466 3114 .
2492 3102 2504 3114 .
2531 3102 2542 3114 .
2569 3102 2581 3114 .
2609 3064 2836 3117 diducat.
2864 3063 3067 3120 OnELL.

1998 3151 2328 3236 Inferunmr.
2366 3153 2441 3208 lla
2471 3152 2732 3208 Meursius
2777 3165 2830 3208 et
2860 3155 3177 3213 Salmasius.
3209 3162 3310 3217 Alii
3340 3183 3351 3218 :
3384 3166 3516 3236 infe-

1848 3205 1893 3268 (εἶ
1925 3205 2080 3279 ταίην,
2100 3241 2117 3278 :
2138 3205 2342 3279 ORELL.

2000 3316 2106 3395 sed
2136 3326 2223 3395 aut
2252 3317 2402 3395 ﬁtilla
2429 3316 2493 3370 de
2508 3317 2684 3395 milia.
2709 3318 3164 3395 itaurestituit‘cd.
3195 3324 3362 3395 Lugd.
3399 3329 3511 3384 Bat.

1929 3387 2152 3453 optime.
2187 3389 2355 3441 Antea
2385 3388 2664 3457 legebatur
2689 3391 2753 3443 sit
2782 3391 2892 3452 illa,
2927 3393 3069 3458 quod
3102 3396 3238 3450 male
3267 3387 3521 3455 convenit

1929 3475 2050 3514 cum
2079 3458 2430 3539 sequentibus
2456 3477 2468 3510 :
2506 3461 2688 3539 anisi!
2725 3463 2874 3539 panis
2905 3467 3150 3539 eatfarre,
3178 3484 3325 3539 _natn
3368 3473 3516 3539 panis

1930 3545 2036 3604 non
2069 3531 2292 3604 materia
2316 3530 2442 3588 cibi.
2477 3530 2570 3604 sed
2611 3530 2704 3604 fat,
2740 3531 2930 3604 farina.
2959 3530 3023 3587 lit
3043 3537 3266 3591 omnino
3288 3530 3519 3604 sequen-

1931 3602 2003 3655 tia
2034 3601 2360 3654 substantiva
2396 3601 2562 3669 panis,
2598 3602 2828 3669 glandes,
2863 3643 2874 3655 .
2915 3645 2925 3656 .
2965 3645 2977 3656 .
3013 3646 3025 3657 .
3056 3606 3248 3662 bacula:
3273 3601 3432 3665 etiam
3465 3614 3520 3668 in

1930 3673 2097 3744 priori
2130 3673 2374 3744 membro
2401 3673 2793 3726 substantivum
2823 3676 3039 3744 aliquod
3070 3679 3313 3741 ﬂagitare
3341 3683 3524 3738 viden.

1932 3742 2037 3796 iur.
2079 3742 2390 3822 Lugendum
2439 3743 2615 3822 itaque
2656 3744 2840 3822 ﬁtilla,
2867 3742 2949 3822 _id_
2986 3757 3098 3822 est,
3139 3752 3301 3818 pultis
3329 3769 3523 3822 genus,

1932 3829 2040 3892 (pro
2064 3815 2359 3892 utebantur
2377 3813 2428 3865 in
2448 3817 2638 3892 sacris.
2659 3815 3026 3892 Nostcrinlra:
3046 3813 3256 3875 libfvu.
3283 3813 3401 3892 cavp.
3429 3813 3520 3881 24.

1937 3883 2074 3964 Quid
2130 3883 2323 3952 ﬁtilla?
2384 3884 2520 3964 (λαις
2564 3887 2804 3964 framea?
2847 3898 2952 3941 etc.
2996 3888 3158 3950 Plin.,
3205 3883 3524 3964 Hist.'ttat.,

2062 3970 2213 4033 XVIIII,
2241 3956 2420 4033 εἰη)λὸ
2473 3953 2563 4033 Et_
2585 3955 2736 4033 liodie
2779 3964 3138 4033 sacra__prisca
3180 3974 3329 4033 atque
3375 3953 3527 4022 ηαιαξ

1935 4025 2060 4104 lium
2091 4027 2230 4092 pulte
2256 4025 2406 4092 ﬁtilla
2430 4027 2900 4104 conﬁciuulurutLI'.
2931 4029 3147 4097 Mnret.,
3176 4025 3300 4088 var.
3331 4037 3528 4104 Lecu.,

1937 4096 2166 4179 lib._gxn,
2207 4112 2340 4179 cap“
2377 4113 2414 4159 ι.
2447 4106 2523 4161 et,
2567 4098 2756 4179 qui-ile
2798 4098 2898 4154 hac
2938 4117 3068 4179 voce
3104 4115 3158 4158 et
3201 4107 3317 4172 ejus
3344 4096 3526 4179 etymd

1937 4169 2138 4222 inultus
2165 4178 2269 4224 est.
2301 4166 2557 4232 Gesper.,
2590 4169 2641 4221 in
2669 4169 2968 4226 Thesauro.
3004 4172 3208 4230 ORELL.

2009 4257 2093 4312 Ea:
2118 4259 2286 4312 cinere
2315 4258 2463 4313 caldo
2491 4259 2722 4326 glandes.
2744 4259 2799 4315 ld
2819 4273 2922 4328 est,
2952 4265 3135 4321 cinere
3163 4268 3320 4322 caldo
3347 4279 3524 4328 to~tte.

1937 4329 2272 4457 £§6formam
2303 4329 2633 4387 Grzecorum.
2669 4332 3189 4406 llomerus,0dyss.,
3228 4356 3346 4407 xix,
3382 4359 3524 4400 vers.

2131 4576 2248 4620 Χῆνίς
2269 4587 2331 4622 μοι
2354 4574 2448 4628 nisui.
2467 4566 2563 4609 οἷκον
2588 4574 2719 4610 ltitiam
2739 4575 2848 4624 πυρὸν
2871 4570 3013 4612 ἴδωσιν

2200 4632 2348 4682 ὓδατος.
2394 4623 2402 4628 ’
2794 4623 2798 4624 ⁷
3061 4623 3278 4677 Hanno.

249 4719 397 4774 illius
423 4717 718 4782 hospitium,
766 4717 904 4786 quod
933 4717 1116 4770 habent
1151 4733 1258 4769 rem
1286 4717 1482 4768 nullam
1512 4726 1558 4769 et
1587 4718 1652 4770 sit
1686 4717 1841 4770 inane

251 4801 301 4846 et
338 4804 570 4853 vacuum,
617 4787 884 4841 Platonica
931 4788 1047 4842 licet
1091 4796 1180 4840 aut
1211 4787 1537 4856 Pythagorea
1581 4789 1836 4857 progenie,

253 4870 345 4916 aut
377 4860 553 4913 horum
596 4860 848 4931 alicujus,
899 4859 985 4926 qui
1027 4859 1276 4931 acuminis
1320 4857 1647 4931 perhibentur
1689 4859 1844 4931 fuisse

257 4931 440 4992 divini,
470 4940 555 4983 aut
586 4947 648 4985 ea:
679 4928 840 4984 Deum
869 4931 1123 4991 responsis
1151 4929 1512 4994 sapientissimi
1542 4928 1842 4996 nuncupati.

257 5003 438 5061 Locus
466 5016 573 5054 non
599 5001 775 5055 solum
801 5003 1016 5066 egregie
1045 5003 1276 5062 lnxatus,
1309 5015 1495 5052 verum
1524 5009 1577 5052 et
1605 4998 1842 5052 mutilus.

260 5073 513 5131 Restituti
540 5083 594 5126 et
639 5073 866 5143 suppleo
896 5091 908 5126 :
940 5071 1092 5127 Nunc
1131 5073 1368 5140 quoniam
1399 5071 1608 5143 imagini
1642 5085 1847 5137 praepa-

261 5147 493 5202 ravimns
513 5143 602 5198 sed
623 5142 716 5209 an,
737 5145 1047 5211 accipiamus
1088 5143 1323 5213 deinceps
1352 5158 1470 5195 mox
1507 5142 1726 5204 aliquem
1755 5156 1849 5213 na-

264 5227 373 5271 tum
412 5213 679 5268 Platonica
710 5214 822 5268 licet
853 5226 940 5268 aut
977 5212 1302 5285 Pythagorea
1341 5213 1600 5284 progenie,
1632 5220 1718 5285 aut
1751 5212 1849 5285 lto-

265 5303 386 5342 rum
423 5285 667 5357 alicujus,
711 5288 798 5354 qui
828 5281 1074 5340 «uotiuis
1108 5281 1450 5352 par/libentur
1474 5281 1850 5357 fuissedivini,

267 5366 359 5413 aut
397 5373 461 5411 ea:
492 5353 656 5412 Deum
685 5353 940 5416 responsis
969 5359 1329 5427 sapientissimi
1372 5355 1674 5426 nuncupati.
1717 5362 1760 5407 et
1800 5353 1855 5406 in

271 5430 373 5486 loci
400 5429 542 5482 illius
584 5429 882 5496 hospitium,
909 5431 1044 5494 quod
1078 5431 1142 5484 sit
1185 5429 1336 5482 inane
1374 5437 1419 5480 et
1451 5441 1686 5484 uacuum,
1734 5440 1858 5496 con-

271 5500 562 5555 cludamus.
594 5495 848 5556 Ultimum
878 5517 1089 5565 vocem,
1122 5497 1383 5555 sententia
1414 5499 1711 5568 ﬂagitante.
1754 5495 1852 5549 ad-

273 5572 408 5626 didi.
441 5573 644 5628 Meuns.
672 5590 723 5642 p.
761 5573 993 5628 58.-—At
1015 5573 1192 5626 omnia
1222 5586 1352 5628 sana
1366 5581 1542 5638 erant,
1571 5568 1734 5624 modo
1765 5581 1861 5638 pro

275 5644 392 5714 licet
424 5643 664 5714 legamus
689 5646 900 5698 scilicet.
933 5647 1135 5698 URELL.

351 5713 379 5768 1
391 5711 579 5787 magini
621 5714 676 5768 Id
695 5725 778 5771 est
799 5717 1000 5770 homini
1021 5714 1403 5787 imaginatione
1422 5711 1861 5782 eoncepto,ficto.

279 5784 435 5842 Ideul
485 5787 689 5842 OnELL.

359 5855 563 5930 Neciin
595 5875 850 5914 sermones
887 5859 1088 5930 aliquos
1127 5873 1221 5930 ora
1268 5867 1316 5913 et
1337 5857 1492 5930 labra
1520 5855 1746 5909 diducat.
1793 5852 1868 5906 lta

285 5927 445 5988 Fulv.
477 5929 725 5997 Ursinus,
766 5927 1029 6001 sequente
1073 5929 1161 5984 ed.
1202 5928 1372 6001 Lugd.
1421 5927 1706 5997 Bat.;quze
1746 5939 1869 5981 cor-

190 6084 200 6114 ς
240 6081 289 6109 -_
774 6024 1050 6087 ΡΑτιιοι.
1098 6020 1176 6084 ν.

2013 4769 2230 4826 Caldore
2268 4771 2401 4839 ignis
2422 4769 2664 4824 intactus.
2691 4769 2932 4825 Calidam
2967 4772 3276 4840 potionibus
3312 4776 3531 4834 misceri

1942 4841 2189 4966 finitam,
2220 4842 2593 4966 dcopgrmatur
2645 4843 2762 4896 loco
2807 4843 2898 4898 illo
2947 4844 3230 4901 notissimo
3281 4847 3532 4918 Horatii,

1966 4929 1977 4965 ι
2025 4953 2037 4964 .
2072 4928 2152 4966 ιιι.
2186 4928 2216 4965 o
2263 4951 2275 4963 .
2404 4928 2417 4964 :

1966 4928 2037 4966 ιι).
2072 4928 2152 4977 ιιι,
2186 4928 2275 4966 oa.
2312 4928 2417 4966 ινε

2133 5091 2239 5150 Quo
2263 5090 2434 5142 Chium
2456 5092 2618 5153 pretio
2641 5090 2812 5141 cadum

2135 5153 2445 5204 Mercemur?
2468 5154 2588 5213 Quis
2611 5167 2782 5217 aquam
2803 5161 3052 5218 temperet
3073 5157 3269 5219 ignibus
3285 5159 3308 5206 ?

1954 5326 2018 5382 ad
2047 5342 2168 5395 qme
2196 5335 2353 5398 vietus
2392 5326 2660 5391 interpres
2682 5325 2902 5398 Acron}
2932 5323 3066 5398 Nam
3101 5329 3362 5396 tepefactis
3403 5331 3550 5398 aquis

1956 5399 2179 5454 solebant
2209 5396 2374 5452 (ἕναιεὶ
2401 5398 2515 5450 vina
2539 5407 2836 5463 temperare.
2861 5395 2966 5451 Sed
2991 5408 3041 5448 et
3061 5395 3429 5467 pauperiores,
3448 5395 3550 5468 qui

1959 5486 2151 5540 aquam
2197 5468 2666 5540 labebantﬂillam
2695 5469 2864 5538 ipsam
2905 5483 3116 5538 quoque
3158 5470 3304 5524 soliti
3351 5473 3542 5528 ca|efa-

1960 5539 2103 5598 cere.
2140 5541 2370 5605 Menas,
2399 5555 2435 5610 p
2485 5539 2572 5595 59.

2037 5635 2148 5689 Nec
2177 5634 2420 5708 appetitio
2471 5633 2754 5708 porrigenti“
2779 5633 3026 5708 ιιιιιει-ξιιε.Δ
3053 5649 3158 5687 esse
3201 5638 3422 5708 amplius
3444 5654 3558 5692 nes-

1965 5709 2124 5773 ciens,
2169 5702 2304 5778 quod
2337 5714 2533 5778 petatur
2584 5703 2655 5778 lla
2702 5702 2877 5769 Fulv.,
2910 5704 3223 5778 DrsinusAet
3251 5702 3512 5762 Meursius
3541 5729 3558 5767 ς

1966 5778 2087 5835 cod.
2120 5775 2222 5831 nis.
2252 5788 2304 5831 et
2330 5776 2494 5831 editio
2523 5776 2770 5844 princeps
2796 5775 3092 5846 corrigetur.
3134 5775 3399 5844 Nesciens,
3432 5781 3552 5834 scil.

1971 5850 2252 5920 appetitio,
2303 5848 2397 5920 sed
2450 5847 2670 5914 melius,
2722 5856 2883 5917 puto,
2928 5856 3075 5904 esset
3115 5851 3388 5918 nescienti,
3439 5852 3555 5907 scil.

1974 5917 2142 5992 puero
2171 5919 2268 5975 illi.
2294 5917 2495 5975 Oneu.

3238 6018 3315 6087 '27
