4020 6304
204 320 321 384 855

1541 338 1745 401 LIBER
1772 339 2152 400 SECUNDUS.

3399 346 3508 404 854

208 451 360 508 illam
387 451 624 521 discere,
656 452 750 511 sed
776 452 972 511 docere
1005 470 1018 508 :
1054 467 1152 511 nec
1176 468 1241 510 ex
1270 453 1455 523 docta,
1489 463 1547 511 ut
1574 454 1793 519 dicitur.
1824 457 1877 521 Α
1901 456 2066 512 dicari
2098 466 2283 514 natura
2315 474 2436 516 esse
2463 460 2754 530 passivum.
2786 459 2944 528 Quod
2975 470 3157 518 autem
3186 470 3270 518 est
3313 475 3503 532 prom-

208 545 617 602 elementariam
648 545 766 603 lieri
802 564 817 603 :
847 547 942 605 scd
973 547 1295 604 retinentem
1340 564 1427 602 res
1457 563 1582 609 suas
1611 563 1807 619 corpo-

208 637 364 694 ribus
385 646 558 693 setnet
577 637 953 711 circumligare
980 640 1232 697 terrenis.
1257 639 1368 696 Nisi
1388 641 1531 696 enim
1562 656 1684 698 sese
1713 643 1809 697 ba-

210 731 392 787 buerit
427 745 514 788 res
540 734 641 797 ita,
672 730 906 792 discerni
950 732 1070 803 quis
1094 733 1321 802 poterit,
1353 743 1603 791 utrumne
1651 732 1806 798 illud.

211 823 361 896 quod
388 823 557 890 audit,
578 824 977 891 reminiscatur,
1010 839 1076 881 an
1103 825 1271 879 discat
1292 826 1311 879 ‘l
1335 841 1455 881 cum
1486 826 1656 880 multo
1684 826 1811 883 laci-

213 917 321 972 lius
368 917 437 971 sit
480 917 734 982 credere,
770 917 977 975 discere
1009 918 1155 975 illam
1197 917 1340 990 quod
1371 920 1577 975 nesciat
1599 962 1617 988 ,
1649 934 1809 990 quam

213 1010 463 1081 oblitam,
493 1009 635 1081 quod
660 1011 821 1081 paulo
848 1022 973 1071 ante
1001 1012 1235 1077 sciebat,
1263 1021 1316 1067 et
1342 1013 1591 1083 oppositu
1617 1028 1814 1083 corpo-

214 1105 297 1160 ris
326 1104 498 1158 amitti
530 1104 884 1175 repetentiatn
909 1108 1170 1177 priorum.
1200 1103 1265 1159 Et
1290 1103 1377 1167 ubi
1405 1113 1486 1163 est
1508 1103 1640 1159 illud
1669 1103 1812 1174 quod

216 1196 415 1252 dicitur
446 1195 797 1266 incorporalis
821 1195 999 1251 anima
1027 1194 1381 1251 subsmntiant
1429 1211 1534 1249 non
1568 1194 1807 1249 habere?

217 1288 376 1358 Quod
406 1288 547 1344 enim
578 1288 774 1344 nullius
804 1299 885 1342 est
914 1288 1157 1358 corporis
1180 1329 1194 1357 ,
1223 1288 1567 1360 oppositione
1592 1289 1815 1345 alterius

220 1399 334 1438 non
365 1382 672 1453 impeditur,
720 1397 818 1437 nec
861 1391 1039 1452 potest
1086 1381 1282 1451 aliquid
1324 1381 1539 1437 suaderi
1592 1380 1818 1451 perdere

220 1475 302 1543 id,
331 1474 470 1547 quod
496 1491 598 1529 non
624 1481 797 1545 petest
822 1484 1020 1529 tactum
1042 1473 1121 1528 rei
1146 1474 1407 1545 opposita:
1434 1475 1720 1535 sustinere.
1749 1473 1818 1529 Ut

221 1567 373 1622 enim
425 1581 685 1643 numerus
736 1566 789 1620 iu
835 1566 1154 1636 corporibus
1192 1566 1538 1630 constitutus,
1573 1566 1819 1632 quamvis

221 1659 376 1714 mille
414 1659 733 1731 corporibus
763 1658 1044 1724 obruatur,
1099 1659 1331 1717 intactus
1382 1667 1436 1713 et
1491 1656 1819 1719 inviolabilis

218 1760 453 1821 constat,
478 1752 545 1805 ita
572 1765 794 1806 necesse
815 1758 898 1807 est
921 1750 1148 1814 animas,
1169 1750 1215 1806 si
1239 1758 1382 1813 sunt,
1404 1757 1458 1814 ut
1484 1750 1816 1821 perhibetur,

1913 558 2059 618 ptum
2106 559 2269 620 atque
2307 552 2612 621 expositum
2664 552 2938 622 passioni,
2981 551 3335 622 corruptibile
3362 565 3508 616 esse,

1908 640 2021 710 ipsa
2045 640 2401 709 passibilitate
2420 643 2835 710 interveniente,
2865 643 3233 699 denuntiatur.

1984 732 2198 787 XXVII.
2227 733 2370 804 Ergo
2389 774 2405 800 ,
2429 736 2471 788 si
2495 744 2551 790 et
2578 735 2769 789 anima:
2799 736 3028 803 perdunt
3054 750 3213 791 omne
3243 734 3386 805 quod
3412 736 3512 791 no-

1914 836 2136 891 verant,
2182 828 2554 896 corporalibus
2596 828 2821 882 vinculis
2862 840 3171 899 occupatm,
3230 829 3507 898 patiantur

1913 934 2137 974 necesse
2181 929 2264 973 est
2293 918 2517 990 aliquid,
2567 919 2708 990 quod
2739 933 2832 974 eas
2861 918 3061 974 efﬁciat
3091 919 3379 974 oblivionis
3426 918 3509 973 in-

1914 1013 2082 1068 duere
2114 1022 2137 1048 ⁸
2170 1013 2484 1067 caecitatem.
2533 1011 2717 1082 Neque
2764 1011 2909 1066 enim
2938 1011 3070 1067 nihil
3119 1010 3342 1066 omnino
3392 1024 3516 1080 pcr-

1916 1120 2109 1174 pessre,
2139 1114 2233 1157 aut
2260 1105 2618 1175 integritatem
2651 1114 3038 1158 conservantes
3068 1117 3241 1168 suam,
3275 1110 3502 1173 possunt

1916 1211 2096 1250 rerum
2126 1196 2403 1249 scientiam
2451 1209 2673 1263 ponere,
2722 1204 2815 1249 aut
2856 1195 2908 1249 in
2957 1194 3092 1250 alios
3140 1194 3350 1248 habitus
3395 1194 3512 1248 sine

1917 1286 2003 1342 sui
2032 1285 2382 1341 mutabilitate
2415 1286 2664 1341 transire.
2691 1285 2851 1356 Atqui
2874 1300 2971 1339 nos
2995 1284 3342 1350 arbitramur,
3368 1284 3512 1354 quod

1919 1390 2001 1435 est
2033 1396 2218 1443 unum,
2250 1380 2393 1449 quod
2438 1379 2767 1443 immortale,
2800 1380 2943 1448 quod
2971 1378 3222 1448 simplex,
3257 1391 3518 1447 quacum-

1919 1489 2026 1543 qnc
2046 1474 2096 1527 in
2126 1488 2184 1528 re
2212 1472 2391 1539 fuerit,
2423 1473 2730 1528 necessario
2755 1486 2970 1540 semper
2985 1484 3136 1524 suam
3163 1468 3399 1524 retinere
3419 1481 3519 1521 na-

1921 1576 2094 1621 turam
2123 1583 2136 1619 :
2162 1581 2264 1621 nec
2279 1565 2478 1621 debere
2498 1574 2763 1635 autposse
2791 1563 2992 1635 aliquid
3017 1563 3263 1633 perpeti,
3288 1561 3335 1617 si
3359 1560 3519 1615 modo

1921 1674 2043 1715 esse
2072 1669 2389 1731 perpetuum
2421 1660 2639 1731 cogitat,
2659 1669 2712 1714 et
2737 1661 2787 1712 in
2818 1658 3014 1713 llnibus
3036 1655 3269 1727 propria:
3298 1655 3521 1710 immor-

1923 1754 2146 1808 talitatis
2193 1753 2422 1808 baerere.
2479 1752 2669 1806 Omnis
2701 1750 2843 1806 enim
2877 1749 3059 1819 passio
3089 1747 3223 1804 letbi
3251 1745 3525 1817 atque-in-

221 1846 581 1914 ineorporeze.
607 1842 934 1897 oblivionem
966 1843 1202 1913 priorum
1231 1844 1432 1899 nullam
1462 1844 1568 1913 pati
1596 1860 1610 1898 :
1635 1858 1823 1914 quam-
1853 1852 1901 1912 B
1930 1845 2120 1899 teritus
2142 1844 2304 1913 janua
2337 1853 2419 1898 est
2445 1885 2459 1910 ,
2491 1843 2557 1897 ad
2587 1853 2815 1896 mortem
2842 1840 3048 1895 ducens
3068 1839 3176 1906 via,
3208 1846 3264 1893 et
3289 1837 3521 1893 inevita-

219 1935 307 1992 vis
337 1951 428 1990 eas
458 1934 800 1989 solidissima;
845 1950 1132 2003 corporum
1181 1935 1673 2004 circumligaverint
1691 1934 1820 2005 jun-

219 2028 454 2083 ctiones.
490 2026 667 2094 Quid?
695 2027 836 2098 quod
869 2028 1058 2083 eadem
1095 2028 1232 2089 ratio
1264 2042 1369 2085 non
1402 2036 1607 2091 tantum
1650 2028 1823 2094 ineor-

221 2134 424 2192 poreas
478 2119 683 2175 indicat
706 2135 799 2179 eas
847 2135 953 2174 non
999 2134 1142 2184 esse,
1199 2135 1381 2177 verum
1431 2120 1592 2174 etiam
1650 2119 1823 2190 privat

221 2212 636 2267 immortalitate
664 2210 763 2265 bas
803 2208 987 2278 omni,
1036 2220 1091 2267 et
1115 2208 1181 2269 ad
1228 2213 1363 2269 lines
1406 2211 1670 2281 applicat,
1704 2211 1824 2284 qui-

218 2303 327 2359 bus
348 2303 456 2357 vita
480 2311 738 2358 consueta
765 2312 847 2357 est
871 2302 1168 2356 terminari.
1200 2301 1469 2377 Quidquid
1492 2304 1635 2359 enim
1657 2317 1820 2361 causa

220 2397 511 2466 ingruente
541 2394 799 2449 nonnulla
833 2395 905 2449 ita
932 2403 1188 2459 mutatur,
1223 2405 1278 2449 et
1304 2394 1548 2463 vertitur,
1593 2405 1653 2455 ut
1679 2397 1819 2455 inte-

218 2489 476 2561 gritatem
505 2502 657 2543 suam
685 2490 918 2545 retinere
946 2503 1052 2543 non
1081 2489 1249 2559 possit
1271 2506 1284 2543 :
1304 2488 1358 2544 id
1384 2505 1608 2545 necesse
1631 2500 1715 2545 cst
1738 2492 1820 2560 ju-

1931 1940 2094 2001 bilem
2126 1940 2288 1994 rebus
2328 1938 2560 1994 aﬂerens
2602 1937 2932 1993 iunctionem
2963 1954 2977 1989 :
3008 1950 3168 2005 quam
3213 1933 3261 1988 si
3287 1930 3527 1987 sentiunt

1929 2033 2148 2099 animat,
2181 2041 2235 2086 et
2283 2033 2443 2088 taetui
2482 2032 2601 2100 ejus
2645 2040 2807 2100 atque
2855 2027 3255 2084 incursionibus
3305 2022 3525 2088 cedunt,

1932 2141 2032 2181 usu
2063 2136 2118 2181 et
2141 2125 2247 2181 illis
2291 2137 2374 2181 est
2403 2127 2508 2181 vita
2557 2140 2663 2179 non
2696 2123 2965 2193 mancipio
2996 2120 3226 2184 tradita,
3279 2116 3527 2189 quamvis

1931 2220 2092 2274 aliter
2120 2219 2337 2290 quidam
2364 2218 2599 2274 inierant
2619 2259 2633 2285 ,
2662 2225 2719 2273 et
2746 2218 2825 2273 rei
2856 2225 3018 2271 tantae
3047 2213 3206 2270 ﬁdem
3238 2212 3353 2266 suis
3375 2210 3428 2265 in
3451 2223 3531 2264 ar-

1930 2310 2425 2380 gumentationibus
2456 2319 2679 2380 ponant.

2004 2401 2242 2463 XXVIII.
2286 2402 2366 2458 Ae
2405 2418 2475 2458 ne
2524 2412 2702 2457 tamen
2746 2398 2995 2455 instructi
3041 2411 3148 2452 non
3173 2393 3383 2466 plenius
3430 2390 3531 2446 ab-

1929 2508 2140 2561 eamus,
2159 2493 2471 2550 audiamusb
2488 2509 2517 2548 a
2538 2488 3173 2563 vobis,quemadmodum
3196 2484 3393 2551 dicitis,
3418 2481 3534 2538 ani-

1434 2600 1819 2659 LEC'I‘IONES
1851 2604 2271 2664 VARIANTES.

290 2725 317 2755 ⁸
343 2721 585 2774 Ιιιιιιιοθινθ
616 2717 719 2772 alii.

1987 2721 2016 2762 b
2054 2720 2238 2777 Audire
2266 2736 2469 2777 avemus
2502 2723 2644 2775 Fulv.

1608 2823 2164 2887 COMMENTARIUS.

223 2944 408 3002 Utitur
450 2940 721 2998 Arnobius
760 2938 866 2993 hoc
913 2938 1078 2994 verbo
1120 2952 1231 3009 pro
1261 2951 1491 3009 genere,
1542 2937 1730 3009 sobole
1770 2949 1826 2994 et

222 3015 593 3077 multitudine,
616 3026 765 3065 more
792 3011 1130 3064 Lucretiam.
1158 3007 1517 3067 Atii'indlcem
1547 3007 1822 3076 Gipbauii.

223 3087 475 3142 Eanum.
506 3113 579 3126 —-
608 3082 738 3137 Vide
782 3095 931 3150 supr.
978 3081 1045 3135 ad
1086 3080 1179 3136 lib.
1228 3095 1267 3147 ι,
1318 3096 1366 3136 c.
1390 3079 1481 3144 25,
1505 3090 1559 3135 et
1582 3078 1716 3137 infra
1761 3080 1826 3135 ad

222 3159 322 3213 ιιι).
351 3173 442 3223 vn,
470 3171 519 3210 c.
548 3156 638 3208 Ἠ.
671 3157 874 3208 υιιιῖιι.

304 3221 699 3281 Ειεηιιριηιανὲαηι
719 3227 849 3292 fieri.
869 3224 924 3279 Id
943 3231 1042 3289 est,
1073 3223 1255 3290 primis
1276 3222 1555 3277 elementis
1583 3221 1831 3275 imbuen-

226 3299 378 3354 dam.
416 3298 641 3360 Seneca,
684 3298 843 3364 epist.
889 3310 1067 3349 xxxvi.
1091 3293 1292 3364 Turpis
1322 3305 1366 3347 et
1397 3292 1616 3364 ridicula
1638 3309 1825 3364 resLe‘s.’

222 3371 583 3427 elementarius
608 3360 778 3423 una.
816 3367 1058 3422 Ειιιειιιι.
1090 3374 1147 3420 et
1176 3360 1379 3423 Nouus.
1411 3363 1627 3417 —Eine
1666 3360 1827 3416 ARC-

228 3442 525 3496 Schulerin.
556 3439 759 3493 ORELL.

310 3512 655 3579 Repetenliam
725 3510 970 3577 priorum.
1045 3508 1249 3561 Glossm
1304 3523 1342 3560 το
1376 3504 1691 3579 Repetentla.
1760 3534 1833 3579 -—;

228 3577 557 3654 ἐπανάληψις.
597 3582 736 3635 Inl‘ra
759 3596 878 3650 cap.
909 3579 1018 3654 9.81
1042 3579 1197 3654 Quod
1237 3578 1555 3654 enimrebus
1589 3577 1832 3654 ingressis

229 3647 472 3723 priornui
494 3647 1091 3723 repetentium—detrahit,
1120 3651 1169 3704 id
1198 3657 1282 3704 est
1309 3651 1601 3721 ἀνάμνησιν.
1628 3647 1832 3703 Lucre-

229 3722 360 3787 tius,
392 3724 484 3780 lib.
510 3739 588 3786 Ill,
622 3738 765 3777 ιιι-νε.
797 3722 921 3787 865,
956 3737 1072 3791 scq.
1101 3738 1114 3776 :

329 3813 785 3877 Interruptapsemel
811 3826 920 3877 cum
943 3813 1008 3877 sit
1028 3813 1312 3877 repetentia
1335 3814 1519 3861 nostra.

328 3878 391 3927 Et
414 3874 541 3925 nune
563 3875 630 3923 nil
657 3876 717 3924 ad
741 3888 829 3925 nos
847 3875 910 3922 de
933 3874 1073 3921 nobis
1097 3874 1290 3930 attinet,
1315 3878 1431 3921 ante

328 3940 423 4000 Qui
446 3937 643 3987 fuimus.

224 4026 324 4083 Sic
349 4022 620 4076 retinentia
667 4034 878 4090 quoque
926 4018 1061 4086 apud
1110 4018 1446 4090 Lucretium.
1499 4031 1602 4085 qua
1652 4031 1832 4090 rerum

230 4088 943 4168 prmteritarumfugientem
969 4093 1280 4168 inguini-iam
1313 4089 1607 4143 retinemus
1636 4088 1754 4145 scil.
1780 4096 1836 4143 et

228 4159 582 4229 retraltiutus,
615 4159 808 4227 libfut,
840 4177 982 4216 vers.
1016 4159 1141 4226 674,
1171 4177 1285 4231 seq.
1315 4178 1327 4213 :

329 4258 451 4309 Nam
471 4258 510 4307 si
536 4263 795 4319 tantopere
820 4255 880 4304 ’st
902 4256 1045 4319 animi
1072 4259 1256 4319 mutata
1282 4257 1518 4319 potestas,

330 4324 500 4372 Omnis
520 4327 569 4369 ut
591 4315 807 4369 actarum
834 4316 1077 4367 exciderit
1101 4315 1366 4365 retinentia
1386 4327 1570 4365 rerum.

1233 4377 1452 4426 lienam.
1478 4382 1528 4426 et
1553 4374 1771 4431 Εωιειςιι.

311 4465 668 4539 Ittcorporales
698 4464 896 4539 animos
926 4461 1250 4539 substantias
1278 4476 1384 4539 non
1409 4459 1613 4539 Intuere.
1645 4458 1717 4539 Ita
1743 4457 1830 4514 ed.

2007 2941 2753 3007 Passibilitateinterveniente.
2798 2943 3123 3001 Passibilitas
3148 2957 3253 2997 vos
3284 2939 3528 2996 cadentis

1935 3013 2259 3071 Latinitatis.
2286 3016 2399 3071 Vit].
2424 3016 2602 3081 Vuss.,
2627 3016 2694 3077 de
2717 3014 2875 3071 Viliis
2899 3031 3066 3069 serui.
3087 3023 3142 3069 et
3172 3012 3257 3067 UI.
3282 3009 3524 3081 Borriclt.

1936 3086 2191 3154 Cogitat.,
2224 3104 2275 3156 p.
2322 3088 2443 3144 189.
2478 3087 2569 3144 Sic
2612 3087 2868 3157 possibilia
2895 3085 3031 3141 infra
3062 3084 3198 3140 libro
3228 3080 3530 3157 vu‘t‘Quic-

1855 3155 1901 3220 C
1931 3152 2056 3227 quid
2097 3152 2236 3211 enini
2271 3170 2493 3228 uexatur
2519 3152 2853 3228 rei'alicujus
2887 3173 2914 3211 e
2950 3165 3109 3222 motu,
3148 3152 3388 3225 possibile
3426 3167 3533 3206 esse

1932 3239 2200 3300 constal‘et
2228 3230 2432 3300 fragile.
2464 3227 2667 3284 ORELL.

2005 3292 2332 3355 Χχνιι.“-’
2367 3300 2430 3355 Si
2475 3301 2626 3354 modo
2661 3315 2768 3355 esse
2824 3306 3121 3369 perpetuum
3158 3296 3367 3366 cegital.
3400 3292 3531 3348 Sine

1933 3368 2097 3427 dubio
2144 3370 2427 3441 legendum
2477 3389 2490 3427 :
2542 3388 2651 3426 esse
2695 3387 2748 3425 se
2796 3380 3113 3494 perpetuuub
3138 3369 3347 3435 cogitat.

3117 3454 3272 3493 ιιειι..

3117 3454 3272 3493 BELL-

2009 3512 2188 3584 Ontnis
2212 3514 2344 3568 enim
2373 3513 2542 3584 passio
2568 3502 2688 3568 letlu'
2715 3521 2861 3581 atque
2876 3511 3108 3584 interitus
3130 3511 3410 3584 janua_es_t.
3438 3502 3530 3559 lu-

1934 3582 2013 3637 fra
2034 3604 2045 3638 :
2066 3582 2264 3643 Rursus
2290 3576 2405 3637 vero
2431 3585 2475 3637 si
2500 3585 2686 3640 animi:
2710 3576 2835 3639 lelllt
2852 3583 3037 3637 adeunt
3051 3576 3265 3650 januas.
3290 3576 3532 3633 Imitatur

1935 3653 2242 3711 Lucretium
2275 3673 2325 3709 v.
2358 3656 2460 3711 574
2496 3670 2513 3709 :

2058 3771 2199 3821 Haud
2226 3773 2377 3833 igitur
2404 3771 2525 3822 letbi
2550 3771 2784 3836 praeclusa
2809 3752 2886 3822 est
2902 3769 3051 3831 janua
3069 3766 3213 3819 caelo.
3250 3764 3471 3817 Benaco.

2008 3876 2357 3933 Ineritabileut
2394 3877 2541 3931 rebus
2576 3876 2793 3942 offerens
2824 3874 3152 3945 functionem.
3186 3870 3533 3945 Functiopro

1936 3962 2132 4009 morte.
2167 3960 2221 4001 ut
2248 3949 2394 4018 fungi
2422 3941 2700 4018 proimori,
2734 3941 2932 4018 locutio
2962 3945 3238 3998 familiaris
3270 3941 3528 3997 Arnobio.

1935 4021 2023 4075 Sic
2055 4019 2190 4073 infra
2222 4016 2357 4086 cap.
2381 4021 2469 4072 57.
2509 4017 2607 4071 Hic
2629 4028 2768 4071 retur
2798 4016 3053 4087 (animas)
3087 4031 3193 4069 esse
3239 4024 3529 4087 perpetuus.

1936 4103 1981 4144 et
2002 4107 2261 4160 superesse
2280 4082 2571 4144 mortalium
2582 4082 2855 4160 junctioni.
2880 4086 3136 4160 Itamorle
3152 4087 3357 4157 functus
3373 4082 3463 4137 lib.
3493 4097 3530 4147 t,

1936 4158 2180 4230 capﬁil.
2213 4160 2346 4215 Vide
2393 4158 2668 4216 Vorsuad
2699 4160 2903 4228 Sulpic.
2950 4158 3165 4230 seven,
3194 4172 3234 4223 ι,
3281 4169 3400 4223 cap.
3434 4166 3529 4230 vti,

1937 4222 2402 4296 et'Bunemann.,
2450 4231 2518 4287 ad
2566 4222 2834 4296 Lactantl,
2882 4229 3054 4284 instit.
3108 4243 3201 4293 vu,
3260 4222 3380 4293 cap.
3441 4222 3532 4286 10.

1939 4319 2058 4373 pag.
2092 4304 2155 4359 9i
2178 4309 2218 4360 ι.
2251 4304 2454 4358 Οιιειι.

2014 4363 2122 4430 Usu
2158 4387 2205 4430 et
2251 4376 2355 4429 illis
2383 4384 2457 4429 est
2503 4373 2636 4437 uita,
2668 4389 2771 4426 non
2817 4370 3073 4440 mancipio
3106 4368 3316 4423 tradita.
3360 4363 3416 4418 ltl
3453 4370 3538 4418 est

1937 4446 2059 4502 data
2102 4458 2185 4502 est
2231 4446 2338 4501 illis
2376 4447 2481 4499 vita
2530 4444 2598 4499 ad
2641 4457 2817 4506 usum,
2869 4456 2973 4494 non
3028 4450 3085 4493 ut
3125 4445 3437 4508 perpetuam
3469 4448 3535 4487 ac

232 4508 1833 4608 ιυξὶῐῖίίὲἶῖῖἐιὲὶὶίᾷὲιιῇζξᾷιὶὶιὲςξιέεὲῦξιῐιῖἑ
1859 4534 1913 4596 Ῑ)
1938 4530 2192 4573 teternmn
2224 4533 2345 4572 eam
2374 4516 2627 4571 habeant.
2657 4511 2937 4568 Lucretius
2963 4526 3041 4575 ιιι,
3068 4508 3176 4564 984
3209 4529 3222 4562 :

232 4596 574 4676 ittcot'pOt'ttlis
621 4609 812 4667 artium,
857 4604 950 4657 sed
989 4602 1322 4676 incorporalis
1346 4602 1396 4654 in
1428 4596 1548 4676 cuti.
1593 4596 1695 4676 ius.
1746 4608 1830 4654 est.

234 4670 575 4735 accusativus
609 4679 827 4751 pluralis
872 4692 965 4751 pro
1009 4670 1371 4751 incorporales.
1408 4670 1511 4731 Alii
1541 4688 1554 4724 :
1586 4672 1826 4741 incorpo-
1914 4676 1915 4679 “

235 4755 397 4806 ralem
426 4747 625 4804 animus
647 4748 998 4803 substantiam.
1033 4747 1237 4801 URELL.

318 4821 556 4877 Suaderi.
580 4820 727 4874 Fulv.
764 4817 985 4872 l't'siuus
1012 4817 1114 4884 leg.
1148 4822 1333 4867 censet
1362 4812 1539 4884 videri.
1571 4811 1673 4865 Sed
1698 4810 1829 4884 nihil

237 4890 837 4955 mutantlutu.Suaderi,
884 4882 1111 4955 perdere,
1137 4885 1186 4938 id
1218 4895 1301 4955 cst
1339 4882 1491 4955 aﬁiei,
1535 4892 1593 4955 ut
1627 4883 1828 4948 perdat.

241 4967 318 5018 Ita
347 4963 580 5024 suadere.
626 4951 1194 5029 imperaresa'pissiute
1220 4951 1392 5029 etiarn"
1421 4953 1487 5005 de
1520 4951 1829 5029 rebuiina.

238 5035 460 5091 nintatis
509 5022 604 5102 pro
646 5022 942 5103 impellere,
979 5022 1304 5089 sollicitare.
1360 5023 1603 5085 Lucret..
1647 5022 1722 5079 lib
1796 5038 1836 5091 t,

238 5121 386 5160 vers.
420 5105 523 5158 173
556 5121 570 5162 :

1140 5186 1407 5237 Frumenta
1430 5183 1594 5235 calore

338 5257 501 5309 Viteis
518 5261 750 5307 autumno
775 5251 907 5302 fundi
930 5250 1173 5301 suadente
1200 5248 1434 5298 videmus.

243 5341 337 5398 ubi
372 5352 548 5401 tamen
576 5340 665 5395 alii
701 5337 886 5407 legunt
921 5356 934 5391 ε
961 5335 1193 5389 sudante.
1214 5330 1349 5386 Vide
1382 5328 1652 5407 Lambin.,
1674 5341 1727 5397 p.
1749 5326 1839 5380 ’55.

1379 5400 1582 5456 ORELL.

321 5483 389 5541 ltt
431 5480 748 5553 corporibus.
798 5478 951 5535 It‘ulv.
986 5476 1213 5532 Ursinus
1249 5489 1263 5527 :
1294 5473 1643 5598 incgporeus.
1683 5467 1837 5523 Male.

1435 5557 1588 5597 nsLL.

1435 5557 1588 5597 BELL.

322 5627 773 5694 Corporum.......
799 5619 1106 5694 functiones.
1137 5616 1239 5694 Alii
1262 5635 1286 5694 _:
1332 5615 1633 5694 vinctioues.
1680 5611 1842 5694 male;

251 5681 527 5755 Arnobius
554 5694 689 5750 infra
716 5681 906 5748 eodem
946 5690 1085 5749 libro
1112 5708 1125 5742 :
1174 5687 1298 5752 Quis
1328 5695 1506 5739 auctor
1525 5681 1847 5751 junctiouisf

251 5772 372 5827 Lib.
405 5784 460 5827 ttt
495 5787 507 5822 :
545 5764 885 5819 Multitudinis
901 5761 1184 5831 junctionis
1206 5755 1495 5831 (li/ferentia
1522 5761 1841 5831 conservata.

255 5824 378 5899 Lib.
406 5824 463 5898 ιι
501 5856 514 5894 :
547 5824 958 5897 Siuutlacrorn'm
994 5830 1270 5887 recalescere
1294 5827 1569 5897 junctiom‘.
1600 5824 1845 5880 ELIENR.

2029 4631 2244 4694 Vitaque
2268 4629 2523 4691 mancupio
2542 4625 2662 4675 nulli
2685 4625 2847 4695 datur,
2886 4623 3116 4681 omnibus
3138 4632 3247 4671 usu.

1937 4737 2140 4792 Seneca
2200 4734 2371 4802 Epist.
2435 4745 2625 4785 Lxxn:
2668 4726 2820 4782 Nihil
2862 4727 2953 4781 dat
3000 4730 3207 4851 {oguna
3252 4723 3527 4795 mancipio.

3096 4811 3291 4851 Lusus.

3096 4811 3291 4852 LMBNH.

2015 4895 2257 4963 Quamvis
2282 4894 2429 4963 aliter
2449 4890 2647 4961 quidem
2665 4888 2980 4963 ittferantald
3003 4895 3531 4963 estarguutententur,

1942 4957 2267 5023 concludunt.
2316 4957 2537 5017 Locutio
2568 4957 2728 5035 apud
2747 4960 2787 5013 Τ
2793 4960 3134 5035 r-rtttlliattttui
3161 4957 3217 5013 et
3247 4957 3532 5035 Apuleium

1944 5040 2084 5093 baud
2118 5037 2445 5105 infrequens;
2489 5033 2582 5105 sed
2615 5027 2780 5105 etiam
2824 5028 3219 5105 probatioribus
3258 5027 3535 5105 scriptori-

1942 5112 2065 5173 bus,
2118 5099 2284 5162 vetbi'
2320 5119 2480 5159 causa
2530 5099 2859 5173 Quintiliano
2905 5101 3033 5173 Inst.
3082 5117 3136 5167 v,
3190 5114 3307 5168 cap.
3343 5099 3450 5173 diu,
3479 5107 3535 5173 et

1943 5183 2034 5238 lib.
2054 5169 2183 5243 'viu,
2211 5193 2328 5247 cap.
2360 5180 2413 5243 4,
2448 5169 2723 5247 usurpata.
2763 5171 3115 5247 Cujusplura
3146 5170 3389 5240 exempla
3417 5169 3534 5247 crd-

1946 5252 2074 5322 legit
2123 5239 2459 5322 Bunentann,
2512 5239 2595 5298 ad'
2629 5239 2889 5300 Lactantii
2937 5239 3064 5298 lust.
3116 5257 3212 5309 vn,
3257 5239 3375 5311 cap.
3431 5239 3534 5313 15,

1947 5316 2238 5399 p:ig_.__9_2_7_,_
2257 5334 2370 5389 seq.
2402 5316 2605 5399 OttELL.

2020 5379 2258 5449 XXVIII.
2313 5379 2386 5430 έ-
2440 5390 2511 5442 Ac
2562 5404 2625 5442 ne
2679 5394 2846 5440 tamen
2896 5383 3126 5439 instructi
3176 5399 3277 5437 non
3337 5379 3538 5451 plenius

1949 5466 2209 5526 abeamus,
2232 5462 2499 5516 audiamus
2524 5476 2554 5512 a
2579 5454 2736 5520 vobis,
2755 5454 3180 5527 quemadmodum
3201 5454 3393 5527 dicitis,
3422 5451 3537 5504 ani.
3622 5470 3635 5482 ι

1952 5553 2082 5602 mas,
2114 5525 2229 5588 cum
2250 5534 2458 5587 terrenis
2490 5530 2676 5602 fuerint
2700 5525 2992 5602 corporibus
3006 5525 3277 5602 inuoluite,
3308 5525 3537 5594 priorum

1953 5596 2378 5661 reminiscentiam
2419 5596 2521 5655 non
2559 5600 2761 5655 habere.
2786 5596 2862 5653 Ita
2891 5598 3158 5653 editiones
3197 5609 3406 5655 omnes.
3440 5607 3538 5647 cx-

1955 5692 2107 5747 cepta
2138 5679 2305 5743 prima
2329 5682 2385 5729 et
2412 5673 2578 5747 Lugd.
2610 5672 2727 5725 But.
2746 5684 2790 5747 _e
2818 5669 3154 5747 correctione
3181 5666 3411 5722 Gelenii.
3434 5677 3538 5747 ips.

1955 5732 2201 5804 et'edit'io
2225 5747 2474 5817 princeps
2491 5732 2678 5817 liabet.
2703 5742 2946 5817 abeamus
2971 5755 3035 5794 ne
3057 5739 3361 5817 uideamura
3379 5732 3543 5817 peltis:

1961 5820 2102 5878 unde
2120 5809 2382 5885 lleraldas
2402 5809 2455 5872 in
2476 5815 2632 5871 Curis
2657 5812 2913 5870 secundis
2935 5809 3220 5882 legendum
3247 5809 3557 5879 suspicatur
