3986 6282
165 287 262 344 857

1470 295 1673 354 LIBER
1709 296 2088 359 SECUNDUS.

3335 306 3452 371 858

160 404 397 472 censetis,
430 421 640 477 verum,
668 409 811 481 quod
854 410 1071 482 gravius
1109 413 1278 468 multo
1317 424 1418 482 est,
1451 414 1731 470 addidistis
1756 415 1811 477 Α
1836 417 1994 472 tionis
2019 427 2256 474 amotum
2284 430 2395 488 est,
2425 416 2859 503 ilicet'omnibus
2898 422 3170 480 ambiatur
3210 424 3446 486 ﬂammis

158 510 355 563 causas,
384 501 580 571 quibus
627 513 681 559 et
718 504 842 559 vilia
884 515 1212 571 crescerent,
1236 515 1291 563 et
1335 508 1741 565 inemendabilis

158 594 379 660 nequitia
406 607 775 664 permaneret.
800 598 931 666 Quis
954 610 1036 654 est
1059 600 1201 654 enim
1231 599 1528 661 hominum.
1554 618 1737 673 quam-

156 685 231 741 vis
256 684 344 741 ille
381 686 452 741 sit
488 688 687 744 indolis
728 691 1000 745 infamiam
1024 700 1051 728 ἰ
1084 706 1297 759 semper
1324 702 1483 764 atque
1512 695 1742 765 ignomi-

158 778 297 832 niosa
325 778 600 849 fugientis,
616 783 727 849 qui,
744 799 865 838 cum
886 784 991 839 dici
1012 784 1264 840 exaudiat
1286 787 1417 841 viris
1439 787 1505 840 ab
1526 790 1741 857 sapien-

157 868 287 925 tibus
327 874 565 928 maxime
606 872 939 930 immortales
967 877 1175 930 animas
1210 891 1354 943 esse,
1385 893 1483 933 nec
1509 878 1739 936 fatorum

152 976 267 1019 esse
291 964 552 1020 obnoxias
579 966 808 1038 legibus.
844 984 952 1024 non
979 970 1031 1023 in
1062 970 1241 1024 omnia
1271 970 1467 1041 ﬂagitia
1501 988 1741 1045 prteceps

152 1067 207 1111 se
232 1064 365 1122 ruat,
395 1072 503 1113 non
536 1059 834 1130 intrepidus
854 1060 883 1100 δ
916 1077 1003 1116 res
1029 1063 1189 1117 obcat
1215 1074 1375 1134 atque
1402 1067 1742 1134 aggrediatur

151 1146 386 1203 illicitas?
418 1166 525 1205 non
556 1150 791 1219 denique
830 1154 1010 1207 omnia
1055 1155 1167 1209 suis
1214 1156 1597 1226 cupiditatibus
1635 1159 1740 1213 lar-

150 1239 342 1311 giatur,
388 1258 511 1312 quae
564 1244 731 1301 libido
779 1246 1049 1315 impotens
1096 1251 1351 1314 jusserit.
1409 1252 1740 1322 impunitatis

149 1344 395 1403 pra-terea
422 1336 586 1391 etiam
615 1338 863 1395 libertate
885 1342 1126 1395 munita?
1150 1341 1286 1409 Quid
1316 1344 1460 1398 enim
1494 1346 1738 1413 prohibe-

146 1423 240 1493 bit,
267 1428 546 1492 quominus
571 1430 688 1485 btec
720 1431 916 1487 faciat?
944 1444 1121 1490 metus
1149 1450 1398 1506 supernae
1431 1440 1735 1507 potestatis,

141 1516 492 1590 judiciumque
520 1521 809 1580 divinum?
836 1525 903 1581 Et
931 1528 1052 1596 quis
1084 1530 1523 1597 poteritterritari
1557 1534 1739 1588 formi-

146 1607 277 1665 dinis
314 1612 545 1683 alicujus
588 1617 832 1682 horrore,
866 1617 953 1673 cui
986 1618 1148 1675 fuerit
1174 1637 1513 1691 persuasum,
1544 1635 1649 1680 tam
1678 1642 1737 1684 se

145 1716 256 1758 esse
303 1708 699 1774 immortalem,
728 1726 890 1782 quam
922 1713 1096 1785 ipsum
1138 1716 1303 1771 Deum
1334 1717 1566 1788 primum
1587 1714 1613 1786 ,⁷
1636 1736 1735 1776 nec

1839 510 2151 565 torrentium
2199 512 2512 581 ﬂuminum,
2558 514 2804 569 volv.itnr
2841 515 2897 571 in
2942 531 3135 583 emno,
3183 532 3439 576 saxorum

1841 586 2230 660 imminentium
2263 607 2507 670 casibus,
2539 615 2595 662 et
2635 607 2950 663 immanium
2999 611 3262 665 montium
3310 628 3447 684 ope.

1840 698 2007 753 riatur
2060 700 2259 762 ruinis,
2310 701 2571 755 illibatum
2624 717 2845 758 necesse
2891 713 2972 757 est
3031 718 3338 771 permaneat
3386 716 3445 764 et

1840 789 2134 858 intactum,
2167 807 2341 862 neque
2383 793 2550 845 ullum
2592 808 2809 848 sensum
2854 794 3148 851 mortiferae
3178 797 3444 867 passionis

1840 897 2138 939 assumere.
2163 884 2342 953 Quid?
2370 886 2512 956 quod
2546 887 2644 941 ista
2676 889 2957 957 persuasio
2987 906 3092 945 non
3126 901 3333 948 tantum
3360 901 3447 950 est

1842 973 2113 1029 incitatrix
2140 977 2204 1030 ad
2239 976 2363 1031 vitia
2398 978 2650 1034 libertate
2675 994 2742 1034 ex
2771 981 2884 1051 ipsa
2925 984 3220 1051 peccandi,
3252 1001 3440 1043 verum

1840 1068 1999 1123 etiam
2049 1070 2400 1143 philosophiae
2443 1076 2612 1146 ipsius
2660 1095 2876 1135 causam
2926 1082 3080 1149 tollit,
3113 1092 3168 1138 et
3211 1084 3445 1142 inaniter

1840 1176 1957 1216 eam
1988 1165 2184 1231 suscipi
2215 1173 2598 1238 supervacanei
2637 1183 2659 1211 ο
2690 1175 2874 1243 operis
2900 1175 3221 1233 difficultate
3261 1178 3443 1235 decla-

1840 1269 1941 1312 rat.
1969 1260 2100 1314 Nam
2126 1262 2172 1317 si
2203 1279 2386 1317 verum
2419 1274 2524 1330 est,
2552 1267 2763 1323 animas
2792 1269 2988 1323 nullius
3012 1284 3134 1325 esse
3156 1270 3443 1343 participes

1841 1352 1991 1418 linis,
2020 1365 2073 1410 et
2102 1372 2222 1410 cum
2255 1359 2505 1413 omnibus
2547 1362 2761 1416 saeculis
2804 1377 3042 1417 tcvorum
3076 1364 3442 1433 perpetuitate

1840 1448 2135 1516 procedere
2165 1468 2177 1503 :
2209 1453 2336 1521 qttid
2369 1452 2594 1521 periculi
2637 1468 2725 1508 res
2756 1455 2915 1509 liabet
2943 1458 3271 1526 contemptis
3299 1472 3438 1527 pra!-

1840 1542 2215 1613 termissisque
2244 1545 2551 1613 virtutibus,
2582 1545 2778 1616 quibus
2807 1558 2890 1603 est
2921 1551 3251 1604 contractior
3275 1563 3441 1621 atque

1838 1630 2107 1689 horridior
2136 1637 2273 1700 vita,
2307 1638 2671 1709 voluptatibus
2715 1654 2774 1695 se
2814 1639 2976 1702 dare,
3018 1655 3082 1696 ac
3124 1656 3221 1713 per
3261 1643 3442 1699 omnia

1837 1724 2116 1781 libidinum
2161 1744 2359 1798 genera
2398 1729 2717 1785 eﬂ‘renatum
2750 1746 3008 1802 spargere
3039 1733 3318 1789 immensae
3344 1749 3438 1791 cu-

146 1794 209 1850 ab
250 1811 312 1850 eo
353 1797 588 1867 judicari
630 1801 919 1873 quidquam
947 1804 1016 1859 de
1041 1820 1101 1860 se
1129 1822 1291 1877 posse
1321 1826 1333 1862 :
1366 1824 1488 1864 eum
1531 1811 1602 1865 sit
1630 1827 1735 1868 una
1768 1810 1813 1870 Β
1842 1816 2078 1887 piditatis
2105 1794 2392 1877 ardorem?
2420 1823 2496 1879 Ne
2524 1824 2732 1882 deliciis
2761 1794 3019 1893 marceat,
3049 1840 3099 1883 et
3129 1844 3442 1902 corrumpa-

146 1886 505 1947 immortalitas
535 1895 587 1949 in
619 1904 871 1968 utroque,
898 1913 999 1953 nec
1028 1899 1078 1953 in
1109 1899 1330 1957 alterius
1354 1903 1520 1959 altera
1545 1906 1731 1960 condi-

145 1981 291 2037 tionis
315 1987 485 2055 possit
516 1989 825 2058 aequalitate
846 1991 1068 2046 vexari?

206 2074 369 2133 XXX.
399 2078 505 2135 Sed
539 2093 854 2138 memoratae
881 2084 1021 2153 apud
1048 2085 1251 2143 inferos
1276 2102 1451 2156 poenae
1472 2133 1485 2152 .
1515 2100 1571 2145 et
1606 2106 1732 2162 snp-

144 2172 409 2243 pliciorum
454 2178 748 2248 generibus
790 2180 1186 2237 multiformes?
1233 2182 1431 2251 Ecquis
1477 2186 1581 2241 erit.
1622 2196 1728 2243 tam

144 2264 332 2331 brutus,
364 2277 420 2325 et
462 2285 646 2326 rerum
677 2273 1094 2343 consequentias
1125 2275 1393 2338 nesciens.
1420 2279 1511 2349 qui
1536 2281 1730 2336 animis

144 2356 631 2430 incorruptibilibus
649 2365 855 2425 credat.
874 2377 967 2420 aut
993 2367 1243 2422 tenebras
1268 2380 1528 2426 tartareas
1569 2388 1726 2442 posse

143 2450 326 2521 aliquid
359 2470 582 2522 nocere,
606 2466 694 2511 aut
720 2456 908 2529 igneos
930 2457 1142 2526 ﬂuvios,
1167 2469 1260 2516 aut
1287 2467 1520 2517 ctenosis
1542 2468 1727 2538 gurgi-

144 2542 273 2599 tibus
310 2546 560 2615 palndes.
592 2558 687 2603 aut
712 2558 949 2604 rotarum
979 2551 1290 2608 volubilium
1328 2555 1728 2616 circumactus?

144 2633 281 2706 Quod
303 2638 442 2693 enim
475 2639 791 2714 contiguum
823 2657 929 2697 non
961 2657 1063 2712 eSt,
1086 2654 1141 2701 et
1166 2646 1235 2701 ab
1263 2646 1468 2718 legibus
1491 2650 1724 2708 dissolu-

196 2887 236 2989 ἒ.
258 2888 466 2970 Infamia;
518 2893 658 2944 Fulv.
684 2893 877 2946 infamia
902 2896 1055 3011 ngd.
1101 2899 1159 2947 Β.
1205 2902 1332 2965 quod
1365 2901 1730 2979 .recipiendwn.

253 2953 466 3006 Securus
504 2969 595 3008 ms.
624 2959 887 3011 Utrumaue
909 2973 938 3008 a
977 2960 1045 3011 dit
1069 2961 1224 3011 Luad.
1258 2964 1319 3011 Β.

253 2953 466 3006 Securus
504 2969 595 3008 ms.
624 2959 887 3022 Utrumque
909 2953 1045 3011 adilit
1069 2953 1231 3039 Lugd:
1258 2964 1319 3014 Β.

1838 1917 1923 1963 tur
1951 1912 2287 1970 mollitudine
2316 1915 2601 1973 vitiorum?
2630 1918 2696 1973 Et
2723 1934 2827 1989 qua
2857 1922 3055 1990 poterit
3080 1920 3289 1976 ratione
3316 1936 3441 1977 cor-

1835 2005 2011 2076 rumpi
2044 2005 2117 2069 id,
2150 2009 2290 2077 quod
2322 2009 2645 2077 immortale,
2678 2013 2819 2082 quod
2849 2029 3064 2084 semper
3091 2024 3195 2081 est,
3224 2025 3277 2071 et
3308 2015 3444 2072 nulli

1835 2096 2128 2152 obnoxium
2158 2103 2433 2167 passioni?
2462 2119 2529 2160 ne
2559 2104 2858 2171 sordescat,
2888 2117 2946 2163 et
2984 2108 3256 2177 polluatur
3275 2109 3444 2166 actio-

1841 2203 1967 2242 num
1992 2190 2224 2261 turpium
2256 2193 2528 2251 ftnditate?
2559 2196 2622 2251 Et
2645 2198 2735 2269 qui
2757 2198 2953 2270 poterit
2972 2200 3158 2269 pollui,
3186 2216 3443 2271 corpora-

1838 2282 1943 2339 lem
1968 2286 2109 2354 quod
2132 2289 2484 2345 substantiam
2505 2306 2610 2347 non
2629 2292 2810 2357 habet,
2830 2304 2922 2349 aut
2938 2294 3027 2349 ubi
3052 2294 3236 2351 sedem
3254 2303 3442 2352 conta-

1830 2376 2050 2431 minatio
2074 2394 2294 2448 ponere.
2318 2383 2406 2437 ubi
2430 2384 2657 2453 spatium
2682 2387 2885 2441 nullum
2906 2396 3009 2453 est,
3026 2386 3081 2442 in
3101 2403 3207 2458 quo
3229 2396 3351 2444 nota
3375 2402 3436 2445 se

1829 2470 2001 2540 possit
2032 2472 2199 2542 ipsius
2229 2477 2705 2534 eontaminationis
2732 2478 2951 2552 alligere
2973 2478 3042 2534 ‘1?
3075 2481 3280 2537 Rursus
3311 2498 3441 2540 vero

1831 2565 1877 2619 si
1920 2566 2114 2622 animm
2160 2568 2287 2624 Ietbi
2337 2570 2533 2626 adeunt
2571 2574 2784 2642 januas.
2818 2574 3035 2645 Epicuri
3080 2585 3136 2630 ut
3165 2578 3431 2632 sententia

1828 2656 2099 2726 delinitur,
2132 2676 2231 2716 nec
2270 2663 2349 2718 sic
2391 2679 2552 2721 causa
2591 2675 2678 2721 est.
2730 2678 3067 2737 competens,
3109 2684 3208 2725 cur
3255 2669 3441 2742 expeti

1371 2785 1749 2850 LECTIONES
1782 2794 1872 2853 γΑ
1883 2796 2197 2856 RIANTES.

1906 2913 1929 2978 ‘f
1967 2914 2052 2978 Illi
2074 2913 2215 2966 Fulv.
2242 2930 2545 2978 supervacua
2590 2935 2681 2974 ms.
2707 2923 2889 2974 etSab.

1904 2973 1932 3013 ά
1966 2975 2221 3039 Aﬂingere
2244 2973 2387 3031 Eulv.

1516 3072 2073 3140 COMMENTARIUS.

145 3189 311 3262 censet
333 3183 627 3268 inanitate.
658 3185 1296 3288 male:lnauium‘t{anitas
1329 3196 1409 3243 est
1438 3204 1570 3245 vana
1601 3193 1715 3263 ορίο

146 3264 226 3288 nm
275 3267 561 3288 mel-malure
592 3272 768 3288 nun-nm
802 3275 1034 3288 ...ειη-..ιη
1138 3275 1259 3288 ειη-ιι

1836 3197 1905 3250 ini
1945 3205 2039 3288 fat”)
2088 3207 2283 3275 τροχοῦ
2331 3199 2659 3275 δεσμούμενοι
2701 3206 2786 3266 καὶ
2830 3202 3102 3280 συρόμενοι
3156 3204 3435 3276 ἐτύπτοντο

1838 3271 1851 3288 .
1989 3272 2000 3288 ν
2194 3274 2203 3288 .
2302 3274 2314 3288 .
2366 3282 2385 3288 -
2449 3273 2486 3288 ..

146 3251 246 3317 nio,
274 3251 561 3310 :rstimaiio
592 3272 768 3312 rerum
802 3259 1056 3313 inanium.
1089 3259 1290 3314 ORELL.

208 3324 440 3405 Quamuis
463 3327 558 3405 ille
577 3328 646 3405 sit
683 3329 1113 3405 indolisuinfarnia
1158 3348 1355 3405 semper
1392 3342 1544 3405 atque
1577 3335 1724 3405 igno-

146 3395 344 3449 miniosa
369 3399 634 3471 fugientis,
658 3410 763 3454 etc.
793 3395 1172 3471 Philosopbire.
1207 3395 1337 3457 Nam
1378 3395 1649 3460 abstinent
1691 3423 1722 3461 a

146 3469 440 3538 peccatoris
467 3470 715 3525 nonnulli
756 3469 1032 3538 pmoaruui
1084 3472 1409 3538 formidine;
1462 3476 1551 3530 alii
1597 3478 1720 3534 vitia

146 3533 246 3616 ipsa
266 3550 613 3596 exsecrantur
661 3552 713 3616 et
757 3533 1133 3616 fdetestantur;
1179 3545 1269 3599 alii
1310 3533 1541 3616 denique
1579 3547 1721 3602 infa-

144 3605 290 3688 miam
320 3622 566 3689 includat
587 3621 647 3689 et
666 3613 923 3689 sinistros
939 3614 1007 3669 de
1030 3630 1090 3670 se
1108 3605 1365 3689 rumores
1390 3659 1405 3679 ,
1448 3605 1609 3689 atque
1640 3621 1722 3675 id-

144 3676 274 3734 circo
297 3682 456 3738 rebus
484 3683 763 3745 ﬂagitio~is
789 3686 1080 3741 abstinent.
1107 3687 1171 3741 lli
1194 3697 1319 3742 sunt
1346 3676 1545 3744 tenete
1577 3691 1724 3745 frono

145 3746 489 3831 l‘ishontines,
520 3756 757 3831 ἐπςεικεῖς
782 3766 950 3831 atque
998 3757 1253 3830 αἰδήμονες
1273 3800 1287 3824 ,
1320 3776 1456 3828 tutos
1493 3762 1722 3831 improbi

145 3814 320 3885 δειλοὺς·
372 3814 536 3896 atque
587 3814 786 3880 inertes
839 3814 1722 3896 arbitrantvt‘tr,vqttemadmdduni

143 3903 312 3971 contra
338 3900 458 3959 τοὺς
488 3900 864 3978 ἀνᾳισχργῖους
900 3909 1212 3978 constantes
1240 3911 1294 3978 et
1320 3901 1595 3978 ἀνδρείῳς.
1633 3905 1723 3959 His
1754 3940 1769 3949 μ

144 3957 289 4046 igitur
319 3957 518 4046 verbis
532 3957 789 4024 desciibit
829 3957 1118 4046 Arnobius
1146 3957 1419 4046 homini-ui
1463 3957 1719 4046 αὶδῆμονα.

143 4028 227 4118 Est
250 4038 387 4093 enim
437 4039 699 4118 aiaﬁpmv,
727 4043 815 4118 qui
848 4044 1045 4118 metuit
1065 4044 1129 4118 τὰ
1158 4046 1227 4104 εἰς
1252 4042 1447 4118 ἀδοξίαν

143 4104 322 4186 φέρειν3
357 4120 415 4186 ut
444 4104 635 4186 definit
660 4104 1000 4178 Aristoteles,
1036 4113 1084 4186 id
1113 4125 1195 4186 est
1220 4116 1307 4181 qui
1332 4104 1544 4186 infamia
1574 4104 1724 4186 u'tque

143 4179 461 4253 ignominiosa
490 4183 641 4253 fugit.
677 4195 731 4235 ut
765 4186 996 4248 loquitur
1022 4179 1309 4239 Arnobius.
1346 4179 1586 4241 HERALD.

207 4244 321 4303 Non
345 4251 398 4305 in
419 4244 591 4306 omnia
606 4255 805 4324 ﬂagitia
827 4244 1049 4324 praeceps
1073 4271 1126 4309 se
1144 4266 1278 4310 ruat.
1308 4256 1428 4311 Haec
1455 4272 1531 4312 ρει
1564 4259 1720 4314 lectio

142 4326 321 4401 ycltts,_
341 4338 501 4401 quam
521 4341 637 4401 non_
657 4326 917 4401 debuerat
954 4336 1161 4401 mutare
1178 4326 1451 4382 Gelenius.
1483 4329 1714 4401 Usurpa-

143 4391 223 4475 ἔδει·
239 4391 377 4475 enim
404 4395 508 4450 hoc
528 4396 754 4475 verbum
781 4397 1077 4475 saepissime
1098 4399 1443 4475 igspynrzzgnc.
1463 4391 1715 4475 litando.

142 4453 219 4541 bis
244 4463 437 4521 irruere
463 4468 674 4541 active,
703 4453 879 4541 lib_.rt'.
935 4471 1080 4536 (cap.
1113 4453 1228 4537 54'),
1257 4453 1416 4531 dixit:
1458 4453 1720 4541 super);

145 4534 284 4656 grege.
312 4553 582 4656 enlargere,
610 4539 735 4607 alia,
761 4534 1000 4606 Plautus,
1032 4534 1311 4609 Apuleius,
1344 4544 1452 4598 alii.
1483 4534 1715 4610 MElJRS.,

162 4614 190 4651 η
265 4623 389 4656 nmen
437 4650 451 4656 -

144 4612 190 4651 τη
217 4610 451 4676 ᾼρρεηά.

207 4673 471 4743 Superata.
520 4680 591 4735 Ita
636 4679 935 4737 Salmasius
964 4697 1029 4737 ex
1065 4682 1446 4739 emendatione
1476 4684 1716 4741 Meursii.

143 4741 548 4820 Aliiisuperbw.
579 4751 683 4807 Alii
708 4769 722 4806 :
752 4768 964 4819 superat.
996 4751 1198 4807 ORELL.

416 4853 488 4864 -—
546 4824 654 4879 Sed
703 4812 996 4895 "remorata:
1044 4825 1185 4892 apud
1226 4825 1421 4895 inferos
1462 4842 1624 4891 paena:
1672 4839 1719 4881 et

144 4891 496 4955 wppliciorum
550 4894 813 4966 generibus
842 4891 1238 4963 .multiformes?
1282 4891 1504 4950 Scilicet
1564 4908 1717 4966 pote-

144 4966 256 5037 runt
280 4976 397 5037 eum
429 4965 710 5021 territare?
731 4966 882 5032 Quod
910 4967 1260 5035 repetendum
1284 4982 1352 5021 ex
1374 4965 1719 5037 verbis’prm-

143 5028 444 5111 cedentibus
474 5057 486 5091 :
517 5037 586 5092 Et
611 5038 697 5107 qui
725 5028 907 5108 poterit
931 5028 1156 5091 territuri
1176 5038 1468 5107 formidinis
1493 5028 1719 5111 alicujus

144 5093 378 5162 horrore?
405 5107 608 5165 OnELL.

207 5171 301 5226 Aut
347 5192 574 5234 rotarum
628 5180 923 5238 volubilium
971 5180 1330 5234 circumactus.
1388 5179 1504 5234 Jam
1560 5181 1718 5250 igitur

147 5243 463 5321 temporibus
494 5253 618 5319 illis,
652 5255 847 5318 quibus
879 5252 1082 5306 fabulas
1108 5253 1236 5305 isms
1268 5252 1556 5321 fingebant,
1581 5243 1711 5307 rota

146 5318 360 5390 Pmttalis
405 5322 455 5375 in
503 5341 600 5377 ustt
644 5336 779 5379 erat.
826 5323 1094 5390 Supplicia
1136 5324 1278 5377 enim
1319 5318 1608 5377 iniu-mrum
1648 5324 1715 5378 ad

144 5388 389 5464 ﬁllpplicia
424 5396 729 5450 communia
760 5388 1267 5452 accliiiimiidabant.
1301 5394 1432 5448 Ruta
1466 5396 1713 5464 poenalis,

145 5448 326 5535 fled-lita
357 5448 616 5520 videndus
644 5448 894 5535 cardius
920 5464 1104 5525 0bss.,
1140 5466 1233 5519 lib.
1263 5481 1342 5525 ιιι.
1374 5448 1545 5520 fneiat
1586 5448 1712 5520 oliui

145 5531 289 5609 [πφηίι
316 5546 594 5609 servorum
624 5531 838 5609 propria
858 5537 999 5609 ised
1034 5549 1215 5605 poStca
1247 5545 1312 5590 ad
1345 5538 1580 5591 eruenda
1607 5539 1713 5591 cri-

146 5604 279 5677 mina
316 5602 367 5657 in
396 5602 785 5676 quaestionibus
824 5602 1082 5661 adhibita.
1132 5608 1498 5677 Alligabautur
1536 5622 1714 5662 autem

148 5673 359 5749 ζοιῖξθ-οι
400 5673 846 5733 distendebantur
883 5696 895 5730 :
935 5687 1097 5746 atque
1140 5693 1201 5731 ea
1242 5673 1489 5733 contorta
1533 5678 1743 5749 ﬂagris

146 5736 489 5828 gkldebautnr.
535 5749 688 5828 _Unde
716 5736 1336 5828 aepsﬁioiabatproprie
1358 5760 1441 5805 est
1471 5736 1709 5828 torquuet‘i.

145 5800 496 5875 Scholiasth
506 5800 742 5891 risui—pii:
763 5800 844 5876 ἐἶά
864 5800 1024 5876 ’βοᾷ
1040 5800 1132 5877 δῖ’
1162 5800 1331 5878 δρὸλᾶ
1365 5800 1711 5896 summa;

1826 3268 2150 3342 ἀνακλώμενόι
2259 3268 2689 3348 αὐτῷ.ἨείιΑι.υ.

1899 3362 2163 3435 Ambiatur
2205 3363 2445 3432 ﬂammis.
2500 3364 2695 3419 Annon
2751 3362 3039 3435 legendum
3091 3364 3435 3421 amburatur?

1827 3433 1979 3502 Quod
2017 3435 2241 3488 verbum
2285 3435 2559 3506 proprium
2586 3436 2659 3508 de.
2692 3437 2778 3502 iis,
2811 3433 2908 3508 oni
2941 3436 3252 3508 cruciantur
3287 3438 3425 3508 igni,

1828 3520 1935 3578 non
1964 3506 2119 3578 plane
2143 3517 2428 3572 necantur,
2456 3506 2600 3578 quod
2634 3519 2711 3562 εει
2745 3506 3055 3561 comburere.
3085 3506 3288 3562 ORELL.

1901 3574 2167 3649 Illibatum
2208 3593 2404 3631 necesse
2440 3574 2512 3632 est
2553 3589 2845 3649 permaneat
2882 3588 2927 3632 et
2965 3579 3235 3645 intactum,
3279 3596 3434 3648 neque

1827 3646 1992 3720 ullum
2041 3665 2243 3720 sensum
2290 3646 2566 3720 mortifera?
2615 3651 2869 3712 passionis
2918 3666 3197 3704 assumere.
3258 3646 3430 3706 Proba

1829 3719 2012 3773 lectio.
2070 3719 2201 3772 Nam
2257 3720 2347 3789 qui
2404 3719 2751 3776 seruiendum
2807 3721 3123 3775 exisumant
3177 3733 3428 3789 assumat,

1830 3790 1990 3858 plane
2033 3790 2307 3844 falluntur.
2356 3790 2447 3844 llis
2488 3791 2772 3845 modorum
2823 3792 3214 3847 mutatiOuibus
3243 3793 3430 3849 delec-

1830 3869 2010 3914 tantur
2041 3860 2149 3913 Afri
2178 3862 2488 3929 scriptores.
2524 3863 2664 3915 intra
2692 3880 2704 3915 :
2737 3859 2919 3932 Itaque
2951 3879 3063 3915 cum
3093 3862 3236 3916 nobis
3261 3864 3432 3918 inten-

1830 3931 1961 3984 datis
1984 3932 2292 3984 aversionem
2320 3947 2384 3985 ea:
2412 3933 2658 4002 religione
2686 3931 2941 4001 priorum,
2969 3951 3175 3988 causam
3200 3936 3410 3990 conveni

1828 4012 1883 4054 ut
1927 4002 2233 4075 iuspiciatis,
2275 4019 2376 4056 non
2418 4006 2648 4074 factum,
2690 4020 2781 4058 nec
2825 4005 2949 4072 quid
3007 4006 3427 4075 relinqueremus.

1828 4088 2117 4140 opponere;
2147 4073 2246 4144 sed,
2274 4073 2429 4127 secuti
2455 4076 2577 4136 quid
2612 4077 2790 4143 simus,
2829 4073 3160 4144 potissimum
3179 4079 3427 4132 contueri.

1828 4144 2071 4216 HFRALD.
2096 4173 2166 4185 ——
2206 4143 2301 4197 Ms.
2334 4160 2431 4213 pro
2455 4147 2731 4211 illibatum,
2761 4143 2902 4216 quod
2928 4157 3066 4201 este
3090 4151 3432 4204 correctione

1828 4215 2059 4290 Gelenii,
2110 4216 2328 4290 illaesum
2374 4227 2563 4273 tamen.
2610 4215 3084 4274 OnELt..—00ttl'.
3133 4217 3310 4290 lnlpp.
3360 4219 3429 4274 ad

1827 4285 1961 4341 Livii
1991 4302 2103 4347 XXI,
2129 4288 2215 4343 69.
2246 4287 2518 4344 Ocnsusn.

1908 4377 2094 4431 Verum
2120 4380 2270 4433 etiam
2307 4379 2658 4449 PItilosOpItiaz
2678 4381 2840 4450 ipsius
2869 4396 3079 4434 causam
3111 4382 3264 4435 tollit.
3302 4381 3428 4437 Hinc

1826 4451 2170 4520 explicantur
2226 4454 2402 4522 Capite
2442 4452 2711 4520 Sequenti,
2761 4450 2844 4503 bis
2895 4450 3125 4522 verbis:
3175 4450 3429 4505 Medietas

1746 4516 1800 4576 D
1824 4516 1944 4592 ergo
1968 4524 2221 4592 quaedam,
2252 4516 2308 4574 ei
2329 4516 2621 4574 animarum
2648 4537 2834 4589 anceps
2870 4520 3210 4590 ambiguoque
3242 4531 3429 4575 natura

1824 4590 1988 4645 locum
2019 4593 2358 4718 pllt'ilosophia:
2382 4593 2601 4662 peperit,
2632 4601 2678 4645 et
2699 4607 2928 4654 causam,
2955 4607 3046 4644 cur
3070 4600 3423 4662 appeteretur,

1824 4664 2024 4717 invenit.
2109 4679 2298 4718 ERALD.

1819 4664 2024 4717 invenit.
2062 4664 2298 4718 lienam.

1892 4757 1965 4809 Ac
2007 4772 2096 4823 per
2136 4755 2305 4826 omnia
2350 4755 2617 4809 libidinum
2643 4770 2828 4826 genera
2853 4752 3156 4821 effrenatam
3182 4771 3426 4826 spargere

1820 4828 2081 4881 immensa:
2104 4825 2398 4894 cupiditatis
2424 4825 2680 4880 ardorem.
2712 4826 2790 4881 Ex
2818 4826 3080 4881 afﬁnitate
3118 4825 3423 4883 litterarum

1821 4900 2043 4952 verbum
2077 4897 2300 4966 periisse
2340 4908 2580 4961 autumo,
2610 4897 2753 4967 quod
2788 4915 2893 4952 non
2936 4913 3121 4967 parum
3155 4899 3326 4967 possit
3355 4900 3420 4955 ad

1820 4969 2191 5024 exornandum
2236 4977 2448 5038 tropum
2490 4986 2503 5022 :
2547 4983 2721 5038 coque
2765 4970 3011 5024 rescribo
3057 4988 3070 5025 ε
3118 4969 3424 5038 επνεηαεωη

1818 5041 2033 5111 spatiari
2069 5042 2328 5111 immensa:
2367 5040 2663 5110 cupiditatis
2716 5043 2923 5096 ardore.
2973 5040 3235 5096 Geminus
3277 5043 3419 5110 apud

1820 5110 2095 5184 auctorem
2134 5110 2275 5167 hunc
2318 5111 2469 5184 locus
2514 5112 2607 5167 lib.
2649 5127 2726 5166 tv.
2778 5112 3022 5184 ideoque
3055 5116 3420 5169 attexendus:

1821 5181 1987 5255 Deum
2016 5185 2284 5255 adornasse
2311 5182 2524 5255 (Jovem
2560 5192 2688 5252 puto
2720 5181 3034 5255 Maximum)
3060 5200 3103 5236 et
3132 5201 3221 5247 per
3248 5199 3423 5255 omnes

1820 5253 2087 5307 libidinum
2123 5253 2329 5322 formas
2352 5266 2659 5309 incestarum
2697 5253 3037 5324 cupiditatum
3065 5254 3424 5324 circuntcgisse

1820 5324 2112 5395 pellaciam.
2134 5326 2478 5395 .‘ipatiatorem
2496 5338 2848 5392 proerratore
2861 5326 3143 5380 collocavit
3170 5324 3239 5378 M.
3264 5328 3419 5392 (lato,

1821 5395 2145 5451 lesuantibus
2172 5398 2427 5464 l’ompeio
2451 5397 2613 5451 Festo
2641 5407 2694 5450 et
2721 5396 2992 5450 Manrobio
3024 5395 3118 5449 lib.
3144 5411 3236 5449 vn.
3262 5395 3418 5465 Apud

1821 5467 2131 5522 Petronium
2174 5484 2388 5538 quoque
2428 5469 2478 5522 id
2523 5467 2767 5520 vocabuli
2815 5475 3088 5538 repertum
3148 5465 3282 5534 Vidi,
3323 5468 3418 5534 ait,

1818 5541 2066 5609 quosdam
2114 5535 2508 5606 conspa‘tiuntes.
2563 5535 3091 5593 STE‘"EC".—Nlin
3136 5552 3273 5607 opus
3324 5539 3422 5594 bac

1818 5612 2150 5676 cmtjectnra.
2193 5610 2499 5676 Metapbora
2540 5609 2695 5663 ducta
2738 5624 2767 5662 a
2806 5609 3054 5671 navibus,
3088 5624 3210 5679 qua:
3242 5611 3421 5665 ventis

1818 5689 2144 5751 Spargurtur
2177 5697 2270 5749 per
2299 5696 2534 5750 mquora.
2566 5679 2769 5733 Ossan.

1892 5753 1952 5806 Si
1998 5752 2325 5806 aninuelethi
2360 5752 2547 5805 adeunt
2583 5754 2802 5819 jauuas,
2838 5750 3054 5822 Epicuri
3090 5760 3146 5805 ut
3172 5752 3425 5807 sententia

1819 5823 2081 5880 deﬁnitur.
2114 5824 2380 5894 Epicurus
2413 5822 2529 5878 scil.
2569 5822 2866 5893 statuebat,
2894 5824 3132 5880 animum
3162 5839 3264 5880 una
3295 5838 3419 5882 eum
