4020 6280
590 350 699 407 865

661 458 903 519 XXXIV.
935 457 1067 516 Cum
1100 455 1259 526 igitur
1289 453 1406 509 haec
1454 453 1523 508 ita
1575 453 1716 518 sint,
1747 469 1992 524 quzcnam
2042 455 2182 527 inju—
2212 462 2255 520 Α

598 557 742 613 stitia
765 563 907 609 tanta
926 561 1030 617 est,
1053 559 1109 604 ttt
1137 549 1263 604 fatui
1287 549 1442 604 vobis
1459 548 1780 606 credulitate
1804 553 1854 605 in
1883 551 1980 605 ista
2005 551 2188 607 videa-

590 663 736 711 ntur;
767 660 888 701 cum
919 659 1017 697 Vos
1046 651 1100 697 et
1127 641 1325 696 similia
1355 640 1601 702 credere,
1626 651 1680 695 et
1712 642 1763 696 in
1790 643 1976 696 eadem
2011 643 2190 699 videa-

594 758 717 801 mus
742 740 1117 813 expectatione
1146 737 1392 794 versari?
1425 736 1479 794 Si
1526 737 1774 793 irrisiOne
1819 740 2192 794 existimamur

599 833 766 904 digni,
799 831 939 903 quod
964 845 1117 900 spem
1149 829 1304 884 nobis
1331 828 1636 899 bnjusmodi
1667 829 2000 898 pollicemur,
2024 840 2078 886 et
2094 847 2189 886 vos

597 927 785 982 eadem
811 931 1060 994 expectat
1083 921 1284 987 irrisio,
1307 922 1395 989 qui
1421 935 1571 990 Spem
1592 921 1744 975 vobis
1774 922 2189 977 immortalitatis

595 1018 919 1076 adscist-itis.
935 1017 991 1074 Si
1013 1015 1208 1072 tenetis
1229 1015 1463 1086 aliquam
1486 1016 1879 1086 sequitninique
1904 1016 2186 1084 rationem,

600 1124 654 1171 et
677 1113 831 1169 nobis
855 1113 1089 1182 aliqu:tm
1117 1111 1420 1181 portiOoem
1445 1125 1507 1164 et
1540 1110 1638 1164 ista
1663 1109 1870 1164 ratioite
1891 1111 2185 1166 concedite.

597 1205 653 1262 Si
684 1205 840 1261 nobis
868 1205 980 1258 lure
1007 1203 1198 1273 gaudia
1217 1243 1234 1267 ,
1267 1201 1372 1256 hoc
1398 1213 1478 1256 est
1505 1202 1645 1256 viam
1677 1201 1938 1272 fugiendae
1966 1203 2153 1258 mortis
2173 1245 2188 1270 ,

597 1297 748 1353 Plato
776 1297 826 1352 iu
861 1293 1129 1351 Pluedone
1150 1303 1176 1332 δ
1202 1295 1561 1365 promisisset,
1581 1293 1785 1349 aliusve
1802 1310 1865 1349 ex
1887 1294 1987 1349 boc
2001 1296 2190 1361 clto‘ro,

597 1400 892 1463 possetque
921 1404 1039 1443 eam
1075 1402 1350 1460 praestare,
1379 1399 1541 1459 atque
1580 1387 1645 1441 ad
1689 1385 1893 1442 tinemh
1925 1388 2192 1458 pollicita-

601 1483 766 1538 tionis
790 1481 1079 1547 addncere,
1106 1490 1528 1535 consentaneum
1561 1478 1734 1534 fuerat
1769 1479 1886 1550 ejus
1919 1483 2193 1550 suscipere

601 1591 701 1632 nos
729 1576 926 1642 cultus,
959 1591 986 1626 a
1015 1589 1123 1643 quo
1155 1582 1359 1628 tantum
1391 1572 1519 1628 doni
1551 1584 1968 1641 expectaremus
1991 1583 2046 1627 et
2075 1589 2194 1627 mu-

600 1673 765 1729 neris.
795 1671 949 1727 Nunc
975 1686 1096 1725 cum
1125 1685 1246 1725 eam
1277 1667 1523 1724 Christus
1553 1682 1658 1723 non
1691 1676 1894 1723 tantum
1928 1669 2188 1737 promise-

599 1768 704 1834 rit,
752 1781 938 1821 Verum
997 1764 1158 1819 etiam
1211 1763 1498 1818 virtutibus
1560 1764 1722 1816 tantis
1774 1761 2196 1817 manifestaverit
2227 1792 2274 1852 Β

601 1875 760 1933 posse
800 1858 1061 1926 compleri
1095 1876 1107 1910 :
1139 1857 1265 1928 quid
1307 1857 1539 1912 alienum
1572 1855 1817 1922 facimus,
1843 1859 2196 1913 autstnltitim

602 1951 808 2006 crimen
838 1950 1030 2020 quibus
1059 1949 1356 2004 rationibus
1383 1939 1735 2016 sustinemus,
1763 1950 1806 2004 si
1837 1950 1954 2020 ejus
1997 1951 2199 2006 nomini

609 2041 988 2113 majestatique
1027 2041 1442 2106 substernimur.
1475 2056 1504 2095 a
1543 2055 1650 2111 quo
1679 2055 1959 2111 speramus
1989 2051 2197 2096 utrum-

606 2151 743 2208 que,
771 2145 824 2190 et
863 2147 1094 2191 mortem
1123 2133 1466 2190 cruciabilem
1496 2132 1714 2204 fugere,
1741 2143 1797 2190 et
1829 2135 1950 2189 vitae
1985 2135 2201 2191 interni-

602 2235 714 2284 tate
743 2238 764 2266 ο
800 2227 1029 2282 donari?

669 2319 888 2377 XXXV.
930 2320 1037 2377 Sed
1081 2321 1127 2376 si
1157 2320 1382 2386 animae,
1433 2319 1712 2388 inquiunt.
1758 2319 2013 2375 mortales
2059 2328 2114 2375 et
2163 2318 2190 2357 (ι

604 2413 878 2485 qualitals
921 2422 1052 2469 sunt
1100 2413 1324 2478 mediae,
1364 2413 1697 2469 immortales
1740 2413 2198 2485 quemadmodum

607 2504 720 2562 Ileri
769 2506 963 2562 mediis
1006 2522 1069 2562 ex
1114 2508 1462 2578 qualitatibus
1507 2510 1772 2578 possunt?
1816 2508 1873 2564 Si
1927 2523 2026 2564 nos
2058 2509 2196 2564 istud

611 2597 820 2654 nescire
845 2599 1112 2664 dicamus,
1144 2613 1208 2654 ac
1238 2600 1610 2654 tantummodo
1640 2599 1878 2655 auditum
1908 2615 1972 2654 ex
2008 2609 2197 2670 poten-

612 2691 750 2748 tiore
800 2692 1098 2748 credidisse
1129 2733 1145 2759 ,
1206 2692 1295 2748 tibi
1350 2702 1534 2748 nostra
1585 2691 1854 2748 videbitur
1905 2693 2199 2748 credulitas

604 2782 778 2855 lapsa,
825 2785 869 2838 si
901 2786 1258 2856 omnipotenti
1289 2786 1616 2842 credidimus
1643 2788 1752 2858 regi
1789 2786 1916 2841 nihil
1946 2802 2068 2843 esse
2090 2786 2196 2841 dif-

605 2875 772 2946 ﬁcile,
803 2877 938 2934 nihil
967 2879 1238 2934 arduum?
1283 2880 1336 2936 Si
1367 2880 1510 2952 quod
1553 2880 1886 2952 impossibile
1933 2881 2088 2934 nobis
2114 2889 2200 2935 est

1733 337 2010 397 ARNOBII
2047 339 2412 399 ADV’ERSUS
2449 342 2720 402 GENTES

3839 339 3944 397 885

2287 457 2451 522 factu.
2484 459 2557 514 illi
2585 459 2857 529 possibile,
2891 466 3052 528 atque
3076 456 3368 513 admodum
3391 456 3734 514 esecutioni
3772 467 3800 495 ε
3832 471 3932 528 pa-

2295 554 2504 606 ratum?
2534 552 2624 605 Est
2648 556 2790 607 enim
2813 551 2955 623 quod
2984 551 3202 605 obstare
3222 551 3342 622 ejus
3363 548 3780 606 voluntatibus
3814 564 3938 620 pos-

2297 645 2388 705 sit,
2423 655 2516 698 ant
2543 644 2685 715 quod
2719 660 2842 700 esse
2871 645 3122 711 voluerit,
3155 661 3262 700 non
3293 645 3619 701 necessario
3652 655 3936 716 sequatur

2297 748 2355 792 ut
2385 738 2512 792 fiat?
2541 739 2624 794 An
2659 739 2914 810 numquid
2945 741 3146 795 nostris
3185 755 3253 796 ex
3280 741 3662 796 divisionibus
3685 741 3934 813 collige-

2297 847 2437 898 mus,
2463 834 2589 904 quid
2621 843 2713 888 aut
2743 835 2856 889 tieri
2889 835 3078 905 possit,
3124 844 3220 890 aut
3261 851 3368 890 non
3411 835 3597 907 possit
3625 853 3642 891 :
3672 850 3794 891 nec
3846 851 3932 890 ra-

2298 927 2470 981 tiones
2519 927 2984 982 considerabimus
3032 937 3245 983 nostras
3277 937 3385 982 tam
3433 942 3562 983 esse
3619 928 3929 994 mortales,

2297 1033 2454 1090 quam
2483 1034 2668 1074 sumus
2699 1034 2798 1075 nos
2824 1019 2945 1091 ipsi,
2975 1029 3029 1074 et
3060 1019 3257 1074 nullius
3284 1021 3427 1090 apud
3456 1020 3791 1090 principem
3819 1038 3936 1076 mo-

2301 1111 2503 1165 minis?
2537 1113 2601 1166 Et
2629 1121 2805 1168 tamen
2835 1129 2867 1166 ο
2899 1113 3008 1177 isti,
3040 1114 3130 1183 qui
3161 1113 3353 1166 media:
3379 1114 3673 1184 qualitatis
3701 1115 3934 1171 animas

2299 1217 2420 1259 esse
2447 1218 2551 1257 non
2581 1204 2821 1264 creditis.
2857 1213 2911 1259 et
2965 1208 3016 1258 itt
3050 1204 3227 1260 medio
3257 1205 3431 1261 limite
3458 1206 3590 1261 vitae
3623 1215 3812 1277 atque
3851 1209 3936 1262 in-

2300 1299 2490 1352 teritus
2516 1297 2815 1361 contineri,
2863 1312 3041 1353 nonne
3083 1312 3272 1353 omnes
3301 1299 3550 1365 omnino,
3607 1315 3768 1371 quos
3803 1316 3930 1356 esse

2300 1389 2540 1458 opinatio
2580 1390 2912 1460 suspicatur,
2957 1389 3065 1454 dii,
3099 1390 3297 1459 angeli,
3331 1390 3643 1458 daemones,
3689 1403 3801 1447 aut
3832 1408 3931 1448 no-

2300 1480 2442 1535 mine
2490 1497 2828 1551 quocumque
2867 1489 2993 1536 sunt
3037 1482 3166 1543 alio,
3209 1482 3481 1552 qualitatis
3525 1492 3584 1538 et
3636 1485 3752 1555 ipsi
3791 1498 3924 1540 sunt

2299 1575 2510 1642 mediae,
2541 1585 2596 1630 et
2631 1576 2684 1630 itt
2711 1577 2976 1646 ambigua:
3006 1576 3168 1631 sortis
3193 1576 3509 1632 conditione
3554 1580 3922 1636 mutabiles?

2298 1668 2430 1723 Nam
2481 1669 2523 1722 si
2571 1685 2758 1724 omnes
2785 1669 3158 1735 concedimus,
3193 1685 3354 1724 unum
3399 1685 3523 1724 esse
3575 1685 3784 1726 rerum
3827 1689 3929 1740 pa-

2301 1772 2459 1826 trem,
2498 1761 2857 1816 immortalem
2897 1771 3059 1830 atque
3096 1761 3392 1827 ingenitum
3421 1761 3626 1826 solum,
3668 1763 3932 1835 nihilque

2299 1856 2518 1910 omnino
2544 1864 2668 1910 ante
2698 1855 2868 1919 illum,
2919 1853 3063 1925 quod
3109 1853 3342 1922 alicujus
3373 1853 3689 1910 vocaminis
3724 1854 3926 1924 fuerit,

2301 1947 2604 2004 invenitur:
2628 1947 2871 2016 sequitur
2912 1957 2969 2000 ut
3001 1945 3053 2000 bi
3095 1961 3284 2002 omnes
3318 1961 3458 2017 quos
3499 1947 3763 2018 Opinatio
3798 1963 3928 2005 crc—

2299 2037 2435 2093 didit
2470 2037 2603 2093 deos
2633 2053 2754 2094 esse
2785 2039 3127 2103 mortalium,
3179 2047 3272 2092 aut
3320 2038 3389 2093 ab
3433 2053 3502 2092 eo
3544 2038 3662 2094 sint
3708 2041 3928 2110 geniti,

2302 2141 2394 2186 aut
2421 2147 2488 2186 co
2523 2133 2746 2201 jubente
2776 2132 3010 2203 prolati?
3038 2131 3094 2187 Si
3135 2141 3263 2186 sunt
3292 2131 3486 2202 prolati
3529 2143 3588 2188 et
3625 2135 3839 2204 geniti.
3874 2145 3926 2191 et

2303 2225 2510 2282 ordinis
2533 2235 2656 2281 sunt
2679 2225 2991 2295 posterioris
3021 2234 3076 2281 et
3106 2225 3366 2296 temporis
3397 2242 3412 2282 :
3445 2225 3491 2280 si
3517 2225 3743 2282 ordinis
3793 2244 3923 2300 pos-

2306 2321 2520 2376 terioris
2566 2330 2620 2375 et
2649 2320 2929 2390 temporis,
2963 2329 3116 2374 ortus
3145 2333 3373 2375 necesse
3415 2328 3500 2393 est
3533 2319 3816 2387 habeant,
3868 2332 3921 2378 et

2304 2415 2522 2471 exordia
2553 2415 2872 2477 nativitatis,
2919 2421 2974 2468 et
3005 2414 3130 2468 vitae
3159 2429 3172 2466 :
3207 2411 3350 2482 quod
3400 2420 3588 2468 autem
3632 2411 3817 2468 habet
3847 2416 3927 2469 in-

2305 2506 2544 2572 troitum,
2593 2516 2647 2562 et
2689 2507 2813 2559 vita:
2856 2503 3163 2573 incipientis
3209 2502 3537 2571 exordium,
3589 2507 3919 2561 necessario

2307 2601 2549 2666 sequitur
2581 2610 2638 2654 ιιι
2667 2601 2867 2654 habere
2897 2598 3092 2654 debeat
3113 2606 3167 2652 et
3196 2611 3470 2652 occasum.

2378 2691 2622 2748 XXXVI.
2675 2692 2780 2748 Sed
2842 2690 3175 2745 immortales
3221 2688 3579 2760 pri-bibentur
3641 2691 3726 2746 dii
3781 2709 3923 2750 esse.

2305 2783 2421 2839 Non
2450 2800 2578 2854 ergo
2607 2795 2816 2851 natura,
2850 2783 2945 2839 sed
2994 2783 3273 2836 voluntate
3315 2782 3408 2837 Dei
3442 2784 3640 2852 patris,
3688 2800 3759 2841 ac
3805 2803 3926 2841 ntu-

2307 2895 2458 2936 nere.
2501 2877 2618 2944 Quo
2665 2877 2823 2947 igitur
2864 2886 3020 2948 pacto
3059 2873 3482 2932 immortalitatis
3525 2875 3764 2952 largitio
3796 2878 3816 2917 τ
3850 2888 3928 2935 cst

1851 2995 2232 3052 LECTIONES
2269 2994 2683 3052 VARMN'I‘ES.

668 3092 696 3122 ⁸
731 3091 840 3141 MS.
865 3089 1010 3142 etiam
1030 3089 1138 3141 heic
1155 3090 1206 3142 in
1231 3088 1464 3142 Pluedro.

668 3150 698 3190 δ
733 3153 802 3201 Ad
828 3155 872 3202 in
897 3151 1044 3202 ﬁnem
1085 3166 1177 3205 m8.

671 3219 694 3246 °
728 3213 1069 3266 «Eviternitate
1095 3214 1330 3267 Stewech.

2225 3090 2271 3153 C
2362 3086 2389 3126 ἀ
2428 3084 2609 3153 Qmiuit
2632 3085 2746 3153 Iuro
2773 3086 2914 3135 Fulv.

2369 3155 2392 3182 °
2429 3150 2750 3199 Obsecutioni
2771 3161 2860 3198 ms.

2367 3212 2387 3249 ἲ
2425 3212 2652 3274 Largiter
2673 3224 2764 3270 ms,
2789 3208 2933 3260 male.

1994 3321 2553 3379 COMMENTARIUS.

676 3443 920 3500 XXXIV.
951 3473 1020 3483 —
1053 3441 1211 3496 Posse
1261 3440 1524 3511 compleri.
1553 3438 1712 3496 Fulv.
1744 3438 1974 3495 Ursinus
2004 3441 2205 3493 mavult

609 3531 759 3586 posse
808 3519 1061 3586 conferre.
1111 3513 1216 3568 Sed
1269 3513 1341 3567 nil
1397 3512 1710 3566 mutandum
1763 3521 1950 3564 contra
2005 3511 2203 3566 codicis

611 3585 797 3640 ﬁdem.
828 3585 1034 3639 Οιιειι..

682 3657 742 3728 Si
781 3658 892 3728 ejus
918 3656 1226 3728 nomini.....
1253 3653 1638 3728 substernimttr.
1693 3652 1956 3728 Meursius
1995 3652 2198 3728 et_S_te-

609 3721 958 3797 wet-lt.'r0ttj.
994 3728 1212 3790 numiui,
1247 3741 1550 3796 perperam.
1588 3725 1784 3797 iVomen
1818 3721 2028 3797 Christi,
2059 3725 2198 3797 idem

612 3799 753 3866 quod
803 3794 931 3868 ipse
971 3794 1324 3861 Christum—nt
1377 3813 1556 3851 nomen
1603 3794 1699 3850 Dei
1754 3810 1850 3862 pro
1901 3795 2028 3849 Deo.
2065 3795 2200 3850 Vide

613 3883 797 3937 supra,
823 3869 889 3922 ad
924 3870 957 3921 I.
994 3885 1029 3928 ι.
1061 3884 1111 3924 c.
1142 3871 1232 3925 ‘20.
1265 3868 1466 3924 ORELL.

699 3937 826 3992 Vitm
853 3941 1132 3993 aeternitate
1177 3941 1378 3994 donari.
1411 3938 1485 3993 Ita
1515 3938 1831 3993 Salmasius.
1864 3937 1970 3993 Alii
2005 3954 2018 3990 :
2046 3937 2199 3990 vitam

612 4011 894 4064 aeternitate
936 4010 1137 4064 donari.
1184 4010 1444 4064 Meursius
1477 4009 1619 4078 conj.
1675 4011 1777 4063 vita
1825 4011 1877 4062 in
1919 4010 2201 4062 teternitate

613 4082 816 4135 donari.
853 4078 1120 4134 Fortassis
1147 4081 1411 4134 Arnobius
1442 4080 1748 4133 Lucretium
1773 4095 1926 4133 suum
1958 4079 2197 4133 imitatus

613 4152 830 4219 scripsit
874 4153 994 4205 vitai
1031 4152 1324 4206 aeternitate.
1368 4151 1469 4219 Qui
1497 4161 1576 4205 est
1619 4151 1885 4276 genitivas
1924 4150 2192 4220 antiquus.

1862 4237 2014 4276 asLL.

1862 4237 2014 4276 RELL.

687 4293 906 4350 XXXV.
963 4325 1032 4335 —
1097 4293 1158 4349 Si
1209 4310 1300 4347 nos
1352 4293 1448 4347 ista
1495 4292 1689 4346 nescire
1739 4293 2002 4353 dicamus,
2063 4301 2192 4357 elc.,

617 4375 726 4422 etc.
755 4366 1098 4421 Constrttctio
1125 4374 1207 4419 est
1237 4382 1249 4418 :
1287 4363 1384 4419 Ubi
1415 4373 1586 4417 nostra
1623 4364 1872 4417 videbitur
1925 4363 2199 4417 crudelitas

619 4438 784 4509 lapsa,
821 4439 866 4490 si
896 4455 987 4491 nos
1031 4439 1129 4491 ista
1173 4437 1366 4509 nescire
1405 4435 1822 4509 dicamus....._si
1868 4435 2202 4509 omnipotenti

616 4502 723 4581 re'gi
751 4509 878 4581 nihil
909 4525 1014 4563 esse
1039 4508 1252 4581 difﬁcile
1281 4507 1722 4581 atquearduum.‘
1748 4502 2068 4581 Credulitas,
2101 4507 2200 4581 lioc

615 4575 732 4633 loco
760 4580 901 4634 bono
927 4575 1110 4643 sensu,
1143 4580 1282 4634 idem
1311 4577 1451 4644 quod
1481 4578 1626 4645 ﬁdes.
1665 4577 1783 4631 Vid.
1815 4575 1976 4643 Gasp.
2013 4575 2197 4629 Barth.

620 4649 672 4704 in
707 4649 846 4708 Ind..
884 4651 950 4704 ad
991 4651 1271 4705 Claudian.
1304 4649 1572 4711 MamerL,
1601 4647 1666 4700 tle
1698 4661 1837 4700 statu
1862 4649 2056 4700 animze
2085 4647 2197 4700 lt.v.

617 4730 674 4774 et
718 4720 780 4774 C.
812 4722 1130 4776 Rittershus.
1180 4723 1245 4774 ad
1287 4721 1546 4776 Salvium.
1579 4731 1766 4773 contra
1799 4719 2024 4783 Avarit.,
2055 4718 2090 4772 l.
2122 4733 2198 4782 Ill,

623 4790 651 4862 §
682 4791 807 4862 518,
843 4810 891 4859 p.
921 4793 1043 4857 n.0,
1077 4793 1166 4846 ed.
1200 4791 1475 4846 Bremens.
1508 4790 1711 4844 OBELL.

695 4861 760 4914 Et
801 4858 995 4916 nullius
1030 4864 1171 4926 apud
1214 4864 1495 4930 principem
1527 4861 1778 4915 mominis.
1812 4859 1890 4914 Ita
1921 4858 2202 4917 Meursius.

618 4931 795 4986 editor
828 4933 996 4996 Lugd.
1031 4933 1143 4987 Bat.
1196 4941 1248 4987 et
1279 4933 1566 4986 Obertltur.
1605 4931 1707 4986 Alii
1743 4949 1756 4986 :
1789 4930 2028 4997 nominis,
2061 4931 2204 5000 quod

621 5002 674 5058 h.
713 5003 729 5058 l
786 5004 945 5058 etiam
976 5003 1187 5059 defendi
1219 5013 1417 5070 posset.
1455 5004 1657 5058 ORELL.

696 5073 835 5128 Nam
875 5077 921 5128 si
962 5092 1135 5129 onmes
1171 5075 1524 5138 concedimus,
1558 5092 1712 5128 unum
1757 5089 1862 5128 esse
1902 5089 2068 5126 rerum
2115 5089 2207 5140 pa-

621 5155 766 5210 trem,
791 5156 900 5201 etc.
935 5148 1056 5200 llzre
1087 5146 1227 5200 enim
1259 5144 1358 5199 fuit
1388 5156 1633 5201 veterum
1664 5146 1955 5213 sopitorum
1985 5154 2207 5198 senten-

620 5217 712 5278 tia,
745 5234 906 5272 unum
932 5232 1052 5272 esse
1087 5218 1272 5280 Deum,
1309 5217 1602 5284 principem
1637 5233 1698 5270 ac
1729 5226 1933 5285 patrem
1961 5217 2205 5269 omnium

621 5303 824 5347 rermn.
861 5291 1211 5358 ipsorumque
1241 5287 1378 5342 adeo
1406 5289 1653 5351 deorum,
1687 5304 1805 5356 qua:
1851 5287 1950 5358 luit
1992 5297 2212 5340 senten-

620 5361 691 5412 tia
720 5357 931 5415 εἰει-ιιιώ
975 5369 1056 5412 ter
1085 5359 1336 5423 maximi,
1384 5370 1438 5412 ιιι
1469 5360 1630 5414 etiam
1661 5359 1821 5412 docet
1868 5357 1928 5410 Β.
1960 5358 2212 5422 Angusti-

621 5446 743 5490 nus,
778 5433 811 5484 Ι.
846 5447 960 5493 vm.
994 5431 1061 5484 do
1103 5430 1260 5485 Ci\'il.
1296 5431 1386 5484 Dei
1417 5447 1430 5492 ;
1463 5445 1514 5483 c.
1550 5429 1660 5484 23:
1700 5429 1797 5481 Ille
1847 5441 2014 5480 autem
2043 5425 2213 5496 zEgy-

625 5503 763 5570 ptius
789 5503 918 5555 alios
973 5503 1092 5555 deos
1136 5502 1257 5554 dicit
1284 5517 1390 5554 esse
1416 5518 1446 5553 a
1473 5517 1670 5553 summa
1703 5497 1810 5570 Deo
1862 5503 2056 5570 factos;
2083 5499 2213 5551 alios

621 5573 684 5623 ab
709 5573 1016 5634 hominibus,
1039 5583 1142 5625 etc.
1167 5572 1312 5625 Ilant'
1335 5572 1655 5624 st-ntentiatn
1682 5569 2002 5639 Pythagorei
2025 5579 2212 5635 pustea

620 5641 928 5712 frequentes
961 5645 1129 5696 secuti
1160 5655 1285 5695 sunt
1316 5642 1447 5695 Vide
1478 5641 1801 5696 Hieroclem.
1831 5639 1912 5693 (ιε’.
1945 5639 2214 5705 Lactant.,

619 5712 656 5766 l.
690 5729 727 5778 ι,
757 5727 806 5767 c.
841 5714 894 5768 6.
929 5715 1060 5766 Ilinc
1085 5714 1244 5782 igitur
1266 5712 1516 5768 Valerius
1538 5712 1779 5766 Soranus
1813 5727 1826 5759 :

743 5803 1272 5866 .‘iupiteromnipotens
1288 5802 1482 5866 Regum
1500 5802 1612 5854 Rex
1639 5803 1764 5866 ipse,
1788 5800 2054 5866 Deosque;

747 5863 1062 5923 Progeuitor,
1086 5863 1409 5926 genitrixqu'e
1447 5865 1638 5927 Deum;
1661 5863 1800 5915 Deus
1816 5863 1959 5915 unus
1971 5873 2022 5914 et
2042 5865 2216 5914 omnis.

2231 4544 2286 4604 D

2315 3441 2634 3496 "ERALD.—
2655 3440 2857 3495 Conter
2889 3455 2949 3494 ea
2983 3440 3049 3496 de
3079 3455 3138 3494 re
3170 3439 3497 3507 peculiarem
3531 3439 3832 3499 Meinersii
3862 3444 3918 3498 Υ.

2311 3513 2391 3586 Cl.
2435 3513 2627 3586 librum
2661 3531 2674 3586 _:
2714 3511 2943 3586 Historia
2959 3513 3218 3586 doctrina:
3261 3512 3325 3566 de
3353 3526 3468 3564 vero
3500 3510 3640 3574 Deo.
3678 3514 3918 3586 Lemgo-

2311 3585 2432 3640 vite.
2469 3585 2625 3643 I780,
2659 3584 2710 3636 in
2743 3599 2778 3636 ιι
2809 3584 2915 3636 vol.
2948 3582 3155 3637 ORELL.

2386 3654 2676 3708 Mutabiles.
2706 3653 2882 3707 Editio
2914 3671 3052 3709 rom.
3085 3654 3361 3715 amabiles,
3387 3653 3534 3722 quod
3565 3653 3919 3713 Stewecltius

2309 3724 2570 3787 defendit,
2603 3742 2902 3792 perperam.
2937 3724 3148 3780 OnELL.

2381 3795 2626 3862 Nihilque
2665 3797 2869 3850 omnino
2914 3807 3030 3849 ante
3057 3798 3221 3857 illum.
3255 3795 3393 3862 quod
3419 3795 3651 3861 alicuius
3683 3803 3916 3854 vocanti.

2309 3869 2388 3920 nis
2413 3868 2588 3936 fuerit,
2621 3869 2894 3921 invenitur.
2924 3867 2982 3921 Id
3029 3878 3112 3921 est
3140 3868 3268 3921 niltil
3301 3867 3442 3937 quod
3493 3872 3669 3932 possit
3707 3873 3912 3936 vocari,

2309 3941 2449 3991 nulla
2480 3955 2660 3993 rerum
2689 3938 3055 4004 existentium,
3088 3938 3200 3993 kein
3229 3941 3447 4006 einziges
3470 3939 3735 3995 vonalleu
3768 3961 3914 3996 iterm-

2300 4010 2724 4136 barégﬁoingen.
2791 4008 3044 4063 Vocanten
3091 4021 3176 4065 est
3224 4025 3326 4064 vox
3379 4008 3733 4079 Lucretiana,
3781 4015 3817 4067 Ι.
3853 4029 3905 4079 ιι,

2305 4096 2361 4136 v.
2533 4099 2544 4134 :

2305 4096 2361 4136 ν.
2393 4096 2498 4136 ῠῠῠ
2533 4099 2544 4134 ε

2989 4197 3050 4247 Et
3071 4197 3251 4247 Bacchi
3277 4199 3471 4248 nomine
3497 4200 3636 4250 abuti

2399 4257 2599 4321 Mavult,
2624 4271 2768 4323 quam
2793 4259 2954 4310 laticis
2979 4263 3228 4324 proprium
3254 4261 3478 4325 proferre
3499 4275 3763 4312 vocamen.

2383 4359 2556 4414 Utitur
2623 4361 2841 4416 Solinus
2874 4373 2924 4413 et
2969 4364 3237 4418 Arnobius
3285 4365 3505 4427 passim,
3535 4364 3688 4418 verbi
3717 4381 3909 4432 causa,

2308 4429 2345 4484 l.
2375 4447 2410 4492 ι.
2447 4447 2495 4484 c.
2525 4433 2557 4484 5
2590 4449 2602 4495 ;
2634 4449 2754 4501 gens
2781 4442 2954 4486 nostra
2996 4434 3238 4499 felicitate
3270 4436 3455 4489 donari
3490 4437 3647 4500 huius
3677 4429 3910 4491 vocanti;

2309 4505 2387 4555 nis
2415 4505 2614 4566 meruit,
2644 4514 2695 4555 et
2727 4505 2942 4571 smpius.
2975 4503 3212 4560 ΗΕιιΑιι).
3253 4515 3308 4561 et
3332 4506 3536 4562 ORBLL.

2386 4571 2604 4650 Prolati.
2639 4575 2698 4629 Si
2725 4585 2839 4650 sunt
2869 4576 3053 4650 prolati
3078 4587 3124 4650 et
3153 4579 3328 4650 geniti,
3361 4591 3464 4631 etc.
3494 4578 3570 4632 lla
3592 4578 3692 4650 ed.
3729 4579 3903 4650 Lugd.

2313 4643 2429 4719 Bal.
2480 4644 2620 4719 Ante
2645 4646 2878 4719 :_prolati
2907 4648 3024 4699 sint.
3076 4643 3271 4702 Prolati
3305 4660 3348 4701 et
3380 4651 3556 4719 geniti.
3588 4643 3859 4706 Meursius
3891 4672 3904 4708 :

2312 4714 2498 4786 prolati
2530 4718 2610 4777 :si
2640 4717 2738 4770 sint
2762 4718 2946 4784 prolati
2972 4729 3018 4771 et
3049 4720 3224 4786 geniti.
3252 4714 3454 4775 OnELL.

2385 4785 2634 4860 XXXVI.
2679 4819 2743 4829 —
2788 4789 2901 4860 Quo
2945 4785 3099 4860 igitur
3147 4801 3293 4856 pacto
3341 4791 3742 4846 immortalitatis
3794 4795 3904 4848 lar-

2312 4858 2436 4927 gitio
2487 4868 2558 4930 est
2602 4859 2791 4914 donum
2855 4859 2946 4913 Dei
2967 4858 2987 4921 7,
3052 4872 3182 4914 certe
3240 4864 3493 4930 prolatis,
3549 4873 3655 4916 etc.
3709 4864 3783 4918 Ita
3834 4882 3902 4922 ex

2314 4929 2691 5003 emendatione
2728 4931 2934 4984 Gelettii
2977 4932 3212 4986 editores
3243 4929 3452 4988 omnes
3499 4937 3767 5003 usquead
3812 4940 3901 4992 ed.

2317 4999 2482 5061 Lugd.
2533 5001 2680 5066 Bat.,
2711 5003 2831 5055 eod.
2867 5018 2966 5056 ms.
3001 5013 3052 5056 ct
3099 5003 3187 5056 ed.
3240 5005 3490 5072 princoeps
3545 4999 3753 5060 habet:
3788 5007 3904 5062 Int-

2314 5073 2671 5125 mortalitutem
2723 5073 2934 5142 largitus
2989 5083 3060 5125 est
3105 5074 3295 5127 donum
3339 5075 3434 5128 Dei
3465 5085 3656 5130 certam
3691 5081 3905 5143 prolatis

2314 5143 2430 5196 sine
2452 5157 2633 5196 sensu.
2656 5143 2820 5214 iUnde
2853 5143 3114 5197 lleraldus
3154 5147 3481 5214 suspicatur,
3514 5148 3681 5201 verba
3711 5149 3903 5204 donum

2318 5215 2412 5266 Dei
2467 5229 2587 5289 esse
2635 5213 2940 5289 Glossema,
2983 5215 3122 5283 quod
3153 5231 3184 5289 ς
3215 5218 3476 5286 margine,
3527 5218 3615 5272 ubi
3644 5223 3901 5289 scriptum

2317 5295 2476 5358 erat:
2512 5283 2880 5358 [inmortalitas
2909 5287 3097 5358 donum
3144 5285 3267 5347 Dei.
3314 5283 3366 5341 in
3423 5298 3627 5343 textum
3664 5283 3901 5358 irrepsit,

2317 5364 2369 5410 et
2421 5356 2701 5418 legendum
2732 5373 2744 5407 :
2779 5355 2893 5418 Quo
2921 5356 3074 5425 igitur
3121 5371 3268 5420 pacto
3317 5360 3752 5413 immortalitatem
3797 5355 3903 5416 lar;

2315 5428 2448 5498 gitus
2478 5437 2551 5479 est
2581 5425 2724 5495 (scil.
2757 5425 2916 5494 licus)
2946 5438 3133 5498 certam
3159 5431 3392 5496 prolatis.
3433 5432 3584 5484 Male.
3618 5432 3728 5484 lloe
3755 5438 3901 5490 enim

2319 5497 2504 5572 aperte
2533 5508 2690 5572 negat
2739 5499 3027 5572 Arnobius,
3061 5497 3220 5552 Deum
3250 5502 3471 5572 prolatis
3505 5503 3754 5572 largittnn
3781 5521 3901 5561 esse

2323 5569 2822 5645 immortalitatem,
2880 5569 2973 5621 Sed
3027 5581 3228 5625 tantum
3280 5571 3430 5632 dicit.
3495 5569 3641 5639 posse
3685 5576 3899 5645 largiri;

2323 5640 2528 5692 animas
2563 5654 2654 5705 per
2677 5638 2799 5691 inde
2824 5653 2888 5692 ac
2915 5656 3143 5709 corpora
3166 5658 3285 5695 esse
3311 5638 3501 5697 natura
3543 5659 3637 5696 sua
3671 5638 3897 5702 caducas

2324 5720 2380 5784 et
2409 5709 2662 5784 mortales
2689 5751 2702 5770 ,
2755 5726 2875 5778 quae
2922 5713 2965 5784 si
3005 5713 3461 5768 immortalitatem
3507 5714 3892 5784 adipiscantur,

2329 5780 2438 5834 Deo
2469 5781 2516 5834 id
2548 5782 3239 5855 acceptumrel‘erendum.
3272 5785 3452 5855 Itaque
3481 5785 3552 5841 nil
3583 5780 3892 5846 mutandum

2327 5865 2542 5906 censeo.
2571 5851 2880 5922 Ed.’Lugd.
2929 5853 3045 5910 Rat.
3098 5855 3309 5924 reﬁngit
3340 5851 3501 5920 {Quo
3547 5857 3704 5926 igitur
3755 5870 3897 5927 pacto
