4020 6280
141 319 280 382 865

1515 334 1720 392 LIBER
1758 335 2135 394 SECUNDUS.

3358 354 3462 412 866

145 437 371 539 donum
406 438 501 497 Dei
542 448 592 506 ⁸,
638 447 787 498 certe
830 441 1076 514 prolatis,
1127 454 1182 503 et
1207 449 1413 506 animas
1460 449 1562 506 hoc
1603 462 1758 522 pacto
1784 453 1836 514 Α
1865 452 2200 508 iuocciduam
2228 451 2389 507 vitam
2415 451 2694 526 principali
2725 453 3103 518 benevolentia
3144 470 3455 539 surrogari?

141 529 475 601 dignabitur
504 533 907 592 immortalitate
932 537 1156 604 donare,
1200 543 1446 611 quamvis
1487 559 1580 598 eas
1610 560 1758 600 mors

140 639 310 681 saeva
345 641 503 696 posse
547 628 795 684 videatur
833 633 1170 703 extinguere,
1226 643 1281 690 et
1309 635 1374 690 ad
1404 636 1629 691 nihilum
1672 653 1758 692 re-

145 718 356 776 dactas
383 720 717 777 irremeabili
765 724 1061 782 abolitione
1102 727 1306 783 delere.
1342 727 1496 784 Plato
1535 730 1625 785 ille
1669 730 1754 785 di-

138 809 319 866 vinus
346 813 510 868 multa
553 812 622 869 de
651 813 763 870 Deo
802 815 960 887 digna
985 859 1000 884 ,
1052 834 1152 874 nec
1181 820 1486 875 communia
1517 821 1757 878 sentiens

135 906 516 972 multitudini,
549 908 600 964 in
629 923 697 965 eo
727 924 983 966 sermone
1023 927 1086 967 ac
1114 913 1280 979 libro,
1318 914 1404 969 cui
1431 929 1629 970 nomen
1662 914 1755 970 Ti-

148 1014 341 1056 maeus
366 1001 702 1069 inscribitur,
741 1003 880 1059 Deos
913 1004 1044 1060 dicit
1086 1018 1139 1062 et
1184 1007 1447 1062 mundum
1494 1008 1761 1077 corrupti-

154 1089 319 1146 bilib
348 1107 468 1149 esse
498 1103 708 1161 natura,
757 1110 930 1166 neque
971 1111 1093 1153 esse
1137 1098 1358 1153 omnino
1388 1099 1760 1154 dissolutionis

149 1193 418 1255 expertes
450 1203 464 1241 :
493 1186 586 1241 sed
617 1186 893 1243 voluntate
927 1189 1017 1244 Dei
1048 1189 1189 1261 regis
1218 1205 1282 1246 ac
1308 1191 1568 1263 principis
1607 1191 1758 1247 vinc-

139 1278 310 1333 lione
358 1279 411 1334 itt
463 1290 720 1350 perpetua
767 1282 1052 1338 contineri.
1103 1285 1256 1351 Quod
1301 1287 1444 1340 enim
1497 1297 1644 1343 recte
1686 1288 1758 1342 sit

142 1369 426 1441 vinctum,
456 1381 512 1429 et
531 1373 687 1429 nodis
717 1375 1126 1444 perfectissimis
1153 1379 1486 1450 colligatum,
1533 1380 1626 1434 Dei
1657 1379 1754 1434 bo-

142 1463 332 1520 nitate
371 1468 574 1522 servari
612 1485 625 1521 :
660 1483 834 1540 neque
881 1469 989 1524 ullo
1033 1470 1101 1526 ab
1124 1472 1252 1538 alio,
1296 1470 1397 1526 nisi
1441 1470 1509 1525 ab
1554 1486 1620 1526 eo
1662 1471 1752 1542 qui

140 1555 332 1610 vinxit
356 1566 410 1612 et
434 1557 680 1628 dissolvi,
711 1560 756 1616 si
785 1577 873 1617 res
905 1573 1111 1633 poscat,
1147 1573 1202 1619 et
1231 1564 1450 1618 salutari
1479 1564 1753 1621 vinctione

137 1648 372 1706 donari.
403 1650 547 1724 Ergo
581 1652 628 1707 si
675 1669 762 1709 res
812 1664 896 1710 est
939 1655 1032 1722 ita,
1064 1671 1166 1711 nec
1211 1655 1355 1711 aliud
1385 1658 1638 1712 convenit
1667 1657 1752 1713 vel

138 1739 475 1799 existimare
503 1744 589 1799 vel
615 1745 861 1813 credere,
889 1747 1015 1816 quid
1045 1750 1255 1804 animas
1273 1749 1612 1804 admiramini
1637 1765 1749 1806 me-

1866 546 1920 600 Si
1954 547 2096 600 enim
2129 546 2269 602 forte
2313 548 2567 611 nescitis,
2620 559 2674 605 et
2716 560 2873 606 antea
2921 557 3075 610 vobis
3121 558 3452 628 incognitum

1866 646 2084 704 propter
2121 636 2196 690 rei
2227 639 2523 694 novitatem
2553 637 2670 707 fuit,
2719 643 2948 713 accipite
2985 661 3136 711 sero,
3179 661 3232 705 et
3266 651 3464 711 discite

1861 728 1930 783 ab
1954 743 2037 793 eo,
2069 731 2158 800 qui
2191 733 2358 796 novit,
2386 744 2440 787 et
2470 734 2692 802 protulit
2716 735 2770 790 in
2805 737 3040 794 medium
3068 739 3287 798 Christo
3310 787 3326 814 ,
3355 762 3462 804 non

1861 835 1981 875 esse
2006 820 2210 876 animas
2238 823 2380 894 regis
2411 826 2626 880 maximi
2653 826 2811 892 ﬁlias,
2844 845 2946 886 nec
2971 833 3040 885 ab
3066 849 3154 902 eo,
3187 840 3452 907 quemad-

1867 913 2086 968 modum
2114 913 2330 983 dicitur,
2357 927 2639 986 generatas
2668 922 2900 990 coepisse
2919 937 2979 979 se
3005 939 3187 992 nosse,
3210 939 3373 999 atque
3401 932 3457 988 in

1866 1007 1946 1060 sui
1980 1007 2211 1062 nominis
2240 1011 2472 1064 essentia
2508 1011 2818 1080 praedicari,
2867 1016 2964 1071 sed
2992 1018 3221 1076 alterum
3269 1040 3462 1094 quem-

1868 1095 2006 1165 piam
2039 1099 2335 1167 genitorem
2362 1100 2444 1154 his
2475 1117 2597 1157 esse
2618 1144 2634 1167 ,
2667 1102 2940 1174 dignitatis
2964 1117 3020 1164 et
3044 1113 3300 1180 potentia:
3337 1131 3463 1187 gra-

1863 1187 2019 1243 dibus
2049 1192 2180 1245 satis
2213 1191 2456 1260 plurimis
2486 1193 2555 1247 ab
2595 1193 2925 1264 lmperatore
2953 1201 3279 1271 disjunctum
3303 1223 3316 1259 :
3344 1207 3466 1279 ejus

1865 1289 2042 1336 tamen
2086 1299 2153 1338 ex
2196 1285 2316 1339 aula
2357 1297 2412 1341 et
2456 1286 2810 1344 eminentium
2843 1292 3083 1349 nobilem
3131 1299 3463 1358 sublimitate

1861 1377 2138 1431 natalium.

1931 1470 2193 1527 XXXVII.
2226 1473 2379 1540 Quod
2411 1474 2456 1530 si
2483 1485 2686 1542 essent,
2721 1486 2778 1532 ut
2828 1477 2968 1534 fama
3013 1490 3118 1547 est,
3163 1483 3450 1542 dominica:

1859 1566 2046 1634 prolis,
2078 1576 2134 1621 et
2172 1568 2451 1637 potestatis
2479 1567 2672 1624 animm
2699 1573 2981 1642 generatio
3013 1575 3345 1646 principalis,
3375 1579 3458 1635 tti-

1859 1658 1930 1713 hil
1963 1660 2043 1714 eis
2085 1659 2152 1714 ad
2205 1659 2586 1730 perfectionem
2614 1662 2878 1720 defuisset
2924 1667 3122 1724 virtute
3173 1669 3454 1740 perfectis-

1856 1751 1992 1805 sima
2045 1754 2378 1819 procreatis:
2411 1771 2572 1808 unum
2618 1770 2809 1811 omnes
2858 1757 3190 1815 intellectum
3239 1761 3458 1819 habuis-

135 1831 261 1888 dize
287 1834 392 1890 dici
425 1837 698 1905 qualitatis
725 1855 753 1891 a
788 1837 983 1894 nobis:
1015 1857 1136 1896 cum
1168 1843 1478 1922 numinibus
1508 1843 1637 1912 ipsis
1662 1843 1748 1897 di-
1781 1822 1828 1882 B
1855 1851 1998 1910 sent,
2048 1858 2324 1914 unumque
2368 1860 2714 1914 consensum,
2759 1848 2937 1903 aulam
2981 1867 3195 1922 semper
3245 1855 3446 1913 incole-

133 1933 241 1981 cat
289 1926 445 1985 Plato
488 1930 698 1987 medias
740 1947 864 1991 esse
905 1945 1147 2003 naturas,
1198 1935 1294 1992 sed
1338 1937 1650 1992 cominuam
1693 1945 1749 1992 et

1850 1945 1972 2012 rent
1997 1939 2222 2008 regiam,
2256 1953 2355 1994 nec
2401 1939 2780 2009 praetermissis
2821 1942 3170 2003 beatitudinis
3199 1948 3440 2019 sedibus,

1383 2072 1770 2130 LECTIONES
1805 2070 2224 2130 VARIANTES.

211 2182 245 2215 ⁸
278 2183 400 2236 Deis
420 2185 562 2237 Fato.

1908 2184 1938 2224 ιι
1974 2188 2107 2238 Bene
2131 2187 2476 2253 corruptibiles
2497 2202 2586 2241 ms.

1529 2291 2090 2351 COMMENTARIUS.

127 2431 508 2486 immortalitas
560 2431 818 2501 largitoris
849 2441 924 2485 est
969 2432 1160 2486 donum
1213 2431 1304 2486 Dei
1352 2433 1488 2487 circa
1518 2433 1746 2504 prolatos

134 2514 193 2558 et
224 2504 572 2568 animus,etc.
600 2504 668 2558 ad
699 2519 915 2557 sensum
943 2504 1158 2573 quidem
1190 2506 1412 2573 Optime,
1443 2508 1536 2559 sed
1577 2505 1744 2559 auda-

138 2574 292 2629 cius.
322 2579 525 2630 Unus.

221 2645 494 2700 Plato.....
524 2646 579 2699 in
608 2662 666 2700 eo
709 2661 938 2700 sermone
977 2663 1038 2700 ac
1090 2644 1240 2709 libro,
1277 2647 1364 2713 qui
1401 2645 1626 2699 Timaeus
1656 2647 1740 2700 in-

134 2717 406 2779 scribitur,
440 2727 543 2770 etc.
575 2717 749 2771 Lucus
772 2727 948 2770 exsmt
977 2718 1027 2772 in
1052 2717 1255 2771 Titine"
1281 2717 1540 2778 Platonis.
1565 2733 1616 2786 p.
1644 2718 1736 2780 41,

134 2788 237 2842 ed.
269 2791 328 2841 Il.
360 2789 574 2856 Stcph.,
602 2791 708 2842 \ol.
742 2805 796 2842 Ill
827 2789 934 2854 (ed.
971 2788 1211 2854 Bipont.,
1238 2790 1344 2841 vol.
1386 2805 1460 2852 ιι,
1498 2807 1548 2855 p.
1584 2790 1736 2857 325),

137 2875 311 2926 quem
336 2859 529 2914 Cicer
555 2861 623 2914 de
655 2859 919 2915 Univet-so
947 2863 1023 2914 sic
1052 2861 1476 2930 interpretator:
1517 2857 1647 2912 Tum
1676 2859 1744 2913 ad

144 2932 276 2985 deos
324 2933 368 2984 is
401 2930 552 2994 Dens,
592 2932 679 3001 qui
717 2931 890 2985 omnia
935 2932 1129 3002 genuit.
1162 2937 1300 3001 fatur
1322 2947 1340 2981 :
1368 2933 1474 2984 lucc
1528 2948 1634 2991 vos,
1655 2933 1745 3001 qui

138 3002 359 3055 deorum
385 3014 501 3074 satu
532 3007 627 3056 orti
679 3003 819 3066 estis,
852 3002 1098 3055 attendite
1117 3018 1136 3056 :
1165 3018 1379 3074 quorum
1410 3018 1619 3072 operum
1651 3020 1743 3074 ego

139 3089 360 3142 parens,
393 3072 697 3144 cﬂ'ectorque
723 3090 859 3134 sum.
889 3090 991 3126 non
1021 3083 1136 3126 sunt
1180 3072 1428 3126 dissoluta
1459 3090 1537 3144 me
1565 3072 1740 3142 invito,

137 3161 459 3214 quamquam
513 3143 662 3200 omne
717 3144 1016 3215 colligatum
1063 3143 1190 3198 solvi
1219 3154 1398 3208 potest.
1447 3143 1554 3199 Sed
1575 3147 1743 3199 Itaud-

137 3232 406 3286 quaquam
433 3215 548 3270 boni
580 3227 671 3282 est,
703 3219 900 3270 ratione
923 3217 1143 3269 vinctum
1167 3217 1293 3270 velle
1316 3216 1623 3272 dissofvere:
1653 3217 1743 3272 sed

1852 2428 2130 2483 Faciamus
2157 2430 2409 2485 hominem
2435 2431 2504 2484 ad
2528 2431 2804 2503 imaginem
2841 2444 2888 2488 et
2920 2435 3307 2495 similitudinem
3338 2459 3457 2499 nos-

1851 2511 1983 2582 train
2014 2505 2140 2582 :gni
2158 2518 2276 2582 cum
2300 2505 2466 2574 factus
2483 2514 2674 2582 essetet
2696 2521 2797 2558 non
2819 2510 3065 2582 potuisset
3086 2511 3215 2580 erigi
3233 2513 3455 2582 plasma,

1851 2523 1983 2554 trum
2014 2523 2032 2554 .'
2055 2523 2140 2578 qut
2161 2523 2276 2554 cum
2300 2523 2466 2574 (artus
2483 2523 2608 2557 esset
2629 2523 2674 2557 et
2696 2523 3065 2629 nondpotutsset
3086 2525 3212 2580 ertgt
3233 2523 3455 2582 plasma,

1851 2589 1940 2647 per
1967 2571 2364 2647 imbecillitatem
2388 2574 2708 2645 angelorum,
2737 2592 2791 2629 se
2849 2581 2996 2647 quasi
3024 2584 3328 2638 vermiculus
3346 2602 3460 2640 sca-

1847 2643 2033 2696 rizaret
2061 2643 2137 2711 (id
2167 2655 2250 2722 est
2281 2643 2563 2722 reptaret),
2591 2643 2915 2722 miserantem
2937 2652 3049 2718 ejus
3077 2652 3140 2705 de
3174 2671 3328 2722 super
3358 2659 3460 2711 vir-

1848 2722 2022 2793 tutem.
2047 2716 2286 2793 quoniam
2315 2716 2368 2793 in
2391 2717 2777 2793 similitudinem
2798 2720 2920 2793 ejus
2955 2716 3082 2774 esset
3120 2716 3306 2793 Iactus,
3333 2729 3458 2782 emi-

1847 2785 1975 2864 sisse
2000 2785 2276 2866 scintillam
2298 2787 2439 2866 uitae,
2469 2803 2583 2866 qua:
2603 2789 2764 2866 creuit
2787 2785 3040 2866 (rotantem
3069 2785 3455 2866 et'urticuluvit,

1851 2866 1898 2937 et
1930 2855 2092 2909 vivere
2121 2858 2254 2923 fecit.
2287 2857 2438 2939 Hanc
2467 2855 2620 2928 igitur
2647 2860 2925 2939 scintillam
2951 2863 3067 2939 trita:
3097 2877 3210 2933 post
3243 2855 3460 2939 αεριηεᾷ

1851 2926 2036 3005 tionem
2057 2943 2314 2981 recurrere
2339 2928 2408 3005 ad
2429 2926 2507 3005 ea,
2536 2946 2648 3000 qaw
2675 2932 3042 3005 suntejusdem
3069 2926 3283 3005 generis.
3308 2926 3454 2996 dicit.

1851 2996 1918 3050 Et
1943 2999 2158 3078 ιἰεριμιιι2
2187 3015 2261 3078 ea
2268 2999 2448 3069 quibus
2473 2996 2612 3070 facta
2634 3013 2749 3078 sunt
2775 2996 2888 3065 illa,
2914 2996 3118 3066 resolvi.
3144 3019 3249 3062 etc.
3281 3010 3453 3078 Idem,

1849 3081 1969 3136 cap.
2003 3069 2191 3148 24,_de
2222 3067 2550 3148 Carpocrate
2577 3087 2592 3126 :
2625 3072 2962 3148 Carpocrates
3001 3089 3173 3130 autem
3205 3091 3250 3134 et
3277 3083 3364 3148 qui
3389 3067 3455 3139 αὖ

1849 3155 1929 3205 eo,
1948 3140 2210 3222 oriundum
2243 3141 2446 3222 quidem
2473 3151 2519 3196 et
2549 3159 2630 3222 ea,
2667 3158 2782 3211 qua:
2821 3145 2874 3197 in
2889 3161 2959 3222 ‘eo
2987 3160 3137 3212 sunt,
3165 3149 3230 3204 ab
3255 3140 3453 3222 angelis

1851 3213 2011 3283 multo
2053 3212 2377 3281 inferioribus
2423 3213 2647 3280 ingenito
2693 3229 2838 3282 patre
2875 3217 3070 3283 factum
3114 3235 3221 3274 esse
3249 3212 3451 3280 dit'itnt.

139 3266 518 3362 quoni_ttm__orti
562 3266 700 3348 estii,
734 3289 1047 3362 immortales
1076 3303 1166 3362 tios
1211 3289 1414 3356 quidem
1460 3304 1566 3362 esse
1589 3299 1633 3340 et
1664 3290 1738 3343 in-

1961 3266 2302 3362 Terttillian.,
2340 3283 2407 3336 de
2434 3266 3231 3362 Ρῖᾳςξενξρίῥοειῖιιίρδνξεἶμί-λδ

138 3357 471 3412 dissolubiles
523 3376 622 3412 non
674 3359 918 3429 potestis;
948 3359 1239 3423 neutiquam
1281 3369 1447 3412 tamen
1500 3359 1742 3414 dissolue-

140 3429 294 3493 mini,
327 3445 512 3484 necvos
526 3431 635 3483 ulla
664 3431 840 3484 mortis
861 3431 970 3499 fata
999 3431 1264 3498 periment.
1295 3447 1384 3484 nec
1401 3434 1545 3500 fraus
1573 3433 1743 3486 valen-

141 3506 270 3561 tior,
297 3518 448 3569 quam
480 3501 749 3556 consilium
780 3519 964 3567 meum,
997 3502 1135 3571 quod
1179 3501 1346 3565 maius
1383 3512 1458 3554 est
1484 3503 1744 3557 vinculum

139 3572 217 3624 ad
249 3575 636 3645 perpetuitatem
670 3583 1093 3645 vestrant,iquam
1137 3574 1251 3639 illa,
1274 3574 1454 3642 quibus
1471 3576 1587 3627 estis
1609 3587 1738 3645 tum,

139 3644 638 3714 cutngignebumini,
654 3645 898 3714 colligati.
919 3644 1160 3698 ELIENH.

222 3712 402 3784 Neque
428 3715 536 3768 ulla
558 3715 620 3768 ab
644 3716 747 3768 alio
768 3712 863 3768 nisi
892 3716 954 3766 ab
980 3733 1037 3768 eo
1057 3718 1140 3784 qui
1163 3714 1322 3768 vinxit
1345 3727 1390 3768 et
1413 3715 1637 3769 dissolvi.
1665 3716 1741 3774 Ita

139 3784 301 3857 Fulv.
339 3787 590 3850 Ursinus,
619 3787 879 3857 probante
909 3785 1162 3850 Meursio,
1192 3796 1245 3839 et
1274 3785 1360 3839 ed.
1391 3785 1563 3852 Lugd.
1598 3788 1738 3857 Bat.,

139 3855 271 3911 cod.
305 3871 406 3910 uis.
435 3866 490 3910 et
518 3857 683 3910 editio
714 3855 961 3924 princeps
988 3873 1124 3910 rom.
1153 3873 1312 3926 neque
1347 3857 1411 3909 ab
1443 3857 1551 3912 ullo
1577 3855 1741 3912 aboli-

139 3929 299 3981 tionis
324 3928 387 3979 ab
416 3943 474 3980 eo
504 3929 588 3992 qui
613 3927 793 3992 vinxit,
819 3927 965 3980 nullo
988 3941 1170 3990 sensu,
1211 3927 1350 3981 unde
1376 3926 1631 3982 Gelenius
1661 3931 1739 3984 le-

137 4009 292 4053 cerat
329 4015 343 4051 :
378 4013 630 4064 nexusque
663 3997 937 4050 abolitione
970 3997 1032 4049 ab
1077 4015 1134 4050 eo
1169 4002 1254 4066 qui
1305 3999 1485 4052 uinxit.
1529 4001 1736 4054 Stewe-

137 4068 300 4123 chius
329 4085 343 4121 :
376 4085 535 4137 neque
560 4067 622 4121 ab
647 4067 768 4125 ullo.
803 4069 898 4122 nisi
923 4069 984 4120 ab
1009 4085 1066 4122 eo
1094 4070 1181 4137 qui
1203 4069 1382 4122 vinxit.
1417 4070 1506 4133 At,
1534 4080 1591 4123 ut
1622 4073 1734 4138 ipse

138 4139 342 4194 fatetur
360 4139 718 4211 Slt‘WIECitiUS,
737 4139 908 4194 Fulvii
949 4139 1256 4194 emendatio
1287 4142 1504 4211 prepius
1528 4143 1736 4198 accedit

140 4213 210 4266 ad
239 4211 522 4265 lectionem
551 4210 753 4265 endicis
777 4213 921 4266 msti.
953 4211 1155 4266 OnBLL.

216 4280 284 4337 Et
294 4282 510 4355 salutari
530 4283 778 4336 vinctione
800 4283 1005 4355 donari.
1032 4284 1122 4338 Sic
1143 4281 1284 4336 edidi
1309 4298 1431 4337 cum
1451 4284 1538 4337 ed.
1559 4283 1729 4355 Lugd.

143 4354 259 4408 Bat.
290 4353 486 4408 Caetrri
517 4371 531 4408 :
564 4355 819 4407 missione.
849 4354 953 4409 Sed
984 4355 1085 4408 hoc
1114 4356 1232 4408 loro
1276 4370 1381 4408 non
1429 4355 1495 4407 de
1542 4353 1735 4412 dimis-

143 4426 294 4480 sione
323 4427 622 4480 animarum
652 4443 682 4478 e
709 4427 986 4494 corporeis
1015 4426 1270 4485 vinculis,
1305 4441 1426 4479 nam
1461 4427 1561 4478 hoc
1589 4436 1737 4483 esset

143 4496 335 4555 missio.
371 4511 552 4551 sermo
575 4506 676 4561 est,
703 4497 798 4550 sed
821 4496 885 4550 de
904 4496 1106 4550 vinculo
1127 4497 1218 4550 illo
1239 4499 1307 4548 ad
1330 4498 1734 4566 perpetuitatem,

142 4576 202 4622 ut
231 4572 299 4620 ait
327 4566 519 4622 Cicero
549 4567 600 4621 in
640 4569 760 4622 loco
789 4583 948 4638 sopra
978 4569 1139 4621 allato
1167 4583 1197 4622 e
1231 4566 1468 4622 Platonis
1495 4567 1697 4624 Titnmo
1717 4613 1732 4636 ,

142 4639 256 4693 sive
291 4638 359 4693 de
406 4642 705 4705 vinctmoe,
735 4655 836 4708 qua
877 4639 1070 4693 anima:
1115 4648 1301 4692 natura
1343 4655 1436 4693 sua
1480 4642 1734 4697 mortales

140 4711 483 4764 euntineutur
511 4727 541 4765 a
587 4711 696 4765 Deo
717 4751 732 4769 .
765 4724 831 4764 ne
870 4710 1251 4764 dissitlvantur.
1300 4710 1398 4763 Ed.
1431 4709 1586 4766 Rom.
1613 4715 1730 4776 jus-

141 4781 314 4846 sione,
341 4781 480 4851 quod
515 4781 704 4851 prohat
727 4779 844 4835 Th.
876 4780 1139 4835 Canterus
1171 4797 1182 4830 :
1210 4780 1446 4848 jussione
1489 4783 1604 4835 scil.
1627 4825 1641 4849 ,
1675 4794 1732 4838 ut

141 4851 309 4923 Salva!
335 4861 657 4923 tuleruntque
687 4861 956 4906 maneant.
997 4852 1200 4905 OBELL.

215 4921 334 4976 Non
375 4939 483 4977 esse
509 4920 708 4976 animus
754 4923 905 4993 Regis
945 4925 1149 4975 maximi
1191 4920 1359 4989 ﬁlias,
1397 4931 1503 4976 etc.
1539 4921 1726 4978 Hausit

139 4993 240 5049 ista
269 4995 535 5048 Arnobius
562 5010 593 5049 e
621 4993 1126 5063 NeOplatOnicorum
1150 5035 1162 5053 ,
1197 4998 1311 5046 sive
1341 4994 1515 5063 potius
1545 4994 1724 5048 Gnos-

141 5067 370 5119 ticorunt
393 5106 409 5130 ,
453 5066 690 5121 Simonis
709 5109 723 5133 ,
744 5062 748 5063 ⁷
767 5065 1014 5120 Basilidis
1035 5107 1047 5126 ,
1078 5062 1351 5120 Saturnini
1375 5103 1389 5124 ,
1419 5064 1724 5132 Carpocra-

142 5137 240 5196 tis.
271 5147 374 5191 etc.
398 5179 413 5204 ,
453 5137 730 5193 doctrina.
761 5153 848 5206 qui
881 5135 1221 5198 Slalllt'bﬂlll,
1253 5134 1510 5188 mundum
1557 5152 1660 5189 non
1693 5152 1724 5192 ει

143 5207 268 5272 Deo,
296 5209 389 5263 sed
419 5207 488 5260 ab
512 5209 714 5277 angelis
741 5223 862 5263 esse
885 5208 1184 5273 conditum,
1216 5207 1486 5260 lunninem
1509 5221 1725 5275 quouue

131 5278 206 5332 ab
232 5279 414 5334 iisdem
447 5278 753 5332 formatum.
789 5277 1042 5345 lienzens,
1075 5278 1169 5333 lib.
1203 5296 1249 5341 t,
1281 5292 1401 5347 cap.
1425 5277 1515 5341 2i,
1555 5295 1604 5345 p.
1632 5278 1721 5341 52,

139 5348 224 5404 ed.
257 5349 462 5404 Ernsnti
495 5351 665 5405 Paris.
694 5367 706 5402 :
737 5349 1048 5406 Saturninus
1076 5349 1308 5404 similiter
1345 5359 1398 5401 ut
1447 5349 1727 5404 Menander

139 5437 289 5492 unum
315 5432 511 5490 patrem
543 5421 853 5492 incognitum
884 5421 1024 5475 nobis
1053 5420 1289 5484 ostendit,
1313 5421 1396 5489 qui
1424 5421 1541 5487 fecit
1571 5438 1726 5490 ange-

141 5490 215 5546 los
233 5533 245 5551 .
272 5493 632 5561 arcltungelos,
662 5490 895 5558 uirtutes,
940 5501 1228 5562 potestates.
1255 5491 1295 5544 Α
1321 5501 1510 5560 septem
1550 5502 1720 5545 atttent

138 5562 429 5634 quibusdam
449 5564 643 5634 angelis
666 5565 907 5616 mundum
931 5569 1146 5634 factum,
1169 5573 1214 5616 et
1241 5566 1410 5615 omnia
1427 5578 1542 5629 qua:
1565 5564 1616 5615 in
1637 5579 1716 5617 eo.

143 5632 405 5689 Hominem
435 5632 603 5689 autem
629 5632 1057 5706 angelorum'esse
1086 5636 1369 5699 facturum,
1399 5634 1661 5688 desursum
1687 5651 1720 5689 a

138 5722 330 5761 summa
358 5716 602 5776 potestate
641 5706 810 5759 lucida
850 5706 1071 5776 imagine
1097 5716 1395 5777 apparente,
1426 5722 1579 5776 quam
1605 5723 1718 5760 cum

138 5787 387 5834 continere
413 5795 512 5833 non
540 5778 836 5849 potuissent.
871 5777 1032 5848 inquit
1052 5819 1065 5838 ,
1092 5792 1152 5830 eo
1176 5787 1310 5830 statu
1335 5783 1420 5847 qui
1447 5777 1616 5832 statim
1639 5793 1719 5833 re-

139 5851 342 5909 currerit
370 5866 594 5918 sursum,
633 5849 890 5906 adhortati
929 5857 1046 5904 sunt
1071 5849 1394 5920 semetipsos,
1453 5849 1673 5906 dicentes
1696 5864 1717 5906 :

1850 3354 2016 3432 idem,
2045 3353 2114 3408 de
2138 3360 2495 3432 Auitum-cap.
2516 3356 2608 3432 23.
2637 3355 2991 3432 Epiphanius,
3017 3353 3141 3416 adv.
3178 3353 3449 3432 lla'rescs,

1849 3423 1951 3502 ut)1
1971 3440 2010 3502 ε.
2047 3426 2270 3502 ωερε
2300 3446 2313 3480 ε
2349 3423 2697 3502 Philastrius,
2728 3427 2799 3502 de
2826 3429 3029 3484 Haeres.
3056 3471 3072 3496 ,
3104 3446 3203 3502 cap
3233 3435 3323 3498 29.
3353 3423 3446 3501 5t;

1850 3505 1906 3550 et
1927 3494 2016 3560 56,
2047 3494 2136 3550 58ζ
2163 3495 2430 3551 Czcterum
2455 3501 2520 3551 de
2551 3499 2615 3550 iis
2637 3499 2887 3552 omnibus
2905 3494 3448 3560 tecte—taniutntnodo

1851 3579 1903 3646 et
1929 3570 2160 3646 obscure
2191 3568 2426 3637 loquitur
2451 3569 2747 3646 Arnobius,
2776 3575 3045 3646 consultu,
3081 3585 3137 3646 ut
3163 3577 3294 3646 tttilti
3327 3577 3447 3646 qui-

1850 3635 1973 3693 dem
2019 3635 2279 3705 γωνίαι-ί
2295 3650 2349 3694 et
2383 3640 2695 3707 prudenter,
2728 3656 2794 3695 ne
2824 3642 2944 3695 scil.
2975 3644 3019 3696 si
3051 3635 3358 3700 diSIinctius
3383 3647 3453 3704 de

1851 3707 1918 3762 iis
1943 3709 2292 3764 disseruisset
2317 3710 2756 3779 noininassetque
2785 3713 2966 3767 mundi
2998 3728 3272 3771 creatures
3300 3718 3447 3775 Gno-

1845 3793 2130 3860 sttcorutn,
2179 3780 2544 3851 Uemiurgom,
2577 3781 2784 3860 Logon,
2819 3783 3146 3860 Poronesin,
3180 3791 3447 3860 Sophian,

1851 3849 2110 3930 [Itym-nitu
2136 3849 2472 3930 umerosque
2489 3893 2504 3916 ,
2535 3867 2670 3930 quos
2699 3852 2994 3930 dicebant,
3027 3849 3209 3914 senties
3229 3849 3395 3930 [ipse
3419 3849 3452 3919 ti

1855 3919 2159 3975 Gentilibus
2199 3919 2590 3992 Polynieis-mi,
2619 3939 2778 3992 quem
2813 3926 3050 3983 relutare
3088 3939 3143 3983 et
3171 3919 3453 3990 destruere

1854 3993 2124 4060 cupiebat,
2156 4003 2494 4062 argueretur.
2523 3993 2728 4048 OBELL.

1913 4062 2074 4133 Atque
2106 4065 2162 4136 in
2205 4066 2284 4118 sui
2324 4065 2544 4118 nominis
2591 4067 2808 4120 essentia
2851 4068 3142 4136 praedicari.
3173 4071 3442 4131 Meursius

1841 4131 2056 4189 Codicis
2101 4135 2386 4190 lectionem
2430 4137 2483 4190 in
2521 4137 2603 4190 sui
2653 4131 2874 4192 nominis
2915 4143 3165 4196 sententia
3204 4145 3450 4202 delendit

1838 4205 1956 4259 loco
1986 4212 2201 4288 gemulo
2233 4207 2450 4288 itrnobii
2471 4247 2487 4273 ,
2519 4207 2664 4288 lth._t
2696 4225 2710 4263 ε
2746 4211 2992 4266 Dedimus
3016 4229 3120 4288 nos
3137 4213 3265 4279 Deo,
3294 4218 3446 4288 cujus

1840 4288 1963 4330 nutu
1992 4287 2037 4332 et
2067 4279 2277 4331 arbitrio
2310 4295 2458 4332 omne
2488 4280 2625 4348 quod
2655 4291 2725 4335 est
2753 4294 2987 4350 constat,
3017 4294 3063 4337 et
3102 4285 3156 4339 in
3185 4279 3448 4344 sententia:

1837 4364 1944 4427 stite
1970 4351 2298 4427 perpetuitate
2343 4351 2572 4427 deﬂuunt
2609 4361 2714 4418 est,
2743 4364 2796 4406 et
2830 4355 3019 4427 eodem
3054 4355 3192 4411 libro
3224 4372 3238 4410 :
3271 4360 3443 4427 priore

1839 4420 2064 4498 detracto
2114 4422 2163 4475 in
2200 4421 2423 4498 altorum
2452 4423 2680 4498 (cubitum
2701 4425 3117 4498 sententiamque
3151 4420 3439 4498 traducere,

1841 4501 1898 4564 ut
1927 4492 1997 4545 sit
2017 4494 2266 4564 sententia
2293 4493 2348 4546 lt.
2381 4493 2418 4546 Ι.
2451 4495 2484 4545 i.
2515 4509 2568 4564 q.
2597 4490 2862 4558 αἴσθησις,
2889 4490 3104 4550 sensus.
3131 4497 3251 4564 Quo
3277 4490 3440 4556 sensu

1841 4561 1885 4634 si
1915 4564 2163 4618 absttlute
2193 4563 2375 4618 dicere
2405 4561 2576 4634 potuit
2609 4569 2912 4622 Arnobius.
2947 4561 3358 4624 novum'tatuen
3388 4581 3442 4628 ct

1842 4633 1958 4687 sine
1989 4636 2240 4703 exemplo
2267 4633 2485 4688 nominis
2510 4635 2779 4688 sententia.
2810 4634 3013 4691 OnELL.

1913 4705 2055 4760 Satis
2093 4707 2344 4772 plurimis.
2388 4705 2493 4759 Pro
2529 4706 2660 4777 satis
2692 4705 2886 4777 multis.
2917 4707 3289 4777 Superlativus
3321 4713 3440 4770 loco

1838 4778 2087 4853 ptt$_itlv_t,_
2113 4787 2170 4853 ut
2195 4779 2392 4846 saepius
2419 4778 2471 4829 in
2501 4775 2759 4853 Arnohio.
2795 4775 2928 4833 Vide
2953 4775 3138 4847 supra,
3171 4783 3236 4836 ad
3275 4784 3366 4838 lib.
3397 4801 3438 4853 t,

1835 4862 1885 4900 c.
1913 4847 2190 4919 22.7(Sutis
2210 4845 2401 4901 multus
2425 4857 2604 4900 autetn
2635 4845 2837 4919 dictum
2865 4859 2950 4904 est
2979 4845 3077 4919 pro
3106 4845 3272 4908 nimio
3300 4845 3439 4910 "lui;

1836 4917 2118 4998 tutatuta
2162 4917 2374 4998 Barth.,
2407 4920 2724 4998 adversar"
2757 4918 2849 4974 tib.
2885 4917 3062 4998 _x_ttix.
3096 4937 3145 4976 c.
3180 4925 3272 4998 15,
3303 4942 3439 4998 page

1837 4986 2024 5062 1580.)
2067 4988 2142 5062 Ita
2176 4989 2714 5062 satishpulclterrt'mus
2754 4991 2897 5060 apud
2934 4986 3329 5062 Pomponiani,
3372 4986 3441 5053 de

1830 5057 2046 5138 origine
2072 5059 2218 5114 Juris
2250 5057 2276 5138 ':_
2297 5057 2475 5138 Exstat
2497 5061 2608 5129 ejus
2628 5057 2957 5138 (Ciceronis)
2970 5057 3146 5138 oratio
3170 5069 3296 5121 satis
3315 5057 3438 5138 ’ραι-

1830 5131 2106 5205 clterrima,
2125 5146 2239 5200 qua:
2257 5130 2553 5186 inscribitur
2580 5130 2674 5202 pro
2707 5133 2772 5199 ρ.
2799 5130 3033 5205 Ligario.
3068 5130 3359 5193 S'rnwscti.
3390 5149 3438 5194 et

1833 5203 2043 5257 URELL.

1907 5273 2174 5328 XXXVII.
2229 5303 2300 5314 —
2363 5272 2694 5330 Habuissent.
2762 5274 2917 5331 Fulv.
2986 5275 3171 5334 Ursin.
3237 5279 3439 5338 hausis-

1832 5355 1961 5398 sent.
2001 5345 2206 5425 QnELL.
2237 5355 2286 5425 et
2325 5349 2521 5425 saccati
2565 5349 2970 5425 obscaenissintas
3013 5351 3194 5406 serias.
3240 5350 3437 5425 Sump-

1836 5425 1948 5470 tum
1976 5434 2007 5472 e
2035 5417 2292 5484 Lucretii,
2322 5417 2416 5472 lib.
2450 5433 2528 5486 tv,
2561 5434 2702 5475 vers.
2739 5419 2880 5475 1020
2908 5439 2922 5476 :

1933 5529 2048 5594 Pusi
2069 5542 2204 5594 saepe
2229 5528 2386 5579 lacum
2413 5538 2634 5594 propter,
2657 5544 2735 5592 se,
2761 5543 2819 5582 ac
2841 5532 2967 5584 dolia
2989 5539 3129 5586 curta

1923 5591 2103 5641 Somno
2123 5591 2339 5642 devincti
2360 5591 2569 5643 credunt
2590 5591 2839 5644 extollere
2867 5605 3056 5647 vestem

1924 5655 2095 5706 Totius
2119 5656 2378 5706 humorem
2401 5663 2646 5706 saccatum
2671 5666 2725 5708 ut
2748 5661 2965 5722 corpori,
2990 5658 3214 5711 fundant.

3108 5743 3332 5797 Hanno.

1825 5848 1982 5918 Quod
2011 5865 2173 5909 sacco
2214 5851 2398 5910 vinum
2427 5849 2742 5924 eliquabant
2774 5860 3020 5924 veteres,
3048 5853 3193 5927 quod
3225 5867 3279 5914 et
3304 5872 3432 5918 sac~
