4034 6288
245 316 358 376 875

1572 311 1778 368 LIBER
1817 311 2195 371 SECUNDUS.

3442 325 3548 381 874

248 448 435 491 mores
460 429 701 486 veritatis
719 427 946 493 eb‘ectag,
965 434 1020 483 et
1033 426 1288 497 quidnam
1309 435 1455 484 esset
1477 426 1618 482 Deus
1638 429 1837 494 oblitm,
1868 431 1922 491 Α
1949 430 2236 486 sudoribus
2263 431 2454 487 domos
2509 431 2609 488 sibi
2665 441 3045 491 eonstruerent
3073 446 3118 500 ε,
3177 438 3542 496 membrorum

249 526 559 582 simulacris
591 523 853 578 inertibus
894 521 1280 590 supplicarent,
1313 520 1477 589 ligna,
1511 536 1642 587 :cra,
1672 531 1726 577 et
1769 522 1846 576 la-

250 619 432 690 pides.
461 619 642 674 divina
672 617 1076 687 alloquerentur
1113 623 1171 669 ut
1210 614 1451 679 numina,
1493 613 1688 668 auxilia
1719 629 1844 684 pos-

247 720 442 766 cercnt
474 719 500 748 ⁸
540 723 803 766 οωεοτυιη
849 706 1203 762 animantium
1245 720 1467 769 cruore,
1521 705 1719 759 nullam
1765 705 1848 760 sui

249 802 496 860 facerent
523 803 849 858 mentionem
882 820 894 856 :
935 799 1235 871 qninimmo
1280 813 1347 852 ex
1378 796 1462 851 his
1489 796 1606 851 alia:
1646 805 1704 851 ut
1744 796 1846 852 du-

249 897 489 955 bitarent
519 913 579 955 se
605 913 750 964 esse,
781 906 875 952 aut
902 896 1068 952 ullum
1104 910 1226 951 esse
1249 895 1462 966 penitus
1481 894 1844 965 abnegarent?

244 993 456 1052 Idcirco
503 993 712 1049 animas
762 992 928 1060 misit,
978 1001 1034 1047 ut
1083 1006 1203 1062 qua:
1256 991 1308 1044 in
1357 989 1576 1046 sedibus
1613 990 1844 1061 propriis

246 1097 433 1144 tuente
480 1087 696 1144 fuerant
739 1101 866 1151 una,
917 1084 1198 1140 intellectu
1239 1091 1294 1139 et
1333 1083 1558 1138 scientia
1597 1069 1840 1152 paribus,

246 1190 531 1252 postquam
562 1178 763 1234 formas
795 1177 1021 1233 induere
1064 1177 1342 1243 mortales,
1377 1176 1691 1246 opinionum
1731 1175 1840 1230 dis-

245 1273 564 1331 criminibus
584 1272 905 1328 dissiderent
928 1313 944 1338 ,
974 1269 1118 1325 aliud
1141 1269 1260 1324 aliis
1284 1269 1511 1340 justum,
1543 1267 1686 1323 aliud
1710 1268 1840 1324 utile

244 1365 563 1433 videretur,
605 1374 661 1421 et
687 1374 894 1420 rectum
927 1381 940 1418 :
969 1362 1037 1418 de
1067 1361 1388 1433 appetendis
1416 1361 1596 1427 rebus,
1630 1359 1835 1430 fugien-

245 1456 441 1528 disque
482 1464 775 1522 certarent,
830 1454 1098 1510 malorum
1141 1467 1205 1508 ac
1248 1453 1512 1508 bonorum
1556 1452 1688 1506 alios
1717 1452 1837 1505 alia:

243 1550 642 1606 constituerent
677 1550 812 1606 lines
837 1569 850 1605 :
879 1549 1161 1606 veritatem
1190 1547 1531 1618 cupientibus
1561 1561 1788 1601 noscere
1809 1544 1836 1584 δ

240 1658 428 1700 rerum
473 1653 843 1714 opponeretur
883 1643 1222 1708 obscuritas,
1268 1651 1324 1697 et
1361 1640 1510 1696 velut
1555 1640 1834 1696 oculorum

1955 524 2550 595 conficerenttegmina
2578 566 2593 590 ,
2655 527 3038 596 sopellectilem
3076 531 3280 586 variam
3321 533 3545 588 diurno-

1957 633 2074 671 rum
2107 618 2485 674 contraherent
2516 619 2760 690 egestati,
2797 620 3175 676 imbecillitatis
3200 625 3395 679 auxilia
3426 625 3548 680 ani-

1955 709 2187 766 malibus
2212 721 2584 768 mutuarentur
2608 729 2637 769 a
2661 714 2822 768 mutis
2839 757 2853 782 ,
2881 715 2988 770 vim
3018 715 3255 773 facerent
3285 720 3466 785 terris,
3490 731 3549 776 ut

1955 817 2064 857 non
2089 818 2184 857 sua
2215 803 2529 860 sufﬁcerent
2554 805 2826 875 gramina,
2859 806 2954 862 sed
2989 809 3279 878 imperatas
3313 812 3543 868 extolle-

1955 904 2078 949 rent
2110 893 2316 965 fruges,
2367 907 2420 951 et
2441 911 2562 953 cum
2595 897 2908 968 sanguinem
2943 908 3111 955 totum
3158 902 3210 956 in
3248 903 3545 974 subigenda

1951 986 2145 1041 tellure
2175 986 2458 1054 fudissent,
2488 988 2752 1060 robigine,
2782 991 3060 1060 grandine,
3097 994 3359 1061 siccitate,
3393 1012 3544 1067 spem

1951 1076 2151 1132 laboris
2190 1078 2543 1135 amitterent:
2573 1090 2627 1136 et
2651 1081 2720 1136 ad
2753 1082 2997 1138 ultimum
3021 1085 3068 1138 vi
3113 1085 3268 1140 famis
3295 1085 3544 1144 humanis

1949 1170 2300 1228 cadaveribus
2327 1172 2661 1240 incubarent,
2700 1183 2754 1230 et
2785 1175 2850 1229 ab
2877 1175 3152 1231 hominum
3186 1177 3376 1233 formis
3400 1180 3542 1237 tabi-

1949 1260 2049 1317 fica
2089 1264 2259 1318 macie
2287 1263 2711 1320 dissociarentur
2735 1266 3045 1336 abjunctaa?
3087 1267 3292 1323 Idcirco
3335 1269 3544 1326 animas

1946 1353 2111 1421 misit,
2144 1365 2202 1410 nt
2229 1372 2348 1427 qua:
2387 1371 2570 1412 secum
2601 1368 3003 1414 commorantes
3046 1362 3407 1430 possessionis
3446 1362 3544 1416 alio

1945 1446 2100 1516 cujus
2143 1448 2348 1503 nullum
2381 1465 2634 1520 umquam
2671 1449 2987 1507 habuissent
3017 1469 3258 1509 amorem
3292 1473 3304 1508 :
3335 1457 3542 1510 avaris-

1943 1542 2095 1597 simae
2123 1541 2211 1597 hic
2255 1542 2479 1606 fierent,
2519 1555 2574 1600 et
2613 1545 2666 1598 in
2696 1545 2928 1601 habendi
2969 1547 3203 1602 studium
3236 1547 3543 1604 inexatura-

1943 1634 2036 1690 bili
2080 1635 2313 1704 pectoris
2354 1635 2702 1692 ardescerent
2743 1637 3028 1708 appetitu:
3061 1637 3361 1696 effoderent
3402 1639 3542 1695 altos

240 1735 539 1792 luminibus
569 1735 765 1801 viduae,
801 1734 936 1790 nihil
960 1747 1168 1791 certum
1201 1733 1466 1798 viderent,
1514 1743 1569 1788 et
1599 1747 1694 1802 per
1741 1747 1837 1787 an-
1869 1760 1916 1819 B
1943 1735 2155 1782 montes
2178 1769 2193 1794 ,
2223 1737 2278 1783 et
2308 1728 2512 1784 viscera
2545 1729 2724 1800 ignota
2755 1737 3022 1784 terrarum
3055 1732 3106 1785 in
3137 1731 3390 1786 materias
3418 1747 3539 1787 ver-

240 1828 436 1900 cipites
463 1828 684 1884 semitas
714 1828 1080 1898 suspicionum
1108 1825 1494 1883 inducerentur
1518 1823 1740 1880 errore?

313 1919 426 1975 XL.
458 1920 662 1976 Idcirco
687 1922 893 1976 animas
937 1921 1116 1988 misit,
1145 1929 1203 1974 ut
1231 1935 1352 1975 cum
1393 1919 1685 1973 animantia
1723 1932 1827 1973 cae-

236 2020 354 2068 tera
367 2021 559 2085 sponte
573 2012 712 2068 natis
729 2024 750 2052 ο
770 2013 1068 2079 alerentur,
1087 2024 1141 2068 et
1157 2013 1302 2067 nulla
1319 2011 1527 2066 satione
1541 2009 1764 2080 prolatis
1779 2005 1829 2074 ά,

233 2121 416 2178 neque
442 2106 748 2172 domorum,
776 2114 869 2162 aut
888 2107 1114 2160 vestium
1141 2104 1401 2160 tutamina
1427 2103 1549 2167 sibi,
1577 2112 1668 2157 aut
1689 2101 1832 2155 vela-

231 2210 423 2256 menta
469 2201 882 2271 conquirerent,
922 2197 1244 2255 miserabilis
1271 2197 1388 2252 istis
1409 2199 1703 2253 necessitas
1734 2193 1832 2249 ad-

228 2291 457 2350 deretur
487 2311 501 2348 :
531 2303 588 2348 ut
625 2308 746 2349 cum
782 2293 1067 2363 impendiis
1108 2291 1360 2347 maximis
1384 2331 1397 2358 ,
1454 2288 1834 2360 perpetuisque

1945 1830 2121 1877 terent
2148 1821 2307 1876 alieni
2335 1821 2604 1885 nominis,
2643 1831 2802 1892 atque
2847 1839 3012 1888 usus;
3064 1833 3408 1893 penetrarent
3441 1825 3539 1880 ab-

1942 1912 2082 1968 ditas
2127 1913 2440 1967 discrimine
2467 1928 2586 1968 cum
2612 1914 2802 1984 capitis
2847 1916 3092 1970 nationes
3117 1956 3131 1980 ,
3179 1925 3235 1971 et
3270 1916 3544 1971 translatis

1942 2006 2214 2061 mercibus
2240 2005 2554 2060 charitatem
2587 2021 2818 2075 semper,
2854 2007 3221 2079 vilitatemque
3243 2019 3541 2078 captarent,

1941 2106 2260 2154 exercerent
2303 2097 2518 2152 avidum
2571 2108 2731 2169 atque
2782 2098 3194 2169 injustissimum
3244 2100 3446 2166 faenus,
3490 2108 3546 2155 et

1940 2190 2260 2247 miserorum
2292 2206 2324 2246 e
2351 2191 2611 2261 sanguine
2641 2192 2962 2262 supputandi
2999 2208 3058 2248 se
3088 2203 3347 2265 angerent
3389 2195 3542 2249 inso-

1939 2283 2128 2349 mnia;
2181 2284 2419 2340 millibus
2469 2285 2868 2355 possessionum
2916 2301 3131 2357 semper
3182 2287 3547 2357 producerent

1479 2401 1860 2462 LECTIONES
1897 2399 2314 2457 VARIANTES.

297 2503 325 2531 ⁸
362 2501 692 2551 Poscerentur
709 2500 825 2552 Sab.

299 2560 330 2600 ιι
365 2564 520 2613 Nosse
541 2561 682 2614 Fulv.

305 2629 326 2656 ⁸⁵
365 2625 494 2676 Mata
524 2623 628 2676 alii.

2004 2491 2032 2531 ἀ
2075 2492 2269 2542 Prolata
2293 2490 2396 2542 alii.

2009 2557 2033 2584 ε
2076 2554 2446 2608 Constituerent
2467 2554 2534 2606 ali

1593 2725 2159 2786 COMMENTARIUS.

325 2851 560 2907 Veritatis
591 2851 810 2923 effecta.
835 2850 890 2906 Id
905 2858 991 2906 est
1003 2850 1278 2923 perlectaé,
1297 2843 1842 2923 consummatissime

239 2917 867 2993 veritatis,qna¥nullam
895 2917 1126 2992 amplius
1153 2917 1839 2993 dubitationemadmittat.

235 2995 422 3052 Nostri
463 2987 794 3049 ad'verbnm
833 3011 848 3051 :
893 2987 1262 3062 Ausgemacltte
1312 2989 1607 3046 Wahrheit.
1635 2987 1841 3062 OttsLL.

317 3067 523 3121 Auxilia
552 3077 813 3136 poscerent
839 3083 943 3121 eos.
977 3057 1199 3119 Poscere
1231 3063 1532 3136 saepissime
1558 3059 1703 3130 apud
1722 3057 1842 3136 La-

238 3139 385 3194 tinos
409 3153 530 3192 cum
552 3132 769 3191 ’duubus
798 3137 1141 3200 accusativis,
1168 3151 1317 3190 more
1339 3134 1655 3189 Grmcorum
1681 3132 1843 3186 αἰτεῖν

238 3211 355 3266 ’τινὰ
376 3231 447 3264 τι.
483 3207 560 3263 Ita
594 3207 808 3279 Virgil.,
839 3207 990 3272 [Ell.,
1020 3222 1098 3273 tv,
1131 3221 1271 3262 vers.
1301 3205 1407 3261 50:

492 3299 568 3350 'I‘u
591 3299 733 3350 modo
757 3313 901 3364 posce
918 3300 1054 3351 Deos
1071 3301 1280 3348 veniam.

239 3384 403 3442 Plura
450 3385 694 3453 exempla
724 3385 846 3440 vide
881 3384 936 3440 in
981 3384 1206 3441 Gesneri
1249 3383 1516 3439 Thesaur.
1547 3399 1632 3438 eos
1674 3381 1840 3438 omit-

244 3464 365 3511 tunt
396 3454 508 3509 alii.
537 3456 742 3510 OusLL.

319 3527 422 3580 Aut
465 3526 631 3580 ullum
657 3543 762 3581 esse
794 3527 992 3596 penitus
1032 3528 1376 3599 abnegarent.
1403 3526 1580 3582 Ullum
1615 3542 1758 3594 esse,
1789 3523 1840 3579 id

244 3607 354 3663 est,
383 3613 598 3653 onmem
623 3614 800 3652 rerum
828 3598 1194 3654 existentiam’.
1225 3598 1429 3653 Alludit
1454 3608 1636 3655 autent
1670 3603 1844 3652 Arno-

249 3669 378 3740 bin_s
406 3668 472 3723 ad
498 3669 791 3740 Aphasiarn
821 3669 1268 3740 Pyrrhoniornm.
1299 3669 1506 3724 OttELL.

319 3738 388 3793 Et
428 3739 561 3794 velut
605 3738 878 3794 oculorum
914 3740 1188 3796 luminibus
1227 3742 1409 3796 viduw.
1443 3741 1706 3796 Meursius
1743 3757 1756 3793 :
1786 3749 1841 3792 ut

247 3811 408 3872 velut,
435 3809 766 3866 etc.OnsLt..

323 3881 434 3936 XL.
461 3910 526 3924 -ο
563 3880 785 3935 Vestiam
830 3883 1077 3937 tutamina
1117 3882 1212 3937 sibi
1257 3892 1346 3936 aut
1391 3883 1674 3938 velamenta
1719 3897 1844 3934 con-

241 3955 523 4025 quirerent.
561 3952 904 4025 Stewecbins
945 3955 1146 4008 mavult
1194 3953 1476 4021 velamina,
1535 3969 1685 4009 more
1742 3955 1845 4025 Ar-

242 4023 398 4081 nobii
461 4023 748 4093 antiquos,
818 4025 1086 4094 imprimis
1147 4025 1498 4089 Lucretium,
1559 4024 1842 4079 imitantis.

1408 4097 1611 4151 ORELL.

323 4164 747 4238 Suppellectilem
763 4166 958 4238 variam
975 4165 1276 4238 diurnorum
1292 4170 1594 4235 conﬁcerent
1612 4166 1842 4238 egestati.

243 4235 396 4294 Idem
446 4237 785 4292 Stewechins
833 4237 1120 4308 legendum
1171 4239 1390 4308 conjicit
1441 4235 1846 4292 diurna'rerum

242 4308 561 4377 conficerent
623 4317 862 4373 egestate.
921 4307 979 4362 Id
1035 4319 1120 4364 est
1173 4307 1353 4364 rerum
1415 4309 1843 4366 necessariarum

249 4380 437 4448 inopia
465 4378 798 4448 quotidiana.
833 4379 940 4435 Sed
990 4380 1123 4435 nihil
1167 4380 1501 4435 mutandum.
1546 4381 1746 4433 Diuma
1791 4381 1844 4434 in

246 4451 454 4523 plurali
485 4450 622 4504 dixit
664 4452 937 4523 Arnobius
979 4465 1139 4506 sensu
1188 4453 1394 4508 rariore
1436 4467 1533 4523 pro
1574 4453 1735 4507 rebus
1779 4451 1845 4506 ad

249 4520 624 4594 quotidianum
655 4521 852 4577 victum
876 4523 1198 4578 necessariis
1223 4542 1237 4578 :

379 4615 532 4674 Queis
552 4615 760 4664 humana
778 4615 870 4664 sibi
895 4614 1062 4666 doleat
1083 4623 1253 4666 natura
1274 4616 1483 4678 negatis.

253 4698 339 4752 die
365 4698 620 4768 taglichen
648 4696 1000 4768 Bedurfuisse.
1035 4697 1202 4767 Hujus
1231 4709 1407 4753 tamen
1438 4698 1852 4768 signiﬁcationis

251 4770 394 4840 apud
415 4770 549 4824 alios
571 4771 866 4840 scriptores
882 4770 1129 4840 exetnpla
1155 4770 1350 4824 frustra
1373 4770 1620 4839 quaesivi.
1644 4769 1849 4825 Onus.

328 4840 604 4912 Rubigine.
642 4839 829 4911 Virgil.
876 4839 1100 4908 Georg.,
1147 4857 1183 4905 ι,
1230 4855 1376 4896 vers.
1425 4841 1569 4896 £50:

260 4919 265 4924 ’
447 4961 458 4972 .
531 4961 543 4972 .
613 4961 624 4973 .
694 4960 707 4972 .
774 4958 787 4972 .
856 4923 1274 4974 Utmalaculmos

443 4985 591 5036 Esset
608 4987 802 5048 robigo.

258 5061 363 5119 Ubi
416 5059 674 5134 Servius:
706 5060 909 5134 Rubng
953 5071 1028 5117 est
1073 5078 1229 5132 genus
1263 5062 1391 5134 vitii,
1422 5079 1520 5130 quo
1545 5061 1712 5134 culmi
1733 5077 1852 5134 per-

257 5141 403 5197 eunt,
438 5132 574 5199 quod
602 5149 634 5185 a
668 5131 940 5187 rusticanis
981 5131 1247 5188 calamitas
1288 5133 1491 5187 dicitur.
1535 5131 1647 5186 Hoc
1690 5131 1856 5188 autem

258 5219 422 5276 genus
442 5202 552 5256 uitii
576 5219 639 5258 ea:
658 5202 838 5257 nebula
865 5206 1004 5260 nasci
1032 5207 1179 5276 solet,
1210 5221 1322 5258 cum
1352 5206 1641 5276 nigrescunt
1669 5215 1715 5258 et
1736 5221 1857 5258 con-

258 5275 534 5330 sumuntur
575 5278 854 5345 frumenta,
890 5277 1010 5328 inde
1043 5286 1089 5330 et
1141 5275 1366 5345 ilubigus
1412 5275 1580 5341 Deus,
1627 5283 1673 5328 et
1708 5291 1856 5329 sacra

260 5347 372 5406 eius
388 5342 582 5418 decimo
597 5342 720 5402 Kal.
749 5345 914 5418 M_aias
930 5345 1258 5418 Rubiginalia
1274 5342 1618 5418 appellantur.
1643 5345 1856 5418 Eussn-

260 5431 454 5472 nonsr.
510 5415 743 5472 Docente
783 5415 978 5472 Vos-sio
1021 5415 1084 5472 νζ
1131 5417 1211 5473 Cl.
1259 5415 1576 5484 ad’thilii
1606 5419 1640 5470 Ι.
1675 5417 1712 5472 Ι.
1748 5417 1855 5472 duo

262 5487 475 5541 diversa
515 5487 820 5554 plantarum
855 5489 978 5542 vitia
1007 5504 1072 5543 eo
1102 5494 1320 5544 nomine
1351 5498 1558 5544 veteres
1589 5487 1858 5556 signiﬁca-

262 5557 416 5622 bant,
447 5557 675 5612 alterum
708 5560 900 5621 album,
931 5559 1072 5628 quod
1102 5560 1353 5615 Germani
1387 5559 1662 5628 appellant
1691 5557 1860 5612 Metil-

267 5630 423 5692 tltau,
451 5629 681 5699 alterum
707 5633 911 5699 rufum,
941 5632 1038 5682 den
1071 5631 1196 5685 Rost
1233 5632 1303 5683 im
1332 5629 1582 5686 Getreide.
1609 5631 1754 5684 Alias
1775 5630 1858 5683 di-

264 5700 407 5776 citur
430 5714 627 5776 aerugo,
648 5697 916 5776 Gypriano
935 5712 1235 5776 cggnestura,
1262 5701 1468 5776 Grauis
1482 5699 1864 5776 ﬁpép’tELthe

269 5769 482 5844 paris"
541 5769 609 5826 ad
651 5769 907 5844 Lactant.
963 5770 1128 5842 Epit.,
1183 5788 1306 5844 cap.
1361 5772 1453 5840 65,
1482 5769 1539 5842 p'.
1584 5772 1746 5838 1355,
1773 5771 1863 5828 ed.

270 5839 605 5908 Bttnemann.
641 5840 847 5897 Οιιειι.

588 5935 866 6004 Panos.
907 5935 980 5996 V.

2015 2837 2083 2892 Et
2106 2839 2158 2892 in
2187 2837 2406 2910 habendi
2433 2838 2662 2910 studium
2680 2839 3043 2910 inexaturabili
3071 2844 3286 2910 pectoris
3309 2845 3546 2901 ardesce-

1941 2921 2057 2965 rent
2079 2910 2333 2987 appetitu.
2368 2909 2442 2987 Ita
2468 2908 2650 2987 habere
2671 2909 2918 2987 absolute
2949 2908 3090 2981 apud
3117 2915 3352 2985 optimos
3379 2918 3550 2987 scrip-

1947 2991 2114 3036 tores.
2152 2981 2431 3036 iuvenalis
2456 2996 2521 3034 ex
2559 2981 2773 3039 Ennio;

2072 3095 2214 3145 Unde
2233 3095 2441 3154 habeas,
2466 3107 2612 3144 nemo
2629 3095 2809 3157 quaerit
2823 3132 2836 3156 ,
2863 3096 2950 3146 sed
2971 3103 3168 3159 Oportet
3191 3099 3398 3152 habere.

1947 3198 2014 3253 Et.
2043 3197 2318 3270 habentia,
2360 3198 2598 3270 πλοῦτος,
2643 3197 3032 3268 Quadrigarius
3077 3204 3220 3270 apud
3270 3205 3544 3263 Nonium:

1870 3259 1915 3322 C
1950 3269 2161 3344 Anim-os
2191 3259 2364 3344 earum
2391 3269 2628 3344 habentia
2655 3259 2884 3344 inﬂare}.
2909 3272 2997 3344 Sic
3020 3259 3162 3344 ἔχεὶν
3191 3259 3550 3334 (ἓν-ειερὶηίέδλ

1953 3340 2184 3423 phocles
2209 3341 2260 3393 itt
2294 3339 2458 3423 Aiace
2483 3356 2496 3392 ε
2523 3341 2769 3423 πρὸςιγάρ
2797 3344 2900 3423 τὸν,
2922 3339 3098 3423 ἐςχοῦεῗ
3125 3346 3150 3400 ὁ
3181 3347 3345 3423 (fidem;
3378 3351 3542 3423 ἕρπει.

1953 3411 2043 3468 Sic
2073 3413 2125 3465 in
2148 3411 2441 3482 Evangelii)
2479 3429 2493 3464 :
2520 3411 2599 3482 715,3
2645 3411 2823 3482 ἕχτὴτι
2873 3411 3162 3472 delirio-errat.
3186 3411 3453 3475 Ἠεκλιί).
3478 3450 3548 3460 -——

1952 3482 2106 3554 Adde
2145 3481 2437 3554 Ruhnken.
2465 3481 2531 3554 ad
2558 3481 2723 3554 Itutil’.
2757 3481 2888 3550 Lup.
2935 3503 2984 3554 p.
3020 3486 3107 3540 78.
3140 3487 3405 3544 Ocusnen.

2026 3552 2587 3626 Penetrarentabditas
2615 3553 2908 3608 discrimine
2936 3552 3060 3609 eum
3087 3560 3270 3626 capitis
3298 3563 3546 3617 nationes.

1951 3624 2087 3679 Mira
2109 3636 2226 3680 erat
2256 3625 2494 3679 lidelinm
2524 3632 2652 3678 tunc
2685 3630 2944 3692 temporis
2975 3624 3326 3683 abstinentia.
3361 3635 3553 3688 Avari-

1951 3696 2082 3750 tiam
2112 3705 2167 3750 et
2199 3695 2418 3768 nimiam
2453 3694 2686 3749 habendi
2713 3697 3064 3768 cupiditatem
3097 3699 3169 3753 ita
3196 3704 3551 3768 damnabant,

1953 3776 2014 3821 ut
2041 3767 2373 3835 periculosas
2403 3777 2736 3820 mercaturas
2767 3765 2870 3820 hoc
2895 3769 3056 3822 etiam
3086 3771 3306 3825 nomine
3327 3765 3556 3830 damna;

1953 3837 2263 3910 rentaVide
2287 3835 2557 3910 Lactant_.,
2587 3836 2688 3910 lib.
2723 3851 2776 3895 ν,
2813 3853 2930 3907 Cap.
2966 3839 3053 3894 18.
3089 3839 3440 3910 Tertullian.,
3479 3846 3550 3902 de

1954 3907 2282 3972 Idololatria,
2311 3922 2428 3976 cap.
2464 3907 2548 3961 Η.
2586 3906 2827 3961 ΗειιΑιι).

2023 3978 2095 4033 Et
2121 3979 2382 4054 translatis
2401 3979 2647 4054 mercibus
2666 3979 2968 4054 charitatem
2994 3997 3192 4052 semper
3209 3985 3553 4054 vilitatemque

1953 4059 2234 4118 captarent.
2269 4048 2418 4104 Zeno
2449 4047 2774 4104 Veronensis
2798 4049 3064 4107 Sermone
3092 4047 3111 4107 ἰ
3128 4096 3142 4118 ,
3171 4055 3240 4110 de
3271 4047 3508 4112 Avaritia
3535 4075 3549 4110 :

1953 4120 2101 4197 Alius
2130 4121 2455 4197 inde_reruttt
2496 4120 2722 4197 omnium
2751 4133 2926 4197 captat
2949 4140 3229 4190 annonam,
3264 4138 3554 4197 aucupatur

1953 4191 2275 4266 distraltendi
2309 4201 2543 4266 tempus;
2575 4191 2741 4266 minor
2851 4209 3110 4260 mensura,
3140 4198 3308 4266 major
3336 4191 3411 4250 iu'
3433 4215 3548 4264 pre-

1954 4263 2064 4340 tio;
2091 4273 2240 4334 negat
2268 4279 2320 4316 se
2347 4262 2551 4340 habere,
2571 4263 2716 4340 quod
2749 4264 3086 4340 distrahat_ut
3113 4262 3338 4340 rogetur,
3373 4262 3440 4321 uti
3456 4273 3551 4340 ju-

1954 4335 2128 4404 gulet;
2159 4348 2308 4402 atque
2342 4335 2540 4386 utinam
2565 4334 2862 4401 incorrupta
2884 4336 3076 4404 species
3103 4334 3423 4394 venderetur.
3456 4334 3552 4394 7n-

1953 4406 2182 4479 gemiscit
2210 4404 2562 4479 pra:te_rea,_hsi
2601 4420 2770 4479 minus
2805 4412 2877 4458 est
2917 4407 3139 4479 sterilis;
3171 4413 3332 4479 multo
3361 4412 3547 4479 magis,

1954 4473 2000 4531 si
2024 4473 2219 4548 fertilis
2240 4477 2396 4548 fuerit
2419 4491 2440 4548 ;
2469 4473 2598 4548 illic,
2622 4474 2744 4544 quia
2771 4491 2956 4548 parum
2995 4475 3236 4530 distrahit
3259 4494 3278 4530 :
3299 4480 3400 4535 hic.
3431 4473 3553 4547 quia

1956 4545 2057 4600 non
2086 4545 2248 4601 solus.
2290 4545 2452 4599 Vultis
2477 4545 2626 4601 scire.
2651 4546 2856 4610 quantis
2879 4545 2973 4596 scit
3001 4548 3219 4600 tenebris
3249 4545 3552 4604 obvolutus?

1878 4587 1931 4646 D
1956 4587 3552 4696 ῑῑςέίεξῇἰῑ;ὀξιῑ;ζ;ῑςνῑξιῑ’.ξιῑῷέξνρῐιῖρῖρῇξέέἰμῑὲιῑῑῑῖἷξε

1957 4705 2060 4744 ves.
2093 4691 2331 4761 ΙΙειιΑιι).
2369 4685 2502 4739 Male
2545 4685 2724 4753 itaque
2760 4683 3023 4761 Meursius
3052 4686 3336 4757 legendum
3373 4693 3550 4761 conji-

1959 4761 2033 4816 cit
2056 4779 2069 4814 :
2101 4760 2466 4826 utilitatemque
2494 4764 2775 4823 captarent.
2803 4755 3006 4810 ORELL.

2033 4847 2342 4926 Exercerent
2377 4844 2584 4926 avidum
2623 4854 2776 4926 atque
2811 4846 3208 4926 injustissimum
3247 4850 3433 4916 fmuus.
3459 4852 3553 4926 Ita

1965 4920 2108 4974 enim
2133 4917 2518 4973 existimabant
2543 4930 2666 4989 aevo
2687 4915 2780 4970 illo
2805 4915 3134 4984 Christiani,
3160 4915 3385 4989 quorum
3424 4923 3554 4979 cha-

1967 4991 2098 5065 ritas
2131 4992 2600 5065 [erveutior‘erau
2640 4986 2820 5065 [mnus
2850 5003 3013 5065 0|I_I_l_le
3052 4986 3191 5065 esse
3211 4995 3462 5065 ἀθέμιτον,
3497 5005 3552 5050 et

1967 5062 2036 5135 ab
2075 5061 2189 5135 ipsa
2224 5057 2563 5135 humanitate
2595 5058 2861 5135 alienum.
2909 5058 3045 5135 llinc
3074 5057 3368 5135 Miltiades,
3408 5066 3551 5135 apud

1964 5128 2188 5195 Euseb,
2223 5131 2317 5184 lib.
2357 5145 2384 5180 ν
2423 5128 2562 5183 Hist.
2595 5130 2826 5189 Ecclcs.,
2858 5145 2976 5199 cap.
3011 5133 3101 5194 l9,
3133 5134 3220 5185 ubi
3259 5128 3553 5190 niontains-

1966 5211 2140 5258 tartttn
2173 5202 2459 5271 prophetas
2484 5200 2749 5276 exagitat:
2785 5206 3066 5276 Προφήτηςρ
3089 5205 3196 5257 εἰπέ
3221 5226 3334 5275 μοι,
3359 5207 3553 5275 βάπτε-

1963 5291 2074 5341 ται;
2098 5278 2360 5352 «poteritne
2382 5272 2695 5352 ᾳτιςίςεταις
2719 5272 2983 5352 προφήτης
3003 5272 3292 5352 φῷιοκοςζμεῖ
3311 5294 3323 5334 ;
3358 5272 3553 5352 ἐπροφή-

1961 5368 2052 5406 της
2091 5343 2296 5404 τᾶϐλαις
2330 5347 2413 5397 καὶ
2443 5343 2618 5416 κύϐοις
2656 5343 2854 5407 παίζεις
2886 5349 3144 5416 πρῃιήτης
3177 5343 3413 5411 δὰνείζειξ
3447 5343 3552 5403 HE-

1963 5416 2301 5471 RALD.-—Ila
2315 5415 2603 5479 etetlmiei,
2635 5415 2782 5484 verbi
2815 5415 3152 5477 carrSa‘lJutn,
3177 5416 3265 5484 qui
3297 5421 3550 5476 ιωιιθτειιιί

1964 5489 2106 5543 idem
2137 5502 2259 5542 esse
2285 5485 2519 5548 dicebat,
2539 5487 2678 5554 quod
2713 5483 2983 5537 hominem
3012 5483 3278 5541 occidere.
3303 5489 3549 5545 ELIIENH.

2041 5558 2106 5612 Et
2160 5559 2454 5629 miserorum
2504 5571 2531 5608 e
2571 5556 2816 5629 sanguine
2856 5555 3195 5629 διιρριιιαηαὶ⁸
3217 5573 3272 5610 se
3308 5572 3552 5629 angerent

1969 5629 2244 5685 iusonmia.
2293 5625 2523 5681 Millibus
2575 5625 2970 5695 possessionum,
3019 5638 3126 5680 etc.
3176 5626 3249 5680 Ita
3297 5625 3438 5684 edidi
3483 5648 3550 5686 ex

1969 5700 2349 5756 emendatione
2397 5693 2810 5766 Heraldi._Cod.
2865 5694 3026 5750 habet
3075 5702 3412 5766 supputandis
3452 5721 3550 5754 au-

1973 5781 2146 5842 gerent
2170 5768 2444 5842 insomnia,
2467 5767 2608 5821 unde
2633 5764 2886 5842 Gelenius
2905 5776 2962 5842 e_t_
2991 5764 3320 5842 caeteri—eum
3347 5774 3550 5828 secuti:

1974 5837 2288 5913 supputandi
2315 5855 2368 5896 se
2403 5845 2644 5909 angerent
2669 5837 2892 5892 insania.
2930 5838 3268 5895 Stewechius
3299 5857 3312 5895 :
3351 5859 3548 5915 suppu-

3079 5930 3161 5998 28
