4034 6314
571 361 680 418 885
1701 337 1977 407 ARNOBII
2015 335 2380 404 Abvslisus
2419 333 2694 401 GENTES
3793 319 3921 385 sat

576 475 842 548 prompta:
865 515 879 540 ,
907 473 962 528 in
987 470 1284 527 fornicibus
1311 467 1600 530 obvinctas,
1631 463 1765 520 nihil
1798 463 1905 535 pati
1931 475 2166 518 renuen-
2191 465 2247 526 Α
2271 458 2489 523 cedere,
2533 471 2634 512 nec
2671 457 2724 550 in
2759 455 3062 550 praecipites
3101 452 3211 508 labi
3247 445 3593 550 permitteret
3637 445 3924 550 volupta-

581 542 687 632 ies,
717 542 784 621 ad
809 565 920 621 oris
945 571 1188 632 stuprum
1216 554 1460 632 paratae?
2277 554 2396 609 tes?
2433 551 2490 608 Si
2519 551 2662 607 enim
2692 549 2985 620 degeneres
3012 547 3218 602 futuras
3251 546 3494 600 locorum
3539 542 3909 597 immutatio-

652 659 841 716 XLIII.
864 658 1002 728 Quid
1029 658 1240 723 dicitis,
1274 673 1307 711 ο
1337 656 1584 721 soboles,
1613 669 1677 710 ac
1702 652 1854 724 primi
1887 651 2172 723 progenies
2279 645 2434 700 nibus
2483 643 2688 699 sciebat
2735 641 2910 714 (scire
2956 648 3138 696 autem
3183 637 3444 693 debuerat
3494 647 3811 728 causas-nm
3861 642 3921 686 ut

580 751 862 808 numinis?
897 727 1129 822 Ergone
1181 749 1450 820 sapientes
1482 749 1586 802 illa:
1609 787 1626 814 ,
1671 754 1834 816 atque
1880 759 1947 800 ex
1995 742 2174 799 causis
2289 737 2531 792 omnium
2555 731 2921 805 constitutor)
2948 773 2962 796 ,
2989 727 3683 826 autAestrinsecus‘aliquid

578 843 966 918 principalibus
994 815 1466 912 'proditzc’genera
1503 839 1617 893 haec
1656 815 1848 892 animae
1895 835 2176 906 turpitudi-
2281 842 2466 882 surum
2495 825 2578 880 his
2604 839 2755 890 esse,
2785 823 2926 895 quod
2953 838 3044 918 eas
3070 821 3270 918 faceret
3297 818 3542 876 oblivisci
3575 831 3697 872 sua:
3729 815 3918 918 digni-

583 911 1098 1000 iium,_criminnm,
1138 933 1565 1002 malitiarumque
1604 938 1898 993 noverunt,
1929 938 2090 996 atque
2119 937 2179 980 ut
2292 921 2416 975 Iulis
2468 931 2523 976 et
2567 919 2818 975 decoris:
2857 917 3076 983 millies,
3127 923 3185 970 ut
3231 915 3512 984 ignoscat,
3567 911 3870 1002 oraverirn
3903 927 3918 962 :

585 1036 926 1090 exercerent,
957 1033 1014 1079 ut
1033 1033 1306 1096 gererent,
1336 1033 1392 1077 ut
1413 1021 1848 1092 percelebrarent
1875 1018 1990 1072 hrec
2017 1019 2175 1081 mala,

587 1119 834 1174 habitare
860 1117 1027 1186 jussre
1069 1124 1195 1170 sunt
1225 1116 1319 1168 bas
1350 1123 1557 1184 partes,
1607 1122 1660 1168 et
1690 1111 1913 1170 humani
1939 1109 2181 1179 corporis

587 1210 1027 1279 circumjectione
1063 1207 1286 1261 vestiri?
1325 1207 1392 1260 Et
1416 1205 1718 1260 mortalium
1763 1204 2044 1274 quisquam
2099 1210 2183 1256 est

587 1306 814 1361 rationis
854 1303 1085 1373 alicujus
1130 1303 1400 1371 accipiens
1436 1315 1701 1364 sensum,
1745 1298 1834 1368 qui
1877 1295 2182 1352 ordinatum

585 1395 1132 1452 existimetmundum
1165 1409 1260 1464 per
1285 1393 1382 1447 has
1413 1408 1560 1457 esse,
1587 1406 1651 1446 ac
1677 1405 1782 1444 non
1804 1389 1978 1459 potius
1999 1387 2181 1444 sedem

589 1503 654 1543 ac
694 1487 1027 1543 domicilium
1071 1485 1420 1540 constitutum
1449 1525 1464 1548 ,
1499 1483 1556 1537 in
1597 1497 1704 1552 quo
1746 1465 1906 1536 omne
1947 1480 2186 1552 quotidie

587 1589 992 1652 perpetraretur
1018 1578 1186 1641 nefas,
1233 1575 1496 1632 maleficia
1527 1583 1720 1631 cuncta
1749 1574 2076 1654 conﬁerent,
2099 1577 2183 1629 in-

590 1676 744 1731 sidiae
768 1715 782 1742 ,
815 1673 1029 1730 fraudes
1047 1716 1061 1738 ,
1090 1672 1200 1728 doli
1226 1713 1240 1738 ,
1271 1672 1491 1728 avaritia
1509 1712 1526 1736 ,
1554 1671 1757 1739 rapina:
1781 1713 1795 1734 ,
1820 1671 1900 1725 vis
1927 1712 1942 1736 ,
1971 1670 2147 1726 scelus
2169 1712 2184 1735 ,

593 1769 840 1834 audacia,
873 1766 1224 1830 obscmnitas,
1259 1763 1551 1836 turpitudo,
1582 1763 1862 1834 flagitium,
1897 1764 2036 1844 mala
2067 1777 2184 1818 om—

599 1863 687 1916 nia
713 1869 906 1916 cartera
929 1901 944 1926 ,
993 1875 1110 1930 qua:
1142 1859 1194 1914 in
1223 1859 1353 1912 orbe
1389 1857 1636 1912 homines
1667 1866 1781 1914 toto
1817 1865 2000 1912 mente
2027 1858 2185 1912 noxia

599 1953 836 2022 pariunt,
869 1959 924 2008 et
951 1951 1122 2005 labem
1153 1950 1527 2004 macltinantur
1554 1949 1606 2004 in
1634 1949 1914 2004 mutuam?

672 2043 859 2099 XLIV.
888 2043 995 2098 Sed
1023 2059 1140 2110 sua,
1173 2043 1412 2110 inquitis,
1449 2043 1743 2107 voluntate,
1773 2057 1878 2096 non
1908 2044 2046 2112 regis
2073 2043 2188 2112 jus-

603 2141 756 2194 sione
797 2147 1078 2194 venerunt.
1129 2137 1198 2192 At
1242 2135 1328 2192 ubi
1365 2148 1514 2206 pater
1553 2135 1894 2206 omnipotens
1925 2137 2056 2203 fuit,
2101 2137 2190 2192 ubi

597 2232 760 2303 regite
785 2228 1130 2287 sublimitatis
1157 2230 1481 2296 auctoritas,
1515 2219 1574 2283 ut
1613 2243 1705 2285 eas
1735 2229 2045 2299 prohiberet
2070 2230 2192 2284 abs-

2288 1013 2661 1067 universorum
2695 1024 2802 1064 non
2841 1007 2982 1063 alius
3027 1021 3190 1078 quam
3229 1005 3344 1076 ipse
3369 1012 3454 1058 est
3479 1017 3647 1062 causa
3686 1019 3704 1056 :
3736 1001 3920 1071 siqui-

2289 1104 2409 1166 dem
2442 1116 2730 1176 perpessus
2757 1108 2840 1155 est
2870 1098 3131 1170 evagandi
3162 1113 3254 1151 cas
3281 1096 3482 1150 habere
3503 1094 3596 1165 jus
3629 1093 3885 1149 liberum
3907 1135 3922 1153 ,

2289 1213 2424 1266 quas
2453 1203 2756 1251 retenturas
2801 1207 2905 1248 non
2949 1207 3071 1247 esse
3121 1190 3443 1270 integritatis
3493 1203 3610 1262 sua:
3659 1187 3922 1268 habitum

2291 1287 2618 1363 praevidebat
2636 1295 2686 1352 ⁸,
2713 1294 2872 1354 atque
2900 1283 2971 1337 ita
2999 1283 3294 1351 perficitur.
3317 1275 3528 1335 utnihil
3546 1277 3782 1334 intersit
3801 1293 3924 1334 om-

2293 1378 2420 1432 nino
2448 1378 2747 1432 voluntarie
2774 1377 3060 1442 venerint,
3111 1389 3180 1428 an
3219 1373 3360 1427 illius
3395 1371 3923 1441 obtemperaverint

2288 1469 2516 1540 iussioni
2544 1485 2558 1523 :
2589 1483 2712 1523 cum
2741 1482 2849 1521 non
2877 1465 3214 1536 prohibendo
3243 1464 3387 1535 quod
3420 1470 3761 1534 oportuerat
3791 1477 3921 1530 pro-

2295 1555 2490 1635 hiberi,
2521 1557 2823 1614 cessatione
2848 1557 3051 1636 crimen
3081 1555 3272 1634 fecerit
3301 1555 3605 1626 proprium,
3635 1562 3697 1610 et
3731 1561 3924 1610 reteno

2294 1631 2454 1710 tionis
2469 1631 2906 1722 dissimulatione
2930 1631 3234 1722 permiserit
3257 1647 3426 1720 prius.

2365 1765 2528 1853 XLV.
2568 1763 2672 1823 Sed
2694 1767 2906 1850 aprocul
2943 1765 3059 1821 haec
3097 1765 3255 1853 abeat
3296 1764 3582 1847 scelerate
3625 1764 3919 1844 opinionis

2295 1849 2618 1922 immanitas.
2665 1849 2723 1916 ut
2768 1855 2906 1916 Deus
2953 1849 3202 1915 credatur
3222 1860 3620 1932 “omnipotens,
3671 1873 3912 1928 inagna-

2298 1969 2415 2008 rum
2443 1963 2498 2008 et
2526 1952 2878 2008 invisibilium
2925 1967 3106 2008 rerum
3155 1957 3344 2015 sator,
3385 1958 3441 2004 et
3476 1949 3762 2011 conditor.
3805 1967 3930 2019 pro-

2298 2054 2541 2108 creator,
2591 2053 2700 2098 tam
2741 2043 2966 2098 mobiles
2991 2043 3202 2097 animas
3239 2041 3494 2112 genuisse
3523 2042 3823 2118 gravitatis
3863 2057 3923 2094 ac

2303 2137 2553 2207 ponderis
2591 2137 3016 2214 constantiaeque
3057 2135 3286 2198 nullius;
3331 2129 3382 2188 iti
3428 2127 3558 2189 vitia
3589 2131 3798 2189 labiles
3826 2177 3842 2200 ,
3876 2135 3928 2189 in

2304 2240 2642 2298 peccatorum
2686 2245 2880 2300 genera
2923 2229 3168 2284 universa
3207 2227 3480 2294 declives;
3532 2242 3779 2298 cumque
3833 2243 3928 2284 eos

1812 2343 2191 2405 LECTIONES
2227 2339 2642 2404 VAliIANTES.

673 2465 700 2496 ⁸
735 2463 1038 2515 Providebat
1068 2476 1160 2513 ms.

1993 2537 2567 2658 commenticios.

602 2689 842 2747 scenicas
875 2688 1126 2759 mulieres
1158 2687 1472 2752 insectatur,
1504 2689 1557 2743 in
1584 2689 1778 2759 quibus
1800 2687 1939 2742 Indis
1968 2703 2200 2759 magnus

608 2763 758 2816 furor
786 2769 838 2816 et
867 2758 1140 2828 turpitudo
1182 2760 1470 2829 prolixior;
1517 2758 1639 2814 cum
1682 2759 1894 2826 publice
1924 2760 2006 2813 vel
2035 2758 2202 2828 espo-

611 2841 828 2895 nerent,
858 2832 938 2884 vel
979 2829 1083 2901 (int
1112 2841 1302 2884 auctor
1326 2841 1409 2884 cst
1437 2831 1688 2884 Minutins
1711 2830 1859 2885 Felix
1884 2829 1902 2901 )
1935 2840 2206 2886 monstra-

613 2915 732 2959 rent
765 2902 924 2955 etiam
949 2900 1229 2954 adulteria.
1266 2902 1338 2955 De
1363 2904 1556 2956 scortis
1588 2902 1773 2956 Romae
1805 2902 1856 2954 in
1885 2900 2050 2955 'sccna
2082 2917 2206 2965 pro-

617 2973 791 3028 sterni
827 2970 1037 3041 publice
1066 2973 1240 3026 solitis
1268 2981 1387 3041 post
1426 2973 1577 3026 ludos
1609 2973 1786 3026 finitos
1815 2973 2036 3026 consule
2070 2971 2207 3028 Jnsti

616 3045 780 3110 Lipsii
817 3044 981 3098 Elect.
1011 3041 1102 3096 lib.
1137 3057 1174 3105 l,
1205 3058 1322 3112 cap.
1355 3043 1412 3106 2,
1441 3055 1495 3097 et
1523 3044 1587 3096 ad
1620 3041 1836 3096 vilitatis
1861 3058 2052 3096 nomen
2083 3059 2210 3099 ecce

615 3116 722 3170 alta
750 3115 801 3167 in
835 3124 1083 3184 promptu
1121 3115 1242 3182 Idea
1292 3115 1513 3169 Al’ﬂOilll
1547 3115 1636 3168 lib.
1684 3129 1736 3168 tv
1769 3134 1780 3167 :
1812 3115 2003 3167 Amans
2045 3115 2209 3167 salta-

620 3197 702 3240 tur
749 3184 918 3240 Venus
943 3227 958 3246 ,
1009 3193 1054 3237 et
1082 3200 1170 3252 per
1201 3184 1414 3250 a/fertus
1453 3202 1628 3238 omnes
1673 3186 1968 3238 meretriciar
2005 3187 2214 3238 vilitatis

2307 2691 2469 2756 dum;
2520 2705 2695 2762 gerere
2725 2688 2828 2742 hoc
2850 2688 2978 2762 loco
3005 2687 3144 2762 idem
3173 2693 3256 2740 est
3293 2687 3436 2762 quod
3463 2674 3688 2762 portare
3715 2701 3928 2752 secum,

2311 2763 2452 2831 quod
2482 2759 2692 2816 faciunt.
2711 2760 2882 2814 nuntii
2913 2769 2967 2814 et
2998 2760 3324 2831 portitores,
3356 2759 3592 2828 ideoque
3622 2761 3772 2813 bene
3798 2776 3928 2831 etin-

2309 2823 2551 2901 jitngitttr
2591 2848 2713 2886 cum
2752 2831 3112 2900 percelebrare.
3164 2823 3558 2884 Eodetnseusu
3601 2829 3889 2886 Arnobius
3913 2875 3926 2895 ,

2316 2920 2498 2972 supra,
2526 2905 2615 2958 lib.
2645 2920 2680 2965 t,
2725 2917 2847 2968 eam
2877 2902 2975 2956 ult.
2994 2943 3009 2967 ,
3038 2901 3313 2956 Christum
3341 2901 3579 2970 appellat
3611 2903 3924 2970 portitorem

2318 2976 2542 3028 muneris
2575 2975 2723 3028 tanti.
2753 2973 2956 3028 OllEl.L.
3624 2993 3634 2999 -

2391 3045 2576 3100 XLIV.
2597 3043 2944 3100 --ηιιιεειὶοηεξ⁸
2976 3042 3110 3100 Cod.
3155 3058 3260 3098 ms.
3284 3051 3339 3098 et
3372 3041 3536 3100 Fulv.
3577 3041 3770 3102 Ursin.
3805 3046 3932 3096 mis-

2319 3118 2462 3172 sione
2483 3157 2497 3181 ,
2537 3115 2682 3186 quod
2711 3121 2893 3171 nescio
2935 3129 3103 3186 quare
3132 3123 3396 3170 mutatum
3421 3113 3490 3168 ab
3525 3115 3790 3170 omnibus
3817 3116 3933 3170 edi-

2323 3189 2549 3242 toribus.
2583 3188 2788 3242 OBELL.

615 3258 879 3324 impudica
901 3257 1204 3312 exprimitur
1245 3257 1528 3308 imitatione
1571 3255 1829 3318 bacchari,
1860 3266 1914 3308 et
1946 3255 2035 3310 lib.
2071 3272 2124 3309 v.
2161 3258 2213 3308 in
2242 3261 2286 3321 C
2391 3259 2694 3313 Abscedere.
2744 3257 2840 3312 Ms.
2898 3256 3234 3322 abscondere,
3270 3257 3494 3320 vitiose,
3519 3255 3802 3312 abscedere
3851 3268 3934 3314 est

615 3329 902 3381 obscrettam
927 3342 1260 3394 prorumpere
1279 3328 1542 3379 vilitatem.
1561 3328 1924 3394 S'rswscn.--
1959 3325 2218 3381 Meursius

620 3399 825 3471 mavult
851 3393 1219 3471 utilitatem,_i,
1253 3403 1570 3471 li.-Zpﬁct?,_
1591 3398 1747 3471 male.
1773 3393 1853 3450 Cf.
1882 3397 2218 3452 Bttnetnanu.

620 3471 686 3523 ad
718 3468 964 3522 Lactant.
992 3467 1118 3519 Inst.
1154 3467 1191 3519 Ι.
1223 3482 1271 3520 c.
1305 3467 1397 3532 2U,
1434 3480 1483 3536 'p.
1514 3468 1636 3522 121.
1661 3469 1868 3522 OsuLL.

702 3553 765 3610 1η
815 3557 1094 3627 fornicibus
1115 3558 1385 3627 obrinclw,
1429 3555 1505 3611 Ita
1552 3557 1671 3614 cod.
1729 3575 1808 3611 tns
1877 3558 2016 3618 quod
2066 3559 2220 3613 Fulv.

627 3625 852 3684 Ursinus
892 3637 940 3678 et
987 3627 1072 3680 ed.
1107 3625 1277 3696 Lugd.
1327 3627 1439 3682 Bal.
1476 3635 1745 3681 mutarunt
1782 3630 1830 3682 in
1862 3629 2018 3682 obvia:
2043 3672 2056 3690 .
2099 3630 2225 3685 Sca-

630 3701 766 3768 liger
798 3714 884 3761 an.
920 3697 1208 3752 Meursitnn
1237 3697 1286 3752 in
1312 3700 1504 3760 oblitu';
1533 3701 1696 3762 male,
1726 3700 1937 3768 opinor.
1973 3700 2228 3754 Obviurtte

633 3767 756 3823 scil.
785 3768 866 3822 vel
900 3769 1204 3831 leuenilms,
1233 3771 1312 3820 vel
1348 3769 1650 3838 impudicis,
1684 3769 1773 3838 qui
1803 3772 1880 3823 eis
1908 3771 2221 3830 abutuntur.

629 3840 705 3911 De
728 3841 775 3893 vi
801 3840 950 3911 verbi
993 3841 1166 3905 [critic
1191 3881 1204 3902 ,
1237 3840 1356 3895 vide
1381 3857 1528 3909 supr.
1554 3841 1616 3893 ad
1653 3855 1700 3895 c.
1737 3841 1770 3895 6
1812 3841 1969 3911 hujus
2007 3841 2147 3909 libri,
2173 3853 2230 3898 et

633 3910 850 3980 Sciopp.
879 3909 944 3963 ad
980 3911 1245 3980 Priapeia,
1269 3927 1436 3966 carni.
1470 3927 1581 3984 sui.
1607 3913 1810 3966 URELL.

707 4002 788 4056 Ad
818 4002 924 4055 oris
951 4012 1187 4070 stuprum
1229 4015 1439 4070 paratw.
1476 4006 1549 4059 Ita
1575 4005 1830 4061 Gelenius
1859 4015 1913 4062 et
1941 4007 2090 4062 Fttlv.
2129 4008 2234 4063 Ur-

635 4073 804 4128 sinus.
849 4071 982 4146 cod._
1004 4088 1104 4146 ius.
1139 4074 1299 4128 habet
1323 4076 1406 4146 ad,
1433 4077 1534 4132 oris
1561 4079 1692 4132 sacri
1722 4089 2052 4146 comparatw,
2089 4081 2234 4134 nullo

634 4157 845 4217 sensu_:
881 4141 1315 4217 undeCanterus
1353 4145 1536 4200 effecit
1577 4147 1643 4200 ad
1669 4151 1772 4201 oris
1798 4141 2108 4216 sacri/icium
2141 4168 2234 4217 pa-

634 4225 781 4268 ratas.
814 4212 1084 4289 Stewech.
1128 4217 1193 4266 ad
1231 4217 1355 4289 oris_
1376 4217 1523 4289 sacri
1550 4229 1862 4289 comparata:
1889 4212 2232 4289 comparatio-

637 4301 748 4350 nes,
773 4284 962 4340 eodem
991 4299 1176 4348 sensu,
1194 4301 1300 4353 quo
1317 4284 1526 4339 Gelenii
1553 4288 1726 4342 lectio.
1753 4288 1882 4342 Nam
1907 4284 2228 4354 componere.

638 4357 970 4417 committere,
1005 4372 1326 4425 comparare,
1357 4355 1606 4411 «licebant
1626 4359 1864 4421 legiones
1893 4361 2031 4416 inter
2061 4378 2119 4414 se
2147 4363 2230 4416 vel

642 4425 998 4498 gladiatores.
1023 4426 1318 4498 Salinasius
1343 4437 1521 4481 autem
1555 4429 1604 4481 in
1632 4429 1760 4483 edit.
1796 4429 1964 4498 Lugd.
2014 4432 2130 4486 Bat.
2163 4433 2232 4487 ad

635 4498 738 4550 oris
780 4497 914 4551 sacri
949 4496 1038 4565 (id
1068 4506 1152 4552 cst
1191 4497 1534 4552 abominandi
1564 4539 1582 4562 ,
1626 4500 1758 4555 diris
1793 4496 2123 4563 devovendi.
2175 4513 2232 4557 ut

637 4568 933 4648 aurisacra
965 4573 1126 4648 [ames
1155 4567 1172 4636 )
1214 4581 1527 4648 comparata:
1550 4573 1940 4648 stirpi-titionem.
1973 4573 2084 4648 Sed
2127 4574 2232 4648 Ge:
2257 4589 2310 4648 1)

640 4639 769 4712 I_enii
817 4639 1282 4712 emendationenL
1301 4641 1436 4694 bene
1473 4641 1712 4698 defendit
1758 4643 2118 4712 Lindenbrog.
2165 4645 2231 4701 ad

639 4709 882 4778 Priapeia
913 4724 1082 4764 carm.
1113 4726 1206 4764 xu.
1241 4706 1435 4779 Tangit
1456 4712 1573 4768 scil.
1609 4714 1879 4768 Arnobius
1907 4706 2136 4768 immane
2165 4717 2234 4769 il-

638 4779 728 4856 lud
744 4789 822 4856 Δ«ιι
863 4781 1380 4856 monstrosissitnutn
1414 4783 1670 4856 ﬂagitium
1697 4828 1710 4853 ,
1759 4786 1900 4856 quod
1927 4787 2229 4856 λεσϐιάζειν,

636 4849 859 4906 λςσϐιασ
901 4853 952 4903 ὸν
982 4849 1002 4921 (
1031 4866 1057 4903 a
1089 4853 1295 4905 Lesbiis
1319 4893 1334 4918 ,
1358 4849 1556 4922 quibus
1584 4855 1634 4910 in
1667 4849 1764 4909 usu
1781 4849 1958 4911 fuerat
1981 4857 2097 4911 hare
2119 4849 2234 4912 iur?

643 4919 830 4973 nitndo
856 4873 1090 4973 iLGrmci
1125 4921 1398 4973 dixerunt-
1431 4923 1602 4973 Latini
1635 4937 1811 4973 autem
1844 4928 2106 4973 eiusmodi
2143 4929 2234 4973 hn-

643 4931 830 4990 punuo

641 4990 1195 5070 uiittiasnappellarunt
1237 4993 1430 5070 Opicps
1455 5009 1576 5070 ,__»ut
1599 4997 1752 5052 docet
1795 4990 2079 5054 Meursius.
2115 4999 2235 5053 Vid.

641 5063 708 5137 li.
739 5059 922 5137 Ge_l_l.,
955 5059 1053 5137 lib.
1079 5077 1097 5115 1
1127 5103 1138 5122 ,
1173 5059 1297 5130 cap;
1321 5065 1555 5137 9l_;rlib.
1581 5083 1632 5122 x1
1659 5109 1677 5134 ,
1704 5083 1821 5134 cap.
1859 5070 1946 5124 16.
1975 5079 2030 5124 et
2059 5071 2236 5137 Plin...

639 5131 777 5187 llist.
810 5131 963 5208 Nati.
999 5131 1326 5208 Iib._xxmx.
1367 5135 1571 5208 Vide-sis
1601 5131 1970 5208 exemplorum
2008 5131 2236 5208 struem,

639 5219 801 5275 quam
830 5201 894 5275 ad
921 5201 1063 5256 hunc
1103 5203 1278 5275 locum
1319 5207 1686 5275 congellerunt
1715 5201 2144 5268 Eltncnltorstius
2183 5201 2239 5268 et

639 5271 1000 5348 Lindenbrog.
1029 5314 1044 5338 ,
1077 5275 1114 5330 Ι.
1146 5275 1182 5329 l.
1229 5274 1358 5331 Nam
1404 5271 1652 5348 e‘quitlcm
1691 5281 1947 5343 obscmna
1983 5299 2090 5338 non
2139 5300 2234 5338 ex-

641 5346 838 5401 scribo.
869 5343 1072 5400 Ossan.

715 5413 898 5488 XLIII.
923 5445 997 5455 —
1019 5414 1225 5488 Ergone
1249 5419 1502 5488 sapientes
1537 5421 1661 5476 illaz.
1695 5423 1820 5478 Haec
1843 5424 2005 5480 verba
2051 5428 2233 5482 nescio

642 5501 744 5566 qua
777 5487 844 5566 de
872 5501 1032 5566 causa
1063 5487 1149 5542 ed.
1173 5487 1349 5566 Lugd.
1388 5490 1504 5545 Bat.
1539 5495 1762 5548 mutavit
1793 5495 1845 5550 in
1873 5515 1886 5551 :
1916 5495 2121 5566 Ergone
2145 5515 2235 5552 sa-

644 5557 849 5625 ρὶρηιὶτε
878 5557 1000 5621 illaz,
1034 5567 1138 5613 etc.
1167 5559 1373 5616 ORELL.

720 5625 788 5680 Ut
817 5637 1064 5695 gererent.
1110 5629 1177 5684 Is.
1223 5631 1494 5687 Pontanus
1535 5633 1600 5688 ad
1646 5633 1898 5690 Macrobii
1943 5636 2136 5691 librum
2165 5639 2236 5694 de

646 5695 1179 5775 liiﬁ‘erentiisGrmci
1225 5702 1505 5770 Latinique
1545 5705 1693 5759 verbi
1743 5716 1854 5760 not.
1901 5722 1952 5775 p.
1997 5706 2122 5773 693,
2157 5711 2233 5764 le-

646 5766 877 5849 gendum
911 5769 1189 5849 existimat
1221 5766 1458 5840 gener-ent
1478 5815 1492 5838 ,
1537 5778 1605 5828 ab
1631 5776 1852 5849 antiquo
1882 5766 2046 5849 verbo
2069 5766 2228 5849 genu,

649 5849 762 5903 ore,
795 5835 938 5892 idem
965 5840 1112 5908 quod
1139 5835 1381 5913 gignere,
1404 5835 1686 5915 generare.
1719 5835 1826 5906 seu
1856 5848 1990 5906 nihil
2015 5835 2230 5911 mineo:

919 4919 1090 4994 ανξιςοὶ
1125 4919 1398 4978 dixerunt.
1430 4923 1602 4979 Latini
1635 4937 1811 4981 autem
1844 4928 2106 4994 ejusmodi
2143 4929 2240 4984 h0-

2329 3329 2602 3384 deciinare
2625 3345 2654 3382 a
2679 3331 2760 3382 via
2783 3330 2990 3383 salutis.
3021 3327 3258 3384 OttBLt..«.
3713 3357 3722 3365 -

2401 3400 2500 3452 Aut
2523 3401 2832 3457 extrinsecus
2853 3399 3049 3466 aliquid
3073 3414 3395 3452 accessurum
3418 3398 3652 3454 his.esse.
3680 3399 3818 3454 linat:
3847 3416 3906 3454 re
3923 3431 3936 3440 υ

2334 3471 2552 3542 ferenda
2577 3471 2642 3526 ad
2670 3471 3020 3538 prmct-dentia
3045 3472 3206 3542 verba
3244 3487 3258 3522 :
3293 3469 3353 3542 Si
3383 3469 3518 3523 enim
3541 3469 3826 3538 degeneres
3850 3474 3936 3542 fu-

2332 3541 2730 3596 turaslocorum
2764 3540 3198 3593 innuutatiouibus
3221 3540 3426 3600 sciebat,
3463 3549 3550 3596 aut
3581 3540 3930 3608 extrinsecus,

2334 3624 2438 3667 etc.
2478 3615 2654 3678 Quare
2683 3612 2842 3664 verba
2873 3629 2885 3662 :
2932 3613 3059 3665 scire
3097 3622 3386 3666 autem.....
3411 3611 3757 3674 constitutor,
3795 3624 3933 3667 tam-

2335 3699 2490 3752 quam
2523 3683 2862 3752 parenthesin
2893 3683 3100 3736 uncinis
3124 3682 3332 3735 inclusi.
3358 3683 3580 3745 Otium",

2411 3751 2792 3808 Uuirersorum.
2825 3751 2954 3808 εαξη.
2999 3751 3269 3817 vitiorum,
3315 3751 3621 3818 scelerum,
3656 3755 3806 3820 quod
3835 3772 3930 3808 au-

2341 3831 2448 3876 tem
2489 3825 2760 3879 Arnobius
2792 3827 3087 3877 reverentia
3119 3825 3170 3878 itt
3211 3822 3378 3877 Deum
3412 3821 3561 3878 (εΗ-ιτί
3597 3841 3704 3877 non
3734 3827 3929 3881 audet.

2337 3893 2602 3950 Vertcritn
2637 3915 2650 3949 :
2685 3912 2778 3964 von
2810 3896 3006 3960 allem.,
3030 3911 3134 3949 was
3162 3895 3400 3965 begegnet
3443 3895 3656 3965 Osi-suc.

2410 3965 2700 4019 Cessatiouc
2735 3968 2924 4018 crimen
2953 3966 3126 4034 fecerit
3172 3963 3461 4032 premium.
3510 3963 3576 4018 In
3599 3967 3753 4033 cujus
3795 3968 3933 4021 enim

2341 4053 2496 4090 manu
2523 4047 2596 4091 est
2617 4079 2632 4103 ,
2665 4047 2717 4090 at
2750 4037 3038 4103 prohibeat,
3065 4035 3200 4102 jubet
3230 4037 3415 4106 αρε,ίεὶ
3443 4053 3542 4090 non
3573 4037 3812 4104 prohibet
3839 4042 3934 4091 ad-

2343 4109 2508 4173 mitti,
2540 4109 2610 4162 ail
2641 4107 2954 4172 Salvianus,
2985 4108 3120 4160 libro
3166 4105 3274 4162 vn.
3310 4105 3442 4162 lliuc
3487 4107 3760 4162 Arnobius
3796 4109 3932 4164 infra

2344 4179 2436 4231 lib.
2468 4195 2520 4232 ut
2543 4220 2555 4240 ,
2591 4176 2948 4232 cessationem
2982 4177 3134 4230 istam
3162 4177 3419 4232 inimicam
3446 4179 3706 4247 appellat.
3744 4179 3810 4232 fit
3841 4197 3935 4234 cur

2340 4265 2473 4304 sarva
2499 4251 2735 4318 contagia
2761 4259 2807 4303 et
2839 4250 3125 4318 pestilentes
3167 4250 3366 4305 morbos
3407 4249 3468 4300 ab
3497 4250 3691 4303 uastiris
3709 4262 3936 4306 avertere

2324 4322 2620 4373 -cessatione
2663 4319 2870 4392 inimica
2896 4337 2996 4372 non
3023 4328 3205 4373 curant
3228 4319 3254 4373 .9
3283 4319 3526 4374 ΙΙΕιιΛιι).

2415 4410 2480 4464 Et
2510 4411 2802 4464 ret'entionis
2825 4410 3237 4465 dissimulatione
3257 4411 3540 4480 permiserit
3569 4413 3734 4480 prius.
3766 4411 3823 4468 Id
3853 4425 3937 4470 est

2340 4482 2677 4546 cessatione,
2719 4481 2861 4550 quod
2896 4483 3134 4536 retinere
3163 4482 3419 4536 noluerit.
3453 4483 3542 4537 Sic
3573 4484 3718 4536 enim
3743 4500 3932 4540 vocem

2343 4555 2500 4606 istam
2528 4554 2595 4606 ab
2618 4553 2700 4607 liis
2730 4553 3085 4622 scriptoribus
3114 4552 3437 4622 quandoque
3463 4554 3710 4619 usurpari
3736 4555 3931 4609 obser-

2345 4634 2524 4696 vatum
2557 4624 2844 4696 IltlillSCSl.
2873 4621 3162 4696 Vegetius,
3193 4625 3260 4678 de
3289 4621 3366 4678 ne
3389 4625 3570 4696 milit.,
3599 4625 3692 4677 lib.
3731 4641 3775 4690 ι,
3811 4643 3928 4696 cap.

2341 4687 2405 4756 8',
2439 4694 2670 4765 Signatis
2714 4695 2880 4762 itaque
2928 4687 3174 4748 tironibus
3221 4711 3308 4761 per
3356 4687 3659 4763 quotidiana
3687 4687 3933 4752 exercitia

2342 4783 2602 4820 armorum
2647 4778 2720 4819 est
2767 4765 3166 4820 demonstranda
3209 4765 3464 4819 doctrina.
3513 4765 3619 4820 Sed
3656 4766 3815 4832 huius
3863 4772 3935 4824 rei

2342 4853 2490 4890 usum
2521 4837 2878 4904 dissimulatio
2918 4837 3200 4891 securitatis
3246 4835 3484 4890 abolevit.
3541 4836 3676 4890 llinc
3707 4847 3762 4890 et
3790 4843 3930 4904 apttd

2345 4903 2666 4974 Tcrtuli.ttt.,
2701 4909 2792 4962 lii).
2833 4924 2883 4970 v,
2918 4907 3174 4960 adversus
3221 4905 3478 4961 Marcion.
3511 4949 3526 4968 ,
3557 4923 3678 4975 cap.
3714 4907 3748 4959 5
3776 4949 3789 4961 .
3825 4903 3933 4964 Nec

2345 4981 2478 5042 enim
2500 4984 2665 5049 gratia
2694 4981 2771 5044 lit,
2799 4981 2896 5031 nisi
2917 4977 3162 5044 o/I'eustu;
3191 4995 3280 5032 nec
3303 4994 3426 5044 pax,
3451 4979 3551 5031 nisi
3571 4979 3712 5034 belli.
3745 4979 3813 5033 Et
3835 4999 3932 5048 po-

2350 5052 2690 5121 pulusautem
2732 5067 2821 5118 per
2842 5049 3132 5117 disciplina:
3172 5050 3656 5121 transgressionem.
3702 5061 3751 5103 et
3783 5069 3930 5106 omne

2349 5119 2627 5176 humanum
2653 5138 2808 5190 genus
2836 5137 2923 5188 per
2963 5130 3160 5172 natura:
3197 5119 3678 5190 dissimulationem,
3731 5131 3776 5172 et
3807 5124 3931 5176 deli-

2345 5203 2522 5263 querat
2553 5205 2597 5247 et
2627 5189 2955 5252 rebellaverat
2999 5193 3241 5246 adversus
3258 5202 3564 5263 creatorem.
3589 5189 3697 5246 Ubi
3734 5204 3930 5248 natura

2343 5260 2688 5336 dissimulatio
2727 5273 2812 5316 est
2865 5272 3068 5318 natura:
3118 5260 3268 5336 quasi
3307 5262 3586 5336 cessatio)
3612 5277 3728 5336 qua
3756 5264 3928 5336 limpi-

2345 5349 2441 5416 n_cs
2468 5335 2830 5457 cognitionem
2863 5341 3054 5386 natura
3086 5334 3186 5388 sibi
3222 5331 3436 5388 insitam
3467 5331 3520 5387 in
3551 5331 3818 5402 injustitia
3843 5335 3931 5392 de-

2345 5413 2531 5457 llllt‘lll.
2615 5419 2806 5457 suam.

2342 5405 2531 5460 tinent.
2566 5405 2806 5459 "ERALD.

2415 5497 2576 5552 XLV.
2609 5526 2676 5537 -
2704 5493 2832 5550 Tant
2880 5494 3088 5550 mobiles
3135 5496 3336 5568 animus
3363 5497 3620 5568 genuisse
3669 5500 3929 5568 grauitatis

2343 5586 2402 5624 ac
2430 5569 2668 5638 ponderis
2689 5568 3082 5636 constantiwque
3109 5566 3322 5640 nullius.
3349 5566 3625 5640 Stewecli.
3659 5566 3762 5640 leg.
3789 5572 3925 5640 conj.

2342 5651 2447 5695 tam
2487 5640 2678 5692 nobiles
2709 5640 2941 5702 annuas,
2986 5654 3090 5692 non
3129 5639 3268 5692 male
3311 5639 3552 5706 quidem.
3581 5639 3694 5694 Sed
3737 5651 3792 5696 et
3825 5639 3930 5696 rul-

2339 5721 2458 5780 gata
2514 5709 2671 5764 lectio
2716 5708 2929 5764 defendi
2971 5717 3178 5777 potest,
3222 5718 3274 5762 ut
3326 5723 3520 5780 sensus
3563 5710 3638 5762 sit
3675 5729 3688 5763 :
3733 5715 3926 5768 animos

2338 5779 2586 5854 geniusse
2613 5791 2714 5834 tam
2743 5781 2952 5854 mobiles
2975 5797 3187 5852 quteque
3233 5779 3427 5834 nullius
3471 5781 3576 5834 sint
3623 5785 3925 5854 gravitatis,

2337 5853 2656 5926 constantia,
2672 5862 2774 5912 etc.
2793 5852 3000 5912 Onus.
