3986 6288
1493 359 1695 416 LIBER
1734 356 2120 420 SECUNDUS.

3335 362 3451 419 890

136 475 397 545 illigatas?
441 475 718 532 scaevitate
744 482 770 512 α
822 475 1202 532 innumerabili
1232 477 1480 533 vitiorum
1513 478 1657 548 ipsos
1684 492 1744 534 se
1770 468 1821 547 Α
1849 478 2050 532 minum
2078 476 2306 535 forsitan
2332 478 2905 550 comprehensionibus
2933 477 3223 537 terminati.
3255 478 3327 549 At
3353 492 3448 550 εει

136 568 381 624 indicare
420 582 526 624 non
553 582 676 623 esse
701 568 910 638 patricii
934 569 1180 637 generis.
1213 569 1308 625 sed
1354 585 1419 624 ex
1453 569 1740 625 mediocri-

134 663 238 718 bus
269 662 485 717 familiis
534 671 867 731 procreatos.
910 660 1151 732 Namque
1199 662 1332 716 alios
1362 662 1606 717 videmus
1635 662 1740 716 im-

132 756 319 821 mites,
354 755 708 821 facinorosos,
745 755 997 817 audaces,
1034 756 1370 821 temerarios,
1402 755 1735 827 praecipites,

134 862 334 913 caecos,
379 847 552 914 fictos,
607 847 1053 909 dissimulatores.
1085 851 1396 909 mendaces,
1448 849 1737 918 superbos,

132 948 476 1011 arrogantes,
493 954 704 1001 avaros,
726 939 971 1010 cupidos,
986 939 1326 1005 libidinosos,
1347 939 1735 1005 inconsuantes,

132 1035 430 1094 invalidos.
463 1044 519 1090 et
544 1050 638 1089 sua
673 1035 820 1105 ipsos
846 1034 1065 1089 decreta
1098 1049 1423 1089 conservare
1464 1048 1742 1103 nequeun-

134 1135 223 1184 tes
251 1145 265 1182 :
296 1127 440 1196 quod
471 1128 656 1198 utique
680 1143 788 1183 non
815 1137 1019 1193 essent,
1050 1127 1093 1181 si
1118 1128 1455 1199 generositas
1479 1141 1574 1181 eos
1594 1140 1743 1180 asse-

134 1226 286 1274 reret
318 1218 649 1288 principalis,
682 1230 733 1274 et
763 1219 832 1274 ab
858 1234 1036 1274 rerum
1079 1218 1255 1289 capite
1296 1217 1738 1273 descendentium

132 1308 399 1365 ducerent
420 1309 826 1365 honestamenta
858 1310 1142 1365 natalium.

204 1401 401 1457 XLIX.
430 1402 534 1458 Sed
559 1414 614 1459 et
643 1403 791 1466 boni,
822 1403 1037 1466 dicetis.
1064 1413 1188 1458 sunt
1217 1404 1270 1459 iu
1293 1403 1457 1459 rebus
1484 1402 1735 1457 Immanis

127 1495 260 1561 viri,
287 1495 579 1566 sapientes,
601 1495 751 1566 justi,
782 1495 1069 1565 inculpatis
1093 1505 1255 1566 atque
1281 1496 1735 1551 emendatissimis

131 1588 397 1643 moribus.
430 1588 643 1643 Nullam
689 1589 971 1644 referimus
996 1590 1375 1660 quaestionem,
1407 1605 1472 1644 an
1505 1589 1595 1643 ulli
1635 1588 1733 1642 ali-

132 1678 353 1750 quando
375 1678 570 1735 fuerint
594 1680 748 1745 tales,
770 1681 1035 1751 inquibus
1061 1681 1283 1736 omnino
1310 1681 1441 1736 nihil
1473 1682 1571 1735 ista
1596 1681 1730 1750 ipsa,

132 1787 258 1844 quae
287 1772 507 1837 dicitur,
542 1772 874 1829 desideraret
899 1775 1198 1845 integritas.
1228 1774 1347 1830 Sint
1374 1774 1498 1829 licet
1536 1773 1729 1844 perho-

133 1865 299 1931 nesti,
329 1864 634 1935 fuerintque
660 1865 975 1933 laudabiles,
1008 1867 1276 1921 tenuerint
1301 1867 1508 1937 apicem
1528 1866 1734 1937 perfec-

132 1957 296 2012 tionis
322 1972 615 2023 summum,
641 1972 741 2013 nec
769 1959 819 2012 in
849 1958 1025 2028 aliquo
1050 1958 1205 2029 lapsu
1232 1974 1419 2014 eorum
1447 1959 1733 2030 aliquando

130 2049 511 2104 claudicaverit
553 2050 664 2105 vita
699 2068 711 2104 :
740 2049 834 2106 sed
862 2050 1047 2106 audire
1081 2051 1421 2121 deposcimus
1448 2063 1573 2121 quot
1601 2053 1730 2117 sint,

132 2153 225 2198 aut
261 2143 461 2198 fuerint
488 2159 735 2208 numero,
776 2153 834 2197 ut
878 2159 945 2198 ex
979 2143 1338 2198 multitudinis
1369 2144 1736 2213 magnitudine

131 2237 444 2302 metiamur,
474 2251 540 2290 an
568 2236 838 2307 oppositio
859 2236 1001 2305 justa
1028 2238 1099 2292 sit
1127 2237 1286 2304 facta,
1311 2252 1378 2292 an
1400 2235 1427 2274 ι’
1459 2238 1735 2307 :equalita-

132 2331 204 2385 tis
233 2330 678 2402 compensatione
706 2330 917 2387 librata.
952 2330 1121 2397 Unus,
1153 2330 1283 2398 duo,
1318 2341 1450 2398 tres,
1480 2340 1730 2401 quatuor,

130 2421 345 2490 decem,
368 2422 592 2494 vigenti,
622 2431 861 2491 centum,
886 2432 1036 2479 certe
1063 2437 1290 2479 numero
1314 2423 1541 2489 detiniti,
1561 2433 1616 2479 et
1636 2438 1732 2480 no-

1849 586 1950 625 nus
1982 571 2271 627 humanum
2302 587 2407 627 non
2439 587 2506 627 ex
2531 572 2690 627 bouis
2715 572 2978 643 pauculis,
3006 570 3100 627 sed
3126 587 3191 626 ex
3232 570 3447 629 czeteris

1847 663 2096 717 omnibus
2149 663 2404 718 aestimari
2452 664 2731 731 convenit,
2761 672 2816 719 et
2864 662 3171 734 ponderari.
3220 660 3280 717 In
3330 670 3446 718 toto

1848 755 1993 810 cnim
2028 771 2149 824 pars
2191 765 2293 817 est,
2324 771 2429 811 non
2476 765 2644 811 totum
2676 756 2729 810 in
2780 764 2931 826 parte
2965 773 2979 806 :
3020 764 3076 810 et
3116 753 3446 810 universitas

1847 846 2008 901 debet
2050 847 2324 903 attrahere
2354 848 2650 919 portiones,
2686 865 2792 902 non
2844 846 3181 917 portionibus
3227 846 3447 901 univer-

1848 940 1979 995 sitas
2004 940 2281 1010 applicari.
2311 940 2449 1008 Quid
2481 942 2623 996 enim
2653 942 2697 994 si
2728 940 2999 995 hominem
3046 937 3195 993 dicas
3226 946 3442 1008 captum

1850 1032 2107 1087 membris
2136 1032 2407 1101 omnibus,
2439 1041 2493 1087 et
2516 1032 2809 1103 cjulantem
2837 1048 2902 1087 cx
2932 1030 3257 1086 cruciatibus
3285 1044 3444 1099 aspe-

1847 1127 1944 1188 ris,
1976 1127 2178 1181 idcirco
2202 1142 2323 1182 esse
2349 1142 2566 1192 sanum,
2592 1126 2733 1198 quod
2760 1126 2916 1181 unius
2943 1122 3214 1194 unguiculi
3236 1122 3443 1179 nullum

1847 1219 2186 1291 perpetiatur
2218 1220 2501 1276 dolorem?
2529 1231 2623 1276 aut
2645 1235 2767 1276 esse
2792 1234 3010 1275 auream
3052 1227 3271 1285 terram,
3297 1215 3443 1289 quod

1846 1314 1901 1369 in
1953 1314 2238 1369 verrucula
2278 1314 2435 1369 collis
2488 1313 2646 1368 unius
2707 1313 2875 1368 insint
2930 1311 3143 1383 exiguae
3204 1310 3437 1377 miculm,

1840 1407 2038 1478 quibus
2081 1409 2324 1463 nascitur
2363 1407 2758 1477 colliquefactis
2794 1422 3018 1474 aurum,
3049 1415 3106 1462 et
3147 1404 3442 1461 admiratio

1840 1504 2258 1572 congregatione
2284 1502 2653 1573 conquiritur?
2680 1500 3004 1570 Qualitatem
3020 1497 3261 1554 materia:
3277 1507 3301 1536 ο
3322 1496 3442 1552 ιιιιί-

1841 1593 2071 1649 versitas
2118 1594 2370 1667 elementi
2418 1593 2628 1663 probat,
2682 1607 2787 1648 non
2842 1590 3123 1662 pulvisculi
3172 1587 3436 1644 stabiles:

1839 1700 1939 1739 nec
1968 1700 2114 1740 mare
2141 1685 2398 1739 continuo
2428 1685 2586 1739 dulce
2611 1693 2713 1747 est,
2746 1685 2789 1738 si
2823 1683 3051 1738 mitioris
3082 1697 3235 1753 aqua:
3262 1687 3439 1751 guttas

1838 1778 2067 1849 alicujus
2107 1778 2375 1849 adiec’eris
2421 1789 2583 1848 atque
2626 1777 2917 1833 immiseris
2971 1775 3204 1839 numeri,
3243 1788 3439 1829 consu-

1844 1871 2008 1925 mitur
2033 1870 2175 1925 enim
2204 1870 2457 1923 minuties
2486 1870 2586 1923 ista
2617 1870 2880 1923 immenso
2904 1863 2930 1904 ἀ
2967 1885 2979 1922 :
3011 1882 3111 1922 nec
3138 1865 3302 1921 modo
3333 1879 3440 1921 non

1842 1961 2010 2031 parvi,
2047 1960 2140 2015 sed
2188 1975 2308 2015 esse
2340 1960 2539 2014 nullius
2590 1959 3007 2015 existimandum
3053 1966 3139 2013 est
3176 1956 3438 2024 nominis,

1840 2052 1981 2124 quod
2010 2068 2106 2124 per
2130 2052 2312 2106 omnia
2344 2050 2592 2107 diffusum
2619 2052 2782 2124 perit,
2812 2063 2867 2108 et
2906 2052 2960 2107 in
2986 2051 3165 2123 magni
3190 2051 3441 2121 corporis

1838 2144 2181 2214 iutcrcipitur
2210 2145 2476 2199 vaSIitate.

1911 2238 1973 2293 L.
2010 2237 2115 2293 Vos
2142 2238 2378 2292 lunnano
2409 2238 2464 2292 in
2491 2252 2690 2308 genere
2717 2237 2888 2293 bonos
2918 2253 3039 2293 esse
3063 2236 3239 2293 dicitis
3269 2236 3438 2305 viros,

1842 2332 1935 2404 qui
1970 2343 2029 2388 ut
2066 2347 2188 2388 esse
2220 2331 2540 2398 credantur,
2582 2332 2917 2401 comparatio
2956 2331 3180 2387 forsitan
3230 2326 3437 2384 efficiat

1837 2428 2221 2499 pessimorum.
2252 2426 2483 2493 Quinam
2532 2426 2619 2481 isti
2652 2426 2817 2483 sunt?
2856 2425 3041 2483 dicite.
3093 2422 3434 2495 PliilnsOphi,

1343 2584 1724 2646 LECTIONES
1760 2586 2175 2649 VARIANTES.

196 2721 224 2751 ⁸
259 2721 343 2771 Ita
366 2719 507 2770 Fttltt.
532 2720 784 2771 Servitute
821 2730 913 2769 ms.
939 2718 1160 2772 Savitate
1184 2717 1310 2773 male
1332 2719 1436 2772 alii.

196 2782 227 2824 ι»
268 2782 335 2835 Et
356 2795 420 2833 an
442 2794 532 2833 ms.

1914 2728 1937 2756 ο
1977 2723 2150 2775 Terrae
2174 2724 2316 2776 Fulu.

1911 2785 1939 2827 ἆ
1977 2787 2034 2838 In
2056 2789 2295 2837 immenso
2317 2787 2454 2839 mla.

1534 2890 2094 2951 COMMENTARIUS.

206 3029 483 3085 Smitate
521 3028 880 3084 innumerabili
928 3029 1186 3084 vitiorum.
1228 3030 1303 3085 Ita
1336 3030 1487 3086 Fulv.
1541 3033 1721 3091 Ursin.

134 3101 460 3174 rectissime.
491 3100 698 3174 Glossie
731 3119 743 3155 :
776 3101 1118 3174 semustae...
1160 3101 1423 3174 iniquitas.
1472 3105 1681 3174 Apulei.
1707 3148 1721 3173 ,

135 3171 262 3245 Met.
298 3187 353 3226 Ix
376 3214 391 3239 ,
429 3186 549 3245 pag.
594 3172 732 3239 221,
767 3172 855 3226 ed.
879 3172 1121 3245 _Elmenb
1154 3191 1165 3226 :
1200 3172 1314 3237 En,
1342 3171 1610 3245 inquiunt,
1649 3171 1731 3231 in-

135 3243 346 3315 dignam
388 3244 462 3296 rei
511 3247 834 3319 serenitatem.
878 3242 1007 3299 lude
1056 3256 1254 3319 serena,
1315 3242 1557 3319 sinistra,
1605 3265 1729 3319 per-

134 3329 278 3368 versa
300 3356 315 3378 ,
357 3316 635 3368 contraria.
674 3314 794 3369 Vid.
837 3330 997 3385 supra
1028 3316 1095 3370 ad
1127 3317 1219 3370 lib.
1248 3333 1282 3369 t.
1315 3317 1520 3374 ORELL.

204 3405 492 3484 lnvalidgs.
521 3407 598 3484 Ita
628 3408 839 3463 videtur
863 3409 1135 3484 _A_l’n0llltls
1163 3410 1436 3480 appellare
1456 3426 1573 3479 eos,
1596 3427 1732 3484 quos

135 3482 378 3558 ἀκρατεῖς
402 3477 577 3536 Graeci
608 3489 823 3537 vocant.
860 3481 1098 3536 "suam.

210 3576 616 3633 Honestamenta
645 3578 916 3632 natalium.
950 3577 1077 3633 Plus
1104 3587 1185 3632 est
1214 3594 1374 3648 quam
1405 3578 1602 3632 honesti
1631 3594 1729 3631 na-

137 3650 268 3705 tales
293 3690 310 3714 ,
360 3648 454 3720 qui
499 3650 716 3717 pr0prie
742 3661 861 3704 sunt
894 3650 1107 3717 ingenui
1136 3659 1188 3704 et
1219 3650 1505 3713 liberales,
1537 3665 1729 3719 quem-

132 3720 428 3775 admodum
460 3722 668 3775 honeste
695 3722 890 3790 geniti,
924 3721 1139 3789 ingenui
1163 3738 1225 3776 ac
1256 3722 1517 3775 libertina:
1545 3720 1731 3775 condi-

133 3791 320 3847 tionis.
352 3792 429 3846 Ita
456 3791 562 3846 'I‘it.
597 3791 738 3854 Liv.,
770 3794 863 3846 lib.
899 3790 1149 3847 xxvt‘Cn.
1183 3791 1425 3845 Fulvium
1450 3792 1729 3857 Quiritium

129 3864 431 3929 exercitum,
461 3864 667 3917 honeste
685 3864 905 3934 genitos,
939 3863 1215 3918 liberaliter
1240 3866 1498 3923 educatos.
1527 3864 1727 3918 servili-

129 3935 225 3990 bus
281 3935 419 3989 vitiis
471 3935 730 3990 iuibtsis~e.
798 3935 895 3989 llic
960 3946 1141 3989 autem
1209 3936 1538 4003 significatur
1586 3943 1728 3987 tanta

127 4016 331 4076 quanta
362 4006 653 4075 signiﬁcari
683 4015 861 4074 potest
885 4009 1251 4075 generositas,
1278 4008 1499 4077 εὐγένεια
1519 4008 1548 4063 ἡ
1569 4008 1725 4071 πάνυ,

126 4078 385 4133 nobilitas
407 4080 706 4132 animarum
736 4078 947 4141 divina,
977 4078 1013 4131 i.
1039 4094 1093 4145 q.
1126 4078 1287 4132 modo
1324 4080 1534 4131 dixerat
1574 4092 1727 4147 gene-

127 4150 319 4204 rositas
358 4149 659 4218 principalis
681 4190 693 4207 .
719 4149 770 4203 id
808 4159 891 4203 est
918 4148 1155 4216 profecta
1181 4164 1212 4203 a
1239 4150 1347 4204 Deo
1366 4189 1381 4215 ,
1407 4162 1586 4202 rerqu
1609 4163 1725 4201 om-

127 4222 281 4276 nium
309 4219 459 4276 fonte
488 4235 552 4276 ac
580 4220 844 4291 principe.
877 4221 1118 4275 ΙΙειιΑιι).
1214 4254 1215 4259 η

201 4358 394 4414 XLIX.
423 4390 493 4398 —
522 4357 971 4413 Emenrlatissimis
1019 4356 1261 4412 moribus.
1319 4356 1374 4412 Id
1422 4366 1504 4411 est
1551 4356 1724 4427 perfe-

126 4431 425 4494 ctissimis,
471 4430 873 4499 integerrimis,
933 4429 1084 4484 nullo
1122 4430 1328 4484 scelere
1360 4429 1600 4497 pollutis.
1640 4430 1728 4483 Di-

124 4503 366 4557 ctionem
412 4502 652 4569 pluribus
702 4503 972 4556 illustrant
1020 4500 1238 4555 Juretus
1274 4500 1340 4555 ad
1388 4500 1721 4565 Simmacb.,

124 4572 222 4627 lib.
259 4590 307 4639 ι,
330 4574 487 4643 epist.
516 4574 587 4628 ‘26
608 4615 623 4639 ,
658 4590 707 4644 p.
732 4574 805 4628 40
825 4614 839 4636 ,
865 4573 951 4627 ed.
978 4571 1143 4644 Leetii
1165 4617 1178 4638 ,
1211 4572 1295 4627 Jo.
1330 4572 1569 4629 Wower.
1594 4614 1610 4638 ,
1655 4572 1721 4626 ad

124 4642 389 4734 fetuum,
408 4660 472 4734 ει.
495 4646 612 4734 μδ
632 4642 1045 4734 ,ςιςιιίιλιιιιιιΙιηδ3
1086 4642 1274 4734 LF}:
1304 4643 1719 4734 gronovvmnad
1752 4673 1806 4734 D

125 4716 327 4771 Scuec.
352 4756 367 4783 ,
398 4715 466 4770 de
494 4715 574 4771 lra
597 4759 611 4780 ,
647 4718 737 4772 lib.
777 4733 825 4780 i,
856 4732 978 4785 cap.
1009 4717 1077 4780 5,
1106 4726 1160 4769 et
1204 4714 1367 4770 Corte
1388 4757 1404 4783 ,
1446 4716 1512 4770 ad
1544 4715 1682 4770 l’lin.
1706 4757 1722 4783 ,

124 4787 223 4842 lib.
255 4803 346 4855 ιιι,
373 4788 534 4859 epist.
564 4804 657 4854 ιιι,
694 4804 745 4858 p.
781 4788 904 4844 187.
936 4786 1139 4841 Οιιειι..

201 4883 542 4939 Boni.....in
586 4885 735 4938 rebus
760 4883 997 4938 humanis
1038 4882 1166 4942 viri,
1198 4882 1472 4951 sapientes.
1508 4882 1604 4935 Alii
1634 4880 1728 4936 de-

126 4955 248 5011 lent
274 4969 483 5011 Comma
510 4965 630 5026 post
657 4956 751 5009 viri
772 4998 787 5017 ,
819 4962 877 5008 ut
902 4967 1093 5008 sensus
1129 4954 1197 5026 sit
1223 4970 1237 5006 :
1266 4953 1531 5026 sapientes
1558 4954 1609 5005 in
1640 4969 1727 5026 re-

127 5029 227 5082 bus
253 5023 522 5081 humanis.
548 5028 653 5083 Sed
683 5027 856 5091 male,
883 5027 937 5079 in
958 5027 1107 5079 rebus
1138 5025 1374 5078 humanis
1400 5034 1483 5078 est
1522 5023 1573 5076 in
1604 5025 1725 5077 uni-

125 5112 295 5155 verso
320 5100 596 5154 hominum
623 5114 824 5168 genere
846 5140 861 5163 ,
890 5099 942 5152 in
971 5097 1062 5152 der
1087 5095 1425 5151 Menschheit.
1456 5094 1662 5150 ORELL.

203 5190 272 5246 In
299 5191 478 5260 quibus
521 5192 653 5246 nihil
690 5193 791 5246 ista
815 5192 930 5262 ipsa
1083 5190 1394 5246 desideraret
1437 5189 1720 5257 integritas.

125 5263 205 5320 Ita
235 5279 268 5318 e
296 5265 417 5318 cod.
452 5280 554 5319 ms.
599 5264 829 5318 restituit
865 5264 951 5319 ed.
997 5264 1167 5329 Lugd.
1200 5262 1317 5317 Bal.
1342 5303 1357 5327 ,
1402 5263 1638 5332 optime,
1670 5267 1727 5313 ut

125 5350 327 5392 sensus
349 5336 536 5390 sitziu
582 5336 778 5406 quibus
822 5335 935 5403 ipsa
970 5333 1494 5406 integritasu(v_irtus
1538 5345 1726 5406 perso-

124 5406 375 5475 niticata)
405 5408 532 5461 nihil
557 5402 888 5461 desideraret
908 5448 921 5467 ,
954 5423 1020 5461 an
1044 5402 1204 5460 dénen
1232 5402 1316 5458 die
1331 5403 1547 5475 Tugend
1564 5402 1724 5475 sellis:

122 5478 297 5534 nicius
330 5474 655 5533 auszusetzen
682 5478 839 5531 hatte.
869 5475 986 5531 Cet.
1033 5478 1195 5544 nihil,
1228 5477 1263 5531 i.
1294 5490 1344 5531 e.
1387 5475 1530 5531 nulla
1560 5474 1611 5529 in
1640 5490 1721 5541 re,

124 5549 508 5606 desideraretur
533 5550 816 5620 integritas.
845 5550 1047 5604 Onam"

204 5643 440 5698 Numero
488 5644 705 5712 deﬁniti.
756 5644 1014 5713 Appositc
1058 5642 1125 5697 ad
1154 5652 1398 5698 nostrum
1434 5642 1684 5698 Juvenal.
1709 5682 1725 5710 ,

124 5727 237 5775 sat.
271 5731 366 5771 xui
393 5756 410 5781 ,
438 5731 583 5770 vers.
612 5716 703 5780 28,
729 5730 844 5785 seq.
876 5732 890 5767 :

287 5851 405 5916 Rari
427 5852 610 5915 quippe
634 5852 769 5911 boni,
794 5851 1127 5916 numerusvix
1152 5850 1454 5916 est_t_otidem
1479 5890 1492 5913 ,
1515 5858 1638 5916 quot

292 5912 578 5969 'l‘bebarum
601 5922 774 5979 portae,
810 5914 888 5967 vel
911 5914 1076 5967 divitis
1098 5915 1220 5963 ostia
1234 5912 1350 5965 Nili.

1911 3036 2159 3093 ELIIBNB.
2180 3067 2251 3077 —
2271 3036 2367 3093 Ms.
2394 3036 2629 3107 dif/initi.
2659 3035 2863 3093 Onus.

1913 3152 2220 3207 Ponderari.
2256 3154 2330 3207 lta
2379 3168 2481 3209 ms.
2527 3151 2684 3208 Fulv.
2737 3151 2919 3208 Ursin.
2962 3149 3205 3221 penderi,
3252 3148 3436 3204 nescio

1837 3240 1941 3295 qua
1969 3240 2148 3279 causa.
2185 3226 2392 3279 OnELL.

1909 3343 1977 3397 In
2014 3344 2285 3397 vemrcula
2323 3344 2469 3397 callis
2510 3343 2683 3397 unius.
2730 3339 2988 3395 Geminus
3036 3338 3188 3392 locus
3214 3336 3308 3391 lib.
3357 3349 3385 3385 v
3418 3352 3432 3389 :

1842 3412 2080 3468 Etiamne
2119 3416 2399 3478 credemus,
2439 3414 2589 3467 deuiu
2634 3412 2856 3467 numinis
2903 3410 3032 3464 tanti
3075 3418 3291 3462 tractum
3328 3421 3437 3461 esse

1838 3487 1908 3540 ad
1951 3497 2145 3550 terras,
2179 3496 2225 3539 et
2270 3487 2322 3539 in
2363 3484 2631 3540 verrucula
2673 3483 2820 3537 collis
2867 3482 3017 3536 unius
3055 3496 3170 3533 cum
3210 3480 3431 3550 homini-

1838 3558 1955 3613 culo
1994 3547 2212 3611 stantem
2243 3555 2589 3611 altercabilem
2615 3553 2931 3609 conseruisse
2960 3548 3293 3605 sermonem?
3318 3547 3430 3603 Ex-

1840 3630 2034 3698 pre-sit
2063 3641 2242 3683 autem
2285 3628 2351 3682 de
2396 3628 2500 3681 isto
2544 3626 2767 3681 Catonis
2809 3626 2861 3698 in
2909 3623 3058 3679 libris
3104 3622 3380 3698 Uriginnm
3416 3635 3431 3673 :

1836 3690 2050 3767 Censeo,
2079 3702 2123 3754 si
2151 3716 2256 3753 rent
2277 3715 2477 3754 servare
2497 3699 2571 3751 vis
2589 3740 2603 3763 ,
2630 3696 2953 3767 faciendum,
2984 3705 3041 3767 ut
3063 3690 3434 3762 quadragintos

1837 3765 2042 3841 aliquos
2074 3772 2257 3823 milites
2285 3771 2353 3823 ad
2383 3765 2665 3841 verrucam
2686 3768 2831 3841 illam
2861 3766 2937 3819 ire
2956 3765 3141 3841 iubeas
3162 3804 3177 3828 ,
3221 3776 3433 3841 eantque

1835 3844 1909 3895 uti
1924 3832 2177 3911 'occupent
2202 3842 2438 3910 imperes.
2473 3840 2610 3895 Vide
2640 3837 2903 3911 Agellium
2926 3832 3063 3911 ,'lil_i_.
3092 3850 3148 3911 t_ll
3168 3875 3182 3896 ,
3225 3847 3347 3902 cap.
3366 3832 3431 3911 _7,

1836 3922 1890 3967 et
1919 3902 2147 3967 Nonium
2195 3902 2361 3965 verba
2406 3926 2640 3965 verruca.
2690 3902 3211 3963 Menas—Eadem
3267 3902 3433 3957 verba

1834 3992 2126 4037 occurrunt
2154 3982 2290 4054 infra
2321 3982 2413 4035 lib.
2442 3996 2499 4046 v,
2533 3995 2653 4054 cap.
2684 3981 2738 4034 5.
2768 3979 2924 4054 Cato,
2960 3986 3098 4054 teste
3131 3981 3194 4029 Α.
3228 3973 3427 4054 Gellio,

1834 4055 1985 4109 Noet.
2018 4055 2126 4109 Att.
2154 4096 2170 4121 ,
2200 4053 2293 4108 lib.
2323 4068 2380 4107 ιιι
2403 4094 2416 4114 ,
2442 4068 2562 4120 cap.
2588 4047 2643 4116 7,
2671 4051 2997 4106 verruculam
3025 4048 3202 4121 locum
3226 4047 3431 4121 editum

1836 4135 1891 4180 ct
1920 4118 2170 4193 asperum
2201 4125 2453 4193 appellat.
2489 4118 2593 4179 Sed
2618 4132 2815 4193 auctor
2837 4132 3023 4177 nouer
3044 4118 3428 4174 diminutivum

1834 4192 2029 4251 nomen
2065 4212 2160 4267 pro
2187 4192 2337 4251 more
2370 4211 2469 4249 suo
2488 4194 2738 4249 adhibet.
2772 4192 3070 4248 Novanius.

1913 4289 2130 4417 Exigit:
2152 4288 2373 4343 miculat.
2396 4286 2619 4343 Miculas
2640 4286 2767 4341 dicit
2784 4284 3083 4340 imitatione
3104 4279 3362 4348 Lucretii,
3388 4295 3427 4348 ι,

1913 4376 1978 4415 rs.
2044 4380 2069 4414 ιι
2138 4376 2254 4417 seu.

1834 4376 1978 4416 vers.
2004 4376 2109 4417 seu
2138 4376 2254 4431 seq.

2351 4522 2425 4568 tet
2442 4518 2580 4581 micis
2597 4514 2871 4563 consistere
2895 4522 3041 4572 posse
3205 4571 3215 4581 .

2302 4595 2331 4631 e
2355 4580 2505 4630 terris
2528 4585 2711 4627 terram
2729 4583 3058 4689 concrescta'e
3079 4580 3265 4633 parVis.

3020 4647 3214 4687 EBALD.

1957 4520 2029 4571 Ex
2056 4520 2263 4583 aurique

1957 4584 2165 4643 Aurum,
2184 4589 2236 4632 et

1931 4767 2218 4838 Admiratio
2275 4751 3048 4838 congregatime__co_nqu_i.ritur.
3095 4754 3224 4838 "me
3262 4751 3426 4838 verba

1834 4839 2068 4894 diversis
2099 4836 2272 4892 modis
2291 4827 2636 4904 intérpblant.
2659 4827 2835 4899 (Fulv.
2867 4827 3045 4904 Ursin.
3071 4827 3423 4904 annotatione,

1835 4910 2245 4980 congregatione.
2275 4896 2549 4980 Stcyvécb.
2582 4896 2973 4980 anuuuteratio,
3007 4899 3142 4980 etc.)
3175 4897 3283 4980 Sed
3312 4896 3426 4980 vul:

1833 4968 1957 5051 gata
1986 4968 2147 5035 levetio
2179 4978 2389 5051 probari
2436 4984 2633 5047 potest.
2666 4973 3073 5051 Admirationem
3119 4971 3280 5051 igitur
3309 4968 3427 5049 auri

1836 5041 2002 5117 dicit,
2044 5041 2753 5120 quia'prmslingnitnculns
2793 5044 2912 5120 auri
2944 5043 3119 5120 fulgor
3156 5053 3219 5120 et
3259 5041 3309 5094 in
3340 5041 3424 5093 sui

1837 5111 2345 5194 contemplationem
2376 5111 2537 5194 atque
2559 5118 2968 5194 admirationem
2997 5111 3151 5194 rapit.
3177 5111 3421 5194 liensum

1834 5180 2105 5249 Verteriin
2154 5194 2314 5261 igitur
2346 5210 2359 5243 :
2395 5180 2512 5245 Erst
2556 5190 2721 5244 dnrclt
2749 5180 3294 5261 Znsannnenhanfung
3333 5180 3428 5261 der

1832 5265 2029 5320 kleinen
2070 5253 2483 5319 Goldstaubchen
2534 5262 2661 5317 wird
2709 5278 2762 5316 es
2798 5275 2916 5313 sunt
2963 5255 3146 5323 metal,
3196 5253 3292 5308 das
3342 5253 3425 5305 die

1836 5337 1973 5392 Welt
2004 5336 2309 5391 bewundert.
2339 5337 2542 5391 UBELL.

1902 5448 2230 5506 Consumitur
2280 5451 2415 5504 enim
2461 5446 2699 5502 minuties
2742 5444 2840 5499 ista
2885 5444 3150 5496 inunenso.
3203 5437 3258 5493 Id
3290 5445 3420 5492 est:

1835 5523 2084 5593 exiguum
2118 5522 2243 5577 illud
2290 5537 2442 5589 aqua:
2468 5518 2740 5574 ﬂuviatilis
2761 5513 2959 5593 _statitn
2990 5513 3042 5566 in
3093 5509 3421 5593 salsuginem

1838 5588 2002 5649 maris
2034 5594 2262 5657 transit,
2297 5588 2468 5658 neque
2494 5604 2590 5656 pro
2624 5589 2889 5658 parvitate
2930 5598 3023 5658 sua
3057 5597 3210 5658 mare
3250 5588 3427 5649 potest

1838 5677 2193 5722 commutare.
2230 5654 2417 5720 Paton.
2449 5654 2603 5715 Fulv.
2626 5654 2818 5713 'Ursin.
2853 5655 2979 5725 legit
3006 5655 3058 5707 in
3088 5654 3351 5778 imgenso.

3197 5739 3350 5778 BELL.

3197 5739 3350 5779 BELL.

1916 5829 2129 5887 Nullius
2155 5828 2545 5886 existimandum
2577 5834 2647 5879 cst
2666 5821 2923 5878 montiuis.
2956 5818 3032 5876 Ita
3059 5827 3113 5877 cl.
3134 5818 3223 5877 hic
3255 5817 3434 5891 legen-

1836 5903 1962 5961 dum
1992 5917 2087 5974 pro
2111 5902 2345 5958 nominis.
2381 5900 2621 5956 Hannon.
2662 5913 2673 5968 ξ
