4034 6272
601 313 705 392 sat

1768 325 2045 402 annos"
2084 307 2450 406 Abva'nsus
2487 347 2758 430 Games

3823 344 3928 404 89‘2

601 435 788 538 credo,
822 439 912 527 qui
938 470 997 512 se
1026 470 1148 514 esse
1183 439 1330 516 solos
1355 438 1780 531 sapientissimos
1810 472 2110 528 autumant,
2138 443 2193 520 et
2223 469 2272 530 Α
2301 481 2419 519 nam
2452 467 2712 522 transiliat
2736 466 3031 532 notionem,
3055 440 3108 522 et
3131 467 3272 539 quod
3301 465 3370 522 sit
3401 437 3572 523 caicis
3597 465 3917 521 obscurita-

505 605 508 609 ,
601 551 653 630 vi
685 545 842 630 hujus
891 552 1122 629 nominis
1165 553 1516 624 supercilium
1559 557 1894 613 sustulerunt
1934 576 1948 612 :
1997 574 2191 628 nempe

601 627 697 723 illi,
729 627 818 722 (fui
848 627 972 724 curn
1015 645 1130 700 suis
1157 645 1396 717 quOIidie
1425 647 1810 718 cupiditatibus
1851 663 2108 721 pugnant,
2129 627 2191 706 et

600 733 824 818 allectus
859 732 1146 812 exanimis
1176 739 1366 795 insitos
1400 741 1738 810 proturbare,
1770 742 1992 812 pellere,
2027 744 2162 812 perti

602 829 721 908 naci
742 838 772 911 ﬁ
795 828 1086 908 moliuntur
1101 831 1754 900 obluctationevirtutum,
1782 836 1870 907 qui
1899 852 1967 890 ne
1989 836 2040 890 in
2065 837 2195 890 vitia

608 919 863 1004 proritari
905 921 1172 978 facultatis
1200 925 1406 994 possint
1445 925 1670 996 alicujus
1713 927 1990 988 instinctu.
2030 924 2194 997 patri-

605 1012 783 1069 monia
810 1021 864 1095 et
891 1013 1104 1100 divitias
1133 1015 1362 1092 fugiunt,
1392 1027 1449 1073 ut
1472 1034 1662 1074 eauSas
1683 1021 1781 1073 sibi
1811 1019 2053 1076 auferant
2086 1022 2200 1100 lap-

605 1121 747 1190 sus:
777 1097 922 1187 quod
940 1123 1062 1162 cum
1088 1107 1288 1164 faciunt
1310 1120 1364 1165 et
1389 1120 1600 1179 curant,
1625 1114 1967 1182 apertissime
1989 1097 2195 1172 animas

605 1215 733 1280 esse.
752 1199 990 1260 indicant
1015 1201 1220 1278 labiles,
1251 1213 1302 1257 et
1326 1193 1636 1258 inﬁrmitate
1665 1205 1732 1259 ad
1760 1206 1880 1260 vitia
1912 1209 2194 1278 proclives.

603 1293 796 1350 Nostra
821 1303 998 1350 autem
1030 1295 1312 1364 sententia,
1349 1295 1490 1367 quod
1524 1295 1721 1366 bonum
1753 1308 1941 1352 natura
1973 1307 2075 1364 est,
2102 1315 2196 1354 ne-

606 1403 708 1468 que
731 1387 1028 1454 emendari,
1048 1404 1222 1460 neque
1261 1389 1458 1460 corripi
1489 1405 1547 1446 se
1575 1393 1747 1461 poscit
1779 1410 1793 1448 :
1829 1394 1991 1446 inuno
2025 1393 2197 1464 ipsum

602 1481 768 1560 debet
806 1481 932 1564 quid
962 1482 1032 1537 sit
1074 1484 1271 1538 malum
1303 1485 1536 1553 nescire,
1569 1485 1612 1540 si
1642 1487 1856 1564 generis
1898 1485 2065 1543 forma
2099 1504 2197 1544 cu-

597 1573 794 1655 jusque
839 1575 895 1632 in
943 1565 1040 1660 sua
1085 1577 1286 1650 cogitat
1315 1579 1622 1652 integritate
1673 1591 1917 1652 perstare
1963 1598 1976 1636 :
2025 1599 2199 1655 neque

603 1668 750 1752 enim
775 1669 1105 1745 contrarium
1134 1669 1354 1726 insitum
1385 1686 1508 1752 esse
1531 1674 1802 1729 contrario
1832 1683 2012 1744 potest
2031 1675 2081 1742 δ,
2106 1684 2200 1738 ant

608 1759 662 1832 in
695 1759 887 1841 impari
917 1763 1140 1834 paritas,
1173 1772 1266 1818 aut
1289 1763 1520 1820 dulcedo
1547 1763 1600 1820 in
1631 1767 1990 1824 amaritudine
2018 1769 2195 1824 conti-

2300 559 2440 614 tibus
2473 559 2817 616 involutum?
2843 559 2898 617 Si
2949 561 3164 634 penitus
3203 570 3482 631 spectetur
3529 561 3614 616 rei
3647 560 3923 630 cujusque

2299 661 2511 712 natura,
2547 653 2596 705 in
2626 652 2786 706 simili
2819 666 2914 706 vos
2937 653 3090 716 estis,
3123 668 3280 721 quam
3324 654 3376 706 in
3413 652 3579 706 nobis
3612 650 3923 722 reprehen-

2297 741 2424 798 ditis
2445 785 2459 809 ,
2493 758 2673 798 causa.
2703 742 2820 798 Non
2865 743 3006 798 enim
3026 787 3040 809 ,
3072 745 3193 815 quia
3221 743 3396 800 dicitis
3425 743 3498 800 ab
3542 744 3670 813 ipso
3702 743 3920 796 animas

2300 853 2426 906 rege
2454 836 2806 903 descendere,
2851 852 2914 892 ac
2943 837 3240 892 succedere
3269 837 3322 890 in
3356 835 3648 890 hominum
3687 834 3920 901 formas,

2299 928 2633 998 eXploratum
2663 927 2867 998 aliquid
2891 927 3088 993 dicitis,
3124 937 3176 982 et
3219 929 3269 982 in
3303 928 3422 982 luce
3457 929 3703 998 positum
3737 928 3919 981 mani-

2301 1021 2572 1075 festivimae
2599 1018 2861 1074 veritatis.
2886 1017 3164 1088 Conjicitis
3185 1020 3350 1083 enim,
3375 1036 3480 1073 non
3506 1019 3664 1074 scitis
3694 1037 3707 1072 :
3732 1020 3919 1090 suspi-

2299 1112 2517 1178 camini,
2567 1127 2673 1166 non
2723 1113 2936 1176 tenetis.
2981 1111 3113 1166 Nam
3165 1111 3206 1166 si
3255 1111 3394 1164 scire
3444 1119 3529 1165 est
3574 1110 3740 1173 illud,
3776 1113 3918 1180 quod

2301 1207 2413 1272 ipse
2447 1218 2498 1260 ttt
2530 1206 2750 1269 videris,
2785 1217 2872 1258 aut
2906 1204 3228 1274 Cognoveris
3259 1203 3442 1256 animo
3471 1203 3802 1268 continere,
3835 1203 3918 1256 ni-

2300 1297 2374 1352 hil
2427 1315 2611 1353 eorum
2667 1313 2787 1366 quae
2839 1298 3100 1361 asseritis,
3155 1299 3382 1367 potestis
3432 1311 3532 1350 vos
3578 1295 3779 1352 dicere
3825 1298 3921 1351 ali-

2299 1393 2514 1462 quando
2541 1393 2736 1446 vidisse
2767 1410 2780 1444 :
2817 1391 2869 1446 id
2895 1400 2974 1446 est
2995 1392 3211 1474 animas
3245 1391 3372 1446 sede
3397 1390 3467 1445 ab
3495 1407 3700 1472 supera
3734 1401 3798 1447 et
3831 1409 3919 1447 re-

2299 1485 2458 1556 giOne
2511 1484 2864 1540 descendere.
2921 1482 3242 1554 Suspicione
3287 1497 3418 1552 ergo
3469 1483 3692 1538 utimini
3725 1527 3740 1548 ,
3811 1501 3918 1539 non

2298 1580 2622 1652 cognitionis
2653 1565 2924 1649 expressae
2955 1579 3077 1635 ﬁde.
3109 1577 3246 1646 Quid
3293 1588 3377 1633 est
3413 1588 3594 1633 autem
3639 1580 3915 1648 SliEpiClO,

2299 1671 2402 1746 nisi
2427 1673 2668 1744 opinatio
2699 1688 2880 1728 rerum
2912 1671 3137 1735 incerta,
3165 1682 3219 1727 et
3246 1671 3296 1726 in
3323 1671 3397 1726 nil
3415 1675 3728 1742 expositum
3750 1671 3920 1742 jacu-

2298 1763 2426 1818 latio
2464 1765 2660 1818 mentis
2696 1764 2884 1818 illata?
2914 1763 3054 1834 Ergo
3083 1764 3170 1834 qui
3199 1763 3530 1834 suspicatur,
3567 1777 3670 1818 non
3727 1773 3920 1830 tenet,

605 1849 868 1936 nerirQui
897 1873 1026 1932 ergo
1052 1857 1286 1914 luctatur
1310 1860 1610 1916 animorum
1637 1862 1904 1932 ingenitas
1924 1864 2192 1935 corrigere

2304 1873 2401 1914 nec
2432 1857 2490 1913 in"
2537 1859 2741 1913 lumine
2767 1857 2975 1928 positus
3018 1857 3339 1930 cognitionis
3378 1856 3604 1913 incedit.
3649 1855 3815 1924 Quod
3871 1857 3922 1911 si

604 1950 929 2022 pravitates,
963 1951 1007 2006 is
1049 1953 1388 2023 apertissime
1419 1965 1684 2010 monstrat
1733 1957 2104 2028 imperfectum
2135 1976 2194 2018 se

604 2056 727 2098 esse
757 2061 774 2098 :
804 2046 1048 2112 quamvis
1080 2048 1224 2102 omni
1258 2057 1452 2104 conatu
1483 2057 1538 2104 et
1557 2050 1858 2122 pervicacia
1885 2055 2192 2109 contendat.

676 2133 764 2220 Ll‘.
798 2135 902 2190 Sed
931 2137 1062 2192 risui
1095 2137 1249 2192 vobis
1277 2148 1360 2194 est
1388 2151 1570 2196 nostra
1594 2143 1877 2211 responsio
1903 2143 2041 2214 quod
2072 2159 2192 2198 cum

602 2229 780 2303 regias
820 2229 1040 2310 soboles
1069 2247 1191 2287 esse
1219 2233 1427 2303 animas
1465 2234 1822 2303 abnegemus,
1858 2252 1961 2291 non
1996 2236 2194 2292 refera-

601 2329 974 2404 tquscontra,
1007 2323 1298 2399 exquibus
1330 2327 1432 2378 sint
1469 2326 1646 2381 causis
1691 2336 1852 2396 atque
1896 2329 2194 2400 originibus

599 2403 916 2482 procreatae.
945 2413 1097 2482 Quod
1120 2425 1205 2470 est
1226 2415 1367 2470 enim
1391 2417 1632 2472 criminis
1652 2433 1841 2488 genus,
1870 2429 1958 2472 aut
1978 2420 2052 2473 rei
2075 2435 2196 2476 esse

598 2502 828 2572 alicujus
859 2504 1126 2574 ignarum,
1161 2517 1252 2561 attt
1282 2508 1476 2576 ipsum,
1513 2509 1655 2574 quod
1686 2509 1919 2574 nescias,
1947 2510 2063 2565 sine
2093 2511 2194 2564 ali-

603 2608 708 2664 qua
736 2594 974 2664 proﬁteri
1007 2595 1436 2653 dissimulatione
1475 2599 1722 2654 nescire?
1749 2608 1841 2654 aut
1869 2611 1987 2654 uter
2017 2603 2192 2673 magis

601 2685 818 2741 videtur
865 2687 1118 2744 irrisione
1169 2704 1291 2745 esse
1344 2690 1691 2760 dignissimus
1735 2684 2044 2774 vpbisaq'uli
2090 2693 2190 2748 sibi

601 2781 880 2835 scientiam
909 2782 1110 2837 nullam
1148 2784 1450 2840 tenebrosae
1483 2785 1557 2840 rei
1589 2785 1814 2854 alicujus
1840 2786 2088 2853 assumit,
2119 2803 2186 2840 an

600 2869 691 2927 ille
721 2873 810 2943 qui
839 2883 998 2942 ,retur
1025 2889 1144 2930 sese
1173 2877 1512 2946 apertissime
1548 2876 1686 2933 seire
1715 2877 1787 2943 id,
1823 2859 1968 2948 quod.
2004 2876 2193 2932 huma—

2301 1968 2489 2007 verum
2538 1961 2592 2006 et
2636 1949 2798 2006 ﬁxum
2849 1959 2933 2006 est
2980 1950 3118 2020 apud
3166 1959 3342 2005 rectos
3385 1958 3442 2005 et
3471 1949 3922 2022 sapientissimos

2298 2045 2508 2116 judices
2543 2063 2556 2099 :
2585 2054 2641 2100 et
2671 2046 2769 2099 ista
2807 2055 3006 2110 vestra,
3047 2059 3149 2116 qua
3181 2043 3366 2112 ﬁditis,
3415 2060 3511 2115 pro
3557 2043 3920 2115 ignoratione

2303 2149 2386 2196 est
2415 2138 2656 2195 habenda
2689 2139 2946 2208 suspicio.

2373 2229 2484 2286 Lll.
2535 2231 2612 2286 Ac
2644 2246 2710 2285 ne
2781 2240 2958 2283 tamen
2987 2227 3141 2284 vobis
3187 2226 3558 2282 tantummodo
3628 2228 3910 2283 censeatis

2301 2321 2624 2390 conjectttris
2649 2322 2730 2386 uti,
2771 2336 2834 2376 ac
2887 2315 3285 2390 suspicionibus
3311 2317 3496 2386 licere,
3531 2329 3586 2374 et
3638 2335 3746 2374 nos
3771 2321 3913 2376 idem

2301 2430 2586 2484 possumus
2607 2428 2621 2466 :
2641 2413 2892 2482 quoniam
2917 2426 3204 2467 commune
3230 2419 3335 2477 est,
3365 2408 3508 2480 quod
3553 2410 3916 2482 interrogatis

2299 2519 2641 2575 eXpromere.
2672 2502 2841 2564 Unde,
2873 2502 3114 2568 inquitis,
3147 2500 3414 2565 homines,
3446 2509 3502 2554 et
3533 2503 3789 2571 ipsorum
3816 2503 3914 2556 bo-

2297 2599 2505 2654 miutnn
2537 2597 2683 2666 quid,
2717 2604 2810 2649 aut
2840 2594 2982 2648 unde
3005 2601 3130 2648 sunt
3169 2593 3389 2648 animae?
3429 2591 3589 2648 Unde
3632 2603 3772 2648 sunt
3803 2595 3913 2652 ele-

2297 2692 2504 2762 phanti,
2577 2689 2734 2756 tattri,
2802 2685 2972 2749 cervi,
3045 2687 3195 2752 muli,
3250 2685 3410 2751 asini,
3468 2668 3630 2740 Unde
3688 2687 3905 2749 leones,

2294 2785 2439 2854 equi,
2489 2798 2670 2847 canes,
2731 2780 2862 2848 lupi,
2923 2779 3216 2848 pantherae,
3268 2793 3568 2847 eorumque
3628 2794 3759 2849 quae
3825 2780 3908 2832 vi-

2295 2886 2442 2944 vunt,
2487 2873 2613 2946 quid
2645 2881 2735 2928 aut
2769 2871 2911 2927 unde
2941 2881 3065 2926 sunt
3095 2869 3516 2940 animm?neqtte
3546 2869 3702 2925 enim
3755 2871 3912 2927 ﬁdem

1846 2997 2226 3094 Ltccr'toaes
2257 2998 2678 3093 vamsnrrzs.

601 3172 606 3236 ξ
661 3174 690 3203 ι
723 3171 1052 3225 Pertinacium
1073 3186 1165 3226 nts.

2248 3173 2266 3235 ζ
2359 3171 2389 3212 b
2423 3171 2564 3223 Potis
2588 3177 2666 3223 est
2687 3184 2780 3224 ms.

1975 3299 2538 3380 COMMENTARIUS.

667 3459 731 3518 L.
759 3494 830 3504 —
873 3463 940 3518 Et
997 3463 1046 3516 vi
1089 3463 1244 3532 hujus
1294 3460 1898 3532 nominisﬁsapercilinm
1963 3460 2186 3513 sustule-

595 3543 734 3588 runt.
765 3535 844 3592 Ita
869 3531 1132 3590 lleraidns
1153 3531 1204 3587 et
1226 3533 1292 3588 ed
1322 3531 1494 3601 Lugd.
1529 3531 1642 3586 Bal.
1677 3547 1775 3602 pro
1805 3547 1816 3582 :
1851 3531 1902 3584 in
1926 3532 2078 3594 huius
2107 3546 2188 3582 no-

598 3605 775 3668 minis,
830 3615 934 3659 etc.
985 3603 1106 3659 Jan.
1147 3606 1357 3670 Dousa,
1408 3603 1472 3655 ad
1517 3603 1750 3665 Catull.,
1797 3617 1966 3656 carm.
2004 3617 2185 3664 t.xvt;t,

599 3690 753 3746 vers.
785 3675 888 3742 45,
939 3691 993 3746 p.
1025 3675 1151 3740 549,
1209 3675 1296 3730 ed.
1345 3673 1558 3746 Gram,
1604 3673 1932 3746 suspicatur,
1983 3673 2182 3746 aliquid

598 3745 868 3803 excidisse
898 3743 1014 3809 post
1067 3747 1287 3801 verbum
1344 3745 1582 3800 nominis.
1616 3745 1912 3808 Meursius,
1953 3758 2070 3812 pag.
2121 3743 2186 3796 74

597 3817 832 3884 Supplet.
864 3816 924 3870 Et
947 3820 996 3872 in
1022 3819 1173 3887 hujus
1200 3818 1419 3872 nominis
1439 3815 1685 3884 felicitate
1709 3815 2038 3886 supercilium
2069 3831 2185 3868 sus-

599 3887 840 3941 tulerunt.
874 3887 978 3944 Sed
1009 3887 1185 3942 omnia
1219 3891 1372 3959 plana
1396 3897 1580 3954 erunt,
1615 3889 1658 3942 si
1692 3888 1972 3956 legamus:
2001 3888 2047 3940 vi

598 3959 838 4016 nominis.
873 3960 1075 4014 OnELL.

675 4026 1006 4092 Protnrbare,
1035 4027 1240 4098 pellere.
1273 4027 1602 4084 Proturbare.
1627 4071 1642 4094 ,
1668 4027 1718 4082 id
1747 4037 1829 4082 est
1864 4027 2100 4095 dejicere
2123 4025 2191 4082 de

597 4099 682 4152 vel
711 4115 776 4154 ex
807 4099 928 4156 loco
947 4141 960 4162 ,
985 4099 1274 4165 expellere.
1314 4100 1430 4153 Vid.
1455 4098 1800 4169 Oudendorp.
1824 4141 1838 4166 ,
1865 4099 1916 4153 in
1940 4099 2150 4168 Apulei.
2171 4139 2188 4165 ,

597 4169 722 4242 Met.
749 4171 837 4224 lib.
863 4187 918 4224 ιι
943 4213 957 4234 ,
994 4187 1044 4237 p.
1077 4170 1201 4227 668.
1233 4170 1437 4242 ORELL.
1472 4224 1478 4242 1

674 4240 742 4295 (1t
771 4259 950 4296 causas
979 4243 1076 4296 sibl
1121 4242 1362 4309 auferant
1409 4239 1604 4310 lapsus.
1652 4241 1725 4293 lla
1754 4255 1855 4294 ms.
1888 4241 2030 4308 quod
2076 4239 2189 4306 alii,

599 4311 932 4380 ignorantes,
961 4314 1254 4380 antiquitus
1287 4311 1446 4366 scribi
1481 4326 1772 4364 consuesse
1796 4315 1981 4380 aferre,
2026 4315 2190 4381 afore,

599 4399 696 4452 pro
722 4387 943 4453 auferre,
975 4384 1171 4452 abfore,
1197 4393 1393 4438 etcum
1421 4381 1741 4452 praecedenti
1773 4398 1835 4434 ne
1860 4384 1910 4432 in
1931 4382 2052 4433 vilia
2075 4398 2196 4453 ρι’οέ

596 4455 746 4526 ritari
771 4452 986 4525 possint,
1019 4465 1124 4510 etc.
1151 4457 1468 4526 jnttgcnles,
1507 4461 1776 4506 ttmtarunt
1802 4461 1848 4504 et
1875 4468 2056 4506 causas
2099 4452 2195 4506 sibi

594 4525 812 4596 a/ferant
843 4527 1036 4596 lapsus.
1069 4527 1252 4582 S'rew.

669 4595 846 4666 Neque
895 4594 1175 4663 emendari,
1224 4615 1385 4665 neque
1436 4596 1708 4666 corrigiae
1737 4594 1918 4662 poscit.

595 4665 772 4737 Lugd.
801 4669 916 4722 Bat.
939 4713 954 4736 ,
989 4686 1138 4724 more
1171 4669 1416 4734 Arnobii,
1448 4665 1596 4736 plura
1629 4665 2000 4737 hujuscemodi
2031 4665 2196 4737 verba

595 4734 736 4808 idem
759 4734 1108 4806 signiﬁcantia
1139 4734 1531 4808 conjungentis,
1565 4752 1664 4792 ms.
1689 4734 1901 4801 corripi,
1933 4734 2074 4808 quod
2101 4737 2195 4790 de-

594 4807 766 4863 fendit
808 4807 1088 4876 Heraldns,
1147 4807 1438 4865 observans
1491 4811 1747 4877 corripere
1795 4823 1892 4876 pro
1942 4807 2196 4878 corrigere

597 4879 841 4951 usurpari
869 4881 1007 4951 apud
1052 4881 1192 4951 illius
1238 4881 1337 4937 τιξνί
1382 4883 1692 4951 scriptores,
1742 4877 1838 4934 sed
1890 4877 2192 4949 exemplum

597 4947 800 5006 nullum
833 4949 1084 5005 all‘erens.
1127 4950 1331 5007 ORELL.

669 5039 732 5096 Si
775 5043 975 5113 generis
1005 5045 1172 5113 [arma
1201 5044 1446 5112 cujusque
1487 5045 1539 5096 in
1569 5060 1664 5098 sua
1695 5041 1882 5112 cogitat
1909 5039 2198 5113 integritate

597 5123 842 5184 perstare.
868 5111 1093 5184 Cogitat,
1114 5113 1268 5184 idem
1299 5111 1439 5184 quod
1462 5113 1588 5176 vult,
1626 5111 1992 5181 nam’generis
2022 5111 2194 5184 forma

596 5182 1004 5252 intelligentiam
1029 5199 1136 5239 non
1163 5183 1344 5240 habet.
1379 5183 1453 5238 Ita
1484 5185 1706 5252 cogitare
1747 5184 2008 5240 etiamde
2036 5183 2196 5241 rebus

597 5253 946 5380 intzgizgentia
966 5257 1211 5328 privatis,
1237 5255 1385 5310 verbi
1408 5269 1568 5310 causa
1591 5253 1731 5323 apud
1758 5253 1945 5324 Virgil.
1970 5253 2192 5324 Georg,

597 5339 634 5380 t.
814 5343 828 5380 :

597 5339 634 5390 I,
669 5339 780 5380 θυι
814 5343 828 5382 :

848 5498 873 5524 .4
935 5498 946 5510 .
1019 5499 1032 5511 .
1101 5500 1112 5511 .
1181 5461 1510 5524 Quidcogitet
1529 5458 1758 5510 humidus
1783 5465 1979 5517 auster,

791 5521 874 5573 Sol
901 5524 984 5575 tibi
1005 5527 1146 5588 signa
1169 5525 1322 5576 dabit.
1387 5521 1406 5524 “

1805 5582 2012 5640 OaELL.

612 5775 620 5780 .
680 5727 780 5792 Qui
806 5745 928 5802 ergo
959 5731 1182 5786 luctatur
1209 5735 1494 5788 animorum
1517 5729 1772 5802 ingenitas
1797 5728 2048 5800 corrigere
2071 5744 2195 5798 pra-

602 5802 805 5871 vitates.
853 5801 894 5852 is
943 5805 1257 5869 apertissime
1304 5813 1549 5859 monstrat
1581 5801 1948 5871 imperfectum
1973 5815 2024 5854 se
2068 5815 2192 5871 esse,

605 5868 833 5939 quamvis
859 5866 995 5930 omni
1023 5887 1206 5932 conatu
1229 5884 1274 5933 et
1304 5875 1586 5946 pervicacia
1612 5866 1901 5931 contendat.
1929 5866 2006 5932 Ita
2027 5869 2198 5931 edito-

1975 4592 2050 4647 Ita
2103 4593 2188 4647 ed.
2221 4556 2276 4616 D

2296 3474 2382 3513 res
2429 3473 2639 3532 omnes,
2700 3468 2925 3532 excepto
2971 3457 3485 3532 Lugdune-Batavo.
3524 3459 3632 3532 Pro
3661 3462 3914 3532 imperfe-

2295 3538 2454 3593 ctum,
2505 3529 2782 3600 cod.ms.
2840 3529 3002 3584 habet
3030 3529 3436 3600 improbabilem,
3487 3531 3634 3594 qtttrd
3688 3529 3916 3590 minimc

2299 3602 2612 3654 mutandum
2643 3599 2806 3654 fuisse
2835 3603 2971 3655 bene
2997 3602 3334 3654 demonstrat
3359 3600 3732 3655 Stewechius.
3779 3603 3916 3657 Tra-

2297 3681 2439 3726 ctum
2469 3673 2585 3724 scil.
2620 3687 2812 3725 Immen
2833 3690 2859 3722 a
2883 3672 3258 3740 probatoribus
3287 3687 3510 3740 operum
3534 3673 3913 3795 Rnblicorum,

2297 3743 2366 3795 de
2387 3743 2580 3795 auibus
2607 3743 2978 3795 inscriptiones
3001 3751 3213 3795 veteres
3235 3752 3286 3795 et
3313 3744 3508 3795 scripta
3582 3759 3913 3795 omannrnm

2297 3743 2366 3798 de
2387 3743 2580 3810 quibus
2607 3743 2978 3809 inscriptiones
3001 3751 3213 3796 veteres
3235 3752 3286 3795 et
3313 3744 3508 3810 scripta
3534 3743 3914 3800 Romanorum

2298 3815 2496 3868 tnillies
2527 3814 2843 3868 meminere.
2873 3813 2991 3867 Vid.
3026 3812 3146 3868 Jan.
3180 3813 3456 3867 Guilielm.
3485 3812 3833 3881 Verosimil.,
3873 3819 3912 3870 Ι.

2295 3901 2352 3942 ιι.
2385 3900 2432 3938 c.
2461 3885 2524 3949 8;
2561 3885 2832 3938 Francise.
2870 3885 3076 3938 Modius
3103 3883 3412 3950 Nuvantiq.,
3438 3884 3596 3952 episL
3627 3885 3730 3949 59;
3773 3888 3912 3941 Lud.

2295 3954 2504 4022 Carrio,
2536 3957 2628 4010 lib'.
2661 3971 2716 4013 ll.
2749 3955 3036 4017 Emendd.,
3062 3971 3181 4024 ('ap.
3208 3955 3259 4009 5.
3289 3955 3359 4008 At
3385 3956 3462 4009 Sic
3482 3971 3698 4024 quoque
3724 3962 3912 4012 Oratio

2299 4043 2482 4082 manca
2499 4038 2578 4082 est
2597 4037 2646 4081 et
2661 4027 2858 4094 hiulca,
2876 4041 2996 4080 nam
3011 4040 3238 4096 sequens
3251 4027 3518 4096 contendat
3535 4043 3644 4080 non
3664 4027 3829 4082 habet
3843 4030 3916 4084 ad

2299 4098 2440 4164 quod
2471 4100 2751 4152 referatur.
2781 4093 2962 4163 Quare
2991 4093 3168 4152 editor
3197 4096 3366 4165 Lugd.
3406 4093 3523 4166 Bat.
3554 4098 3781 4166 vestigia
3813 4115 3915 4154 co-

2299 4169 2435 4223 dicis
2480 4185 2580 4223 ms.
2636 4169 2850 4222 secutus
2907 4170 3082 4222 locum
3130 4167 3200 4221 ila
3256 4165 3532 4222 dedit:ls
3585 4165 3918 4234 apertissime

2299 4249 2548 4293 monstrat
2569 4240 2941 4308 imperfectum,
2967 4238 3278 4310 probabilem
3303 4257 3355 4293 se
3377 4255 3482 4292 esse
3497 4240 3737 4310 quamvis
3768 4243 3914 4294 omni

2300 4321 2488 4364 conatu
2511 4311 2870 4381 etpervicacia
2887 4309 3180 4364 contendat.
3204 4310 3464 4378 Equidem
3494 4309 3785 4376 legendum
3813 4327 3913 4366 su-

2301 4382 2480 4450 spicor
2511 4399 2522 4435 :
2557 4379 2616 4434 Is
2647 4382 2962 4448 apertissime
2987 4390 3235 4434 monstrat
3262 4382 3648 4450 improbabilem
3694 4398 3750 4434 se
3778 4399 3910 4448 esse,

2301 4454 2528 4524 quamvis
2549 4453 2683 4505 omni
2696 4461 2894 4524 conata
2911 4462 2955 4504 et
2969 4453 3259 4524 pervicacia
3276 4451 3545 4524 contendat
3563 4455 3910 4519 contrarium,

2301 4521 2440 4591 quod
2475 4525 2554 4576 vel
2590 4523 2788 4577 excidit
2818 4523 2898 4578 vel
2931 4523 3245 4590 absorptum
3273 4538 3300 4575 a
3335 4521 3659 4588 praecedenti
3692 4535 3914 4577 conten-

2300 4597 2406 4648 dat.
2441 4595 2540 4648 Pro
2567 4596 2852 4648 animorum
2899 4593 3162 4648 Meursius
3201 4595 3405 4648 mavult
3432 4595 3746 4662 animarmn,
3778 4609 3909 4650 eum

2297 4665 2412 4720 haec
2442 4667 2514 4720 sit
2545 4675 2801 4720 constans
2829 4665 3051 4720 Arnobii
3084 4663 3370 4733 scriptura.
3403 4664 3610 4720 (lusu.

2373 4757 2554 4827 Ll.r——
2578 4757 2644 4812 1η
2674 4758 2746 4811 nil
2772 4757 3057 4826 expositum
3087 4755 3339 4827 jaculatio
3387 4757 3570 4810 mentis
3599 4756 3771 4810 illata.
3809 4755 3909 4813 Nil

2296 4826 2582 4900 expositum
2631 4829 2753 4883 scil.
2797 4826 3154 4896 cogitatione,
3203 4826 3252 4880 id
3285 4836 3375 4900 est
3395 4843 3483 4882 res
3517 4828 3704 4893 nihili,
3739 4843 3904 4898 quam

2297 4898 2452 4954 vobis
2480 4909 2656 4954 tamen
2689 4901 2957 4969 cogitatis,
3005 4898 3410 4967 repra-sentatis
3461 4909 3735 4966 tamquam
3782 4915 3906 4954 vere

2297 4973 2744 5028 existentem.ein
2785 4970 3056 5034 Non-ens,
3109 4970 3283 5024 etivas.
3338 4969 3433 5023 das
3486 4970 3623 5039 nicltt
3668 4969 3906 5024 wirltlidt

2299 5044 2514 5104 existirt,
2542 5043 2638 5096 das
2660 5041 2768 5096 blos
2795 5041 2944 5096 ldeal
2973 5042 3056 5095 ist.
3087 5040 3288 5094 Similis
3319 5035 3671 5108 pioverbialis
3705 5035 3918 5097 locutio.

2297 5115 2436 5184 apud
2485 5115 2786 5171 Germanos
2843 5132 2856 5168 :
2906 5129 3062 5184 gegen
3104 5111 3252 5166 einen
3303 5112 3625 5237 Stroltntang
3677 5112 3896 5180 fechten.

3629 5199 3796 5237 neu.

3629 5199 3796 5240 θειι..

2374 5277 2440 5330 Id
2465 5288 2539 5331 est
2567 5276 2766 5331 animas
2787 5273 2902 5328 sede
2925 5274 2986 5328 ab
3033 5290 3220 5343 supera
3247 5284 3295 5328 et
3325 5274 3532 5342 regione
3572 5275 3900 5330 descendere.

2298 5347 2468 5403 Valde
2495 5350 2654 5404 velim
2678 5345 2977 5416 verbabaec
2997 5345 3217 5413 ejicere,
3243 5357 3300 5399 ut
3326 5347 3618 5415 glossema,
3651 5346 3757 5400 nisi
3779 5363 3902 5416 pro-

2301 5427 2562 5491 pugnaret
2611 5417 2781 5488 stylus
2830 5415 3198 5472 Arnobianum
3244 5415 3433 5472 nescio
3463 5416 3592 5491 quid
3624 5415 3897 5491 re_dolens.

3504 5482 3719 5544 Μευηέ.

2371 5580 2482 5636 Lll.
2516 5611 2586 5621 —
2623 5578 2911 5647 Earumque
2949 5595 3064 5645 aute
3104 5579 3274 5632 vivunt
3319 5579 3443 5648 quid
3487 5588 3574 5632 aut
3616 5581 3753 5633 unde
3788 5592 3902 5636 sunt

2301 5652 2528 5706 animm?
2585 5651 2659 5706 Ita
2715 5650 2867 5704 Fulv.
2925 5650 3172 5706 Ursinus.
3229 5650 3364 5704 Cod.
3403 5665 3504 5704 ms.
3555 5651 3646 5721 qui
3689 5653 3898 5720 vivunt,

2299 5723 2438 5785 quod
2486 5733 2630 5778 stare
2677 5737 2782 5774 non
2813 5731 3024 5792 potest;
3074 5736 3196 5775 nam
3253 5722 3566 5790 praecedunt
3617 5725 3898 5790 panthme.

2301 5793 2376 5848 Ea
2433 5809 2550 5865 qua:
2613 5795 2796 5850 vivunt
2860 5803 2984 5849 sunt
3037 5793 3215 5865 itaque
3271 5792 3522 5848 animalia
3551 5793 3626 5923 ὅτι
3676 5808 3898 5862 genere.

3451 5881 3460 5887 '
3599 5879 3758 5922 neu.

3451 5881 3460 5887 ’
3551 5879 3758 5922 υιιΕιιι.
