3986 6314
190 348 287 409 997

1511 347 1721 405 LIBER
1751 342 2130 407 SECUNDUS.

3377 344 3485 402 898

255 462 365 518 LV.
405 461 538 531 Quae
586 475 710 517 cum
756 473 877 518 esse
905 462 1340 519 consenserimus
1385 464 1543 529 victi,
1590 472 1646 521 ct
1675 466 1790 520 uni-
1816 468 1868 527 Λ
1895 464 2071 530 dulce,
2100 462 2247 534 quod
2265 461 2466 517 amoris
2488 468 2540 517 et
2560 460 2738 532 gaudii
2760 460 3065 529 ltetitiaeque
3094 457 3487 530 plenissimum;

185 569 336 611 versa
390 554 476 608 his
507 563 720 610 scatere
771 555 1118 611 nominaliter
1164 557 1513 612 annuerimus
1553 557 1785 612 humana

184 656 548 717 consequetur
577 654 636 702 ut
665 647 930 714 rogitem,
975 662 1071 703 cur
1116 663 1247 719 ergo
1293 651 1406 705 haec
1455 649 1594 703 mala
1644 649 1786 706 Deus

183 741 528 812 omnipotens
551 758 657 797 non
686 741 900 810 aufert,
934 742 1029 798 sed
1060 759 1181 799 esse
1210 744 1528 815 perpetitur,
1578 754 1633 801 et
1658 760 1780 800 cum

122 858 127 864 -
183 833 433 890 omnibus
460 834 675 889 saeculis
702 834 967 906 pertinaci
996 834 1405 891 continuatione
1443 836 1778 905 procedere?

182 926 238 984 Si
284 925 594 982 intellectus
620 925 777 981 nobis
806 925 1018 981 affuerit
1046 926 1141 982 Dei
1180 929 1352 998 regis,
1384 942 1449 982 ac
1480 913 1778 998 principis“,

184 1034 284 1077 nec
311 1034 410 1091 per
440 1019 633 1086 impias
660 1020 840 1090 vagari
870 1020 1232 1088 suspicionum
1263 1020 1594 1075 voluerimus
1634 1021 1780 1075 insa-

182 1111 300 1168 nias
319 1152 336 1178 ,
368 1111 790 1182 respondeamus
813 1126 1036 1167 necesse
1058 1122 1167 1179 est,
1220 1113 1432 1167 nescire
1480 1128 1576 1168 nos
1626 1116 1725 1167 ista
1755 1130 1769 1165 :

184 1218 283 1259 nec
309 1219 433 1275 qua:
460 1203 621 1258 nullis
644 1214 862 1272 possent
886 1203 1228 1259 facultatibus
1249 1204 1656 1273 comprehendi,
1687 1221 1780 1260 ex-

187 1295 393 1366 petisse
412 1294 705 1367 aliquando
724 1304 814 1351 aut
830 1295 1103 1353 studuisse
1118 1312 1467 1368 cognoscere.
1485 1299 1785 1370 meliusque

187 1388 470 1455 ducentes,
500 1388 801 1457 quinimmo
826 1389 1007 1459 potius
1031 1390 1198 1459 magis
1223 1390 1275 1445 in
1305 1390 1601 1445 inscientiae
1644 1392 1765 1444 lini-

192 1482 298 1539 bus
322 1492 482 1552 atque
511 1481 826 1553 ignorantia:
854 1497 1191 1551 permanere,
1222 1498 1381 1554 quam
1414 1484 1531 1537 sine
1566 1483 1676 1538 Deo
1705 1483 1786 1538 di-

189 1590 314 1632 cere
338 1574 472 1630 nihil
499 1574 614 1630 fteri
645 1572 767 1647 (per
794 1574 1183 1647 voluntatem),
1213 1586 1269 1629 ut
1299 1576 1459 1630 simul
1509 1577 1783 1647 intelliga-

196 1678 304 1735 tur,
331 1677 385 1724 et
412 1667 568 1723 malis
593 1683 714 1724 eum
739 1682 932 1723 causas
957 1668 1107 1734 dare,
1131 1676 1186 1723 et
1207 1669 1542 1724 miseriarum
1565 1684 1685 1724 esse
1711 1670 1787 1724 in-

196 1759 609 1817 numerabilium
664 1760 1020 1815 conditorem.
1055 1759 1192 1815 Mala
1219 1775 1370 1831 ergo,
1403 1760 1615 1827 dicetis,
1645 1761 1786 1817 unde

1890 557 2032 627 quod
2062 556 2299 611 inﬁnitas
2342 556 2537 611 habeat
2566 564 2727 626 atque
2765 554 3206 624 ineorruplibiles
3248 554 3494 626 volupta-

1896 658 1997 715 tes,
2031 649 2174 720 quod
2222 648 2325 704 sibi
2354 648 2583 719 quisque
2607 649 2919 718 contingere
2948 647 3088 702 votis
3115 646 3369 701 omnibus
3397 662 3492 701 ex-

1890 749 2062 810 petat,
2093 740 2332 810 forisque
2373 737 2552 795 abhis
2590 752 2713 795 esse
2739 738 3010 794 exitiabile
3048 752 3114 794 ac
3156 734 3497 793 mortiferum

1887 833 2072 888 ducat.

1959 926 2096 980 LVI.
2138 924 2345 982 Caetera
2373 939 2726 997 quaecumque
2752 931 2880 989 sunt
2901 923 3029 992 alia,
3058 939 3178 995 qua
3223 923 3276 979 in
3303 938 3484 994 quaes-

1893 1020 2129 1074 tionibus
2183 1020 2422 1075 assolent
2474 1019 2965 1090 controversiisque
3005 1019 3245 1085 versari,
3293 1018 3491 1090 quibus

1887 1112 2222 1183 genitoribus
2272 1123 2389 1166 orta
2444 1112 2586 1178 sint,
2634 1112 2720 1167 vel
2759 1111 2954 1182 quibus
2996 1110 3270 1167 actoribus
3316 1108 3489 1176 fiant,

1888 1220 2065 1268 neque
2091 1219 2260 1261 nosce
2280 1204 2658 1260 contendimus
2676 1245 2692 1271 ,
2722 1219 2899 1273 neque
2921 1203 3194 1273 inquirere
3222 1211 3314 1256 aut
3335 1200 3495 1256 vesti-

1889 1312 2018 1367 gare
2047 1312 2325 1363 curamus;
2356 1297 2471 1352 suis
2505 1296 2687 1352 omnia
2736 1296 3089 1367 relinquimus
3136 1292 3335 1362 causis,
3391 1307 3493 1349 nec

1885 1389 1952 1445 ad
1982 1390 2033 1443 id
2064 1389 2208 1461 quod
2239 1390 2561 1459 expetimus,
2588 1405 2713 1446 esse
2742 1389 2899 1444 nobis
2922 1388 3176 1459 adjuncta
3207 1398 3369 1459 atque
3394 1402 3483 1458 ap-

1887 1483 2085 1552 plicata
2107 1482 2429 1552 iudicamus.
2463 1481 2604 1550 Quid
2630 1492 2715 1537 est
2739 1482 2884 1538 enim
2911 1480 3056 1552 quod
3079 1481 3311 1536 humana
3335 1480 3491 1551 inge-

1888 1578 1975 1631 nia
2002 1576 2347 1643 labefactare,
2373 1576 2674 1632 dissolvere
2700 1574 2881 1630 studio
2910 1573 3355 1631 eontradictionis
3382 1587 3495 1628 non

1888 1670 2163 1736 audeant,
2213 1669 2459 1740 quamvis
2491 1668 2654 1735 illud,
2689 1667 2837 1737 quod
2869 1666 3145 1723 infirmare
3171 1665 3488 1732 moliuntur,

1888 1764 1961 1819 sit
1983 1779 2196 1835 purum,
2229 1775 2284 1820 et
2312 1763 2593 1835 liquidum,
2623 1771 2681 1820 et
2699 1762 2945 1818 veritatis
2965 1762 3339 1834 obsignatione
3362 1776 3484 1816 mu-

188 1853 452 1909 sunthaec
476 1852 694 1907 omnia?
729 1852 808 1907 Ex
833 1852 1117 1908 elementis
1141 1892 1156 1916 ,
1188 1853 1468 1923 inquiunt,
1497 1862 1550 1908 et
1577 1869 1644 1908 ex
1688 1869 1776 1908 co-
1815 1853 1863 1913 B
1901 1857 2105 1910 nilum?
2136 1857 2244 1911 Aut
2278 1855 2407 1936 quid
2436 1870 2622 1911 rursus
2662 1870 2907 1912 asserere
2931 1853 3314 1910 verisimilibus
3340 1867 3495 1923 argu-

188 1960 306 2002 rum
336 1944 789 2016 inaequabilitate,
820 1946 1125 2014 sapientes;
1157 1946 1300 2017 quod
1331 1945 1446 2002 fieri
1470 1945 1561 2017 qui
1584 1947 1776 2017 possit,

188 2049 267 2094 ut“
299 2053 421 2109 quae
466 2051 684 2092 sensum
711 2045 767 2093 et
801 2036 1061 2108 judicium
1092 2053 1197 2092 non
1229 2038 1462 2107 habent,
1508 2040 1780 2094 maliciosa

188 2146 310 2189 esse
336 2129 723 2202 perhibeantur
742 2138 798 2186 et
818 2133 977 2186 noxia
997 2140 1116 2186 :aut
1138 2146 1245 2186 non
1274 2132 1363 2187 ille
1383 2133 1452 2186 sit
1479 2133 1657 2202 potius
1678 2150 1785 2189 ma-

188 2224 403 2279 litiosus
426 2232 481 2279 et
511 2224 722 2288 noxius,
746 2224 836 2292 qui
866 2237 953 2279 res
976 2224 1237 2294 pessimas
1258 2224 1462 2280 futuras
1479 2226 1529 2280 in
1551 2226 1776 2295 aliCujus

190 2315 371 2387 operis
395 2317 687 2384 assumpsit
717 2315 987 2383 ell’eetum,
1023 2330 1207 2371 eorum
1237 2326 1320 2371 est
1342 2358 1357 2382 ,
1387 2316 1475 2388 qui
1504 2328 1776 2386 asserunt,

186 2407 492 2480 pervidere.
533 2407 671 2474 Quid
700 2422 829 2477 ergo
860 2423 991 2471 nos,
1029 2408 1212 2463 unde?
1258 2408 1650 2479 Responsionis
1684 2426 1782 2465 ne—

190 2504 416 2559 cessitas
444 2502 590 2557 nulla
620 2512 704 2557 est
726 2543 742 2567 ,
773 2503 888 2558 sive
916 2503 1060 2557 enim
1100 2517 1389 2573 possumus
1417 2503 1619 2571 dicere,
1671 2503 1785 2559 sive

188 2594 371 2651 minus
398 2593 658 2660 valemus,
692 2607 791 2649 nec
821 2608 1123 2665 possumus,
1176 2603 1462 2664 utrumque
1493 2594 1634 2666 apud
1674 2612 1776 2650 nos

185 2701 415 2758 parvum
455 2697 570 2753 est;
631 2703 731 2744 nec
787 2688 840 2742 in
892 2686 1101 2758 magnis
1156 2688 1484 2757 ponderibus
1538 2688 1786 2744 ducimus

186 2783 274 2838 vel
304 2782 554 2853 ignorare
584 2780 749 2847 istud,
783 2780 865 2835 vel
893 2781 1031 2835 scire
1052 2821 1067 2845 ,
1100 2796 1264 2835 unum
1318 2780 1491 2834 solum
1541 2781 1787 2851 posuisse

188 2878 467 2940 contenti;
501 2877 633 2932 nihil
678 2892 707 2930 ιι
761 2876 869 2931 Deo
902 2876 1144 2945 principe
1192 2874 1334 2945 quod
1367 2876 1437 2929 sit
1468 2889 1669 2929 nocens
1709 2885 1789 2929 at-

188 2990 297 3047 que
323 2973 562 3036 exitiale,
592 2971 879 3042 proﬁcisci.
915 2969 1028 3025 Hoc
1056 2979 1322 3036 tenemus,
1371 2969 1472 3024 ltoc
1502 2970 1754 3024 novimus
1773 3011 1788 3033 ,

189 3066 249 3122 in
275 3066 378 3121 bac
404 3080 509 3120 una
532 3063 879 3119 consistimus
903 3061 1225 3133 cognitionis
1244 3074 1298 3117 et
1324 3061 1564 3116 scientiae
1596 3062 1794 3116 verita-

1899 1948 2101 2003 mentis
2130 1964 2237 2003 non
2268 1957 2493 2018 queunt,
2522 1947 2770 2017 quamvis
2798 1946 2871 2003 sit
2897 1944 3239 2016 apertissime
3264 1944 3456 2007 falsum
3478 1983 3496 2008 ,

1894 2041 2142 2110 quamvis
2172 2040 2400 2096 evidens
2444 2040 2899 2111 manifestumque
2943 2038 3318 2095 mendacium?
3363 2034 3498 2092 Cum

1893 2135 2042 2189 enim
2070 2132 2173 2187 sibi
2204 2131 2535 2203 persuaserit
2555 2131 2677 2202 quis
2696 2148 2818 2188 esse
2846 2130 3050 2203 aliquid
3071 2170 3087 2196 ,
3111 2140 3204 2187 aut
3223 2146 3329 2185 non
3352 2143 3495 2195 esse,

1891 2234 2037 2280 amat
2058 2225 2199 2296 quod
2213 2226 2741 2295 opinaturasserere,
2769 2234 2826 2282 et
2844 2225 3091 2280 acumine
3108 2225 3245 2279 alios
3265 2224 3497 2289 anteire,

1892 2318 2128 2373 maxime
2145 2318 2189 2373 si
2212 2327 2400 2389 agatur
2429 2333 2517 2373 res
2548 2327 2839 2384 summota,
2869 2326 2926 2374 et
2947 2317 3177 2383 abditas,
3200 2317 3502 2387 etcaligine

1890 2410 2128 2466 involuta
2159 2420 2387 2466 naturae.
2412 2410 2667 2466 Mundum
2690 2411 2908 2482 quidam
2929 2426 2994 2467 ex
3019 2410 3352 2481 sapientibus
3380 2410 3490 2466 exi-

1887 2504 2111 2558 stimant
2131 2519 2307 2574 neque
2336 2518 2459 2560 esse
2485 2513 2669 2559 natutn
2685 2503 2737 2571 b,
2764 2520 2942 2575 neque
2970 2504 3117 2559 nullo
3141 2519 3263 2559 esse
3290 2505 3344 2557 in
3372 2511 3499 2558 tent-

1898 2612 2029 2666 pore
2053 2596 2375 2665 periturum;
2407 2596 2766 2652 immortalem
2794 2596 3061 2660 nonnulli,
3093 2596 3350 2667 quamvis
3376 2611 3501 2651 eum

1899 2690 2247 2745 conscribant
2271 2704 2393 2745 esse
2422 2700 2606 2744 natum
2637 2698 2694 2745 et
2718 2692 2977 2761 genitum.
3006 2689 3206 2745 Tertiis
3244 2705 3372 2745 vero
3400 2688 3506 2745 col-

1898 2780 2107 2835 libitum
2138 2782 2319 2835 dicere
2347 2790 2449 2847 est,
2480 2789 2535 2835 et
2560 2795 2682 2836 esse
2708 2790 2913 2847 natum,
2943 2789 2997 2835 et
3019 2780 3282 2851 genitum,
3331 2790 3380 2834 et
3414 2795 3497 2834 or-

1896 2873 2102 2929 dinaria
2134 2874 2458 2929 necessitate
2506 2874 2825 2944 periturum.
2872 2873 2943 2929 Et
2985 2888 3107 2928 cum
3148 2888 3214 2929 ex
3244 2873 3361 2927 istis
3391 2872 3503 2943 upi-

1898 2968 2149 3023 nionibus
2181 2968 2336 3022 trinis
2365 2982 2523 3021 unam
2551 2981 2672 3022 esse
2695 2981 2918 3023 necesse
2947 2966 3018 3020 sit
3050 2980 3256 3032 veram,
3286 2964 3497 3020 cunctis

1902 3069 2080 3115 tamen
2111 3067 2423 3129 argumenta
2455 3073 2562 3113 non
2593 3057 2809 3125 desunt,
2840 3058 3035 3129 quibus
3058 3066 3114 3115 et
3140 3072 3236 3113 sua
3277 3057 3502 3113 decreta

186 3170 264 3228 te;
286 3156 504 3214 nihilab
521 3171 588 3213 eo
605 3155 860 3225 fieri,nisi
878 3153 1019 3228 quod
1040 3154 1372 3211 sitomnibus
1390 3151 1798 3223 salutare,quod
1827 3145 1873 3208 C
1903 3151 2228 3209 confirment
2250 3191 2264 3219 ,
2294 3158 2350 3208 et
2390 3150 2620 3207 aliorum
2668 3151 3024 3223 subrumpant
3075 3160 3133 3208 et
3182 3150 3508 3208 labefaciunt

1443 3306 1825 3366 LECTIONES
1862 3304 2279 3363 VARIANTES.

255 3458 281 3487 α
316 3453 770 3508 Abditaemsmale.

1971 3442 2000 3483 b
2035 3442 2277 3492 Siccatum
2298 3453 2373 3492 ms
2394 3437 2538 3492 male.

1587 3591 2150 3651 COMMENTARIUS.

265 3767 379 3825 LV.
413 3796 485 3808 —
536 3760 905 3820 Nominaliter.
954 3757 1045 3813 Sic
1086 3762 1275 3811 auctor
1324 3768 1419 3821 pro
1471 3752 1795 3825 nominatim,

195 3823 298 3912 qui
337 3823 396 3912 et
440 3836 599 3896 infra.
632 3835 672 3890 l.
720 3849 815 3899 vtt,
862 3829 1228 3886 nominitamus
1267 3824 1402 3880 dixit
1437 3840 1534 3895 pro
1563 3823 1799 3877 nomina-

192 3910 334 3967 mus.
358 3910 647 3967 Novanius.

272 4004 568 4071 Quinimmo
597 4000 765 4067 potius
785 3996 979 4071 magis.
1014 3995 1090 4049 De
1128 3991 1356 4071 duplicis
1387 3989 1547 4071 hujus
1562 4002 1799 4071 compa-

195 4060 360 4134 τειιῖνί
389 4060 717 4127 abundantia
748 4060 1048 4129 videinfra,
1075 4065 1140 4119 ad
1173 4060 1220 4118 Ιξ
1242 4079 1330 4134 vlt.
1361 4076 1409 4116 c.
1448 4062 1531 4134 18.
1558 4060 1762 4134 Onenc.

276 4146 448 4213 Quam
478 4146 588 4198 sine
616 4142 721 4216 Deo
757 4141 929 4216 dicere
972 4135 1254 4216 niltilhﬁeri
1292 4132 1406 4216 (per
1431 4130 1797 4216 uoluntatem).

198 4204 395 4275 ld-‘eSl
446 4216 564 4271 sine
618 4212 710 4266 Dei
763 4211 1059 4265 voluntate.
1102 4204 1236 4261 Cum
1266 4204 1339 4258 ait
1376 4204 1537 4275 igitur
1581 4218 1671 4275 per
1717 4216 1806 4253 vo-

200 4271 480 4350 luntatem,
533 4283 769 4352 explicat
816 4279 959 4351 quod
1007 4277 1225 4352 digerat
1263 4271 1600 4352 εεὶιιέ-ῼρρ.
1630 4271 1809 4352 Quare

201 4341 350 4417 iii—liii
377 4341 696 4413 mutandum
743 4341 1015 4408 existimo.
1054 4348 1296 4403 "ERALD.
1325 4376 1395 4387 -—
1425 4344 1611 4417 Editio
1638 4341 1808 4412 Lugd.

201 4416 330 4489 Bal.
363 4429 528 4484 habet
553 4447 565 4480 :
602 4426 768 4494 Quam
791 4424 899 4477 sine
927 4419 1025 4474 Dei
1048 4420 1216 4494 dicere
1240 4418 1371 4471 nihil
1392 4416 1503 4494 ﬁeri
1532 4416 1809 4494 voluntate.

203 4484 348 4561 ﬁilti
374 4500 536 4555 verba
584 4484 673 4568 per
716 4495 1025 4568 voluntatem
1076 4486 1633 4568 glosseuta__videntur_
1659 4484 1813 4567 scioli
1842 4503 1894 4563 Ι)

206 4557 503 4643 cujusdam
556 4557 761 4643 librarii
817 4566 869 4618 in
927 4557 1172 4643 margine.
1229 4560 1501 4643 exulic‘are
1550 4557 1808 4621 volentis,

201 4630 338 4717 quid
368 4644 440 4698 sit
463 4642 573 4695 sine
602 4638 711 4693 Deo
739 4649 944 4708 :quare
967 4634 1126 4687 uncis
1148 4632 1361 4686 inclusi.
1396 4630 1602 4683 Onnnn.

287 4733 401 4789 Nec
422 4734 477 4787 in
500 4729 702 4800 magnis
735 4723 1334 4803 ponderibus_ducimus.
1365 4720 1455 4803 Sic
1503 4717 1817 4800 emendavit

209 4805 506 4863 Meursius.
541 4796 712 4856 Antea
738 4796 1005 4852 duximus.
1044 4796 1138 4849 Est
1162 4802 1340 4846 autem
1371 4796 1424 4843 in
1466 4796 1666 4863 magnis
1693 4805 1823 4857 pon-

212 4861 427 4933 deribus
451 4875 636 4948 ducere
665 4871 825 4948 idem
872 4866 1013 4948 quod
1043 4868 1095 4919 in
1120 4879 1305 4948 inagna
1326 4861 1816 4948 (negotioLliabei-e,

210 4931 271 5006 iu
287 4948 489 5022 μεγάλῳ
513 4945 758 5008 τίθεσθαι,
791 4931 1055 4995 ποιέἰσθαι
1095 4938 1217 5010 περὶ
1260 4932 1445 4987 πολλοῦ
1478 4931 1818 5026 apiarzncos.

212 5020 344 5074 για.
372 5017 676 5073 Casaulmn.
710 5015 775 5066 ad
794 5014 1018 5067 Sueten.
1037 5006 1264 5071 Caesar.,
1283 5019 1333 5058 c.
1366 5003 1456 5068 25,
1479 5017 1533 5071 p.
1565 5002 1689 5067 100,
1710 5001 1818 5056 vol.

224 5038 344 5075 για.
372 5038 676 5073 hasmlltmt.
710 5038 775 5066 au
794 5038 1018 5067 ῠιιυιυιι.
1037 5038 1207 5062 uenatu
1225 5045 1264 5071 .,
1283 5038 1333 5058 υ.
1370 5038 1456 5068 μυ,

214 5108 312 5159 ιιι,
347 5089 436 5145 ed.
469 5086 635 5143 Wolf.
668 5087 870 5139 υιιειι..
1271 5148 1281 5159 _

294 5148 437 5237 LVI.
491 5209 565 5220 -—-
624 5175 880 5231 Mundam
931 5170 1142 5241 quidam
1195 5148 1633 5249 exisapienlibus
1684 5163 1823 5249 (rsti-

216 5264 365 5311 mant
410 5267 568 5331 neque
594 5265 701 5331 esse
729 5255 926 5331 natum,
945 5239 1113 5326 neque
1152 5239 1341 5331 ttllo‘i‘tt
1371 5248 1595 5331 tempqre
1625 5239 1824 5331 perit-u-

217 5306 365 5381 runt.
423 5306 729 5378 Heraclitus
785 5306 1201 5389 Epliesiusap.
1256 5310 1593 5389 pigmentem
1630 5306 1822 5389 fili-it?

220 5377 375 5453 ιῗγι.
413 5377 701 5457 Strontat.,
759 5404 813 5457 p.
839 5377 965 5457 '25:;
1018 5383 1103 5451 (τι
1124 5377 1173 5457 t'._
1206 5380 1294 5457 9d.
1327 5380 1557 5457 Potter.,
1593 5377 1682 5430 ubi
1712 5377 1823 5457 viii.

222 5448 672 5538 ejusdgnotam);
688 5448 1177 5538 AristOteles;aputl
1210 5452 1478 5538 Lactant?
1500 5449 1629 5538 1..u,
1654 5464 1708 5538 c.
1731 5448 1821 5538 £9;

224 5520 373 5601 Eia,
405 5535 593 5597 Tu'sc.,
625 5520 670 5586 l'.
699 5549 736 5592 ι.
761 5528 853 5587 29.
886 5536 938 5582 et
964 5520 1186 5589 Plin-ius,
1215 5525 1349 5576 llist.
1385 5529 1519 5585 nat,
1552 5520 1588 5601 l.
1616 5535 1654 5584 ι,
1683 5534 1734 5572 c.
1771 5520 1821 5584 i,

224 5608 374 5645 ρηηι
427 5606 528 5645 Iun
601 5602 905 5645 Dhilnrovr-
971 5596 1036 5645 ad
1085 5612 1120 5645 ιι
1156 5612 1170 5645 :
1205 5596 1401 5645 Georg.
1435 5591 1644 5645 Virml..
1672 5606 1720 5641 v.
1746 5590 1778 5643 li
1808 5605 1822 5645 :

224 5596 390 5665 Coui.
423 5606 551 5662 Jun.
582 5596 928 5672 ’Pltilargyru
971 5596 1036 5650 ad
1085 5612 1120 5649 ιι
1156 5612 1170 5660 ;
1205 5596 1401 5663 Georg.
1435 5596 1644 5662 Virgil.,
1672 5606 1720 5641 ιν.
1746 5596 1778 5643 li
1808 5605 1824 5653 ;

224 5677 540 5739 Plutarcb.,
572 5675 640 5730 de
694 5672 884 5728 Plaett.
930 5667 1229 5739 Pliilos.,_l.
1261 5683 1315 5729 Il,
1349 5679 1401 5719 c.
1434 5663 1472 5739 ξ
1497 5681 1511 5728 ;
1546 5663 1821 5739 ᾼιιιιιιθεη

226 5731 718 5817 Ῐίιξῆιιιιιιιιιειοιι
740 5786 765 5817 ,
788 5758 835 5817 ο,
871 5757 938 5817 Διιι
970 5748 1031 5817 et_
1052 5755 1115 5817 v._
1145 5731 1589 5817 ’Ecueun._Conf.
1615 5731 1683 5817 de
1707 5740 1827 5817 toto

228 5803 347 5878 iio‘é
385 5803 518 5875 loco
566 5818 690 5872 Ant.
743 5803 921 5870 Delrio
967 5811 1033 5866 ad
1082 5808 1361 5881 Syntagm.
1407 5804 1661 5877 Tragead.
1706 5803 1825 5869 lat.,

236 5894 305 5958 Ρ.
334 5907 415 5958 ιιι,
446 5904 500 5963 p.
530 5888 637 5947 552
664 5902 779 5965 seq.
808 5884 1013 5942 Οιιειι..

302 6074 331 6097 α

1974 3746 2331 3804 Immortalem
2361 3748 2598 3804 nonnulli
2642 3748 2873 3819 quamvis
2897 3763 3013 3803 eum
3058 3749 3382 3804 conscribant
3407 3766 3514 3807 esse

1900 3832 2078 3875 natum
2108 3830 2153 3874 et
2180 3820 2427 3890 genitum.
2461 3818 2703 3874 Platonis
2751 3820 2968 3890 dogma.
2999 3818 3123 3876 ⁸Ὀτι
3171 3822 3384 3889 (scribit
3423 3824 3516 3879 ille

1900 3838 2078 3875 natum
2108 3838 2153 3874 et
2216 3838 2427 3884 engmm.
2461 3838 2703 3874 l’ltllmlls
2751 3838 2967 3890 angina.
3030 3838 3123 3876 Οτι
3171 3838 3384 3889 (serum
3423 3838 3515 3879 Ille

1898 3892 1954 3945 in
1980 3838 2212 3967 ijtepg
2227 3893 2386 3967 αὐξιςρς
2406 3891 2734 3967 μὲνᾼφθᾳρτὸς
2757 3892 2916 3967 ἕσςτιν.
2989 3894 3209 3967 γέγονεν,
3228 3894 3286 3967 at}
3305 3894 3515 3954 λυθήσε-

1902 3913 1954 3945 ΙΙΙ
1993 3913 2009 3945 Ι
2029 3913 2205 3959 ΙΙΙΙῖΕΠ)
2227 3913 2386 3951 αυτος
2406 3913 2495 3963 μεν
2517 3913 2734 3967 φυαρτος
2757 3913 2916 3947 εστιν.
2937 3913 2947 3921 ’
2989 3913 3209 3965 Ἱεγονεν,
3228 3914 3286 3947 ου
3307 3913 3512 3954 Λνυησε-

1902 3985 1987 4039 ται
2006 3960 2195 4039 δὲΑᾳύδέ
2220 3962 2456 4039 τεύξεται
2471 3963 2909 4039 *θανάτουῃμοίρας
2934 3913 3021 4020 ἕιὰ
3041 3969 3131 4022 τήν
3155 3963 3396 4039 ﬁculnea»
3423 3972 3512 4020 τοῦ

1906 4035 2037 4089 θεοῦ.
2061 4033 2346 4086 Consentit
2366 4043 2420 4087 et
2446 4036 2671 4087 llo-rmes
2690 4033 3057 4104 Trts'megistq
3080 4051 3131 4086 In
3163 4034 3515 4096 Poemandr.,

1904 4121 1957 4160 c.
1985 4108 2038 4160 8.
2072 4104 2129 4159 Ὀ
2174 4108 2345 4177 πατὴρ
2399 4106 2556 4164 αὐτὸς
2602 4104 2784 4160 ἑαυτοῦ
2807 4104 2970 4167 ἀΐδιος
3003 4123 3016 4138 ⁶
3044 4104 3144 4161 ὀδέ
3183 4108 3377 4177 κόσμιος
3416 4109 3519 4164 ὑπὸ

1911 4176 2462 4251 ’ςοῦ-πατρὸςᾳᾴείζωος
2488 4179 2569 4251 καὶ
2594 4178 2836 4251 ἁθάγατρς
2860 4177 3245 4251 γέγονεῃτ-(ὶοιιίξ
3275 4176 3515 4246 Apulei.,

1911 4246 1981 4319 de
2014 4246 2199 4319 Dogt'n.
2220 4246 2384 4311 Plat.,
2411 4256 2466 4300 et
2492 4247 2757 4316 inprimis,
2782 4247 2833 4303 J.
2856 4246 3007 4318 Lips.
3026 4246 3514 4319 Physiolog.Stoic.

1915 4318 1952 4373 I.
1976 4334 2033 4384 ιι,
2068 4318 2295 4373 Dissert.
2324 4333 2415 4387 xx,
2444 4332 2497 4387 p.
2543 4319 2685 4385 951,
2714 4333 2796 4388 sq.
2843 4321 2972 4389 0p.,
3026 4327 3065 4374 I.
3098 4333 3173 4383 tv,
3199 4318 3302 4444 δᾶ.
3336 4319 3515 4375 Vesal.

1929 4431 1932 4435 η
3248 4406 3406 4444 nene.

1929 4431 1932 4435 .
3199 4406 3406 4445 URELL.

1994 4457 2058 4514 Et
2086 4476 2195 4514 esse
2252 4469 2432 4513 natum
2485 4470 2532 4514 et
2578 4460 2805 4530 genitum
2851 4467 2898 4512 et
2925 4458 3193 4530 ordinaria
3210 4462 3520 4530 necessitate

1921 4532 2225 4602 periturum.
2262 4528 2591 4602 Stoicorum
2617 4530 2907 4602 sententia.
2963 4529 3166 4586 Senec.
3196 4528 3519 4602 ConSol.ad

1929 4597 2146 4674 Polyb..
2174 4619 2225 4657 c.
2254 4602 2372 4674 20.“
2395 4597 2479 4674 Ita
2519 4609 2598 4674 est
2627 4614 2646 4651 :
2676 4599 2807 4674 nihil
2833 4609 3174 4674 perpetuum,
3207 4615 3372 4666 pauca
3399 4601 3519 4674 diu-

1928 4668 2084 4728 turna
2112 4682 2230 4727 sunt
2259 4687 2277 4725 :
2302 4672 2447 4724 aliud
2474 4670 2578 4723 alio
2608 4669 2761 4722 modo
2817 4668 3003 4739 fragile
3031 4678 3123 4737 est,
3157 4685 3337 4739 rerum
3358 4672 3520 4726 exitus

1927 4746 2216 4797 variantur.
2248 4740 2503 4796 Craterum
2530 4739 2782 4810 quidquid
2806 4738 2978 4806 coepit,
3009 4749 3056 4792 et
3082 4740 3288 4794 desinit.
3321 4738 3373 4795 Μ
3382 4742 3521 4797 unde

1924 4815 2135 4883 quidam
2190 4814 2453 4883 minantur
2506 4812 2789 4873 interitum,
2822 4820 2868 4864 et
2897 4810 3013 4883 hoc
3044 4811 3354 4880 universum,
3385 4813 3522 4878 quod

1926 4882 2101 4939 Omnia
2144 4883 2320 4937 divina
2375 4882 2701 4953 humanaque
2747 4882 3125 4950 complectitur,
3161 4884 3205 4936 si
3258 4884 3339 4953 [as
3370 4895 3521 4952 putas

1925 4956 2151 5017 credere,
2175 4955 2283 5007 dies
2330 4953 2539 5025 aliquis?
2563 4952 2855 5024 dissipabit,
2885 4962 2930 5008 et
2960 4956 3015 5008 in
3063 4952 3416 5025 confusionem
3439 4971 3521 5008 ve-

1925 5037 2081 5080 terem
2134 5029 2464 5095 tenebrasque
2504 5024 2784 5095 demerget.
2817 5024 2899 5081 Cf.
2934 5025 3110 5095 ejusd.
3139 5024 3340 5091 Quaest.
3369 5025 3517 5089 Nat.,

1926 5097 1965 5151 l.
2001 5111 2079 5162 ιιι,
2109 5110 2159 5151 c.
2184 5094 2275 5155 29.
2304 5106 2360 5150 et
2381 5093 2651 5169 'AJLLips.
2685 5093 3011 5169 ’Pltysiolog.
3064 5096 3258 5169 Stoic.,
3282 5098 3518 5169 Dissert.

1927 5182 2025 5239 xxi
2047 5177 2101 5221 et
2128 5182 2260 5230 χχιι,
2303 5183 2354 5234 p.
2387 5165 2495 5223 952
2537 5182 2716 5239 seqq,
2744 5165 2836 5238 qui
2867 5168 3046 5224 omnia
3094 5168 3211 5222 loca
3239 5168 3523 5238 diligenter

1928 5237 2164 5306 collegit.
2212 5239 2415 5292 URELL.

2000 5308 2584 5378 Aliorumsubrumpant
2607 5320 2655 5364 et
2684 5310 2996 5381 labefaciunt
3020 5310 3170 5364 scita.
3200 5309 3298 5381 Ms.
3334 5309 3522 5364 subru-

1930 5380 2095 5449 piant,
2128 5381 2269 5452 quod
2302 5390 2482 5435 tuetur
2515 5381 2780 5436 Meursius
2800 5380 2807 5381 “
2827 5384 2880 5435 in
2914 5381 3165 5452 Append.
3205 5380 3299 5436 sed
3330 5381 3524 5452 vellem

1936 5452 2096 5523 nobis
2144 5451 2501 5523 hujusﬂverbi
2565 5451 3012 5523 explicatiottent’
3048 5451 3306 5523 dedisset.
3366 5451 3520 5506 Fulv.

1930 5521 2162 5578 Ursinus
2209 5521 2264 5577 et
2293 5522 2499 5576 Modius
2552 5523 2821 5576 subruunt.
2856 5521 2960 5575 Pro
3007 5522 3134 5575 scita
3182 5521 3304 5577 libri
3335 5538 3526 5579 omnes

1930 5602 2147 5661 secreta,
2175 5592 2318 5663 quod
2373 5602 2554 5665 ortum
2591 5592 2806 5665 videtur
2832 5607 2862 5646 a
2894 5592 3117 5646 librario
3143 5593 3283 5665 male
3316 5595 3527 5665 legente

1930 5681 1986 5719 v.
2033 5666 2161 5719 scita
2226 5675 2282 5720 et
2324 5678 2424 5733 pro
2471 5663 2838 5733 abreviatione
2886 5670 2977 5719 τοῦ
3025 5675 3216 5718 secreta
3267 5663 3525 5721 habente.

1934 5735 2148 5810 νειμ),
2170 5735 2263 5790 Fr.
2295 5731 2573 5810 Gronov,
2592 5733 2659 5787 ad
2707 5731 2976 5806 Macrob.,
3014 5734 3068 5791 in
3099 5735 3293 5792 Somn.
3348 5738 3525 5810 Scip.,

1931 5821 1982 5862 c.
2019 5808 2105 5876 l7,
2136 5807 2174 5862 1.
2204 5822 2264 5875 ιι,
2288 5821 2343 5877 p.
2387 5803 2510 5862 185.
2535 5803 2733 5861 Οιιειι..
