4034 6272
190 319 303 379 915

1521 324 1725 381 LIBER
1762 323 2143 385 SECUNDUS.

3380 336 3486 394 9M

264 434 451 494 LXVI.
493 437 644 495 Licet
688 453 817 510 ergo
865 447 922 494 tu
966 454 1152 511 purus,
1199 449 1254 497 et
1302 440 1371 497 ab
1420 442 1567 497 omni
1620 441 1787 498 fueris
1814 451 1946 510 Aet
1998 445 2317 501 lautioribus
2370 449 2709 505 successibus
2761 450 3035 518 institutis,
3085 466 3190 508 non
3241 454 3490 524 antiquas

189 532 444 587 vitiorum
476 532 931 589 contaminatione
958 545 1235 604 purgatus,
1267 534 1643 590 conciliaveris
1670 535 1788 591 illas

190 633 358 695 atque
405 625 674 681 inueneris
714 635 1024 697 pote~tates,
1069 628 1135 683 ad
1186 630 1380 685 cmlum
1427 630 1673 685 redeunti
1724 646 1792 687 ne

189 716 310 795 yias
336 716 555 772 cludant
579 727 738 788 atque
764 719 1047 789 obsepiant
1073 722 1378 784 transitum,
1416 723 1479 777 ad
1513 724 1791 779 immorta-

189 807 361 865 litatis
407 809 667 865 accedere
716 810 878 865 nullis
925 814 1125 881 poteris
1169 814 1607 869 contentionibus
1656 830 1791 885 pra:-

190 901 381 968 rnium,
410 901 530 970 nisi,
556 900 698 972 quod
728 902 897 970 ipsam
928 903 1381 959 immortalitatem
1404 906 1549 971 facit,
1572 904 1789 962 Christo

187 995 520 1051 altrihuenle
559 994 887 1065 perceperis,
915 1005 970 1050 et
1001 1011 1180 1052 veram
1222 996 1389 1053 l‘ueris
1417 998 1683 1054 admissus
1722 999 1789 1056 ad

186 1089 378 1143 vitam.
412 1087 547 1143 Nam
579 1088 720 1158 quod
749 1089 905 1144 nobis
934 1090 1207 1161 objectare
1234 1093 1560 1158 consuestis,
1602 1092 1791 1147 novel-

185 1183 297 1240 lam
342 1198 462 1239 esse
505 1185 822 1254 religionem
866 1197 1130 1254 nostram,
1179 1197 1233 1243 et
1276 1197 1402 1243 ante
1446 1188 1564 1243 dies
1612 1197 1790 1242 natam

186 1274 582 1346 prOpemndum
631 1289 852 1345 paucos,
885 1292 1060 1347 neque
1099 1294 1194 1334 vos
1238 1279 1477 1349 potuisse
1517 1279 1790 1342 antiquam

185 1377 245 1424 et
279 1367 505 1439 patriam
548 1368 815 1439 linquere,
862 1377 918 1423 et
961 1369 1014 1424 in
1057 1369 1318 1426 barbaros
1367 1370 1503 1425 ritus
1548 1370 1790 1440 peregri-

185 1474 397 1529 nosque
436 1459 665 1527 traduci,
711 1460 921 1517 ratione
952 1461 1093 1516 istud
1122 1462 1419 1516 intenditur
1447 1462 1611 1516 trulla.
1652 1461 1791 1528 Quid

183 1554 333 1609 enim
360 1553 404 1608 si
436 1552 537 1608 hoc
563 1553 724 1608 modo
749 1554 960 1623 culpam
992 1555 1219 1611 velimus
1247 1550 1491 1626 inﬂigere
1521 1554 1790 1625 prioribus

184 1643 296 1700 illis
323 1654 485 1714 atque
512 1645 903 1716 antiquissimis
940 1647 1177 1717 saeculis,
1224 1647 1366 1718 quod
1409 1646 1640 1701 inventis
1678 1645 1790 1700 fru-

180 1737 344 1810 gibus
370 1738 594 1808 glandes
632 1740 941 1809 spreverint
978 1749 1034 1796 et
1074 1740 1475 1810 repudiaverim
1514 1740 1700 1794 arbuta
1726 1739 1787 1793 al?

183 1830 336 1901 quod
379 1829 671 1886 corticibus
720 1834 931 1903 contegi
972 1842 1028 1889 et
1074 1834 1283 1888 amiciri
1327 1832 1589 1889 desierint
1638 1831 1793 1903 pelli-

181 1923 318 1988 bus,
353 1934 636 1994 postquam
681 1926 847 1980 vestis
884 1925 1180 1997 excogitata
1222 1936 1303 1981 est
1345 1927 1563 1992 textilis,
1599 1941 1693 1980 usu
1738 1936 1793 1983 et

1900 535 2265 592 adamaverint
2311 540 2537 608 casulas,
2589 556 2687 597 nec
2733 542 2834 597 sub
2878 543 3101 615 rupibus
3144 555 3200 600 et
3247 547 3497 602 cavernis

1902 632 2314 699 prieoptaverint
2360 642 2416 687 ut
2458 633 2653 688 bellua:
2692 635 3047 704 permanere?
3081 634 3379 692 Commune
3410 648 3494 694 est

1898 724 2167 789 omnibus,
2192 734 2246 778 ct
2265 726 2331 780 ab
2354 726 2481 795 ipsis
2509 742 2643 793 pene
2669 727 3009 783 incunabulis
3038 729 3315 795 traditum,
3342 731 3485 786 bona

1900 816 2054 871 malis
2082 818 2371 885 anteferre,
2401 819 2677 875 inutilibus
2705 821 2852 874 utilia
2894 837 3226 891 przeponere,
3258 834 3309 878 et
3349 824 3494 893 quod

1898 924 2018 965 esse
2062 912 2364 967 constiterit
2406 915 2713 981 pretiosius,
2760 913 2956 979 laetius,
2996 915 3049 969 id
3088 917 3390 971 consectari
3436 925 3492 972 et

1897 1014 2081 1073 petere
2105 1021 2117 1055 :
2144 1004 2196 1058 in
2222 1020 2392 1075 eoque
2411 1004 2645 1077 deﬁgere
2666 1020 2815 1076 spem
2841 1007 3052 1073 salutis,
3079 1015 3135 1063 et
3162 1008 3482 1066 salutarium

1897 1099 2324 1153 commodorum.

1970 1190 2180 1247 LXVII.
2220 1192 2407 1263 Itaque
2453 1207 2574 1248 cum
2626 1194 2781 1250 nobis
2831 1194 3108 1250 intenditis
3154 1195 3496 1251 aversionem

1899 1298 1965 1338 ex
1993 1283 2252 1353 religione
2281 1286 2540 1355 priorum,
2563 1302 2781 1341 causam
2812 1289 3063 1343 convenit
3092 1299 3148 1343 ut
3177 1288 3498 1359 inspiciatis.

1908 1391 2015 1431 non
2062 1379 2298 1431 factum:
2333 1394 2432 1433 nec
2469 1380 2593 1450 quid
2637 1380 3034 1451 reliquerimus,
3079 1396 3372 1450 apponere,
3401 1380 3497 1437 sed

1904 1469 2071 1522 secuti
2102 1468 2227 1538 quid
2258 1469 2448 1536 simus,
2476 1471 2809 1538 potissimum
2841 1474 3104 1526 contueri.
3139 1472 3269 1527 Nam
3298 1474 3342 1528 si
3372 1490 3492 1528 mu-

1903 1567 2017 1614 tare
2047 1560 2364 1615 sententiam
2396 1563 2551 1630 culpa
2577 1571 2660 1617 est
2690 1563 2815 1627 ulla,
2846 1563 2927 1618 vel
2956 1564 3184 1629 crimen,
3217 1572 3271 1618 et
3292 1580 3322 1618 a
3352 1574 3501 1620 vetc-

1902 1651 2052 1706 ribus
2085 1652 2342 1707 institutis
2371 1654 2422 1707 in
2459 1654 2593 1708 alias
2629 1668 2718 1709 res
2754 1669 2920 1709 novas
2949 1655 3363 1725 voluntatesque
3394 1658 3498 1710 mi-

1903 1758 2093 1813 grare;
2121 1744 2424 1799 criminatio
2446 1746 2544 1800 ista
2569 1756 2623 1800 et
2652 1760 2749 1800 vos
2773 1755 2999 1816 spectat,
3027 1748 3115 1817 qui
3141 1748 3301 1802 toties
3328 1748 3494 1802 vitam
3568 1736 3577 1749 ’

1901 1835 2455 1906 consuetudinemque
2494 1839 2743 1892 mutastis
2773 1856 2785 1891 :
2817 1838 2908 1905 qui
2938 1839 2987 1892 in
3021 1853 3200 1893 mores
3227 1838 3385 1905 alios,
3416 1848 3497 1892 at-

1900 1940 2008 1994 que
2055 1926 2191 1981 alios
2242 1927 2379 1982 ritus
2429 1930 2666 1998 priorum
2711 1930 3159 1986 condemnatione
3207 1931 3498 1986 transistis.

185 1989 578 2072 commoditate
608 2018 972 2075 succinctior?
993 1989 1087 2075 alit
1115 2020 1256 2090 quod
1279 2020 1498 2076 structis
1525 1989 1792 2085 domibus,
1823 1989 1872 2049 Β
1899 1989 2170 2090 Numquid
2211 2021 2357 2077 enim
2411 1989 2645 2093 quinque
2686 2023 2737 2077 in
2771 2023 2975 2078 classes
3008 2021 3217 2078 habetis
3242 2021 3495 2094 populum

1427 2133 1813 2194 LECTIONES
1849 2133 2268 2193 VARIANTES.

241 2259 274 2290 ⁸
311 2258 527 2311 Arbusta
550 2272 644 2311 ms.
664 2257 809 2310 male.

1615 2354 2185 2417 COMMENTARIUS.

256 2459 447 2516 LXVI.
504 2489 575 2503 --
621 2461 705 2516 Ad
753 2461 937 2516 ctelum
992 2475 1057 2515 ne
1108 2458 1342 2513 redeunti
1392 2458 1501 2512 uias
1552 2456 1783 2512 cludant.

178 2530 292 2593 Ne.
321 2532 463 2603 quod
493 2533 648 2588 deest
676 2534 729 2587 in
772 2531 892 2587 cod.
930 2525 1032 2603 ms;
1061 2529 1465 2603 eteditionibus
1496 2530 1783 2603 prioribus,

176 2600 353 2660 sensu
379 2602 652 2675 ﬂagitante
679 2602 949 2659 revocavit
979 2600 1263 2675 Heraldus.
1298 2601 1525 2657 Cludant
1559 2600 1781 2675 verbum

176 2672 473 2744 antiquum
493 2691 590 2744 pro
618 2676 894 2744 claudant,
939 2673 1080 2744 quod
1123 2672 1418 2743 legebatur,
1455 2689 1484 2726 e
1513 2673 1636 2728 cod.
1670 2689 1773 2727 ms.

177 2742 419 2801 restiiuit
447 2742 551 2801 Tb.
572 2746 853 2801 Canterns.
871 2743 960 2798 Sic
990 2742 1149 2806 infra,
1185 2742 1276 2797 lib.
1303 2759 1395 2798 vn.
1432 2744 1549 2797 Non
1570 2746 1615 2797 si
1636 2745 1776 2798 mille

178 2825 239 2871 tu
289 2817 517 2887 pondera
570 2818 785 2873 masculi
831 2817 995 2869 tlmris
1037 2815 1301 2887 incendiis,
1349 2816 1630 2882 caelumque
1680 2816 1777 2869 hoc

180 2896 345 2943 totum
376 2889 770 2943 redundantiam
797 2903 1044 2956 raporum
1069 2886 1401 2941 nebulositate
1419 2887 1695 2949 cludatur;
1722 2897 1776 2941 et

178 2958 552 3014 Tertullianus
586 2978 599 3012 :
629 2961 912 3028 Apologct.
944 2973 1063 3026 cap.
1093 2958 1182 3021 ll,
1218 2960 1527 3026 properavit,
1566 2960 1773 3028 opinor,

177 3031 437 3102 gtcmlum
462 3031 615 3102 semel
636 3031 787 3085 clusit
808 3047 826 3083 :
850 3029 936 3102 ubi
969 3029 1055 3083 ed.
1080 3029 1457 3102 Havert-amp.,
1494 3029 1771 3102 pag.'422.

178 3098 345 3155 Plura
373 3101 617 3165 exempla
648 3102 864 3170 collegit
885 3099 1164 3167 Meursius,
1190 3098 1393 3155 ORELL.

259 3171 345 3226 Ne
364 3175 473 3226 uias
492 3174 720 3227 cludant.
752 3173 827 3227 Ita
859 3172 1142 3240 legendum
1166 3186 1231 3225 ex
1259 3186 1481 3225 romana
1513 3172 1771 3237 editione,

178 3258 293 3299 non
341 3244 607 3304 claudant.
653 3244 795 3313 quod
834 3243 1091 3299 Gelenius
1134 3242 1476 3310 interpolavit
1556 3246 1772 3312 Antiqui

179 3316 328 3370 enim
361 3330 454 3384 pro
485 3314 726 3369 claudere
760 3315 1010 3369 dicebant
1045 3313 1268 3367 cludere.
1300 3313 1433 3368 Vide
1460 3314 1679 3382 Meurs.,
1709 3316 1774 3369 ad

179 3384 331 3440 hunc
360 3386 534 3442 locum
562 3387 825 3454 imprimis
848 3386 933 3441 .ln.
964 3384 1250 3446 Rhodium,
1276 3385 1579 3455 quinnbem
1594 3401 1777 3440 exem-

221 3456 397 3511 lnrum
440 3459 570 3512 citat
599 3458 650 3511 in
698 3457 899 3512 Lexico
930 3456 1305 3513 Scriboniano.
1336 3457 1427 3510 Sic
1452 3456 1567 3525 ipse
1596 3456 1775 3511 Arno-

221 3471 397 3511 tnrum
440 3471 570 3512 citat
599 3473 650 3511 tn
698 3471 899 3512 Lexnco
930 3471 1305 3513 scrtnontano.
1336 3471 1427 3510 διο
1452 3471 1567 3525 Ipse
1596 3471 1775 3511 Arno-

180 3471 309 3583 Iiius
342 3529 498 3593 infra,
526 3529 618 3582 lib.
655 3545 763 3583 vn:
796 3528 919 3581 Non
948 3528 991 3581 si
1027 3527 1167 3580 mille
1205 3536 1259 3580 tu
1296 3527 1522 3596 pondera
1565 3529 1778 3582 masculi

181 3598 353 3652 thuris
381 3600 624 3656 incendiis
659 3600 939 3669 ctrlumque
966 3599 1245 3669 lwc_totum
1272 3600 1667 3653 redundantiam
1684 3615 1775 3653 va-

182 3684 370 3739 porum
397 3670 727 3724 nebulositate
751 3667 1019 3723 condatur.
1047 3667 1250 3723 ORBLL.

262 3739 439 3811 Neque
469 3757 553 3795 vos
585 3757 729 3808 posse
757 3741 1018 3810 antiquam
1055 3749 1101 3793 et
1123 3740 1339 3811 patriam
1380 3741 1621 3804 linquere.
1653 3751 1698 3795 et
1725 3742 1778 3795 in

182 3810 431 3866 barbaros
458 3813 584 3865 ritus
615 3813 1006 3882 peregrinosque
1025 3811 1238 3882 traduci
1285 3810 1540 3864 Nationes
1564 3812 1780 3882 religio-

183 3898 313 3939 nem
343 3883 442 3937 sibi
492 3881 739 3949 traditam
770 3897 799 3934 a
846 3881 1140 3951 majoribus
1186 3882 1613 3949 pertinacissime
1659 3881 1776 3937 tue-

182 3954 383 4010 bantur
409 3963 462 4006 et
488 3954 878 4017 defendebant;
922 3967 1021 4006 nec
1050 3952 1171 4005 ullis
1209 3953 1504 4006 rationibus
1535 3962 1780 4018 poterant

182 4039 254 4080 eo
280 4023 495 4087 deduci,
529 4034 586 4076 ιιι
621 4024 970 4077 inveteratam
1005 4024 1338 4091 patriamque
1373 4024 1693 4091 linquerent.
1725 4033 1780 4078 et

184 4109 360 4151 novos
386 4097 561 4149 cultus
589 4100 1061 4164 amplecterentur.
1093 4092 1271 4155 Cotta,
1305 4109 1392 4163 ap.
1423 4095 1536 4148 Cic.
1562 4096 1629 4148 de
1658 4094 1775 4149 Nat.

185 4167 365 4228 deor.,
403 4182 436 4219 ll
474 4183 487 4219 :
524 4164 645 4219 Non
672 4182 752 4219 me
783 4182 846 4219 ea:
875 4182 933 4218 ea
977 4164 1237 4230 opinione,
1267 4181 1417 4231 quam
1448 4182 1478 4216 α
1505 4165 1785 4232 majoribus

187 4238 364 4307 accepi
399 4237 463 4289 de
501 4237 640 4290 cultu
683 4238 894 4290 deorum
939 4235 1511 4307 immortalium,ullius
1541 4253 1780 4306 umquam

186 4310 354 4363 oratio
365 4318 451 4361 aut
464 4310 597 4361 docti
609 4318 698 4360 aut
715 4308 906 4361 indocti
921 4307 1149 4359 movebit.
1172 4306 1231 4360 D.
1248 4306 1497 4361 Clemens
1517 4307 1776 4376 Βοιωτίη,

188 4378 283 4434 lib.
308 4394 341 4433 v
369 4396 380 4432 :
408 4377 632 4446 [inpium
658 4390 728 4431 est
780 4379 825 4432 si
863 4395 962 4433 non
996 4378 1245 4445 colamus,
1274 4394 1399 4445 qum
1419 4378 1561 4431 nobis
1593 4381 1782 4433 tradita

189 4462 306 4505 sunt
334 4467 365 4501 η
393 4450 621 4519 patribus
651 4450 836 4519 nostris
854 4491 868 4512 ,
907 4460 950 4502 et
991 4449 1285 4519 religionem
1327 4452 1722 4517 prwvaricmtur
1751 4468 1782 4504 a

188 4521 470 4596 majoribus
496 4518 826 4596 datam._\_l_id.
850 4518 1113 4596 Porphyr.
1136 4524 1257 4596 πιρὶ
1276 4523 1483 4593 ἀποχῆς·
1502 4520 1774 4596 ἐμψύχως

191 4591 283 4645 lib.
319 4608 374 4659 ll;
403 4592 667 4647 Lactant..
702 4592 794 4646 lib.
830 4607 886 4657 ll,
917 4606 1033 4659 cap.
1067 4593 1121 4653 6;
1154 4591 1245 4644 lib.
1271 4607 1321 4652 v,
1353 4591 1473 4659 cap.
1504 4591 1602 4653 i9;
1634 4591 1773 4646 Ter-

192 4662 421 4724 tullian..
454 4664 757 4732 Apologct.,
792 4678 911 4732 cap.
955 4661 1017 4725 6;
1045 4661 1291 4727 Isocrat.,
1339 4663 1490 4717 Orat.
1532 4663 1597 4716 ad
1623 4662 1781 4717 Nico-

190 4733 353 4811 _c_l_etn,
406 4739 547 4811 napi;
567 4734 826 4805 βασιλείας
846 4751 860 4797 ;
923 4732 1489 4811 Ettseb.ul’t-:eparat.ﬂ
1513 4736 1779 4800 ev:mgel.,

192 4803 285 4863 lib.
316 4821 355 4866 ι,
380 4802 497 4872 cap'.
533 4802 581 4869 l';
613 4817 821 4860 nostras
846 4813 997 4858 notas
1026 4803 1091 4856 ad
1122 4802 1417 4857 Minatium.
1456 4806 1697 4858 Ιεζιιιειιιι.

268 4877 418 4941 Quod
446 4877 660 4930 inventis
686 4877 917 4946 frugibus
934 4875 1147 4946 glandes
1162 4876 1444 4944 spreverint
1467 4886 1510 4928 et
1540 4875 1775 4946 repudia-

192 4949 354 5001 verim
400 4950 597 5001 arbuta.
649 4945 816 5002 Habet
862 4945 979 5001 huic
1025 4960 1054 4998 τι
1096 4945 1364 5000 Lucretio.
1410 4946 1500 5000 Sic
1524 4948 1666 4998 enim
1695 4946 1788 5001 ille

194 5018 287 5075 lib.
319 5035 372 5084 v,
399 5034 541 5077 vers.
579 5018 683 5074 9'57
712 5036 830 5088 sqq.
881 5018 968 5074 ubi
1017 5018 1308 5087 primorum
1361 5016 1635 5070 hominum
1664 5017 1787 5072 vita:

194 5092 458 5146 rationem
485 5089 741 5144 describit
774 5107 788 5144 :
1624 5092 1629 5097 ’

321 5182 628 5233 Glandiferas
646 5184 779 5232 inter
802 5182 1039 5232 curabant
1058 5193 1264 5244 corpora
1288 5192 1506 5244 quercus

320 5246 643 5308 Plerumque,
671 5254 723 5296 et
741 5257 853 5309 quae
872 5257 1003 5295 nunc
1024 5242 1234 5309 hiberno
1259 5242 1483 5306 tempore
1502 5242 1668 5292 cernis

321 5310 513 5358 Arbuta
536 5306 771 5370 j‘teniceo’
786 5306 891 5357 ﬁeri
911 5315 1100 5370 matura
1124 5307 1290 5370 colore
1317 5320 1329 5370 ξ

323 5367 545 5421 Plurima
561 5379 661 5421 tum
680 5370 830 5420 tellus
845 5370 993 5420 etiam
1008 5368 1188 5431 majora
1211 5367 1422 5418 ferebat.

1444 5430 1684 5486 lienam.

274 5526 513 5583 Inventis
563 5525 801 5593 frugibus
841 5524 1038 5595 glande
1086 5524 1252 5589 vesci,
1303 5524 1643 5592 proverbium
1672 5537 1793 5579 esse

208 5598 421 5663 videtur
447 5598 584 5666 apud
606 5594 933 5652 Ciceronem
966 5596 1015 5649 in
1044 5594 1269 5650 Oratore
1298 5611 1346 5649 c.
1378 5596 1433 5650 9.
1465 5596 1735 5650 Ocnsuen.

281 5670 431 5738 Quod
450 5670 723 5723 corticibus
753 5668 974 5737 contegi,
1003 5677 1047 5719 et
1068 5667 1267 5738 amiciri
1298 5667 1534 5719 desierint
1551 5666 1786 5738 pellibus,

210 5736 472 5809 postquam
495 5742 645 5794 vestis
675 5739 959 5809 excogitata
987 5747 1058 5792 est
1079 5736 1659 5809 textilis.rPritna_enitn
1686 5737 1792 5806 pri-

212 5807 417 5868 inorum
448 5812 724 5865 hominum
755 5807 1057 5877 tegumenta
1100 5822 1132 5862 e
1174 5808 1461 5863 corticibus
1490 5807 1656 5864 fuisse
1686 5819 1793 5862 tra-

1896 2450 2119 2526 debanl,
2149 2454 2394 2523 proxima
2424 2470 2455 2511 e
2483 2455 2716 2526 pellibus
2749 2474 2762 2512 :
2794 2456 2878 2512 his
2907 2456 3234 2513 successisse
3285 2465 3494 2513 vestem

1896 2524 2161 2578 textilem.
2194 2524 2561 2593 Lucretius‘v,
2592 2529 2719 2592 951,
2752 2544 2905 2598 seqq.
2941 2547 2954 2582 :

2016 2615 2236 2680 Necdum
2260 2631 2346 2666 res
2368 2620 2467 2680 igni
2492 2620 2677 2668 scibant
2706 2627 2936 2677 tractare,
2957 2633 3055 2669 nec
3077 2621 3149 2671 uti

2017 2678 2240 2743 Pellibus
2257 2689 2309 2728 et
2329 2678 2501 2741 spoliis
2524 2695 2701 2743 corpus
2720 2682 2907 2731 vestire
2932 2681 3147 2743 ferarum
3168 2696 3181 2730 :

2009 2740 2108 2790 Sed
2132 2740 2368 2795 nemora,
2384 2752 2536 2804 atque
2555 2740 2699 2791 cavos
2715 2750 2929 2805 montes.
2955 2742 3207 2802 silvasque
3224 2743 3473 2805 colebant,

2007 2805 2069 2866 lit
2090 2804 2442 2853 l'rutieesinter
2463 2805 2741 2854 condebant
2758 2804 2977 2866 squalida
2998 2805 3236 2866 membra,

2011 2864 2233 2916 Verbera
2256 2871 2512 2916 ventorum
2529 2868 2706 2928 vitare,
2729 2864 3013 2928 imbresque
3044 2868 3219 2917 coacti.

3143 2930 3382 2985 IIERALD.

1955 3021 2303 3077 Sucressibus.
2335 3020 2390 3074 Id
2413 3028 2496 3073 est
2515 3018 2786 3091 domibus,
2821 3018 3131 3091 domiciliis.
3164 3021 3300 3075 Vide
3327 3035 3488 3091 supra

1881 3093 1947 3155 ad
1966 3093 2075 3171 ιιι).
2111 3108 2148 3155 ι,
2167 3107 2291 3171 _rap.
2438 3100 2494 3145 et
2523 3090 2748 3171 λίθω-8.,
2783 3091 2835 3144 in
2864 3090 2994 3143 tLrit.
3022 3106 3141 3171 pag.
3173 3091 3264 3147 80.
3285 3090 3491 3171 (inept.

1806 3144 1851 3206 Ο
1884 3144 2069 3217 “Nec
2097 3144 2188 3217 sub
2224 3144 2506 3231 rrupibu'siet
2535 3144 2765 3215 cauernis
2801 3144 3496 3229 prwoptdve‘rint'utbellitaé

1884 3250 2202 3305 permanere.
2230 3233 2475 3296 Juvenal,
2507 3243 2608 3286 sat.
2638 3248 2711 3297 vr,
2742 3235 2776 3285 ιθ.
2806 3247 2957 3301 seqq.

2076 3363 2086 3373 .
2126 3360 2139 3374 .
2180 3362 2191 3373 .
2230 3358 2243 3371 .
2283 3363 2295 3375 .
2336 3359 2349 3372 .
2391 3361 2403 3372 .
2446 3362 2456 3374 .
2495 3358 2509 3372 .
2567 3323 2725 3382 Quum
2751 3321 2929 3379 frigida
2956 3336 3133 3386 parvas

2069 3387 2331 3436 Praeberet
2353 3386 2585 3448 Spelunca
2601 3386 2792 3445 domos,
2814 3387 3106 3448 igne-mque,
3137 3385 3394 3449 laremque

2070 3449 2133 3500 Et
2157 3462 2329 3511 pecus,
2351 3456 2404 3499 et
2420 3450 2647 3498 dominos
2663 3449 2906 3498 communi
2931 3449 3187 3497 clauderet
3204 3449 3394 3498 umbra.

3094 3510 3343 3565 Eunus.

1960 3603 2271 3657 Constiterit.
2292 3603 2365 3657 Ita
2391 3602 2545 3656 Fulv.
2570 3601 2751 3657 Ursin.
2778 3602 2879 3657 Alii
2899 3602 3485 3661 constituerint.OItELL.

1959 3673 2169 3728 LXVII.
2211 3704 2279 3714 ——
2327 3674 2425 3740 Qui
2468 3676 2522 3727 in
2574 3689 2739 3727 mores
2794 3676 2926 3727 alios
2980 3684 3133 3742 atque
3183 3673 3313 3729 alios
3358 3677 3490 3731 ritus

1889 3747 2117 3813 priorum
2160 3745 2580 3799 condemnatione
2624 3746 2895 3798 transistis.
2937 3744 3263 3799 Prudentius
3295 3758 3489 3802 contra

1887 3815 2225 3887 Symmacb.,
2256 3816 2348 3869 lib.
2382 3831 2439 3879 ιι,
2469 3830 2609 3869 vers.
2642 3814 2769 3878 505,
2800 3830 2917 3883 seq.

2013 3904 2165 3968 βοτηε
2186 3907 2380 3967 antiqua
2405 3906 2499 3955 sibi
2524 3918 2620 3954 non
2642 3911 2833 3968 constat
2852 3918 2997 3955 versa
3029 3919 3120 3968 per
3144 3919 3304 3958 terum

2014 3966 2075 4030 Et
2101 3974 2284 4030 mutata
2305 3966 2473 4025 Sacris,
2493 3974 2683 4030 ornatu,
2712 3966 2927 4030 legibus,
2957 3966 3107 4030 armis
3135 3982 3147 4016 :

2016 4027 2165 4092 hiulta
2188 4029 2321 4085 colit,
2340 4043 2451 4092 quae
2472 4041 2564 4078 non
2578 4029 2735 4092 coluit
2757 4027 2851 4079 s'ub
2874 4043 2997 4092 rege
3018 4029 3245 4088 Quirino.

2016 4090 2231 4155 Instituit
2256 4090 2475 4153 quaedam
2492 4090 2688 4149 melius,
2716 4090 2948 4141 nonnulla
2972 4093 3181 4155 refugit.

2014 4152 2285 4217 Etpniorem’
2310 4155 2498 4217 variare
2524 4166 2667 4217 suum
2692 4166 2787 4202 nou
2811 4154 3024 4212 όθὸὶιῑὶῐ,
3052 4152 3114 4204 et
3129 4168 3243 4217 qua:

2016 4215 2213 4263 Pridcm
2234 4215 2658 4277 condideratjura,
2686 4217 2990 4277 in_eontraria
3016 4215 3179 4266 vertit.

2018 4277 2142 4334 Quid
2161 4278 2279 4339 mihi
2302 4285 2352 4325 tu
2373 4277 2496 4326 ritus
2514 4275 2702 4335 Solitos,
2739 4275 2954 4327 Romane
2980 4285 3195 4339 senator,

2015 4336 2285 4403 Objectas?
2317 4353 2467 4403 quum
2491 4340 2610 4388 scita
2638 4346 2845 4403 patrum,
2872 4339 3136 4403 pepuliquie
3159 4336 3459 4403 frequentes

2017 4399 2269 4464 Instabilis
2286 4399 2445 4464 placiti
2469 4399 2716 4464 sententia
2741 4399 3117 4464 flexanovarit‘?

2014 4462 2157 4525 I‘t’uuc
2177 4462 2322 4512 etiam
2347 4466 2544 4525 quoties
2560 4462 2717 4525 solitis
2733 4462 2981 4525 decedere
3008 4462 3209 4523 prodest

2011 4522 2400 4587 Praeteritosque
2425 4525 2623 4573 habitus
2643 4522 2774 4571 cultu
2800 4522 3031 4571 damnare
3059 4525 3272 4587 recenti.

3083 4585 3366 4640 Ilsutann.

1962 4677 2230 4746 Numquid
2273 4677 2404 4731 enim
2446 4676 2669 4745 quinque
2709 4675 2761 4727 in
2803 4675 2991 4728 classes
3021 4674 3214 4729 habeas
3240 4677 3491 4745 populum

1891 4749 2230 4803 distributum.
2266 4747 2440 4814 Quare
2478 4760 2713 4814 quinque
2746 4755 2950 4798 tantum
2997 4746 3199 4800 cIaSses
3243 4758 3492 4803 numeret

1893 4819 2182 4884 Arnobius,
2213 4834 2331 4871 cum
2370 4831 2463 4870 sex
2490 4816 2656 4870 fuisse
2683 4826 2894 4870 constet
2938 4831 3004 4871 ex
3036 4816 3206 4880 Livio,
3240 4817 3333 4872 lib.
3368 4835 3402 4884 ι,
3436 4827 3493 4873 et

1895 4895 1962 4943 Λ.
2006 4888 2198 4946 Gellio.
2235 4888 2326 4940 lib.
2365 4903 2420 4950 ιι,
2454 4902 2573 4954 cap.
2607 4887 2700 4953 28,
2729 4902 2887 4941 eausa
2925 4900 3009 4942 est
3056 4888 3197 4956 quod
3228 4899 3375 4943 sexta
3405 4891 3491 4944 vel

1895 4959 2078 5014 intima
2119 4960 2341 5022 classis,
2372 4958 2424 5030 in
2453 4973 2619 5030 quam
2640 4960 2785 5013 cives
2820 4960 3142 5029 panperrimi
3166 5000 3181 5021 ,
3215 4960 3491 5030 proletarii

1896 5040 1951 5085 et
1993 5031 2168 5099 capite
2206 5032 2351 5084 censi
2381 5029 2826 5094 detrudebantur,
2859 5046 2956 5099 pro
2982 5031 3121 5085 nulla
3152 5030 3487 5096 habebatur;

1896 5116 2065 5172 quare
2090 5102 2311 5169 quinque
2340 5109 2542 5172 tantum
2575 5102 2776 5154 classes
2805 5113 3101 5172 memorant
3138 5101 3345 5167 Livius,
3382 5103 3417 5155 I.
3448 5118 3487 5169 t,

1897 5170 1951 5227 et
1980 5170 2274 5237 Charisius,
2308 5172 2449 5242 quod
2488 5171 2625 5242 bene
2654 5180 2836 5226 monet
2865 5171 3127 5226 Meursius
3168 5172 3221 5226 in
3261 5171 3486 5239 Critico,

1898 5242 1994 5297 lib.
2024 5259 2083 5309 ιι,
2114 5257 2234 5311 cap.
2269 5241 2358 5307 16,
2389 5257 2442 5312 p.
2475 5241 2566 5306 8|,
2597 5251 2784 5297 contra
2814 5242 3022 5297 Justum
3051 5242 3287 5309 Lipsium
3317 5256 3489 5297 corri-

1898 5328 2025 5383 gere
2069 5315 2336 5369 volentem
2378 5315 2431 5367 in
2474 5330 2563 5367 sex
2589 5314 2793 5368 classes.
2828 5316 3094 5367 Caeterum
3128 5314 3303 5367 locum
3346 5316 3492 5368 hunc

1818 5445 1834 5457 ο
1900 5382 2425 5457 egregicillustravit
2455 5383 2620 5439 Ilenr.
2656 5384 2919 5457 Valesius,
2951 5384 3017 5457 a_d
3046 5382 3315 5457 Amminni
3348 5383 3489 5457 illar-

1901 5452 2079 5512 cellini
2100 5456 2258 5521 Hist.,
2285 5455 2375 5509 lib.
2406 5471 2511 5521 xw,
2536 5470 2589 5525 p.
2613 5456 2699 5519 II,
2725 5456 2886 5507 verba
2909 5472 2920 5506 :
2950 5452 3017 5525 _Et
3038 5454 3157 5508 olim
3181 5454 3293 5507 licet
3312 5456 3490 5510 otiosa

1900 5528 2000 5597 sint
2041 5527 2197 5581 tribus
2227 5523 2834 5597 pacatazqtte’centuriw;
2876 5523 3029 5597 cujus
3076 5526 3489 5597 integrauverba

1903 5596 1989 5652 hic
2016 5593 2319 5652 εκερτὶὺὸτιε
2363 5597 2540 5649 liceat.
2575 5595 2777 5647 Otiosas
2817 5596 3072 5648 centurias
3099 5597 3222 5647 dicit
3268 5593 3496 5650 Marccl.

1901 5669 2055 5729 linus,
2086 5672 2204 5737 quia
2233 5667 2421 5721 scilicet
2455 5676 2558 5718 tum
2590 5668 2745 5717 nulla:
2772 5676 2912 5737 erant
2946 5666 3103 5737 tribus
3124 5707 3138 5730 ,
3178 5667 3334 5720 nulla:
3375 5683 3494 5721 ceu-

1902 5741 2064 5792 turite.
2099 5735 2239 5792 Nam
2279 5737 2517 5792 centuria:
2546 5736 2745 5806 quidem
2777 5735 2865 5788 diu
2894 5746 3011 5789 ante
3050 5736 3342 5791 .Ilurrelliui
3371 5751 3499 5793 teta-

1901 5817 1999 5862 tem
2053 5810 2330 5877 desierunt,
2382 5817 2436 5861 ut
2485 5808 2625 5862 testis
2668 5815 2741 5860 cst
2786 5806 3040 5862 Arnobius
3094 5808 3292 5880 (nostro
3341 5806 3504 5882 loco),
