4034 6300
524 359 632 419 9‘27

1666 360 1951 423 ARNOBII
1979 361 2348 422 ADVERSUS
2385 362 2661 420 GENTES

3740 364 3874 422 928

528 472 781 531 Latinum
807 475 1004 548 gradus
1023 514 1039 541 ,
1068 475 1195 531 trini
1225 491 1239 530 :
1268 483 1328 530 ut
1357 475 1558 532 indicat
1575 477 1763 533 series.
1796 477 1966 532 Vultis
1996 476 2136 532 Fau-
2162 486 2217 543 Α
2239 478 2651 549 quamplurimis
2671 478 2897 545 anteire,
2915 494 3037 534 cum
3062 493 3090 532 a
3108 487 3257 535 certo
3277 480 3545 536 euenerint
3567 480 3871 551 tempore?

530 580 665 630 nus.
697 567 954 635 Latinus,
983 575 1038 623 et
1064 567 1244 635 Picus,
1276 569 1433 624 annis
1459 569 1693 624 vixerint
1718 569 1922 625 vicenis
1970 578 2133 640 atque

532 660 819 716 centenis?
866 660 1002 715 ultra
1049 661 1192 716 enim
1246 671 1477 733 negatur
1530 677 1695 733 posse
1742 662 1978 717 hominis
2026 663 2133 717 vita

531 750 777 822 produci.
808 750 1117 808 ASstimatio
1135 753 1282 825 justa
1303 764 1359 809 et
1378 753 1579 825 liquida
1601 764 1705 811 est.
1726 754 1977 810 Trecenti
2006 768 2135 826 ergo

532 854 660 901 sunt
701 846 846 917 pleni
895 860 949 902 et
970 846 1246 918 sexaginta
1274 858 1395 918 post
1422 847 1526 904 hos
1550 849 1681 904 anni
1708 866 1723 903 :
1751 864 1841 905 res
1868 848 1940 904 ita
1969 859 2053 904 est
2080 858 2137 904 ut

535 941 735 999 indicat
760 944 1090 1014 supputatio.
1121 943 1290 1013 Cujus
1318 959 1476 1002 socer
1506 946 1729 1002 Latinus
1752 946 1884 1002 fuit?
1921 946 2131 1004 Encas.

535 1031 761 1090 Genitor
786 1034 836 1091 is
879 1035 1081 1105 cujus?
1132 1036 1329 1094 Albani
1377 1038 1561 1108 oppidi
1607 1038 1924 1094 conditoris.
1991 1039 2137 1106 Quot

536 1128 678 1198 apud
703 1130 893 1185 Albam
927 1140 1208 1201 regnatum
1240 1141 1324 1187 est
1373 1133 1571 1187 annis?
1598 1133 2025 1202 quadringentis,
2082 1142 2139 1187 et

537 1234 705 1291 prope
757 1221 841 1277 bis
868 1219 1043 1277 denis.
1094 1220 1292 1277 Etatis
1342 1223 1471 1279 urbs
1506 1222 1678 1277 Roma
1728 1223 1883 1294 cujus
1923 1236 2044 1278 esse
2080 1223 2134 1278 in

536 1310 818 1367 annalibus
871 1311 1167 1367 indicitur?
1218 1328 1390 1369 annos
1438 1313 1587 1370 ducit
1652 1314 2034 1385 quinquaginta
2084 1325 2141 1371 et

537 1407 707 1474 mille,
733 1417 828 1463 aut
856 1424 961 1464 non
994 1409 1220 1464 multum
1248 1410 1317 1466 ab
1339 1410 1422 1465 his
1447 1410 1670 1466 'minus.
1703 1411 1843 1481 Ergo
1871 1411 1939 1466 ab
1963 1411 2096 1466 Jove
2120 1453 2136 1479 ,

538 1501 627 1570 qui
660 1498 827 1555 frater
872 1510 957 1555 est
1008 1500 1142 1569 Pici,
1184 1503 1382 1573 quique
1432 1514 1586 1573 pater
1610 1512 1697 1559 est
1744 1504 2037 1571 minorum,
2084 1513 2140 1559 et

539 1591 872 1665 reliquorum
891 1594 1138 1662 deorum,
1161 1596 1286 1650 anni
1306 1596 1371 1650 ad
1395 1594 1510 1651 haec
1531 1604 1770 1666 tempora
1791 1610 1961 1666 prope
1977 1595 2139 1651 millia

540 1684 649 1741 duo
692 1697 838 1752 sunt,
868 1697 963 1742 aut
987 1687 1152 1757 pleni,
1185 1697 1243 1744 ut
1285 1687 1577 1757 largiamur
1606 1690 1773 1743 aetati.
1817 1688 1972 1755 Quod
2016 1704 2138 1744 cum

541 1777 787 1848 redargui
837 1795 943 1835 non
975 1781 1166 1851 possit.
1195 1795 1302 1835 non
1333 1791 1536 1836 tantum
1566 1795 1759 1836 recens
1800 1790 1920 1836 nata
1950 1781 2140 1851 religio

2239 584 2333 628 aut
2360 574 2517 643 spatii
2547 574 2700 643 cujus
2725 582 2853 630 sunt
2877 574 3044 629 millia
3075 588 3338 629 annorum
3358 574 3490 641 duo,
3518 574 3873 632 saeculorum

2238 666 2401 721 tantis
2431 674 2742 735 comparata
2773 681 2893 721 cum
2925 665 3185 722 millibus?
3204 668 3283 723 Ac
3306 676 3486 722 tamen
3519 682 3590 723 ne
3618 683 3863 723 causam

2237 768 2344 813 tam
2370 758 2525 828 longa
2552 757 2778 826 prodere
2803 757 3230 814 dissimulatione
3254 757 3558 824 videamur,
3588 759 3699 814 nisi
3729 774 3864 814 mo-

2236 851 2433 907 lestum
2485 859 2591 916 est,
2619 849 2804 913 dicite,
2833 849 3197 918 omnipotens,
3227 857 3283 905 et
3311 850 3517 920 primus
3546 849 3695 904 Deus
3744 864 3863 905 no-

2235 944 2371 999 vella
2394 944 2549 998 vobis
2578 942 2787 998 videtur
2830 958 2918 998 res
2959 956 3102 1008 esse,
3130 951 3185 997 et
3208 943 3297 1013 qui
3338 956 3461 998 eum
3511 951 3860 998 venerantes

2238 1036 2444 1102 colunt,
2480 1036 2767 1101 inauditas,
2784 1037 3106 1107 incognitas,
3124 1036 3431 1107 repentinas
3451 1037 3657 1107 agitare
3679 1048 3863 1104 atque

2242 1129 2505 1185 inducere
2549 1129 2872 1200 religiones?
2897 1131 3063 1186 Estne
3108 1130 3198 1184 illo
3228 1130 3499 1201 antiquius
3525 1131 3859 1201 quidquam,

2237 1231 2330 1275 aut
2371 1222 2512 1291 quod
2540 1238 2661 1275 eum
2696 1220 2966 1289 praecedat
2992 1236 3072 1288 re,
3098 1231 3362 1292 tempore.
3391 1222 3867 1289 nomine,'potest

2239 1313 2438 1384 aliquid
2469 1312 2745 1369 inveniri?
2787 1313 2977 1369 Nonne
3002 1316 3150 1369 solus
3180 1315 3447 1384 ingenitus
3467 1357 3483 1381 ,
3519 1314 3862 1371 immortalis

2240 1414 2292 1463 et
2321 1416 2610 1477 perpetuus
2637 1409 2787 1462 solus
2810 1407 2939 1463 est?
2983 1407 3117 1474 Quis
3136 1418 3317 1479 caput,
3344 1420 3432 1463 aut
3484 1408 3607 1463 fons
3660 1425 3859 1465 rerum

2240 1500 2365 1556 est?
2394 1515 2500 1555 non
2531 1501 2683 1569 ipse?
2710 1501 2794 1555 cui
2820 1501 2980 1556 debet
3029 1501 3302 1557 :rternitas
3329 1500 3433 1557 hoc
3474 1502 3676 1573 ipsum,
3698 1502 3859 1572 quod

2242 1603 2581 1662 nuncupatur
2608 1592 2923 1648 arternitas?
2945 1609 3050 1648 non
3080 1592 3217 1663 ipsi?
3241 1593 3448 1648 infinita
3477 1603 3536 1649 ut
3575 1595 3864 1664 prodeant

2240 1688 2455 1751 Saecula,
2489 1703 2595 1742 non
2622 1703 2691 1743 ex
2718 1688 2834 1757 ejus
2858 1687 3218 1758 perpetuitate
3252 1688 3568 1758 perﬁcitur?
3609 1687 3847 1745 Iudubi-

2242 1780 2407 1835 tabile
2430 1780 2569 1834 istud
2600 1789 2654 1835 et
2683 1794 2903 1835 verum:
2933 1794 3039 1834 non
3070 1793 3201 1850 ergo
3239 1778 3383 1849 quod
3424 1782 3704 1849 sequimur
3743 1797 3853 1835 n0-

543 1871 886 1939 ostenditur,
934 1888 1094 1942 quam
1133 1874 1297 1930 obitis
1325 1894 1338 1929 .
1363 1873 1460 1929 sed
1512 1874 1744 1930 infantes
1788 1884 1844 1930 et
1887 1873 2139 1938 parvulos
2168 1864 2215 1924 B
2244 1888 2364 1927 vum
2395 1881 2497 1938 est,
2542 1871 2637 1927 sed
2675 1886 2773 1928 nos
2820 1886 2945 1928 sero
2985 1871 3363 1936 addidicimus,
3393 1871 3646 1942 quidnam
3691 1874 3865 1943 sequi

544 1977 667 2019 esse
692 1964 839 2034 ipsos
866 1963 1043 2020 adhuc
1069 1965 1222 2031 deos,
1245 1967 1440 2037 quibus
1467 1975 1650 2023 tauros
1677 1977 1837 2037 atque
1856 1968 1989 2023 alias
2012 1968 2135 2022 hos-

544 2054 647 2111 tias
673 2071 794 2111 cum
834 2055 1076 2127 perion
1096 2058 1459 2128 corruptionis
1480 2060 1804 2131 suggeritisﬂ
1820 2074 1956 2130 quos
1978 2074 2140 2131 opor-

544 2147 693 2204 tebat
719 2147 897 2205 adhuc
920 2150 1170 2206 mammis
1190 2160 1350 2223 atque
1369 2152 1570 2207 stillato
1592 2152 1727 2207 lacte
1754 2152 1964 2208 nutriri.

616 2238 828 2297 LXXII.
872 2242 945 2298 At
970 2242 1259 2314 religiones
1285 2253 1482 2301 vestra:
1502 2244 1685 2300 multis
1730 2245 1887 2300 annis
1937 2259 2139 2315 praece-

543 2330 679 2387 dttnt
708 2342 970 2399 nostram,
993 2343 1049 2390 et
1076 2348 1144 2391 eo
1173 2343 1299 2392 sunt
1350 2336 1612 2406 veriores,
1667 2337 1810 2408 quod
1860 2338 2140 2393 vetustatis

542 2426 860 2482 auctoritate
903 2426 1127 2483 munitm
1172 2435 1318 2484 sunt.
1353 2426 1565 2500 thuid
1584 2443 1678 2486 eas
1726 2429 1947 2500 prodest
1988 2430 2145 2485 annis

2245 1974 2490 2035 Oporteat
2518 1974 2570 2019 et
2619 1964 2798 2021 colere
2830 1981 2845 2019 :
2872 1972 2964 2017 aut
2992 1963 3208 2019 ubinam
3244 1963 3549 2029 conveniat,
3595 1971 3650 2017 et
3691 1978 3861 2033 spem

2244 2058 2434 2114 salutis
2457 2056 2678 2127 afﬁgere
2698 2102 2713 2124 ,
2746 2065 2803 2113 et
2831 2056 3086 2113 salutaria
3113 2055 3349 2114 subsidia
3377 2056 3666 2112 collocare.
3699 2056 3863 2112 Non-

2244 2149 2371 2205 dum
2399 2148 2543 2204 enim
2569 2148 2863 2217 affulserat,
2892 2149 2981 2217 qui
3003 2148 3142 2202 viam
3166 2158 3493 2203 monstraret
3513 2148 3857 2215 errantibus,

2247 2249 2301 2296 et
2325 2239 2550 2311 caligine
2589 2240 2641 2295 in
2671 2239 2932 2295 altissima
2959 2238 3264 2295 constitutis
3291 2238 3611 2309 cognitionis
3660 2239 3857 2298 lumen

2245 2336 2575 2402 immitteret,
2600 2345 2657 2391 et
2681 2334 3029 2408 ignorationis
3053 2333 3345 2391 discuteret
3367 2332 3691 2391 caecitatem.
3723 2366 3737 2405 ε

1820 2544 2199 2603 LECTIONES
2236 2540 2649 2600 VARIANTES.

609 2661 639 2694 ⁸
670 2657 932 2724 Oggeritis
948 2660 1091 2714 Palu.

1918 2747 2488 2804 COMMENTARIUS.

547 2849 889 2917 turnus.etc.
940 2847 1017 2901 De
1066 2845 1279 2903 Saturni
1327 2861 1492 2917 regno
1539 2846 1745 2916 profugi
1789 2846 2026 2901 adventu
2075 2849 2127 2903 in

547 2915 783 2981 Italiam,
810 2917 958 2980 Pico.
990 2918 1208 2983 Fauno,
1234 2928 1341 2974 etc.
1364 2915 1550 2979 {vider
1577 2920 1821 2988 inprimis
1852 2920 2129 2973 Aurelium

546 2988 819 3045 Victorem
839 3031 855 3052 ,
880 2990 946 3044 de
972 2989 1191 3060 Origine
1217 2988 1407 3046 Gentis
1435 3006 1704 3058 romanae,
1733 3006 1852 3059 cap.
1884 3006 1938 3046 ιιι
1972 3000 2026 3045 et
2054 3006 2129 3054 tv,

546 3060 726 3179 ibiq'ue
755 3062 1091 3129 interpretes.
1122 3062 1325 3118 Οιιειι.

676 3131 799 3179 ullis
833 3130 1046 3179 Faunus
1077 3133 1288 3179 Latinus
1312 3152 1325 3179 4

676 3114 799 3186 uitis
832 3114 1046 3187 Farunus
1076 3114 1358 3187 Latinus—et
1387 3132 1538 3188 Picus
1566 3132 1716 3186 annis
1739 3132 1964 3187 vixerint
2004 3133 2139 3187 uice-
2169 3114 2214 3177 Ο

547 3204 630 3259 nis
657 3214 807 3275 atque
830 3204 1093 3258 centenis?
1118 3206 1256 3258 ultra
1301 3205 1436 3258 enim
1485 3215 1702 3275 negatur
1732 3220 1877 3273 posse
1921 3204 2143 3258 hominis

547 3276 652 3331 uita
678 3274 910 3345 produci.
961 3275 1097 3330 Nota
1150 3276 1371 3329 historia
1399 3274 1576 3345 magni
1628 3275 1791 3329 Panis
1838 3275 2038 3328 mortui
2089 3285 2144 3327 et

547 3346 779 3401 aliorum
810 3346 1110 3417 geniorum
1160 3346 1406 3417 interitus
1449 3346 1592 3417 apud
1644 3345 2025 3417 Plutarchum.
2075 3345 2144 3400 de

548 3416 761 3473 defectu
794 3416 1170 3472 Oracnlorum.
1224 3416 1505 3471 Manifesta
1548 3416 1750 3471 Statius
1796 3416 1967 3471 Tlteb.
1995 3457 2011 3482 ,
2043 3432 2094 3470 vt
2126 3458 2141 3481 ,

548 3489 653 3553 96,
687 3487 1014 3543 deteriorem
1055 3486 1315 3558 Nymphis
1339 3487 1642 3541 Faunorum
1671 3487 2034 3541 conditionem
2068 3486 2145 3540 l'a-

550 3560 661 3622 cit,
716 3574 839 3611 cum
882 3574 1057 3629 eorum
1094 3574 1268 3629 greges
1311 3558 1575 3629 interiisse,
1606 3559 1744 3613 dicat
1797 3559 2014 3612 durante
2052 3560 2147 3612 hac

552 3630 703 3687 silva.
739 3629 959 3685 Servius
988 3627 1054 3682 ad
1096 3627 1224 3683 En.
1249 3671 1263 3689 .
1294 3645 1343 3695 ι,
1380 3629 1519 3689 372;
1556 3628 1814 3700 Nympha:
1838 3645 1938 3682 non
1974 3631 2146 3684 omnia

552 3702 760 3764 sciunt;
799 3716 918 3753 nam
962 3709 1010 3754 et
1054 3700 1342 3753 moriuntur
1385 3701 1661 3755 secundum
1707 3700 2059 3765 Aristotelem,
2094 3711 2147 3755 ut

556 3770 731 3900 gigni
779 3771 1060 3841 Panesque.
1092 3770 1373 3827 Claudian.
1397 3814 1411 3839 ,
1444 3772 1512 3827 de
1558 3772 1715 3841 Rapt.
1768 3771 2019 3842 Proserp.
2053 3787 2145 3839 ιιι,

680 3987 696 4003 .
736 3990 749 4002 .
790 3990 802 4004 .
840 3988 853 4002 .
892 3990 927 4004 ..
965 3988 981 4005 .
1016 3990 1029 4004 .
1082 3954 1279 4006 Pariter
1297 3961 1503 4007 traxere
1519 3957 1739 4015 ruinam,

680 4016 743 4082 Et
764 4016 950 4077 pariter
973 4029 1184 4082 p_osuere
1204 4030 1410 4082 cumam,
1433 4032 1709 4082 campoque
1727 4018 2027 4070 recumbunt

683 4077 1333 4142 Faunorum_Dryadumque
1369 4080 1528 4130 dolor.

954 4140 1184 4206 Bm‘rm,
1213 4140 1281 4196 ad
1304 4142 1463 4209 Stat.,
1486 4144 1587 4198 uol.
1617 4159 1694 4207 ιιι,
1729 4160 1847 4213 pag.
1882 4142 2009 4197 582.

632 4251 837 4326 Encas.
882 4251 1091 4307 Genitor
1130 4254 1175 4326 is
1205 4255 1397 4325 cujus?
1425 4254 1608 4308 Albani
1637 4254 1816 4326 oppidi
1851 4255 2147 4310 conditoris.

560 4323 638 4380 Ita
683 4323 827 4379 edidi
859 4340 921 4380 ex
973 4323 1353 4380 emendatione
1399 4323 1752 4381 Freinshemii
1797 4327 1849 4380 in
1882 4326 2057 4381 Iudice
2088 4327 2153 4380 ad

563 4394 785 4451 Florum
813 4396 981 4450 verbo
1012 4396 1180 4451 Iulus.
1209 4397 1343 4451 Cod.
1390 4413 1488 4451 ms.
1526 4407 1581 4452 et
1609 4397 1875 4451 editiones
1905 4413 2027 4451 eum
2062 4413 2153 4451 se-

561 4476 698 4522 cuta!
728 4466 926 4522 habent
954 4486 966 4521 :
996 4465 1213 4531 .IEuem,
1245 4470 1486 4539 genitoris
1526 4469 1674 4522 latini
1700 4469 1884 4536 :cujus
1902 4470 1927 4522 ?
1967 4468 2153 4522 Albani

564 4539 749 4610 Oppidi
770 4539 1067 4605 conditoris,
1112 4539 1477 4607 vitiosissime,
1507 4551 1561 4595 et
1605 4550 2041 4610 contraiomnetn
2096 4545 2155 4591 li-

563 4609 686 4664 dem
742 4609 1074 4665 historicam.
1128 4610 1228 4665 0b.
1276 4610 1523 4667 Gifanius
1576 4611 1702 4677 legit
1739 4609 1969 4665 :Aa'nca:
2012 4610 2157 4680 geni-

565 4681 717 4734 toris?
744 4684 913 4741 cuius.
938 4689 1024 4736 etc
1052 4721 1068 4748 ,
1117 4683 1376 4750 probante
1427 4683 1528 4737 Th.
1571 4682 1825 4736 Cantcro.
1870 4682 2022 4735 Fttlv.
2057 4680 2157 4736 Ur-

565 4751 718 4822 sinus
736 4770 750 4806 :
772 4751 959 4807 zEnem
978 4754 1218 4821 genitoris
1235 4753 1650 4820 Ascanii,Albani
1666 4752 1844 4822 oppidi
1860 4752 2153 4806 conditoris.

568 4821 883 4892 salmasius,
917 4823 967 4876 in
996 4822 1063 4876 ed
1093 4824 1260 4892 Lugd.
1310 4825 1451 4883 Bat..
1484 4824 1653 4878 edidit
1680 4833 1735 4875 et
1775 4824 2110 4887 interpunxit
2140 4840 2154 4876 :

568 4889 777 4966 (Encas.
810 4892 1020 4966 Genitor
1062 4895 1106 4948 is
1136 4889 1359 4949 Ascanii.
1392 4895 1584 4966 Cujus?
1614 4893 1800 4948 Albani
1821 4894 2003 4966 oppidi
2032 4910 2159 4947 con-

570 4964 751 5017 ditoris
780 4981 799 5018 :
833 4965 902 5017 ita
936 4974 993 5017 ut
1031 4966 1290 5019 Ascanius
1332 4964 1481 5020 Albae
1518 4967 1771 5019 conditor
1798 4965 2162 5033 distinguatur

570 5034 640 5106 ab
666 5034 796 5106 aliis
826 5036 1286 5106 Ascaniis,‘verbi
1328 5051 1489 5091 causa
1529 5036 1754 5106 ductore
1800 5035 2067 5106 Phrygum
2108 5036 2159 5088 in

569 5104 715 5161 bello
757 5105 1014 5172 Trojano,
1043 5104 1196 5172 cujus
1217 5107 1460 5161 meminit
1504 5105 1791 5163 Homerus.
1824 5104 1995 5169 II.,'tI,
2036 5106 2160 5169 862,

570 5186 625 5231 et
654 5192 769 5239 ιιιιι.
801 5176 927 5231 792.
961 5176 1065 5231 Sed
1114 5178 1537 5248 quotusquisque
1587 5188 1702 5231 erat
1754 5177 2013 5232 lectorum
2064 5180 2165 5231 Ar-

571 5248 740 5319 nobii.
770 5249 858 5317 qui
910 5248 1074 5303 alium
1106 5248 1392 5302 Ascanimn
1425 5249 1733 5318 cogitasset.
1775 5252 1934 5319 quam
1974 5248 2164 5304 Ainea:

512 5371 517 5377 .
572 5317 764 5383 filium,
820 5320 1157 5377 conditorem
1190 5320 1374 5374 Albae?
1402 5320 1665 5375 Meursius
1697 5317 1913 5376 tandem
1958 5325 2036 5375 sic
2080 5337 2164 5375 re-

574 5389 725 5459 llngit
753 5410 768 5443 :
798 5388 1007 5445 zEnete.
1041 5388 1251 5445 Generis
1283 5390 1472 5445 Latini.
1506 5390 1708 5447 OBELL.

644 5482 820 5537 Annos
864 5482 1004 5536 ducit
1055 5483 1422 5553 quinquaginta
1467 5493 1514 5537 et
1568 5484 1727 5538 mille.
1772 5482 1955 5553 DucitJ
1991 5482 2053 5553 id
2094 5491 2168 5536 est

573 5562 852 5617 computat.
884 5551 1135 5619 numerat,
1172 5551 1230 5608 ut
1258 5551 1395 5609 bene
1426 5556 1805 5623 interpretatur
1831 5553 1880 5608 J.
1911 5551 1999 5606 Fr.
2027 5552 2167 5607 Gro-

576 5626 788 5695 novius,
818 5624 1000 5690 0bss.,
1032 5624 1150 5691 Iib.,
1178 5641 1238 5690 ιι,
1268 5641 1386 5695 cap.
1415 5628 1502 5690 10,
1535 5641 1653 5695 pag.
1692 5626 1809 5680 I50.
1842 5638 1981 5689 seq..
2005 5635 2055 5677 et
2085 5638 2169 5678 re-

579 5693 715 5748 futat
758 5695 931 5748 virum
972 5695 1272 5755 eruditum.
1309 5693 1491 5751 nescio
1538 5693 1694 5760 quem
1717 5737 1732 5756 ,
1760 5696 2115 5761 explicantem
2150 5711 2164 5748 :

581 5762 764 5843 Durat.
801 5764 992 5819 Ducere
1021 5767 1240 5849 verbum
1271 5767 1636 5849 arithutetices
1665 5778 1714 5821 et
1748 5765 2011 5849 ratipcinii
2045 5779 2170 5849 pro-

584 5834 780 5900 prium,
807 5850 912 5889 non
959 5845 1162 5892 tantum
1185 5837 1257 5893 de
1282 5836 1574 5904 additione,
1606 5847 1666 5893 ut
1703 5835 1816 5891 vult
1846 5834 2081 5902 Ernesti,
2115 5837 2169 5891 in

2238 2847 2372 2902 clavi
2404 2845 2537 2912 Cic.,
2558 2844 2659 2899 hoc
2688 2843 2872 2903 verbo.
2893 2842 2988 2897 sed
3019 2841 3086 2897 de
3102 2842 3248 2897 omni
3278 2841 3647 2908 compttto.lta
3678 2842 3858 2911 GeII.,

2242 2918 2336 2972 lib.
2367 2934 2383 2972 ι
2409 2958 2423 2981 ,
2453 2932 2572 2985 cap.
2608 2917 2677 2969 ‘20
2710 2935 2722 2970 :
2757 2914 2821 2969 In
2851 2915 3072 2968 numeris
3091 2916 3244 2967 etiam
3268 2914 3501 2967 similiter
3524 2915 3680 2976 κύϐος
3709 2916 3863 2969 duci-

2242 2999 2326 3043 tur
2354 3005 2470 3040 cum
2497 3005 2645 3042 onme
2673 2987 2808 3041 latus
2831 2985 3059 3054 ejusdem
3108 2986 3305 3038 numeri
3335 2985 3604 3052 a’qualiter
3642 2991 3696 3039 in
3747 3003 3863 3042 sese

2244 3061 2478 3117 soluitur.
2513 3061 2641 3112 sicut
2672 3059 2748 3125 ﬁt,
2775 3074 2888 3111 cum
2917 3067 2990 3110 ter
3012 3056 3142 3109 dena
3168 3056 3447 3111 ducuntur.
3471 3055 3677 3111 ORELL.

2318 3132 2418 3185 Aut
2446 3131 2602 3200 pleni.
2648 3131 2720 3184 lla
2763 3128 3197 3200 Iegendmnresse
3231 3142 3352 3182 cum
3401 3126 3857 3200 FtllviILUj-sino,

2245 3197 2751 3269 docent'scquemia
2784 3200 2944 3255 verba
2976 3207 3030 3252 ut
3058 3198 3344 3270 largiamur
3381 3199 3543 3253 artati.
3578 3197 3714 3254 Cod.
3750 3197 3859 3257 ms.

2248 3273 2387 3327 haud
2419 3273 2577 3340 pleni.
2606 3274 2814 3327 Οιιειιη

2325 3343 2613 3417 Religio....
2643 3360 2794 3414 quam
2813 3343 2988 3417 abitis.
3106 3350 3371 3417 estquam
3416 3340 3623 3417 colitis.
3645 3342 3740 3417 Sic
3771 3344 3861 3398 in-

2249 3415 2329 3470 fra
2371 3412 2460 3470 lilf.
2513 3432 2596 3482 ιιι,
2643 3412 2759 3481 cap.
2811 3414 2844 3467 5
2893 3431 2904 3466 :
2942 3412 3271 3484 Reliquorum
3299 3413 3509 3466 deorum
3541 3414 3706 3484 ofﬁcia
3753 3431 3862 3468 non

2252 3486 2419 3549 abitis,
2455 3504 2551 3554 pro
2583 3506 2594 3539 :
2628 3484 2749 3539 Non
2782 3486 3036 3553 priestatis
3062 3483 3271 3549 reliquis
3307 3484 3407 3537 diis
3428 3484 3609 3609 (θῇ-ἔα.
3647 3484 3860 3541 Οιιιειι..

2321 3558 2446 3609 Cum
2475 3557 2700 3609 periculo
2727 3556 3071 3609 corruptionis
3114 3555 3405 3609 suaaeritis.
3485 3557 3720 3609 arruntio
3756 3574 3860 3609 ςερ-

2321 3558 2446 3611 Cum
2475 3557 2700 3627 periculo
2727 3556 3071 3625 corruptionis
3114 3555 3405 3627 suggeritis.
3442 3555 3720 3627 corruptio
3756 3574 3863 3611 sae-

2254 3625 2567 3696 pissimcde
2597 3628 2806 3690 morbo,
2836 3627 2977 3697 quod
3010 3639 3205 3694 corpus
3233 3625 3575 3697 invadit._Sic
3599 3637 3716 3679 ater
3739 3644 3863 3681 cor-

2249 3695 2388 3768 rupti
2413 3700 2646 3770 cor-poris
2665 3695 2959 3766 ltumor'ap.
2984 3697 3240 3770 Lucret.._
3265 3712 3343 3770 ιιι.
3374 3695 3504 3770 502.
3536 3696 3866 3770 Pro_sugge-

2250 3767 2385 3835 ritis,
2420 3769 2572 3825 Fulv.
2605 3768 2787 3826 Ursin.
2822 3769 3025 3839 mavult
3071 3767 3329 3839 oggeritis,
3364 3768 3507 3839 quod
3552 3767 3860 3837 antiquius.

2253 3841 2357 3895 Sed
2390 3842 2465 3897 nil
2493 3840 2822 3894 mutandum.
2859 3838 3007 3893 Cibus
3033 3855 3303 3909 suggerere
3330 3838 3488 3893 alicui
3518 3839 3648 3893 dicit
3688 3841 3861 3897 etiam

2255 3912 2477 3971 Statius.
2506 3912 2705 3975 Theb.,
2739 3928 2813 3974 ιι,
2844 3911 2969 3966 ιιι).
2999 3912 3203 3965 Οιιειι.

2326 3984 2537 4039 LXXII.
2567 4012 2633 4025 —
2664 3986 2739 4036 Ac
2787 3994 2953 4036 tamen
3000 3999 3062 4035 ue
3115 3998 3323 4036 causam
3375 3992 3478 4035 tam
3527 3982 3684 4052 longa
3736 4000 3865 4051 pro-

2253 4057 2431 4110 cedere
2462 4054 2868 4109 dissimulatione
2895 4054 3179 4108 videamur.
3217 4053 3290 4107 Ita
3323 4052 3464 4108 edidi
3501 4069 3567 4108 ex
3599 4057 3830 4109 emenda
3850 4090 3864 4099 ο

2255 4128 2400 4182 tione
2427 4127 2531 4181 Th.
2563 4126 2798 4188 Cameri,
2834 4141 2992 4193 quant
3029 4126 3219 4194 prohat
3244 4124 3420 4179 editor
3446 4123 3615 4194 Lugd.
3643 4124 3768 4179 Bat.
3806 4137 3862 4181 et

2255 4197 2663 4253 Freinshemius
2718 4198 2771 4250 itt
2813 4196 2991 4250 Iudice
3045 4195 3110 4250 ad
3167 4195 3387 4250 Florum
3433 4202 3598 4250 vet-ho
3643 4205 3860 4251 veteres.

2254 4267 2386 4324 Cod.
2420 4285 2520 4324 ms.
2553 4280 2605 4321 et
2633 4267 2721 4324 ed.
2756 4268 3004 4337 princeps
3031 4267 3188 4321 Rom.
3223 4268 3421 4321 habent
3451 4286 3464 4323 :
3495 4268 3567 4320 Ac
3595 4278 3765 4319 tamen
3796 4286 3866 4321 ne

2256 4356 2465 4394 causam
2516 4350 2618 4392 tam
2666 4339 2891 4407 longam,
2920 4349 3051 4402 etc.,
3101 4339 3244 4407 quod
3291 4338 3584 4394 defendere
3628 4350 3864 4393 conatur

2261 4412 2522 4466 Ileraldus
2552 4421 2745 4480 putans
2770 4425 3037 4465 excusnre
3062 4425 3119 4465 se
3150 4410 3469 4472 Arnnhinm,
3498 4409 3637 4479 quod
3668 4410 3718 4480 in
3756 4409 3861 4464 hac

2179 4495 2235 4556 ι)
2258 4479 2841 4556 disputationediutius
2872 4482 3209 4556 immoretur,
3233 4481 3413 4556 dicere
3434 4482 3634 4550 itaque,
3667 4479 3770 4533 hoc
3799 4497 3864 4556 se

2258 4554 2505 4609 consulto
2549 4553 2757 4616 fecisse,
2812 4568 2879 4605 ne
2929 4552 3144 4606 brevius
3170 4552 3399 4616 agendo,
3431 4561 3484 4605 et
3526 4569 3585 4607 ea
3629 4567 3749 4621 qua:
3792 4554 3861 4606 ad

2260 4639 2375 4679 rem
2427 4624 2764 4692 pertinebant
2791 4623 3089 4688 reticendo,
3120 4623 3389 4678 videretur
3422 4638 3661 4683 c.lIIS:tm,
3693 4637 3863 4692 quam

2261 4695 2652 4750 defendendam
2704 4703 3038 4761 susceperat,
3066 4695 3294 4765 prodere
3340 4692 3595 4765 voluisse.
3626 4692 3732 4747 Sed
3773 4709 3861 4756 ea.

2261 4781 2381 4836 qum
2411 4779 2563 4819 antea
2595 4767 2647 4819 in
2680 4765 2780 4819 hoc
2812 4767 2949 4819 libro
2977 4763 3341 4832 disputaverat
3371 4763 3670 4836 Arnobius,
3699 4767 3863 4836 verbi

2263 4832 2445 4903 causa,
2483 4837 2549 4891 de
2591 4846 2711 4889 ortu
2753 4839 3072 4898 animarum,
3117 4836 3180 4888 ad
3226 4848 3437 4886 causam
3469 4832 3609 4885 illam
3636 4834 3865 4892 minime

2265 4909 2554 4977 pertinent,
2590 4919 2643 4961 et
2671 4910 2739 4961 ab
2759 4908 2938 4977 operis
2969 4907 3196 4962 consilio
3227 4917 3445 4977 prorsus
3473 4912 3600 4958 sunt
3629 4905 3806 4977 aliena
3842 4927 3858 4962 :

2264 4974 2394 5034 dicit
2423 4982 2601 5044 itaque
2649 4974 2809 5047 plane
2843 4978 3187 5038 contrarium,
3222 4974 3495 5047 nimirum,
3542 4990 3601 5029 se
3645 4976 3757 5043 jam
3792 4979 3861 5034 ad

2264 5052 2446 5120 operis
2477 5045 2809 5119 propositum
2837 5050 3129 5120 reﬂectere.
3165 5062 3229 5099 ne
3257 5045 3501 5120 videatur
3549 5048 3709 5100 rebus
3752 5052 3862 5103 mi-

2266 5117 2368 5176 nus
2422 5117 2741 5176 necessariis
2789 5120 2983 5174 diutius
3037 5117 3373 5171 immorando
3423 5132 3641 5171 causam
3697 5133 3849 5174 suam

2265 5194 2495 5264 prodere
2523 5194 2756 5245 voluisse
2797 5210 2809 5243 :
2845 5192 3101 5264 hactenus
3125 5193 3285 5264 euim_
3308 5188 3583 5264 distulerat
3619 5190 3860 5264 veri_ar-

2304 5266 2503 5320 umenti
2551 5264 2715 5316 robur
2758 5274 3021 5329 promere.
3076 5258 3379 5329 Legendutn
3429 5260 3605 5329 itaque
3663 5278 3675 5313 :
3726 5257 3860 5314 Tant

2289 5329 2510 5405 onga....
2561 5332 2980 5405 dissimulatione.
3015 5329 3389 5405 Dissiumlatio,
3421 5331 3759 5405 dissimulare,
3790 5331 3861 5387 de

2268 5407 2334 5461 iis
2358 5402 2450 5474 qui
2489 5405 2732 5459 consulto
2761 5402 2990 5474 reticent
3021 5402 3321 5461 veritatem.
3351 5403 3604 5474 omittunt
3627 5416 3690 5474 ea
3710 5419 3859 5474 _qu:c

2267 5480 2334 5532 ad
2363 5471 2576 5531 causam
2630 5474 2916 5541 pertinent.
2946 5473 3079 5527 Vide
3106 5488 3267 5542 supra
3315 5473 3378 5526 ad
3425 5487 3544 5541 cap.
3578 5472 3666 5526 44.
3697 5471 3859 5528 Gele-

2268 5552 2391 5603 nius
2413 5548 2579 5601 cdidit
2608 5564 2619 5598 :
2660 5545 2739 5597 Ne
2768 5560 2974 5597 causam
2999 5555 3099 5597 tam
3118 5545 3299 5599 bonum
3325 5544 3538 5614 prodere
3567 5543 3858 5599 dissimula-

2270 5620 2404 5674 tioitc
2430 5618 2709 5671 videamur.
2737 5616 2893 5669 Male.
2924 5617 3128 5671 OnELL.

2345 5690 2493 5755 Quod
2518 5698 2842 5754 nuncupatur
2866 5692 3143 5743 aeternitas.
3174 5686 3250 5740 Ita
3295 5684 3561 5740 Meursius
3589 5693 3641 5737 et
3684 5684 3860 5743 editor

2268 5760 2439 5824 Lugd.
2471 5759 2583 5812 Bal.
2615 5760 2715 5813 Alli
2742 5777 2754 5813 :
2785 5763 2899 5826 Quo
2934 5769 3255 5830 nuncupatur
3274 5757 3548 5830 a'ternitas.
3577 5755 3780 5830 Qut-11.1..

2349 5830 2569 5886 Ubinam
2599 5835 2887 5899 conueniat,
2912 5840 3022 5888 etc.
3042 5826 3118 5887 Ita
3146 5830 3295 5886 Fulv.
3323 5826 3568 5884 Ursinus.
3589 5826 3723 5882 Cod.
3748 5844 3853 5885 ms.
