4034 6320
524 397 625 453 931

1588 383 1862 441 AllNOBll
1902 378 2274 439 ADVERSUS
2312 376 2586 435 GENTES

3745 377 3870 435 953

518 513 712 566 liorttm
743 521 952 568 semper
977 507 1030 561 in
1057 503 1398 576 expeditione
1421 510 1652 573 paratas.
1686 502 1843 567 Avet,
1868 500 2110 571 inquam,
2140 501 2195 562 Α
2218 509 2354 552 nova
2381 509 2609 567 quaeque
2632 493 2872 566 quotidie
2893 501 3127 561 struere,
3156 492 3355 564 quibus
3385 491 3586 549 ulcisci
3622 506 3691 549 se
3719 507 3865 564 pos-

524 602 707 657 videre
732 600 861 653 deas
887 597 1155 668 gravidas,
1187 597 1315 650 deas
1337 593 1517 660 foetus,
1544 594 1998 665 gliscentibusque
2022 605 2116 661 per

520 694 637 750 dies
659 692 792 747 alvis
811 689 1049 745 intestini
1078 687 1331 759 ponderis
1359 687 1671 741 morositate
1696 683 1958 750 cunctari,
1989 698 2115 753 par-

517 785 685 841 turire
716 784 849 837 alias
872 790 1043 837 tractu
1074 781 1256 847 longo,
1287 786 1342 834 et
1370 792 1563 833 manus
1603 775 1943 832 obstetricias
1969 788 2117 844 quae-

516 892 684 933 rere:
740 875 859 929 illas
908 872 1030 929 telis
1070 871 1353 942 gravibus,
1400 880 1455 924 et
1482 869 1727 925 dolorum
1779 866 2117 923 acuminibus

520 969 656 1025 ﬁxas
699 967 903 1037 ejulare
929 1008 944 1030 ,
1000 964 1190 1019 tortari
1218 972 1275 1020 et
1304 964 1444 1018 inter
1470 961 1587 1016 lucc
1615 961 1795 1015 omnia
1844 958 2118 1029 suppetias

517 1060 747 1116 Junonis
788 1057 1077 1128 implorare
1106 1056 1341 1111 Lucintc.
1385 1053 1576 1109 Nonne
1615 1052 1782 1106 multo
1812 1060 1896 1107 est
1922 1049 2120 1106 rectius

518 1152 845 1209 maledicere
867 1150 1184 1217 conviciari,
1204 1161 1366 1219 atque
1385 1147 1489 1202 alia
1513 1148 1759 1216 ingerere
1779 1144 1880 1201 diis
1902 1144 2117 1215 probra,

517 1260 676 1316 quam
705 1247 926 1299 obtentu
962 1252 986 1279 ιι
1018 1244 1104 1313 pio
1137 1242 1260 1296 talia
1288 1240 1356 1296 de
1386 1240 1471 1295 his
1509 1246 1746 1295 monstra
1802 1236 2117 1307 opinionum

516 1337 834 1401 indignitate
863 1333 1229 1406 przesumere?

594 1426 684 1482 XI.
716 1426 781 1481 Et
808 1427 1014 1481 audetis
1042 1425 1352 1481 adscribere
1378 1437 1593 1478 causam
1619 1421 1777 1478 nobis
1806 1419 2119 1477 offensionis

519 1521 784 1586 deorum,
815 1536 934 1573 cum
959 1561 975 1583 ,
1006 1520 1049 1573 si
1075 1518 1336 1589 judicaiio
1380 1517 1511 1585 fiat,
1564 1516 1861 1571 certissima
1890 1515 1942 1569 in
1967 1513 2119 1569 vobis

516 1613 819 1683 reperiatur
845 1612 961 1667 lucc
986 1626 1128 1674 esse,
1161 1626 1261 1667 nec
1287 1613 1341 1664 in
1362 1597 1713 1673 contumelia,
1738 1622 1901 1678 quam
1931 1606 2121 1677 opina-

520 1706 675 1768 mini,
708 1714 874 1760 stare.
904 1704 1037 1759 Nam
1061 1705 1106 1759 si
1135 1704 1230 1769 dii,
1261 1713 1322 1759 ut
1347 1703 1554 1768 dicitis,
1588 1702 1896 1758 afficiuntur
1924 1702 2026 1765 ira,
2067 1708 2123 1756 et

519 1799 821 1854 animorum
871 1798 1328 1870 indignationibus
1356 1798 1690 1853 incalescunt
1723 1815 1736 1850 :
1768 1812 1867 1852 cur
1892 1809 1989 1852 eos
2014 1810 2122 1851 non

521 1901 772 1962 putemus
798 1906 941 1962 aegre
966 1900 1126 1961 atque
1151 1891 1416 1945 acerrime
1440 1890 1711 1944 sustinere
1740 1929 1757 1955 ,
1802 1888 1918 1943 dari
1962 1886 2065 1943 sibi
2093 1902 2123 1942 a

520 1983 680 2039 vobis
707 1998 868 2037 sexus
892 2024 907 2048 ,
950 1981 1147 2053 quibus
1174 1996 1337 2036 canes
1360 1981 1613 2052 porcique
1636 1980 1845 2035 formati
1879 1980 2043 2035 sunt?
2068 1990 2121 2037 et

521 2088 645 2130 cum
676 2075 746 2129 ita
772 2073 1033 2139 credatis,
1067 2088 1173 2128 non
1199 2072 1355 2129 aliter
1380 2088 1439 2129 se
1473 2072 1630 2144 tingi,
1666 2081 1722 2128 et
1759 2071 2122 2143 ignominiosa

523 2181 647 2223 cum
701 2166 1062 2221 ostentatione
1111 2164 1378 2237 proponi?
1423 2165 1566 2236 Ergo
1603 2180 1725 2221 cum
1753 2166 1869 2220 haec
1898 2165 1969 2220 ita
1991 2165 2122 2231 sint,

520 2260 861 2316 miseriarum
890 2260 1132 2314 omnium
1158 2274 1318 2315 causa
1347 2273 1443 2314 vos
1461 2260 1615 2324 estis,
1638 2274 1739 2314 vos
1768 2258 1901 2313 deos
1928 2258 2123 2331 impel-

522 2353 656 2421 litis,
686 2367 781 2409 vos
803 2352 1051 2409 excitatis
1079 2351 1336 2408 infestare
1383 2352 1633 2408 omnibus
1658 2352 1812 2408 malis
1846 2360 2039 2415 terras,
2072 2359 2127 2406 et

2224 588 2334 645 sint
2352 596 2429 643 tot
2448 602 2477 641 a
2498 586 2652 643 vobis
2675 585 2887 657 injuriis
2908 595 2964 642 et
2985 584 3461 642 maledictionibus
3485 585 3860 656 exasperati:

2225 679 2708 746 Maledictionibus,
2742 680 2982 750 inquam,
3013 688 3065 735 et
3098 668 3330 749 injuriis,
3358 692 3497 748 quas
3522 678 3738 748 partim
3768 677 3861 732 fa-

2225 772 2369 828 bulis
2393 773 2660 842 turpibus,
2692 772 2892 843 partim
2919 771 3264 842 opinionibus
3292 771 3572 827 indecoris
3600 769 3659 837 δ,
3711 785 3861 843 quas

2223 862 2388 918 vestri
2420 863 2688 931 theologi,
2722 878 2854 934 quas
2882 872 3090 934 poetae,
3139 877 3276 935 quas
3323 862 3427 933 ipsi
3471 878 3573 918 vos
3615 878 3856 935 quoque

2222 954 2595 1026 ignominiosis
2622 955 2906 1011 celebratis
2934 955 2987 1010 in
3014 954 3207 1010 ritibus
3227 993 3244 1019 ,
3276 968 3368 1011 res
3392 955 3643 1026 perditas
3682 955 3859 1012 inve-

2223 1049 2386 1105 nietis
2424 1052 2686 1104 humanas
2711 1089 2728 1112 ,
2767 1059 2824 1104 et
2850 1048 3115 1120 abiecisse
3143 1048 3554 1118 clavumdeos;
3592 1049 3641 1105 si
3677 1050 3861 1108 modo

2223 1140 2438 1196 illorum
2464 1155 2645 1195 curam
2689 1150 2935 1211 spectat,
2987 1140 3293 1196 mortalium
3318 1156 3511 1213 regere
3538 1153 3717 1214 atque
3746 1147 3856 1201 ad—

2225 1233 2530 1290 ministrare
2556 1232 2818 1311 fortunas.
2852 1232 2986 1288 Nam
3014 1232 3171 1289 nobis
3198 1233 3418 1304 quidem
3448 1248 3549 1289 cur
3574 1234 3848 1292 irascan~

2226 1334 2333 1388 tur,
2366 1339 2473 1381 non
2504 1324 2703 1381 habent
2731 1342 2745 1380 :
2783 1339 2918 1396 quos
2947 1323 3130 1380 vident
3156 1335 3210 1381 et
3236 1325 3506 1393 sentiunt,
3538 1341 3731 1398 neque
3780 1343 3853 1384 se

2224 1419 2436 1484 colere,
2465 1434 2642 1489 neque
2671 1417 2919 1474 deridere
2939 1459 2956 1486 ,
2984 1417 3129 1489 quod
3159 1418 3355 1474 dicitur
3376 1460 3392 1485 ,
3440 1428 3499 1474 et
3547 1419 3860 1478 honestius

2223 1528 2382 1585 quam
2408 1526 2503 1568 vos
2532 1511 2703 1568 multo
2728 1511 2797 1567 de
2824 1512 2906 1567 sui
2932 1511 3167 1566 nominis
3196 1511 3461 1583 dignitate
3482 1512 3855 1583 existimare,

2224 1606 2464 1662 credere.

2299 1698 2414 1755 ΧΠ.
2459 1698 2534 1754 De
2553 1711 2689 1754 sexu
2712 1695 3012 1766 '_bactenus.
3039 1695 3194 1753 Nunc
3231 1697 3301 1753 ad
3339 1696 3581 1768 speciem
3633 1698 3842 1754 venia-

2230 1807 2350 1847 mus
2373 1799 2430 1847 et
2453 1790 2654 1846 formas
2671 1831 2687 1857 ,
2727 1788 2923 1861 quibus
2953 1803 3075 1845 esse
3102 1787 3409 1861 descriptos
3434 1787 3569 1845 deos
3600 1804 3857 1861 supems

2230 1882 2489 1940 creditis:
2520 1880 2715 1954 quibus
2742 1881 2906 1937 immo
2949 1878 3192 1936 formatis
3228 1888 3285 1935 et
3333 1880 3672 1949 templorum
3722 1894 3855 1937 am-

2156 1954 2204 2013 B
2231 1973 2489 2047 plissimis
2528 1971 2806 2028 collocatis
2845 1971 2900 2027 in
2928 1971 3170 2027 sedibus.
3206 1969 3392 2041 Neque
3415 1970 3712 2041 quisquam
3753 1971 3855 2042 ju-

2230 2066 2408 2122 daicas
2448 2064 2502 2119 in
2532 2063 2634 2120 hoc
2664 2063 2783 2118 loco
2825 2062 2982 2119 nobis
3011 2070 3249 2133 opponat
3284 2069 3340 2117 et
3385 2060 3627 2117 saducaei
3654 2076 3842 2133 gene-

2232 2159 2309 2216 ris
2336 2157 2574 2222 fabulas,
2608 2165 2881 2227 tamquam
2913 2154 3116 2211 formas
3145 2155 3443 2209 tribuamus
3472 2164 3529 2210 et
3556 2169 3664 2209 nos
3686 2157 3810 2211 Deo
3836 2175 3852 2211 :

2234 2251 2337 2308 hoc
2363 2251 2506 2307 enim
2538 2256 2757 2320 putatur
2787 2247 2839 2302 in
2870 2262 3058 2303 eorum
3102 2246 3297 2302 litteris
3333 2246 3473 2313 dici,
3504 2256 3560 2302 et
3592 2248 3770 2303 veluti
3789 2263 3855 2305 re

2233 2356 2400 2414 certa,
2424 2354 2585 2416 atque
2602 2344 2921 2400 auctoritate
2944 2340 3187 2398 ﬁrmari:
3218 2355 3341 2414 quae
3360 2349 3455 2397 aut
3481 2340 3623 2397 nihil
3650 2342 3727 2399 ad
3749 2357 3851 2400 nos

1762 2466 2144 2524 LECTIONES
2183 2461 2600 2521 VARIANTES.

589 2567 615 2594 "
652 2566 805 2626 Quam
826 2573 879 2616 ut
900 2566 1123 2624 obtenta,
1148 2576 1237 2615 ms.
1261 2563 1401 2614 male.

2289 2555 2320 2594 ιι
2357 2555 2626 2607 Indeeorus
2640 2567 2731 2605 ms.

1883 2639 2444 2703 COMMENTARIUS.

526 2764 649 2820 pag.
686 2747 812 2811 M8,
845 2747 931 2820 ed.
980 2747 1197 2820 Grmvii.
1243 2744 1365 2820 Fuit
1411 2743 1526 2820 hate
1564 2742 2117 2820 honesta__expres_sio

524 2813 826 2886 i'ei'turpis.
857 2818 931 2872 Ita
965 2819 1102 2887 apud
1140 2818 1358 2871 Latinos
1389 2833 1401 2868 :
1441 2814 1562 2869 Ηιεσ
1588 2814 1768 2877 multa,
1796 2815 1890 2887 illa
1932 2813 2141 2887 multa,'

528 2892 610 2945 Ine
636 2885 950 2950 resinmltrc;
977 2885 1113 2951 apud
1138 2888 1355 2944 Grsrcos
1390 2905 1402 2941 :
1425 2889 1594 2943 πάντα
1619 2892 1802 2952 ταῦτα,
1832 2885 1901 2940 de
1926 2885 2113 2955 volup-

528 2962 727 3016 tatibus
744 2960 985 3019 nefariis,
1006 2968 1054 3014 et
1072 2959 1297 3013 Veneris
1320 2956 1608 3013 ludo.Vitle
1628 2957 1868 3017 Herald.,
1888 2955 1955 3009 ad
1976 2955 2117 3010 hunc

525 3033 727 3090 locum.
773 3032 1032 3086 Similiter
1083 3030 1391 3085 Wielaudus
1429 3028 1493 3082 V.
1526 3025 1636 3094 CL,
1684 3027 1734 3082 in
1780 3027 2116 3081 versionihus

529 3104 642 3158 suis
673 3104 815 3163 talia,
848 3119 966 3169 quze
1000 3101 1222 3155 honeste
1250 3100 1400 3157 effari
1424 3097 1591 3165 nefas,
1620 3098 1798 3153 verbis
1824 3098 2115 3154 circumlo-

529 3175 713 3244 quitur
743 3192 754 3226 :
794 3173 919 3227 Was
944 3174 1026 3226 iltr
1051 3174 1180 3227 wist.
1212 3170 1418 3226 ORELL.

604 3244 915 3299 Prteliorum
962 3244 1016 3297 in
1063 3243 1379 3313 expeditione
1412 3240 1905 3313 ΔραιξιιιαεηΡιίιξιίιι
1961 3255 2125 3295 sensu

528 3325 669 3387 turpi
702 3316 768 3371 de
796 3330 1093 3387 congressu
1121 3311 1371 3369 renereo.
1407 3311 1482 3366 lta
1510 3311 1786 3382 Virgilius,
1821 3311 2018 3383 Georg.
2043 3326 2123 3379 ut,

529 3386 602 3444 98
625 3385 695 3445 de
721 3403 860 3459 equo
882 3385 1129 3442 confecto
1160 3402 1173 3440 :

748 3542 758 3552 .
827 3538 840 3550 .
916 3540 926 3549 .
999 3538 1009 3548 .
1082 3536 1092 3547 .
1160 3497 1429 3561 Siquando
1449 3498 1506 3547 ad
1527 3496 1694 3561 praelia
1711 3502 1911 3547 ventum
1937 3504 2065 3577 est.~

531 3607 622 3661 ubi
668 3606 777 3659 vid.
823 3605 1010 3675 Heyoe
1052 3603 1112 3675 Υ.
1141 3602 1197 3658 S.
1229 3602 1760 3675 et_iAuson._Popm.
1801 3601 1869 3656 ad
1892 3600 2121 3658 Varron.

530 3677 840 3746 Fragment.
877 3672 993 3745 pag.
1024 3673 1150 3740 527,
1172 3673 1262 3728 ed.
1289 3673 1498 3746 Bipont.
1523 3672 1733 3746 paup.

606 3742 849 3801 Intestini
878 3742 1118 3814 ponderis
1160 3742 1473 3798 morositate.
1511 3742 1820 3798 Intestinum
1848 3745 2047 3813 pondus
2074 3745 2127 3801 id

533 3818 677 3889 qttod
723 3820 853 3889 uteri
886 3819 1108 3889 car-sina.
1141 3815 1604 3889 ap._Tert_u_llian.,
1636 3815 1732 3889 lib.
1765 3832 1805 3881 I,
1833 3816 1897 3889 ad
1932 3815 2125 3889 Usen,

534 3885 653 3955 cap.
687 3888 739 3943 5.
772 3888 1049 3942 Morositas
1094 3885 1194 3942 hoc
1239 3887 1356 3941 loco
1384 3885 1523 3939 idem
1572 3887 1715 3956 quod
1765 3886 2015 3941 molestia
2041 3888 2127 3942 vel

534 3961 706 4014 active
746 3960 885 4028 quod
920 3973 1161 4012 morosas
1201 3956 1328 4011 facit
1358 3957 1607 4024 gravidas
1637 3973 1651 4009 :
1684 3972 1790 4025 quo
1821 3973 1992 4028 sensu
2026 3957 2128 4014 hoc

531 4027 851 4086 vocabulum
874 4028 999 4083 alibi
1033 4044 1116 4081 me
1145 4028 1340 4097 legisse
1369 4028 1507 4081 haud
1537 4028 1777 4082 memini.
1805 4027 2011 4083 ORELL.

608 4102 738 4156 Aliis
784 4101 894 4154 telis
936 4098 1466 4169 gt-avibus...../ia;as.
1521 4098 1861 4153 Slewechius
1910 4100 2128 4169 conjicit

534 4175 696 4235 tricis,
728 4180 786 4224 ut
817 4170 947 4224 infra
975 4184 1093 4234 cap.
1125 4169 1189 4221 ﬁl
1229 4187 1242 4222 :
1270 4168 1508 4237 Difﬁciles
1538 4171 1925 4235 puerperiorum
1948 4168 2123 4225 tricas.

533 4246 607 4298 At
629 4243 699 4296 nil
728 4240 1038 4296 mutandum
1084 4239 1187 4293 hoc
1210 4239 1346 4293 loco.
1366 4239 1462 4309 Qui
1492 4255 1596 4292 non
1623 4252 1743 4293 nuta
1774 4239 1873 4293 tela
1894 4240 2124 4309 Lucinre,

535 4315 767 4389 xalsrréa
797 4314 939 4389 βέλος
984 4311 1254 4371 Εὒιειθυίας
1299 4325 1330 4364 e
1378 4307 1687 4375 Theocrito,
1737 4310 1889 4381 Idyll.
1949 4307 2126 4379 xxvn,

532 4384 678 4439 vers.
703 4384 809 4437 28?
836 4384 1035 4438 OltELL.

609 4454 836 4509 Tartari.
876 4455 943 4508 lta
976 4454 1062 4507 ed.
1095 4452 1264 4523 Lugd.
1296 4453 1412 4507 Bat.
1446 4468 1478 4506 e
1509 4450 1951 4523 felicissintai'l‘h.
1981 4451 2126 4507 Can-

534 4527 635 4581 teri
682 4525 1057 4582 emendatione
1086 4522 1195 4594 pro
1231 4526 1433 4593 inepto,
1464 4523 1608 4593 quod
1638 4533 1792 4594 antea
1824 4522 2125 4594 legebatur,

536 4598 751 4652 hortari.
786 4597 895 4653 Vox
928 4593 1264 4659 Lucretiana,
1296 4595 1390 4649 lib.
1417 4610 1497 4661 ιιι,
1532 4610 1672 4650 vers.
1708 4593 1807 4648 661
1843 4611 1857 4647 :

660 4681 947 4751 omnia’jam
971 4689 1179 4737 seorsim
1199 4700 1381 4737 cernes
1403 4687 1580 4735 amcisa
1597 4686 1792 4735 recenti

662 4748 877 4800 Voluere
900 4751 1090 4808 tortari,
1117 4756 1169 4799 et
1189 4756 1370 4800 terram
1393 4761 1731 4813 conspergere
1748 4748 1880 4798 tabo.

538 4851 744 4909 Nonius
762 4871 772 4905 :
793 4851 1043 4905 Tortor...
1062 4862 1154 4920 pro
1171 4861 1425 4921 torqueor.
1447 4850 1765 4922 Pomponius
1781 4853 2010 4907 Decuma
2028 4855 2133 4922 ful-

539 4924 673 4977 lonis
705 4939 723 4976 :
750 4922 814 4976 Et
854 4923 939 4975 ubi
967 4923 1144 4977 insilui
1164 4923 1218 4976 in
1245 4923 1525 4977 cocleatum
1555 4923 1803 4994 eculeum,
1836 4924 1905 4978 ibi
1931 4924 2133 4980 tolutim

540 5003 719 5048 tortor.
751 4994 951 5049 ORELL.
1618 5001 1628 5012 ’

611 5065 887 5134 Suppetias
913 5063 1153 5135 {uacuis
1176 5064 1452 5135 implorare
1475 5063 1700 5120 Lucina:-
1739 5066 1881 5121 Juno
1907 5065 2124 5132 Lucina,

537 5147 676 5189 tuam
704 5133 858 5205 ﬁdem
879 5136 899 5187 .'
919 5133 1099 5205 Plaut.
1130 5133 1335 5199 ΑιιΙιίΙ..
1364 5136 1485 5189 Act.
1510 5151 1582 5204 tv,
1613 5136 2016 5204 scen.vri,vers.
2040 5138 2127 5194 10.

538 5206 676 5262 Vide
706 5204 861 5269 intra,
888 5220 1005 5274 cap.
1030 5204 1121 5259 21.
1154 5207 1355 5260 UBELL.

610 5276 704 5332 Xl.
734 5307 806 5316 —
844 5275 914 5330 Et
952 5277 1150 5330 audetis
1189 5275 1475 5330 adscribere
1516 5292 1723 5332 causam
1778 5280 1923 5335 nobis
1965 5278 2129 5345 offen-

539 5348 699 5402 sionis
752 5348 983 5413 deorum,
1024 5363 1162 5410 cum,
1214 5348 1257 5400 si
1297 5346 1543 5413 iudicatio
1590 5350 1711 5416 ﬁat,
1748 5351 2025 5405 certissima
2072 5351 2129 5406 in

538 5419 679 5493 vobis
734 5420 1017 5493 reperiatur
1038 5418 1174 5493 _haec
1194 5434 1353 5493 __esse,
1400 5432 1491 5493 nec
1523 5420 1577 5472 in
1618 5423 1945 5493 contumelia,
1974 5437 2128 5493 quam

540 5490 824 5557 opinamini
850 5500 1003 5544 stare.
1036 5488 1113 5560 Ita
1145 5488 1287 5560 edidi
1326 5498 1380 5544 et
1420 5489 1741 5560 interpunxi
1766 5508 1831 5546 ex
1871 5488 2127 5547 emenda-

537 5561 689 5614 tione
735 5562 1035 5615 certissima
1081 5559 1132 5614 .l.
1182 5558 1536 5615 Freinshemii
1564 5558 1643 5617 ad
1692 5558 1859 5629 Flor.,
1917 5563 2006 5617 lib.
2047 5578 2120 5628 tv,

541 5644 663 5699 cap.
686 5632 742 5691 2,
772 5646 889 5700 pag.
914 5631 1050 5694 765,
1080 5630 1166 5685 ed.
1200 5630 1413 5686 Dukeri.
1446 5631 1616 5686 Antea
1640 5633 1899 5689 edebatur
1927 5651 1939 5687 :
1973 5631 2123 5699 Cum,

540 5700 584 5752 si
601 5700 856 5772 iudicatio
888 5702 977 5772 ﬁat
1003 5702 1302 5764 certissima,
1330 5704 1382 5756 in
1402 5702 1538 5757 vobis
1561 5704 1843 5772 reperiatur
1869 5705 1974 5759 lucc
1994 5720 2121 5771 esse,

543 5776 588 5819 et
617 5770 670 5841 in
701 5771 1027 5841 contumelia,
1049 5787 1202 5839 quant
1231 5774 1513 5841 apinamini
1537 5770 1693 5828 stare.
1722 5773 1861 5831 Male
1891 5793 1903 5830 :
1933 5790 2124 5831 sensus

543 5837 687 5918 enim
713 5847 796 5918 est
826 5855 839 5891 :
873 5838 939 5893 In
978 5837 1150 5918 ugbis,_
1169 5843 1211 5895 si
1228 5837 1484 5913 judicatio
1525 5845 1640 5918 ﬁat,
1669 5848 1946 5902 certissima
1971 5863 2125 5918 repe-

539 5906 697 5957 rietur
724 5906 933 5961 deorum
968 5906 1200 5977 offensio,
1228 5906 1338 5968 'non
1360 5906 1537 5969 auteni
1554 5916 1611 5971 in
1625 5906 2119 5992 contumeliastare,

2226 2738 2281 2793 id
2319 2746 2404 2793 est
2429 2736 2750 2800 consistere,
2791 2749 2945 2805 quam
2991 2732 3275 2805 apinamini
3314 2730 3435 2789 scil.
3470 2746 3499 2787 a
3546 2733 3713 2791 nobis
3746 2734 3852 2792 diis

2226 2809 2454 2864 illatam.
2484 2807 2692 2864 OBBLL.
3382 2843 3389 2849 .

2298 2878 2467 2952 ngre
2495 2889 2644 2949 atque
2671 2877 2920 2952 acerrime
2937 2876 3201 2931 sustinere.
3232 2874 3553 2952 Necessario
3579 2879 3846 2952 mendum

2225 2960 2341 3013 est;
2375 2947 2497 3005 nam
2522 2947 2768 3003 acerrime
2792 2948 3040 3002 sustinere
3062 2963 3159 3017 pro
3189 2962 3275 3013 eo,
3306 2947 3447 3017 quod
3470 2958 3552 3002 est
3583 2949 3848 3004 molestis-

2223 3024 2370 3086 sime,
2396 3021 2707 3076 Latinorum
2736 3034 2893 3075 nemo
2928 3033 3207 3089 umquam,
3233 3017 3334 3072 nisi
3365 3032 3453 3072 me
3476 3020 3704 3089 egregie
3732 3035 3849 3076 me-

2224 3092 2584 3171 moria_fallat,
2618 3091 2771 3171 dixit.
2806 3090 2949 3171 Lego
2976 3107 3000 3171 :_
3020 3088 3187 3171 dign
3208 3100 3357 3171 atque
3379 3088 3649 3171 aspernante
3671 3094 3844 3171 susti-

2144 3160 2190 3224 C
2224 3181 2360 3219 nere.
2392 3163 2517 3218 llmc
2552 3164 2781 3233 genuina
2822 3160 3034 3231 phrasis
3063 3160 3286 3233 Arnobii
3314 3163 3506 3233 nostri.
3544 3161 3841 3233 Similiter,

2233 3235 2324 3291 lib.
2345 3251 2418 3290 tt:
2447 3231 2638 3301 Quibus
2659 3234 2779 3288 mali
2806 3248 2980 3287 sumus
2997 3244 3042 3285 et
3064 3231 3289 3300 pessimi,
3307 3231 3700 3302 cupiditatibus,
3726 3244 3839 3291 etc.

2230 3305 2302 3360 Et
2330 3321 2475 3375 smpe
2506 3307 2557 3359 in
2590 3304 2694 3359 hoc
2718 3319 2903 3374 opere.
2936 3304 3167 3370 Manus,
3201 3316 3324 3375 pag.
3356 3301 3445 3375 89Γ

2305 3377 2367 3432 Si
2401 3372 2551 3430 modo
2586 3372 2794 3430 illorum
2819 3390 2993 3430 curam
3031 3383 3244 3444 spectat.
3275 3373 3350 3429 Ita
3375 3372 3465 3429 ed.
3493 3373 3672 3445 Lugd.
3705 3376 3832 3432 Bat.

2230 3447 2336 3502 Alii
2374 3466 2387 3502 :
2418 3447 2478 3502 Si
2508 3446 2657 3501 modo
2682 3446 2750 3499 ad
2796 3446 3005 3516 illorum
3043 3461 3219 3499 curam
3257 3453 3469 3516 spectat.
3500 3448 3570 3499 ad
3597 3462 3650 3502 ε.
3684 3447 3831 3506 Cod.

2232 3534 2334 3573 ms.
2366 3517 2574 3574 addidit
2599 3517 2869 3573 Stewecb.
2899 3515 3103 3573 ORELL.

2304 3609 2580 3683 Honestius
2620 3625 2773 3683 quam
2797 3624 2891 3683 vos
2922 3607 3103 3683 multa
3126 3607 3189 3660 de
3216 3606 3311 3683 fui
3329 3609 3549 3665 nontinis
3574 3612 3843 3683 dignitate

2233 3682 2554 3745 existimare,
2584 3677 2806 3735 credere.
2838 3680 2930 3735 Sic
2963 3678 3051 3734 ed.
3083 3677 3252 3749 Lugd.
3278 3679 3396 3734 Bat.
3436 3695 3501 3736 ex
3552 3677 3711 3740 more
3738 3686 3845 3741 Ar-

2232 3751 2379 3822 nobii
2409 3752 2653 3822 copulam
2672 3751 2969 3822 saepiSsime
2993 3749 3308 3822 omittentis.
3333 3749 3469 3806 Cod.
3494 3768 3600 3809 ms.
3629 3754 3841 3814 habet:

2238 3819 2546 3877 Existimare
2566 3838 2717 3891 quant
2740 3819 2961 3888 credere,
2986 3820 3129 3891 quod
3156 3819 3351 3875 frustra
3372 3831 3554 3879 tuetur
3592 3824 3848 3882 Stewec—

2232 3891 2372 3947 hius.
2401 3890 2653 3949 Gelenius
2673 3911 2687 3949 :
2704 3890 3097 3962 Atquecredere.
3124 3890 3265 3946 Alii:
3291 3893 3357 3948 Et
3377 3895 3603 3950 credere.
3623 3895 3842 3954 Οιιειι..

2303 3983 2418 4039 XII.
2470 4015 2543 4025 —
2591 3984 2785 4056 Neque,
2813 3986 3080 4056 quisquam
3145 3987 3397 4041 Judaicas
3444 3988 3498 4041 in
3550 3988 3649 4042 hoc
3722 3991 3844 4047 loco

2231 4056 2374 4132 nobis
2401 4065 2626 4132 opponat
2676 4068 2722 4110 et
2762 4055 3041 4132 Sadducrgi
3067 4060 3280 4132 generis!
3296 4057 3522 4132 fabulas,
3570 4070 3840 4132 tamquam

2231 4128 2449 4196 formam
2471 4128 2752 4181 tribuamus
2779 4137 2824 4181 et
2851 4144 2944 4181 nos
2978 4127 3106 4183 Dea.
3138 4130 3321 4185 Lectio
3343 4130 3479 4184 bona
3510 4138 3585 4197 et,
3614 4141 3673 4184 ut
3693 4127 3842 4189 'milti

2232 4199 2449 4269 quidem
2477 4198 2706 4262 videtur,
2738 4212 3018 4269 perperam
3053 4211 3253 4256 mutata
3283 4217 3310 4256 a
3343 4202 3611 4256 Salmasio
3652 4202 3840 4258 eden-

2234 4280 2317 4342 te;
2350 4266 2631 4342 Tamquam
2664 4266 2857 4339 for-mas
2884 4271 3107 4342 tribuant
3132 4283 3283 4342 atque
3330 4288 3385 4326 os
3418 4271 3546 4327 Deo.
3590 4273 3841 4332 Gentiles

2232 4340 2373 4415 enim
2397 4338 2890 4415 Cltristianos__eum
2926 4341 3125 4415 .ludaais
3150 4338 3564 4415 confundentes,
3607 4345 3695 4398 vel
3734 4361 3840 4415 pro

2231 4409 2540 4464 Judreorum
2597 4409 2850 4476 peculiari
2892 4412 3120 4481 qttadam
3159 4420 3307 4469 secta
3340 4413 3621 4480 habentes,
3664 4409 3838 4472 multa

2232 4481 2364 4557 ipsis
2410 4481 2628 4557 crimini
2664 4481 2886 4557 dabant,
2921 4498 3050 4557 qua:
3092 4486 3394 4557 iudicarunt
3437 4484 3658 4557 quidem
3709 4503 3840 4557 pro-

2234 4551 2371 4621 pria,
2397 4561 2452 4605 at
2478 4567 2506 4603 ιι
2536 4551 2792 4621 religione
2817 4551 3109 4610 christiana
3136 4551 3469 4610 alienissima
3484 4556 3652 4621 fuere,
3684 4551 3839 4615 verbi

2157 4604 2213 4665 D
2238 4604 2408 4696 ﬁcus}.
2425 4604 2607 4696 odium
2634 4604 3839 4696 gessis"usus}33.351155};satagis;

2237 4692 2292 4767 i_n
2317 4692 2653 4767 judaicoruui
2686 4694 2969 4767 doctorum
2990 4698 3206 4767 scriptis
3235 4692 3459 4751 formam
3489 4701 3835 4767 corporalem

2238 4762 2349 4838 ρει»
2363 4764 2542 4838 tribui,
2560 4764 2927 4838 talesineptias
2939 4762 3254 4823 Christianis
3266 4768 3425 4822 etiam
3441 4762 3833 4838 impingebant.

2236 4834 2304 4889 Et
2323 4834 2466 4912 hunc
2479 4835 2580 4912 loci
2595 4838 2771 4912 nostri
2792 4834 3006 4892 sensum
3022 4840 3467 4912 essetsequeutia
3497 4834 3658 4896 verba
3681 4858 3696 4894 :
3718 4859 3840 4912 qua

2234 4916 2325 4984 aut
2338 4906 2466 4960 nihil
2484 4906 2553 4959 ad
2575 4923 2667 4961 nos
2679 4908 2910 4984 attinent,
2927 4923 3017 4962 nec
3036 4926 3099 4964 ex
3118 4906 3289 4984 aliqua
3306 4915 3539 4979 portione
3555 4906 3837 4984 quicquam

2234 4977 2420 5050 habent
2446 4993 2710 5032 commune
2730 4980 3007 5050 nobiscum,
3038 4991 3127 5033 aut
3152 4977 3359 5048 suum,
3388 4992 3440 5033 ut
3463 4977 3711 5050 creditur,
3740 5001 3833 5039 so-

2233 5048 2327 5103 cia:
2365 5057 2496 5110 etc.,
2534 5050 2871 5117 apertissime
2911 5049 3204 5105 declarant.
3236 5050 3502 5118 Caeterum
3546 5051 3654 5109 hoc
3698 5048 3835 5112 loco

2233 5120 2501 5191 Arnobius
2529 5122 2693 5191 tangit
2717 5120 3099 5191 absurdissima
3119 5122 3206 5177 illa
3227 5133 3531 5178 commenta
3555 5123 3835 5182 Babbino-

2232 5205 2375 5258 rum,
2400 5189 2638 5245 formam
2658 5201 2831 5262 atque,
2847 5205 2908 5246 os
2946 5190 3238 5248 humanum
3269 5202 3323 5247 et
3352 5209 3663 5251 mensuram
3690 5198 3833 5255 adeo

2230 5262 2563 5331 corporalem
2585 5261 2693 5318 Deo
2712 5261 3137 5331 attrihuentium,
3175 5264 3242 5319 de
3270 5264 3468 5332 quibus
3498 5267 3749 5332 pluribus
3768 5284 3832 5324 a-

2229 5332 2466 5414 gitems
2504 5332 2846 5414 doctissimus
2866 5333 3008 5414 ius?
3034 5336 3085 5414 ἐγ
3104 5338 3264 5414 ἁγίρις
3283 5335 3460 5414 Henr.
3502 5335 3827 5414 Corrodius,

2231 5402 2284 5463 in
2311 5403 2449 5479 libro
2496 5404 2580 5458 cui
2625 5403 2833 5479 titulus:
2862 5402 3254 5479 ‘Critischte'des
3275 5405 3611 5479 Chiliasmus,
3643 5411 3757 5465 vol.
3781 5402 3822 5479 ιζ

2229 5488 2351 5545 pag.
2384 5475 2470 5538 79,
2505 5489 2620 5544 seq.
2647 5475 2709 5528 Et
2730 5475 2949 5529 omnino
2969 5476 3180 5531 videtur
3196 5477 3468 5532 Arnobius
3494 5475 3828 5540 Sadducaeos

2228 5548 2319 5624 qui
2351 5561 2563 5624 omnem
2607 5545 2950 5624 traditionem
2978 5559 3218 5624 veterum
3248 5547 3563 5624 rejiciebaut
3595 5551 3829 5624 ideoque

2228 5614 2487 5671 increduli
2534 5614 2890 5684 habebantur,
2944 5618 3252 5673 conludisse
3299 5614 3422 5674 cum
3502 5614 3826 5681 Pharisazcis

2226 5688 2450 5809 pliislque
2472 5684 2782 5812 amicorum
2825 5689 3092 5760 magistris
3132 5689 3313 5745 talium
3371 5690 3676 5750 fabularum
3693 5711 3825 5753 auc-

2250 5771 2453 5811 ornus.
2531 5772 2687 5812 ιιειι..

2250 5771 2453 5811 οτιυιιε.
2484 5771 2597 5812 URE
2605 5772 2687 5813 ιι..

2297 5846 2365 5928 Et
2384 5847 2537 5928 relati
2561 5865 2615 5928 re
2632 5859 2790 5928 certa,
2822 5860 2925 5928 etc.
2953 5851 3028 5928 ita
3052 5852 3187 5911 Cod.
3213 5869 3323 5928 tus.
3341 5869 3502 5928 quam
3532 5855 3825 5916 lectionem

2225 5925 2405 5975 tuetur
2455 5918 2717 5977 Heraldus
2747 5922 2800 5977 in
2839 5920 2998 5979 Curis
3028 5925 3280 5983 secundis
3330 5918 3374 5981 ;’
3401 5940 3579 5997 neque
3632 5930 3820 5999 video,
