  <div class='ocr_page' id='page_1' title='image "/cluster/home/n/w/nwhite01/storage/ocr_20150623/5/umn.31951002477299b/489.png"; bbox 0 0 3986 6322; ppageno 0'>
   <div class='ocr_carea' id='block_1_1' title="bbox 496 366 609 426">
    <p class='ocr_par' dir='ltr' id='par_1_1' title="bbox 496 366 609 426">
     <span class='ocr_line' id='line_1_1' title="bbox 496 366 609 426; baseline 0.009 -1"><span class='ocrx_word' id='word_1_1' title='bbox 496 366 609 426; x_wconf 77' lang='lat'><strong>959</strong></span> 
     </span>
    </p>
   </div>
   <div class='ocr_carea' id='block_1_2' title="bbox 1596 350 2629 425">
    <p class='ocr_par' dir='ltr' id='par_1_2' title="bbox 1596 350 2629 425">
     <span class='ocr_line' id='line_1_2' title="bbox 1596 350 2629 425; baseline 0.002 -2"><span class='ocrx_word' id='word_1_2' title='bbox 1596 363 1875 423; x_wconf 80' lang='lat' dir='ltr'><strong>AllNOBll</strong></span> <span class='ocrx_word' id='word_1_3' title='bbox 1930 350 2294 422; x_wconf 75' lang='lat' dir='ltr'><strong>ADVERSUS</strong></span> <span class='ocrx_word' id='word_1_4' title='bbox 2354 365 2629 425; x_wconf 66' lang='lat' dir='ltr'><strong>caurus</strong></span> 
     </span>
    </p>
   </div>
   <div class='ocr_carea' id='block_1_3' title="bbox 3708 363 3816 424">
    <p class='ocr_par' dir='ltr' id='par_1_3' title="bbox 3708 363 3816 424">
     <span class='ocr_line' id='line_1_3' title="bbox 3708 363 3816 424; baseline 0.037 -5"><span class='ocrx_word' id='word_1_5' title='bbox 3708 363 3816 424; x_wconf 82' lang='lat'><strong>960</strong></span> 
     </span>
    </p>
   </div>
   <div class='ocr_carea' id='block_1_4' title="bbox 505 478 3815 556">
    <p class='ocr_par' dir='ltr' id='par_1_4' title="bbox 505 478 3815 556">
     <span class='ocr_line' id='line_1_4' title="bbox 505 478 3815 556; baseline -0.001 -18"><span class='ocrx_word' id='word_1_6' title='bbox 505 490 708 556; x_wconf 87' lang='lat' dir='ltr'><strong>gmata,</strong></span> <span class='ocrx_word' id='word_1_7' title='bbox 756 479 899 554; x_wconf 86' lang='lat' dir='ltr'><strong>quod</strong></span> <span class='ocrx_word' id='word_1_8' title='bbox 942 488 1215 536; x_wconf 87' lang='lat' dir='ltr'><strong>mutorum</strong></span> <span class='ocrx_word' id='word_1_9' title='bbox 1261 478 1615 538; x_wconf 89' lang='lat' dir='ltr'><strong>animantium</strong></span> <span class='ocrx_word' id='word_1_10' title='bbox 1660 479 1861 536; x_wconf 90' lang='lat' dir='ltr'><strong>formas</strong></span> <span class='ocrx_word' id='word_1_11' title='bbox 1905 478 2101 535; x_wconf 80' lang='lat' dir='ltr'><strong>divinis</strong></span> <span class='ocrx_word' id='word_1_12' title='bbox 2129 492 2183 551; x_wconf 77' lang='grc' dir='ltr'><strong>Α</strong></span> <span class='ocrx_word' id='word_1_13' title='bbox 2208 486 2287 534; x_wconf 90' lang='lat' dir='ltr'><strong>tes</strong></span> <span class='ocrx_word' id='word_1_14' title='bbox 2325 496 2338 532; x_wconf 88' lang='lat'><strong>:</strong></span> <span class='ocrx_word' id='word_1_15' title='bbox 2370 478 2641 548; x_wconf 86' lang='lat' dir='ltr'><strong>iidemque</strong></span> <span class='ocrx_word' id='word_1_16' title='bbox 2665 493 2765 536; x_wconf 85' lang='lat' dir='ltr'><strong>nos</strong></span> <span class='ocrx_word' id='word_1_17' title='bbox 2819 479 3016 537; x_wconf 87' lang='lat' dir='ltr'><strong>vellent</strong></span> <span class='ocrx_word' id='word_1_18' title='bbox 3059 480 3207 537; x_wconf 88' lang='lat' dir='ltr'><strong>cultu</strong></span> <span class='ocrx_word' id='word_1_19' title='bbox 3235 480 3417 554; x_wconf 89' lang='lat' dir='ltr'><strong>aliquo</strong></span> <span class='ocrx_word' id='word_1_20' title='bbox 3442 480 3731 552; x_wconf 84' lang='lat' dir='ltr'><strong>prosequi,</strong></span> <span class='ocrx_word' id='word_1_21' title='bbox 3762 487 3815 535; x_wconf 91' lang='lat' dir='ltr'><strong>et</strong></span> 
     </span>
    </p>
   </div>
   <div class='ocr_carea' id='block_1_5' title="bbox 508 572 2106 645">
    <p class='ocr_par' dir='ltr' id='par_1_5' title="bbox 508 572 2106 645">
     <span class='ocr_line' id='line_1_5' title="bbox 508 572 2106 645; baseline -0.004 -13"><span class='ocrx_word' id='word_1_22' title='bbox 508 574 837 633; x_wconf 88' lang='lat' dir='ltr'><strong>inseruerint</strong></span> <span class='ocrx_word' id='word_1_23' title='bbox 878 574 1079 640; x_wconf 85' lang='lat' dir='ltr'><strong>causis,</strong></span> <span class='ocrx_word' id='word_1_24' title='bbox 1131 573 1458 645; x_wconf 88' lang='lat' dir='ltr'><strong>easdemque</strong></span> <span class='ocrx_word' id='word_1_25' title='bbox 1488 574 1630 645; x_wconf 91' lang='lat' dir='ltr'><strong>quod</strong></span> <span class='ocrx_word' id='word_1_26' title='bbox 1678 574 1889 644; x_wconf 87' lang='lat' dir='ltr'><strong>species</strong></span> <span class='ocrx_word' id='word_1_27' title='bbox 1934 572 2106 628; x_wconf 88' lang='lat' dir='ltr'><strong>multo</strong></span> 
     </span>
    </p>
   </div>
   <div class='ocr_carea' id='block_1_6' title="bbox 510 667 2108 740">
    <p class='ocr_par' dir='ltr' id='par_1_6' title="bbox 510 667 2108 740">
     <span class='ocr_line' id='line_1_6' title="bbox 510 667 2108 740; baseline -0.004 -13"><span class='ocrx_word' id='word_1_28' title='bbox 510 670 669 727; x_wconf 88' lang='lat' dir='ltr'><strong>thure</strong></span> <span class='ocrx_word' id='word_1_29' title='bbox 693 667 979 739; x_wconf 91' lang='lat' dir='ltr'><strong>accipiant,</strong></span> <span class='ocrx_word' id='word_1_30' title='bbox 1001 678 1056 724; x_wconf 90' lang='lat' dir='ltr'><strong>et</strong></span> <span class='ocrx_word' id='word_1_31' title='bbox 1078 669 1289 740; x_wconf 90' lang='lat' dir='ltr'><strong>reliquo</strong></span> <span class='ocrx_word' id='word_1_32' title='bbox 1309 668 1743 724; x_wconf 60' lang='lat' dir='ltr'><strong>caerimoniarum</strong></span> <span class='ocrx_word' id='word_1_33' title='bbox 1761 676 1951 739; x_wconf 90' lang='lat' dir='ltr'><strong>paratu</strong></span> <span class='ocrx_word' id='word_1_34' title='bbox 1974 686 1986 719; x_wconf 87' lang='lat'><strong>;</strong></span> <span class='ocrx_word' id='word_1_35' title='bbox 2011 680 2108 721; x_wconf 90' lang='lat' dir='ltr'><strong>vos</strong></span> 
     </span>
    </p>
   </div>
   <div class='ocr_carea' id='block_1_7' title="bbox 509 760 2110 834">
    <p class='ocr_par' dir='ltr' id='par_1_7' title="bbox 509 760 2110 834">
     <span class='ocr_line' id='line_1_7' title="bbox 509 760 2110 834; baseline -0.003 -15"><span class='ocrx_word' id='word_1_36' title='bbox 509 762 715 834; x_wconf 82' lang='lat' dir='ltr'><strong>effigies</strong></span> <span class='ocrx_word' id='word_1_37' title='bbox 745 760 1027 817; x_wconf 86' lang='lat' dir='ltr'><strong>hominum</strong></span> <span class='ocrx_word' id='word_1_38' title='bbox 1064 770 1335 834; x_wconf 91' lang='lat' dir='ltr'><strong>tamquam</strong></span> <span class='ocrx_word' id='word_1_39' title='bbox 1380 761 1603 818; x_wconf 90' lang='lat' dir='ltr'><strong>deorum</strong></span> <span class='ocrx_word' id='word_1_40' title='bbox 1651 761 1983 817; x_wconf 86' lang='lat' dir='ltr'><strong>veneramini</strong></span> <span class='ocrx_word' id='word_1_41' title='bbox 2016 776 2110 830; x_wconf 91' lang='lat' dir='ltr'><strong>po-</strong></span> 
     </span>
    </p>
   </div>
   <div class='ocr_carea' id='block_1_8' title="bbox 510 856 2106 929">
    <p class='ocr_par' dir='ltr' id='par_1_8' title="bbox 510 856 2106 929">
     <span class='ocr_line' id='line_1_8' title="bbox 510 856 2106 929; baseline -0.004 -12"><span class='ocrx_word' id='word_1_42' title='bbox 510 866 739 917; x_wconf 88' lang='lat' dir='ltr'><strong>testates</strong></span> <span class='ocrx_word' id='word_1_43' title='bbox 764 878 777 913; x_wconf 90' lang='lat'><strong>:</strong></span> <span class='ocrx_word' id='word_1_44' title='bbox 797 873 900 914; x_wconf 92' lang='lat' dir='ltr'><strong>nec</strong></span> <span class='ocrx_word' id='word_1_45' title='bbox 929 857 1091 929; x_wconf 91' lang='lat' dir='ltr'><strong>pudet</strong></span> <span class='ocrx_word' id='word_1_46' title='bbox 1106 857 1190 913; x_wconf 81' lang='lat' dir='ltr'><strong>liis</strong></span> <span class='ocrx_word' id='word_1_47' title='bbox 1207 873 1301 913; x_wconf 88' lang='lat' dir='ltr'><strong>ora</strong></span> <span class='ocrx_word' id='word_1_48' title='bbox 1320 856 1519 914; x_wconf 91' lang='lat' dir='ltr'><strong>terreni</strong></span> <span class='ocrx_word' id='word_1_49' title='bbox 1536 857 1783 912; x_wconf 86' lang='lat' dir='ltr'><strong>animalis</strong></span> <span class='ocrx_word' id='word_1_50' title='bbox 1808 856 2106 926; x_wconf 85' lang='lat' dir='ltr'><strong>imponere:</strong></span> 
     </span>
    </p>
   </div>
   <div class='ocr_carea' id='block_1_9' title="bbox 513 948 2111 1018">
    <p class='ocr_par' dir='ltr' id='par_1_9' title="bbox 513 948 2111 1018">
     <span class='ocr_line' id='line_1_9' title="bbox 513 948 2111 1018; baseline -0.004 -7"><span class='ocrx_word' id='word_1_51' title='bbox 513 953 716 1011; x_wconf 89' lang='lat' dir='ltr'><strong>erroris</strong></span> <span class='ocrx_word' id='word_1_52' title='bbox 766 952 922 1018; x_wconf 88' lang='lat' dir='ltr'><strong>alios,</strong></span> <span class='ocrx_word' id='word_1_53' title='bbox 954 960 1011 1008; x_wconf 89' lang='lat' dir='ltr'><strong>et</strong></span> <span class='ocrx_word' id='word_1_54' title='bbox 1033 952 1274 1008; x_wconf 75' lang='lat' dir='ltr'><strong>Stultitite</strong></span> <span class='ocrx_word' id='word_1_55' title='bbox 1317 952 1700 1016; x_wconf 88' lang='lat' dir='ltr'><strong>condemnare,</strong></span> <span class='ocrx_word' id='word_1_56' title='bbox 1745 950 1873 1006; x_wconf 87' lang='lat' dir='ltr'><strong>etin</strong></span> <span class='ocrx_word' id='word_1_57' title='bbox 1908 948 2111 1006; x_wconf 91' lang='lat' dir='ltr'><strong>erroris</strong></span> 
     </span>
    </p>
   </div>
   <div class='ocr_carea' id='block_1_10' title="bbox 511 1044 1755 1119">
    <p class='ocr_par' dir='ltr' id='par_1_10' title="bbox 511 1044 1755 1119">
     <span class='ocr_line' id='line_1_10' title="bbox 511 1044 1755 1119; baseline -0.002 -16"><span class='ocrx_word' id='word_1_58' title='bbox 511 1047 756 1119; x_wconf 86' lang='lat' dir='ltr'><strong>ejusdem</strong></span> <span class='ocrx_word' id='word_1_59' title='bbox 782 1045 1133 1103; x_wconf 83' lang='lat' dir='ltr'><strong>similitudine</strong></span> <span class='ocrx_word' id='word_1_60' title='bbox 1159 1061 1222 1103; x_wconf 92' lang='lat' dir='ltr'><strong>ac</strong></span> <span class='ocrx_word' id='word_1_61' title='bbox 1244 1047 1374 1102; x_wconf 92' lang='lat' dir='ltr'><strong>vitio</strong></span> <span class='ocrx_word' id='word_1_62' title='bbox 1401 1044 1755 1117; x_wconf 85' lang='lat' dir='ltr'><strong>deprehendi.</strong></span> 
     </span>
    </p>
   </div>
   <div class='ocr_carea' id='block_1_11' title="bbox 584 1134 2113 1208">
    <p class='ocr_par' dir='ltr' id='par_1_11' title="bbox 584 1134 2113 1208">
     <span class='ocr_line' id='line_1_11' title="bbox 584 1134 2113 1208; baseline -0.003 -15"><span class='ocrx_word' id='word_1_63' title='bbox 584 1136 727 1194; x_wconf 83' lang='lat' dir='ltr'><strong>XVI.</strong></span> <span class='ocrx_word' id='word_1_64' title='bbox 761 1136 871 1193; x_wconf 58' lang='lat' dir='ltr'><strong>Nisi</strong></span> <span class='ocrx_word' id='word_1_65' title='bbox 900 1136 1041 1193; x_wconf 92' lang='lat' dir='ltr'><strong>forte</strong></span> <span class='ocrx_word' id='word_1_66' title='bbox 1073 1136 1267 1195; x_wconf 87' lang='lat' dir='ltr'><strong>dicetis</strong></span> <span class='ocrx_word' id='word_1_67' title='bbox 1305 1138 1438 1193; x_wconf 88' lang='lat' dir='ltr'><strong>alias</strong></span> <span class='ocrx_word' id='word_1_68' title='bbox 1480 1137 1697 1208; x_wconf 87' lang='lat' dir='ltr'><strong>quidem</strong></span> <span class='ocrx_word' id='word_1_69' title='bbox 1744 1136 1921 1191; x_wconf 90' lang='lat' dir='ltr'><strong>inesse</strong></span> <span class='ocrx_word' id='word_1_70' title='bbox 1953 1143 1979 1172; x_wconf 69' lang='grc' dir='ltr'>α</span> <span class='ocrx_word' id='word_1_71' title='bbox 2008 1134 2113 1189; x_wconf 87' lang='lat' dir='ltr'><strong>diis</strong></span> 
     </span>
    </p>
   </div>
   <div class='ocr_carea' id='block_1_12' title="bbox 515 1228 2115 1301">
    <p class='ocr_par' dir='ltr' id='par_1_12' title="bbox 515 1228 2115 1301">
     <span class='ocr_line' id='line_1_12' title="bbox 515 1228 2115 1301; baseline -0.004 -12"><span class='ocrx_word' id='word_1_72' title='bbox 515 1230 741 1295; x_wconf 86' lang='lat' dir='ltr'><strong>formas,</strong></span> <span class='ocrx_word' id='word_1_73' title='bbox 771 1239 827 1287; x_wconf 91' lang='lat' dir='ltr'><strong>et</strong></span> <span class='ocrx_word' id='word_1_74' title='bbox 857 1229 1099 1295; x_wconf 90' lang='lat' dir='ltr'><strong>honoris,</strong></span> <span class='ocrx_word' id='word_1_75' title='bbox 1130 1240 1184 1286; x_wconf 91' lang='lat' dir='ltr'><strong>et</strong></span> <span class='ocrx_word' id='word_1_76' title='bbox 1211 1230 1346 1286; x_wconf 91' lang='lat' dir='ltr'><strong>dicis</strong></span> <span class='ocrx_word' id='word_1_77' title='bbox 1374 1245 1535 1287; x_wconf 89' lang='lat' dir='ltr'><strong>causa</strong></span> <span class='ocrx_word' id='word_1_78' title='bbox 1561 1230 1771 1301; x_wconf 85' lang='lat' dir='ltr'><strong>species</strong></span> <span class='ocrx_word' id='word_1_79' title='bbox 1798 1242 1895 1284; x_wconf 92' lang='lat' dir='ltr'><strong>vos</strong></span> <span class='ocrx_word' id='word_1_80' title='bbox 1924 1228 2003 1283; x_wconf 90' lang='lat' dir='ltr'><strong>eis</strong></span> <span class='ocrx_word' id='word_1_81' title='bbox 2023 1243 2115 1282; x_wconf 90' lang='lat' dir='ltr'><strong>ae-</strong></span> 
     </span>
    </p>
   </div>
   <div class='ocr_carea' id='block_1_13' title="bbox 517 1320 2116 1393">
    <p class='ocr_par' dir='ltr' id='par_1_13' title="bbox 517 1320 2116 1393">
     <span class='ocr_line' id='line_1_13' title="bbox 517 1320 2116 1393; baseline -0.004 -13"><span class='ocrx_word' id='word_1_82' title='bbox 517 1321 947 1380; x_wconf 86' lang='lat' dir='ltr'><strong>commodavisse</strong></span> <span class='ocrx_word' id='word_1_83' title='bbox 998 1322 1329 1389; x_wconf 83' lang='lat' dir='ltr'><strong>mortalium,</strong></span> <span class='ocrx_word' id='word_1_84' title='bbox 1377 1322 1520 1393; x_wconf 87' lang='lat' dir='ltr'><strong>quod</strong></span> <span class='ocrx_word' id='word_1_85' title='bbox 1568 1322 1787 1387; x_wconf 84' lang='lat' dir='ltr'><strong>majoris</strong></span> <span class='ocrx_word' id='word_1_86' title='bbox 1827 1320 1995 1375; x_wconf 91' lang='lat' dir='ltr'><strong>multo</strong></span> <span class='ocrx_word' id='word_1_87' title='bbox 2034 1328 2116 1375; x_wconf 89' lang='lat' dir='ltr'><strong>est</strong></span> 
     </span>
    </p>
   </div>
   <div class='ocr_carea' id='block_1_14' title="bbox 520 1411 2115 1485">
    <p class='ocr_par' dir='ltr' id='par_1_14' title="bbox 520 1411 2115 1485">
     <span class='ocr_line' id='line_1_14' title="bbox 520 1411 2115 1485; baseline -0.002 -14"><span class='ocrx_word' id='word_1_88' title='bbox 520 1414 889 1481; x_wconf 59' lang='lat' dir='ltr'><strong>contumelia,</strong></span> <span class='ocrx_word' id='word_1_89' title='bbox 909 1429 1068 1485; x_wconf 89' lang='lat' dir='ltr'><strong>qnam</strong></span> <span class='ocrx_word' id='word_1_90' title='bbox 1095 1416 1297 1470; x_wconf 89' lang='lat' dir='ltr'><strong>erroris</strong></span> <span class='ocrx_word' id='word_1_91' title='bbox 1317 1413 1516 1485; x_wconf 88' lang='lat' dir='ltr'><strong>aliquid</strong></span> <span class='ocrx_word' id='word_1_92' title='bbox 1540 1414 1873 1484; x_wconf 76' lang='lat' dir='ltr'><strong>ignoratione</strong></span> <span class='ocrx_word' id='word_1_93' title='bbox 1900 1411 2115 1469; x_wconf 86' lang='lat' dir='ltr'><strong>fecisse.</strong></span> 
     </span>
    </p>
   </div>
   <div class='ocr_carea' id='block_1_15' title="bbox 516 1505 2116 1576">
    <p class='ocr_par' dir='ltr' id='par_1_15' title="bbox 516 1505 2116 1576">
     <span class='ocr_line' id='line_1_15' title="bbox 516 1505 2116 1576; baseline -0.004 -11"><span class='ocrx_word' id='word_1_94' title='bbox 516 1507 650 1565; x_wconf 88' lang='lat' dir='ltr'><strong>Nam</strong></span> <span class='ocrx_word' id='word_1_95' title='bbox 678 1508 724 1563; x_wconf 92' lang='lat' dir='ltr'><strong>si</strong></span> <span class='ocrx_word' id='word_1_96' title='bbox 763 1522 861 1562; x_wconf 90' lang='lat' dir='ltr'><strong>vos</strong></span> <span class='ocrx_word' id='word_1_97' title='bbox 889 1506 1194 1563; x_wconf 89' lang='lat' dir='ltr'><strong>fateremini</strong></span> <span class='ocrx_word' id='word_1_98' title='bbox 1222 1507 1296 1570; x_wconf 87' lang='lat' dir='ltr'><strong>id,</strong></span> <span class='ocrx_word' id='word_1_99' title='bbox 1331 1506 1474 1574; x_wconf 91' lang='lat' dir='ltr'><strong>quod</strong></span> <span class='ocrx_word' id='word_1_100' title='bbox 1503 1516 1685 1561; x_wconf 88' lang='lat' dir='ltr'><strong>vestra</strong></span> <span class='ocrx_word' id='word_1_101' title='bbox 1723 1505 1959 1576; x_wconf 89' lang='lat' dir='ltr'><strong>suspicio</strong></span> <span class='ocrx_word' id='word_1_102' title='bbox 1992 1518 2116 1560; x_wconf 86' lang='lat' dir='ltr'><strong>cre-</strong></span> 
     </span>
    </p>
   </div>
   <div class='ocr_carea' id='block_1_16' title="bbox 518 1598 2120 1667">
    <p class='ocr_par' dir='ltr' id='par_1_16' title="bbox 518 1598 2120 1667">
     <span class='ocr_line' id='line_1_16' title="bbox 518 1598 2120 1667; baseline -0.001 -12"><span class='ocrx_word' id='word_1_103' title='bbox 518 1598 765 1667; x_wconf 87' lang='lat' dir='ltr'><strong>didisset,</strong></span> <span class='ocrx_word' id='word_1_104' title='bbox 801 1598 1172 1656; x_wconf 91' lang='lat' dir='ltr'><strong>formamentis</strong></span> <span class='ocrx_word' id='word_1_105' title='bbox 1197 1600 1507 1656; x_wconf 88' lang='lat' dir='ltr'><strong>attribuisse</strong></span> <span class='ocrx_word' id='word_1_106' title='bbox 1536 1598 1755 1662; x_wconf 91' lang='lat' dir='ltr'><strong>divinis,</strong></span> <span class='ocrx_word' id='word_1_107' title='bbox 1784 1598 1964 1653; x_wconf 88' lang='lat' dir='ltr'><strong>minus</strong></span> <span class='ocrx_word' id='word_1_108' title='bbox 2002 1606 2120 1653; x_wconf 89' lang='lat' dir='ltr'><strong>erat</strong></span> 
     </span>
    </p>
   </div>
   <div class='ocr_carea' id='block_1_17' title="bbox 518 1689 2119 1764">
    <p class='ocr_par' dir='ltr' id='par_1_17' title="bbox 518 1689 2119 1764">
     <span class='ocr_line' id='line_1_17' title="bbox 518 1689 2119 1764; baseline -0.001 -17"><span class='ocrx_word' id='word_1_109' title='bbox 518 1690 729 1761; x_wconf 69' lang='lat' dir='ltr'><strong>injuriae</strong></span> <span class='ocrx_word' id='word_1_110' title='bbox 782 1701 1111 1762; x_wconf 69' lang='lat' dir='ltr'><strong>prazsumpta</strong></span> <span class='ocrx_word' id='word_1_111' title='bbox 1170 1691 1224 1747; x_wconf 92' lang='lat' dir='ltr'><strong>in</strong></span> <span class='ocrx_word' id='word_1_112' title='bbox 1273 1691 1589 1764; x_wconf 85' lang='lat' dir='ltr'><strong>opinatione</strong></span> <span class='ocrx_word' id='word_1_113' title='bbox 1642 1705 1916 1762; x_wconf 88' lang='lat' dir='ltr'><strong>peccasse.</strong></span> <span class='ocrx_word' id='word_1_114' title='bbox 1965 1689 2119 1746; x_wconf 86' lang='lat' dir='ltr'><strong>Nunc.</strong></span> 
     </span>
    </p>
   </div>
   <div class='ocr_carea' id='block_1_18' title="bbox 518 1783 2119 1856">
    <p class='ocr_par' dir='ltr' id='par_1_18' title="bbox 518 1783 2119 1856">
     <span class='ocr_line' id='line_1_18' title="bbox 518 1783 2119 1856; baseline -0.001 -16"><span class='ocrx_word' id='word_1_115' title='bbox 518 1798 672 1850; x_wconf 91' lang='lat' dir='ltr'><strong>vero,</strong></span> <span class='ocrx_word' id='word_1_116' title='bbox 722 1799 844 1840; x_wconf 92' lang='lat' dir='ltr'><strong>cum</strong></span> <span class='ocrx_word' id='word_1_117' title='bbox 894 1785 1038 1841; x_wconf 89' lang='lat' dir='ltr'><strong>aliud</strong></span> <span class='ocrx_word' id='word_1_118' title='bbox 1065 1784 1308 1849; x_wconf 89' lang='lat' dir='ltr'><strong>creditis.</strong></span> <span class='ocrx_word' id='word_1_119' title='bbox 1341 1793 1397 1840; x_wconf 92' lang='lat' dir='ltr'><strong>et</strong></span> <span class='ocrx_word' id='word_1_120' title='bbox 1419 1785 1562 1840; x_wconf 91' lang='lat' dir='ltr'><strong>aliud</strong></span> <span class='ocrx_word' id='word_1_121' title='bbox 1593 1783 1812 1856; x_wconf 87' lang='lat' dir='ltr'><strong>fingitis,</strong></span> <span class='ocrx_word' id='word_1_122' title='bbox 1845 1792 1901 1839; x_wconf 89' lang='lat' dir='ltr'><strong>et</strong></span> <span class='ocrx_word' id='word_1_123' title='bbox 1943 1785 1995 1838; x_wconf 93' lang='lat' dir='ltr'><strong>in</strong></span> <span class='ocrx_word' id='word_1_124' title='bbox 2025 1798 2119 1839; x_wconf 91' lang='lat' dir='ltr'><strong>eos</strong></span> 
     </span>
    </p>
   </div>
   <div class='ocr_carea' id='block_1_19' title="bbox 2210 572 3815 643">
    <p class='ocr_par' dir='ltr' id='par_1_19' title="bbox 2210 572 3815 643">
     <span class='ocr_line' id='line_1_19' title="bbox 2210 572 3815 643; baseline 0.002 -19"><span class='ocrx_word' id='word_1_125' title='bbox 2210 580 2507 624; x_wconf 91' lang='lat' dir='ltr'><strong>statuarum</strong></span> <span class='ocrx_word' id='word_1_126' title='bbox 2540 573 3040 633; x_wconf 84' lang='lat' dir='ltr'><strong>consecrationibus</strong></span> <span class='ocrx_word' id='word_1_127' title='bbox 3067 572 3368 640; x_wconf 88' lang='lat' dir='ltr'><strong>honorare,</strong></span> <span class='ocrx_word' id='word_1_128' title='bbox 3399 581 3634 643; x_wconf 88' lang='lat' dir='ltr'><strong>quantas</strong></span> <span class='ocrx_word' id='word_1_129' title='bbox 3663 572 3815 627; x_wconf 87' lang='lat' dir='ltr'><strong>nobis</strong></span> 
     </span>
    </p>
   </div>
   <div class='ocr_carea' id='block_1_20' title="bbox 2212 659 3815 735">
    <p class='ocr_par' dir='ltr' id='par_1_20' title="bbox 2212 659 3815 735">
     <span class='ocr_line' id='line_1_20' title="bbox 2212 659 3815 735; baseline 0.002 -21"><span class='ocrx_word' id='word_1_130' title='bbox 2212 659 2413 715; x_wconf 89' lang='lat' dir='ltr'><strong>irarum</strong></span> <span class='ocrx_word' id='word_1_131' title='bbox 2446 662 2724 731; x_wconf 84' lang='lat' dir='ltr'><strong>llatnmas,</strong></span> <span class='ocrx_word' id='word_1_132' title='bbox 2767 664 3192 735; x_wconf 80' lang='lat' dir='ltr'><strong>indignationum</strong></span> <span class='ocrx_word' id='word_1_133' title='bbox 3231 681 3368 734; x_wconf 86' lang='lat' dir='ltr'><strong>quos</strong></span> <span class='ocrx_word' id='word_1_134' title='bbox 3409 665 3656 720; x_wconf 89' lang='lat' dir='ltr'><strong>turbines</strong></span> <span class='ocrx_word' id='word_1_135' title='bbox 3686 678 3815 719; x_wconf 86' lang='lat' dir='ltr'><strong>con-</strong></span> 
     </span>
    </p>
   </div>
   <div class='ocr_carea' id='block_1_21' title="bbox 2211 755 3819 830">
    <p class='ocr_par' dir='ltr' id='par_1_21' title="bbox 2211 755 3819 830">
     <span class='ocr_line' id='line_1_21' title="bbox 2211 755 3819 830; baseline 0.003 -21"><span class='ocrx_word' id='word_1_136' title='bbox 2211 755 2458 822; x_wconf 88' lang='lat' dir='ltr'><strong>citarent,</strong></span> <span class='ocrx_word' id='word_1_137' title='bbox 2491 757 2533 811; x_wconf 89' lang='lat' dir='ltr'><strong>si</strong></span> <span class='ocrx_word' id='word_1_138' title='bbox 2571 773 2791 813; x_wconf 87' lang='lat' dir='ltr'><strong>suorum</strong></span> <span class='ocrx_word' id='word_1_139' title='bbox 2819 773 3111 830; x_wconf 87' lang='lat' dir='ltr'><strong>corporum</strong></span> <span class='ocrx_word' id='word_1_140' title='bbox 3151 758 3354 814; x_wconf 82' lang='lat' dir='ltr'><strong>formas</strong></span> <span class='ocrx_word' id='word_1_141' title='bbox 3383 772 3570 814; x_wconf 87' lang='lat' dir='ltr'><strong>nostra</strong></span> <span class='ocrx_word' id='word_1_142' title='bbox 3620 760 3819 815; x_wconf 86' lang='lat' dir='ltr'><strong>vellent</strong></span> 
     </span>
    </p>
   </div>
   <div class='ocr_carea' id='block_1_22' title="bbox 2215 852 3815 921">
    <p class='ocr_par' dir='ltr' id='par_1_22' title="bbox 2215 852 3815 921">
     <span class='ocr_line' id='line_1_22' title="bbox 2215 852 3815 921; baseline 0.003 -20"><span class='ocrx_word' id='word_1_143' title='bbox 2215 860 2429 920; x_wconf 86' lang='lat' dir='ltr'><strong>portare</strong></span> <span class='ocrx_word' id='word_1_144' title='bbox 2458 861 2618 921; x_wconf 86' lang='lat' dir='ltr'><strong>atque</strong></span> <span class='ocrx_word' id='word_1_145' title='bbox 2646 852 2893 908; x_wconf 90' lang='lat' dir='ltr'><strong>obtinere</strong></span> <span class='ocrx_word' id='word_1_146' title='bbox 2920 852 3250 909; x_wconf 89' lang='lat' dir='ltr'><strong>simulacra?</strong></span> <span class='ocrx_word' id='word_1_147' title='bbox 3278 852 3543 920; x_wconf 84' lang='lat' dir='ltr'><strong>Quantas,</strong></span> <span class='ocrx_word' id='word_1_148' title='bbox 3574 852 3815 921; x_wconf 88' lang='lat' dir='ltr'><strong>inquam,</strong></span> 
     </span>
    </p>
   </div>
   <div class='ocr_carea' id='block_1_23' title="bbox 2215 942 3820 1016">
    <p class='ocr_par' dir='ltr' id='par_1_23' title="bbox 2215 942 3820 1016">
     <span class='ocr_line' id='line_1_23' title="bbox 2215 942 3820 1016; baseline 0.001 -18"><span class='ocrx_word' id='word_1_149' title='bbox 2215 942 2416 999; x_wconf 89' lang='lat' dir='ltr'><strong>irarum</strong></span> <span class='ocrx_word' id='word_1_150' title='bbox 2463 943 2709 1001; x_wconf 79' lang='lat' dir='ltr'><strong>ﬂammas</strong></span> <span class='ocrx_word' id='word_1_151' title='bbox 2751 946 3145 1016; x_wconf 83' lang='lat' dir='ltr'><strong>sull‘underent,</strong></span> <span class='ocrx_word' id='word_1_152' title='bbox 3193 947 3522 1010; x_wconf 80' lang='lat' dir='ltr'><strong>excitarent,</strong></span> <span class='ocrx_word' id='word_1_153' title='bbox 3576 943 3626 1000; x_wconf 90' lang='lat' dir='ltr'><strong>si</strong></span> <span class='ocrx_word' id='word_1_154' title='bbox 3674 944 3820 1000; x_wconf 86' lang='lat' dir='ltr'><strong>urbis</strong></span> 
     </span>
    </p>
   </div>
   <div class='ocr_carea' id='block_1_24' title="bbox 2215 1036 3820 1105">
    <p class='ocr_par' dir='ltr' id='par_1_24' title="bbox 2215 1036 3820 1105">
     <span class='ocr_line' id='line_1_24' title="bbox 2215 1036 3820 1105; baseline 0.003 -15"><span class='ocrx_word' id='word_1_155' title='bbox 2215 1036 2460 1091; x_wconf 91' lang='lat' dir='ltr'><strong>conditor</strong></span> <span class='ocrx_word' id='word_1_156' title='bbox 2492 1038 2752 1094; x_wconf 81' lang='lat' dir='ltr'><strong>llomulus</strong></span> <span class='ocrx_word' id='word_1_157' title='bbox 2789 1039 2995 1093; x_wconf 87' lang='lat' dir='ltr'><strong>asinina</strong></span> <span class='ocrx_word' id='word_1_158' title='bbox 3041 1048 3211 1095; x_wconf 88' lang='lat' dir='ltr'><strong>staret</strong></span> <span class='ocrx_word' id='word_1_159' title='bbox 3241 1039 3292 1094; x_wconf 91' lang='lat' dir='ltr'><strong>in</strong></span> <span class='ocrx_word' id='word_1_160' title='bbox 3328 1038 3489 1105; x_wconf 83' lang='lat' dir='ltr'><strong>facie,</strong></span> <span class='ocrx_word' id='word_1_161' title='bbox 3521 1039 3568 1094; x_wconf 88' lang='lat' dir='ltr'><strong>si</strong></span> <span class='ocrx_word' id='word_1_162' title='bbox 3600 1049 3820 1095; x_wconf 87' lang='lat' dir='ltr'><strong>sanctus</strong></span> 
     </span>
    </p>
   </div>
   <div class='ocr_carea' id='block_1_25' title="bbox 2216 1128 3824 1205">
    <p class='ocr_par' dir='ltr' id='par_1_25' title="bbox 2216 1128 3824 1205">
     <span class='ocr_line' id='line_1_25' title="bbox 2216 1128 3824 1205; baseline 0.004 -22"><span class='ocrx_word' id='word_1_163' title='bbox 2216 1128 2511 1200; x_wconf 85' lang='lat' dir='ltr'><strong>Pompilius</strong></span> <span class='ocrx_word' id='word_1_164' title='bbox 2539 1132 2591 1186; x_wconf 91' lang='lat' dir='ltr'><strong>in</strong></span> <span class='ocrx_word' id='word_1_165' title='bbox 2614 1133 2827 1201; x_wconf 89' lang='lat' dir='ltr'><strong>canina,</strong></span> <span class='ocrx_word' id='word_1_166' title='bbox 2855 1136 2899 1188; x_wconf 92' lang='lat' dir='ltr'><strong>si</strong></span> <span class='ocrx_word' id='word_1_167' title='bbox 2925 1135 3143 1203; x_wconf 89' lang='lat' dir='ltr'><strong>porcina</strong></span> <span class='ocrx_word' id='word_1_168' title='bbox 3172 1135 3273 1189; x_wconf 89' lang='lat' dir='ltr'><strong>sub</strong></span> <span class='ocrx_word' id='word_1_169' title='bbox 3303 1135 3483 1205; x_wconf 80' lang='lat' dir='ltr'><strong>Specie</strong></span> <span class='ocrx_word' id='word_1_170' title='bbox 3506 1148 3707 1189; x_wconf 91' lang='lat' dir='ltr'><strong>nomen</strong></span> <span class='ocrx_word' id='word_1_171' title='bbox 3735 1148 3824 1190; x_wconf 88' lang='lat' dir='ltr'><strong>es-</strong></span> 
     </span>
    </p>
   </div>
   <div class='ocr_carea' id='block_1_26' title="bbox 2219 1222 3822 1297">
    <p class='ocr_par' dir='ltr' id='par_1_26' title="bbox 2219 1222 3822 1297">
     <span class='ocr_line' id='line_1_26' title="bbox 2219 1222 3822 1297; baseline 0.004 -21"><span class='ocrx_word' id='word_1_172' title='bbox 2219 1231 2302 1276; x_wconf 90' lang='lat' dir='ltr'><strong>set</strong></span> <span class='ocrx_word' id='word_1_173' title='bbox 2342 1222 2598 1288; x_wconf 85' lang='lat' dir='ltr'><strong>Catonis,</strong></span> <span class='ocrx_word' id='word_1_174' title='bbox 2649 1235 2743 1279; x_wconf 91' lang='lat' dir='ltr'><strong>aut</strong></span> <span class='ocrx_word' id='word_1_175' title='bbox 2790 1225 2953 1280; x_wconf 83' lang='lat' dir='ltr'><strong>Marci</strong></span> <span class='ocrx_word' id='word_1_176' title='bbox 2997 1226 3276 1282; x_wconf 80' lang='lat' dir='ltr'><strong>Ciceronis</strong></span> <span class='ocrx_word' id='word_1_177' title='bbox 3326 1227 3695 1297; x_wconf 81' lang='lat' dir='ltr'><strong>inscriptum?</strong></span> <span class='ocrx_word' id='word_1_178' title='bbox 3744 1227 3822 1283; x_wconf 84' lang='lat' dir='ltr'><strong>lta</strong></span> 
     </span>
    </p>
   </div>
   <div class='ocr_carea' id='block_1_27' title="bbox 2219 1315 3824 1386">
    <p class='ocr_par' dir='ltr' id='par_1_27' title="bbox 2219 1315 3824 1386">
     <span class='ocr_line' id='line_1_27' title="bbox 2219 1315 3824 1386; baseline 0.004 -17"><span class='ocrx_word' id='word_1_179' title='bbox 2219 1328 2348 1384; x_wconf 87' lang='lat' dir='ltr'><strong>ergo</strong></span> <span class='ocrx_word' id='word_1_180' title='bbox 2376 1315 2722 1371; x_wconf 79' lang='lat' dir='ltr'><strong>stoliditatem</strong></span> <span class='ocrx_word' id='word_1_181' title='bbox 2765 1328 3001 1372; x_wconf 81' lang='lat' dir='ltr'><strong>vestram</strong></span> <span class='ocrx_word' id='word_1_182' title='bbox 3047 1333 3152 1373; x_wconf 92' lang='lat' dir='ltr'><strong>non</strong></span> <span class='ocrx_word' id='word_1_183' title='bbox 3184 1317 3370 1384; x_wconf 91' lang='lat' dir='ltr'><strong>rideri,</strong></span> <span class='ocrx_word' id='word_1_184' title='bbox 3416 1319 3463 1373; x_wconf 89' lang='lat' dir='ltr'><strong>si</strong></span> <span class='ocrx_word' id='word_1_185' title='bbox 3496 1319 3701 1386; x_wconf 91' lang='lat' dir='ltr'><strong>rident,</strong></span> <span class='ocrx_word' id='word_1_186' title='bbox 3728 1335 3824 1376; x_wconf 81' lang='lat' dir='ltr'><strong>vc-</strong></span> 
     </span>
    </p>
   </div>
   <div class='ocr_carea' id='block_1_28' title="bbox 2220 1409 3827 1484">
    <p class='ocr_par' dir='ltr' id='par_1_28' title="bbox 2220 1409 3827 1484">
     <span class='ocr_line' id='line_1_28' title="bbox 2220 1409 3827 1484; baseline 0.004 -22"><span class='ocrx_word' id='word_1_187' title='bbox 2220 1409 2347 1463; x_wconf 88' lang='lat' dir='ltr'><strong>stris</strong></span> <span class='ocrx_word' id='word_1_188' title='bbox 2378 1409 2446 1465; x_wconf 92' lang='lat' dir='ltr'><strong>ab</strong></span> <span class='ocrx_word' id='word_1_189' title='bbox 2467 1412 2779 1466; x_wconf 87' lang='lat' dir='ltr'><strong>numinibus</strong></span> <span class='ocrx_word' id='word_1_190' title='bbox 2805 1413 3036 1468; x_wconf 84' lang='lat' dir='ltr'><strong>remint?</strong></span> <span class='ocrx_word' id='word_1_191' title='bbox 3063 1423 3175 1477; x_wconf 90' lang='lat' dir='ltr'><strong>aut,</strong></span> <span class='ocrx_word' id='word_1_192' title='bbox 3199 1414 3453 1484; x_wconf 90' lang='lat' dir='ltr'><strong>quoniam</strong></span> <span class='ocrx_word' id='word_1_193' title='bbox 3479 1414 3719 1469; x_wconf 85' lang='lat' dir='ltr'><strong>censetis</strong></span> <span class='ocrx_word' id='word_1_194' title='bbox 3747 1414 3827 1468; x_wconf 87' lang='lat' dir='ltr'><strong>af-</strong></span> 
     </span>
    </p>
   </div>
   <div class='ocr_carea' id='block_1_29' title="bbox 2223 1502 3826 1579">
    <p class='ocr_par' dir='ltr' id='par_1_29' title="bbox 2223 1502 3826 1579">
     <span class='ocr_line' id='line_1_29' title="bbox 2223 1502 3826 1579; baseline 0.004 -22"><span class='ocrx_word' id='word_1_195' title='bbox 2223 1502 2307 1558; x_wconf 82' lang='lat' dir='ltr'><strong>fici</strong></span> <span class='ocrx_word' id='word_1_196' title='bbox 2338 1518 2431 1558; x_wconf 89' lang='lat' dir='ltr'><strong>eos</strong></span> <span class='ocrx_word' id='word_1_197' title='bbox 2475 1505 2585 1571; x_wconf 90' lang='lat' dir='ltr'><strong>ira,</strong></span> <span class='ocrx_word' id='word_1_198' title='bbox 2626 1521 2731 1560; x_wconf 92' lang='lat' dir='ltr'><strong>non</strong></span> <span class='ocrx_word' id='word_1_199' title='bbox 2782 1506 3039 1569; x_wconf 88' lang='lat' dir='ltr'><strong>insanire.</strong></span> <span class='ocrx_word' id='word_1_200' title='bbox 3092 1522 3199 1563; x_wconf 89' lang='lat' dir='ltr'><strong>non</strong></span> <span class='ocrx_word' id='word_1_201' title='bbox 3248 1506 3451 1573; x_wconf 84' lang='lat' dir='ltr'><strong>furere,</strong></span> <span class='ocrx_word' id='word_1_202' title='bbox 3502 1522 3681 1578; x_wconf 90' lang='lat' dir='ltr'><strong>neque</strong></span> <span class='ocrx_word' id='word_1_203' title='bbox 3726 1524 3826 1579; x_wconf 91' lang='lat' dir='ltr'><strong>pro</strong></span> 
     </span>
    </p>
   </div>
   <div class='ocr_carea' id='block_1_30' title="bbox 2223 1596 3830 1671">
    <p class='ocr_par' dir='ltr' id='par_1_30' title="bbox 2223 1596 3830 1671">
     <span class='ocr_line' id='line_1_30' title="bbox 2223 1596 3830 1671; baseline 0.004 -20"><span class='ocrx_word' id='word_1_204' title='bbox 2223 1596 2431 1665; x_wconf 87' lang='lat' dir='ltr'><strong>injuriis</strong></span> <span class='ocrx_word' id='word_1_205' title='bbox 2456 1607 2509 1652; x_wconf 92' lang='lat' dir='ltr'><strong>et</strong></span> <span class='ocrx_word' id='word_1_206' title='bbox 2534 1600 2876 1654; x_wconf 88' lang='lat' dir='ltr'><strong>contumeliis</strong></span> <span class='ocrx_word' id='word_1_207' title='bbox 2925 1598 3087 1655; x_wconf 91' lang='lat' dir='ltr'><strong>tantis</strong></span> <span class='ocrx_word' id='word_1_208' title='bbox 3139 1600 3308 1655; x_wconf 92' lang='lat' dir='ltr'><strong>ultum</strong></span> <span class='ocrx_word' id='word_1_209' title='bbox 3333 1602 3414 1656; x_wconf 90' lang='lat' dir='ltr'><strong>ire</strong></span> <span class='ocrx_word' id='word_1_210' title='bbox 3443 1614 3505 1657; x_wconf 91' lang='lat' dir='ltr'><strong>se</strong></span> <span class='ocrx_word' id='word_1_211' title='bbox 3549 1601 3713 1668; x_wconf 83' lang='lat' dir='ltr'><strong>velle,</strong></span> <span class='ocrx_word' id='word_1_212' title='bbox 3740 1601 3830 1671; x_wconf 85' lang='lat' dir='ltr'><strong>ja-</strong></span> 
     </span>
    </p>
   </div>
   <div class='ocr_carea' id='block_1_31' title="bbox 2222 1690 3831 1765">
    <p class='ocr_par' dir='ltr' id='par_1_31' title="bbox 2222 1690 3831 1765">
     <span class='ocr_line' id='line_1_31' title="bbox 2222 1690 3831 1765; baseline 0.006 -22"><span class='ocrx_word' id='word_1_213' title='bbox 2222 1690 2498 1763; x_wconf 86' lang='lat' dir='ltr'><strong>culariqne</strong></span> <span class='ocrx_word' id='word_1_214' title='bbox 2528 1696 2580 1747; x_wconf 91' lang='lat' dir='ltr'><strong>in</strong></span> <span class='ocrx_word' id='word_1_215' title='bbox 2611 1708 2707 1748; x_wconf 87' lang='lat' dir='ltr'><strong>vos</strong></span> <span class='ocrx_word' id='word_1_216' title='bbox 2733 1709 2793 1750; x_wconf 88' lang='lat' dir='ltr'><strong>ea</strong></span> <span class='ocrx_word' id='word_1_217' title='bbox 2814 1736 2830 1761; x_wconf 95' lang='lat'><strong>,</strong></span> <span class='ocrx_word' id='word_1_218' title='bbox 2860 1709 2979 1765; x_wconf 83' lang='lat' dir='ltr'><strong>quae</strong></span> <span class='ocrx_word' id='word_1_219' title='bbox 3010 1694 3168 1750; x_wconf 92' lang='lat' dir='ltr'><strong>dolor</strong></span> <span class='ocrx_word' id='word_1_220' title='bbox 3193 1705 3379 1751; x_wconf 86' lang='lat' dir='ltr'><strong>suetus</strong></span> <span class='ocrx_word' id='word_1_221' title='bbox 3408 1698 3493 1749; x_wconf 87' lang='lat' dir='ltr'><strong>est</strong></span> <span class='ocrx_word' id='word_1_222' title='bbox 3514 1694 3703 1764; x_wconf 89' lang='lat' dir='ltr'><strong>jacere</strong></span> <span class='ocrx_word' id='word_1_223' title='bbox 3722 1738 3739 1765; x_wconf 94' lang='lat'><strong>,</strong></span> <span class='ocrx_word' id='word_1_224' title='bbox 3771 1706 3831 1752; x_wconf 86' lang='lat' dir='ltr'><strong>et</strong></span> 
     </span>
    </p>
   </div>
   <div class='ocr_carea' id='block_1_32' title="bbox 2221 1781 3832 1856">
    <p class='ocr_par' dir='ltr' id='par_1_32' title="bbox 2221 1781 3832 1856">
     <span class='ocr_line' id='line_1_32' title="bbox 2221 1781 3832 1856; baseline 0.005 -19"><span class='ocrx_word' id='word_1_225' title='bbox 2221 1781 2535 1840; x_wconf 82' lang='lat' dir='ltr'><strong>olfettsionis</strong></span> <span class='ocrx_word' id='word_1_226' title='bbox 2564 1786 2832 1841; x_wconf 88' lang='lat' dir='ltr'><strong>acerbitas</strong></span> <span class='ocrx_word' id='word_1_227' title='bbox 2875 1788 3249 1843; x_wconf 84' lang='lat' dir='ltr'><strong>comminisci?</strong></span> <span class='ocrx_word' id='word_1_228' title='bbox 3275 1788 3488 1856; x_wconf 86' lang='lat' dir='ltr'><strong>Quanto</strong></span> <span class='ocrx_word' id='word_1_229' title='bbox 3536 1785 3713 1843; x_wconf 80' lang='lat' dir='ltr'><strong>fuerat</strong></span> <span class='ocrx_word' id='word_1_230' title='bbox 3742 1804 3832 1845; x_wconf 89' lang='lat' dir='ltr'><strong>re-</strong></span> 
     </span>
    </p>
   </div>
   <div class='ocr_carea' id='block_1_33' title="bbox 518 1876 3831 1949">
    <p class='ocr_par' dir='ltr' id='par_1_33' title="bbox 518 1876 3831 1949">
     <span class='ocr_line' id='line_1_33' title="bbox 518 1876 3831 1949; baseline 0.001 -18"><span class='ocrx_word' id='word_1_231' title='bbox 518 1877 652 1933; x_wconf 88' lang='lat' dir='ltr'><strong>estis</strong></span> <span class='ocrx_word' id='word_1_232' title='bbox 675 1876 1075 1943; x_wconf 81' lang='lat' dir='ltr'><strong>contumeliosi,</strong></span> <span class='ocrx_word' id='word_1_233' title='bbox 1102 1877 1297 1948; x_wconf 81' lang='lat' dir='ltr'><strong>quibus</strong></span> <span class='ocrx_word' id='word_1_234' title='bbox 1322 1876 1375 1932; x_wconf 92' lang='lat' dir='ltr'><strong>id</strong></span> <span class='ocrx_word' id='word_1_235' title='bbox 1391 1876 1680 1932; x_wconf 90' lang='lat' dir='ltr'><strong>attribuitis</strong></span> <span class='ocrx_word' id='word_1_236' title='bbox 1699 1876 1841 1948; x_wconf 91' lang='lat' dir='ltr'><strong>quod</strong></span> <span class='ocrx_word' id='word_1_237' title='bbox 1862 1890 1956 1932; x_wconf 91' lang='lat' dir='ltr'><strong>eos</strong></span> <span class='ocrx_word' id='word_1_238' title='bbox 1982 1890 2116 1932; x_wconf 88' lang='lat' dir='ltr'><strong>con-</strong></span> <span class='ocrx_word' id='word_1_239' title='bbox 2145 1889 2193 1949; x_wconf 82' lang='lat' dir='ltr'><strong>B</strong></span> <span class='ocrx_word' id='word_1_240' title='bbox 2220 1876 2358 1929; x_wconf 90' lang='lat' dir='ltr'><strong>ctins</strong></span> <span class='ocrx_word' id='word_1_241' title='bbox 2384 1876 2794 1947; x_wconf 85' lang='lat' dir='ltr'><strong>elephantorum</strong></span> <span class='ocrx_word' id='word_1_242' title='bbox 2827 1878 2911 1934; x_wconf 91' lang='lat' dir='ltr'><strong>his</strong></span> <span class='ocrx_word' id='word_1_243' title='bbox 2937 1878 3161 1944; x_wconf 78' lang='lat' dir='ltr'><strong>formas,</strong></span> <span class='ocrx_word' id='word_1_244' title='bbox 3205 1879 3612 1949; x_wconf 81' lang='lat' dir='ltr'><strong>pantherarum,</strong></span> <span class='ocrx_word' id='word_1_245' title='bbox 3636 1888 3730 1934; x_wconf 86' lang='lat' dir='ltr'><strong>aut</strong></span> <span class='ocrx_word' id='word_1_246' title='bbox 3758 1880 3831 1934; x_wconf 82' lang='lat' dir='ltr'><strong>ti-</strong></span> 
     </span>
    </p>
   </div>
   <div class='ocr_carea' id='block_1_34' title="bbox 522 1967 2111 2040">
    <p class='ocr_par' dir='ltr' id='par_1_34' title="bbox 522 1967 2111 2040">
     <span class='ocr_line' id='line_1_34' title="bbox 522 1967 2111 2040; baseline -0.001 -16"><span class='ocrx_word' id='word_1_247' title='bbox 522 1967 750 2025; x_wconf 84' lang='lat' dir='ltr'><strong>fitemini</strong></span> <span class='ocrx_word' id='word_1_248' title='bbox 779 1982 887 2024; x_wconf 90' lang='lat' dir='ltr'><strong>non</strong></span> <span class='ocrx_word' id='word_1_249' title='bbox 928 1983 1052 2025; x_wconf 90' lang='lat' dir='ltr'><strong>esse</strong></span> <span class='ocrx_word' id='word_1_250' title='bbox 1085 1988 1100 2025; x_wconf 89' lang='lat'>:</span> <span class='ocrx_word' id='word_1_251' title='bbox 1129 1979 1184 2025; x_wconf 91' lang='lat' dir='ltr'><strong>et</strong></span> <span class='ocrx_word' id='word_1_252' title='bbox 1225 1969 1511 2040; x_wconf 74' lang='lat' dir='ltr'><strong>irreligiosi</strong></span> <span class='ocrx_word' id='word_1_253' title='bbox 1556 1983 1677 2024; x_wconf 90' lang='lat' dir='ltr'><strong>esse</strong></span> <span class='ocrx_word' id='word_1_254' title='bbox 1718 1969 2111 2035; x_wconf 91' lang='lat' dir='ltr'><strong>monstramini,</strong></span> 
     </span>
    </p>
   </div>
   <div class='ocr_carea' id='block_1_35' title="bbox 518 2057 2118 2132">
    <p class='ocr_par' dir='ltr' id='par_1_35' title="bbox 518 2057 2118 2132">
     <span class='ocr_line' id='line_1_35' title="bbox 518 2057 2118 2132; baseline -0.001 -15"><span class='ocrx_word' id='word_1_255' title='bbox 518 2075 642 2117; x_wconf 90' lang='lat' dir='ltr'><strong>cum</strong></span> <span class='ocrx_word' id='word_1_256' title='bbox 680 2060 732 2116; x_wconf 93' lang='lat' dir='ltr'><strong>id</strong></span> <span class='ocrx_word' id='word_1_257' title='bbox 776 2061 1012 2117; x_wconf 88' lang='lat' dir='ltr'><strong>adoratis</strong></span> <span class='ocrx_word' id='word_1_258' title='bbox 1052 2060 1196 2132; x_wconf 89' lang='lat' dir='ltr'><strong>quod</strong></span> <span class='ocrx_word' id='word_1_259' title='bbox 1224 2059 1457 2130; x_wconf 84' lang='lat' dir='ltr'><strong>ﬁngitis,</strong></span> <span class='ocrx_word' id='word_1_260' title='bbox 1510 2075 1617 2114; x_wconf 92' lang='lat' dir='ltr'><strong>non</strong></span> <span class='ocrx_word' id='word_1_261' title='bbox 1648 2057 1792 2130; x_wconf 90' lang='lat' dir='ltr'><strong>quod</strong></span> <span class='ocrx_word' id='word_1_262' title='bbox 1822 2060 1876 2114; x_wconf 93' lang='lat' dir='ltr'><strong>in</strong></span> <span class='ocrx_word' id='word_1_263' title='bbox 1907 2075 1965 2116; x_wconf 90' lang='lat' dir='ltr'><strong>re</strong></span> <span class='ocrx_word' id='word_1_264' title='bbox 1994 2074 2118 2116; x_wconf 86' lang='lat' dir='ltr'><strong>esse</strong></span> 
     </span>
    </p>
   </div>
   <div class='ocr_carea' id='block_1_36' title="bbox 519 2152 2114 2226">
    <p class='ocr_par' dir='ltr' id='par_1_36' title="bbox 519 2152 2114 2226">
     <span class='ocr_line' id='line_1_36' title="bbox 519 2152 2114 2226; baseline -0.005 -12"><span class='ocrx_word' id='word_1_265' title='bbox 519 2155 747 2226; x_wconf 85' lang='lat' dir='ltr'><strong>ipsaque</strong></span> <span class='ocrx_word' id='word_1_266' title='bbox 759 2155 814 2211; x_wconf 88' lang='lat' dir='ltr'><strong>in</strong></span> <span class='ocrx_word' id='word_1_267' title='bbox 826 2156 1053 2212; x_wconf 84' lang='lat' dir='ltr'><strong>veritate</strong></span> <span class='ocrx_word' id='word_1_268' title='bbox 1063 2163 1147 2211; x_wconf 88' lang='lat' dir='ltr'><strong>est</strong></span> <span class='ocrx_word' id='word_1_269' title='bbox 1158 2154 1413 2210; x_wconf 87' lang='lat' dir='ltr'><strong>censetis.</strong></span> <span class='ocrx_word' id='word_1_270' title='bbox 1429 2152 1485 2209; x_wconf 89' lang='lat' dir='ltr'><strong>Si</strong></span> <span class='ocrx_word' id='word_1_271' title='bbox 1498 2152 1726 2219; x_wconf 89' lang='lat' dir='ltr'><strong>aselluli,</strong></span> <span class='ocrx_word' id='word_1_272' title='bbox 1744 2167 1927 2219; x_wconf 90' lang='lat' dir='ltr'><strong>canes,</strong></span> <span class='ocrx_word' id='word_1_273' title='bbox 1945 2154 2114 2224; x_wconf 92' lang='lat' dir='ltr'><strong>porci,</strong></span> 
     </span>
    </p>
   </div>
   <div class='ocr_carea' id='block_1_37' title="bbox 520 2244 2120 2319">
    <p class='ocr_par' dir='ltr' id='par_1_37' title="bbox 520 2244 2120 2319">
     <span class='ocr_line' id='line_1_37' title="bbox 520 2244 2120 2319; baseline -0.001 -17"><span class='ocrx_word' id='word_1_274' title='bbox 520 2245 815 2304; x_wconf 84' lang='lat' dir='ltr'><strong>humanum</strong></span> <span class='ocrx_word' id='word_1_275' title='bbox 839 2247 1039 2319; x_wconf 91' lang='lat' dir='ltr'><strong>aliquid</strong></span> <span class='ocrx_word' id='word_1_276' title='bbox 1067 2257 1343 2319; x_wconf 87' lang='lat' dir='ltr'><strong>saperent,</strong></span> <span class='ocrx_word' id='word_1_277' title='bbox 1372 2244 1714 2319; x_wconf 81' lang='lat' dir='ltr'><strong>[lugendique</strong></span> <span class='ocrx_word' id='word_1_278' title='bbox 1740 2245 2005 2302; x_wconf 86' lang='lat' dir='ltr'><strong>haberent</strong></span> <span class='ocrx_word' id='word_1_279' title='bbox 2033 2260 2120 2301; x_wconf 89' lang='lat' dir='ltr'><strong>ar-</strong></span> 
     </span>
    </p>
   </div>
   <div class='ocr_carea' id='block_1_38' title="bbox 2222 1968 3832 2043">
    <p class='ocr_par' dir='ltr' id='par_1_38' title="bbox 2222 1968 3832 2043">
     <span class='ocr_line' id='line_1_38' title="bbox 2222 1968 3832 2043; baseline 0.003 -21"><span class='ocrx_word' id='word_1_280' title='bbox 2222 1968 2458 2039; x_wconf 90' lang='lat' dir='ltr'><strong>gridum,</strong></span> <span class='ocrx_word' id='word_1_281' title='bbox 2485 1977 2784 2037; x_wconf 88' lang='lat' dir='ltr'><strong>taurorum,</strong></span> <span class='ocrx_word' id='word_1_282' title='bbox 2808 1985 3182 2043; x_wconf 82' lang='lat' dir='ltr'><strong>equorumque</strong></span> <span class='ocrx_word' id='word_1_283' title='bbox 3204 1970 3446 2027; x_wconf 88' lang='lat' dir='ltr'><strong>donare?</strong></span> <span class='ocrx_word' id='word_1_284' title='bbox 3462 1971 3595 2027; x_wconf 86' lang='lat' dir='ltr'><strong>Nam</strong></span> <span class='ocrx_word' id='word_1_285' title='bbox 3620 1972 3752 2042; x_wconf 90' lang='lat' dir='ltr'><strong>quid</strong></span> <span class='ocrx_word' id='word_1_286' title='bbox 3776 1972 3832 2028; x_wconf 91' lang='lat' dir='ltr'><strong>in</strong></span> 
     </span>
    </p>
   </div>
   <div class='ocr_carea' id='block_1_39' title="bbox 2225 2058 3835 2134">
    <p class='ocr_par' dir='ltr' id='par_1_39' title="bbox 2225 2058 3835 2134">
     <span class='ocr_line' id='line_1_39' title="bbox 2225 2058 3835 2134; baseline 0.003 -20"><span class='ocrx_word' id='word_1_287' title='bbox 2225 2058 2442 2116; x_wconf 89' lang='lat' dir='ltr'><strong>homine</strong></span> <span class='ocrx_word' id='word_1_288' title='bbox 2465 2061 2742 2130; x_wconf 82' lang='lat' dir='ltr'><strong>pulchrum</strong></span> <span class='ocrx_word' id='word_1_289' title='bbox 2764 2072 2867 2129; x_wconf 89' lang='lat' dir='ltr'><strong>est,</strong></span> <span class='ocrx_word' id='word_1_290' title='bbox 2895 2063 3020 2133; x_wconf 91' lang='lat' dir='ltr'><strong>quid</strong></span> <span class='ocrx_word' id='word_1_291' title='bbox 3045 2078 3231 2134; x_wconf 72' lang='lat' dir='ltr'><strong>quatso</strong></span> <span class='ocrx_word' id='word_1_292' title='bbox 3247 2063 3591 2127; x_wconf 85' lang='lat' dir='ltr'><strong>admirabile,</strong></span> <span class='ocrx_word' id='word_1_293' title='bbox 3615 2065 3705 2118; x_wconf 85' lang='lat' dir='ltr'><strong>vel</strong></span> <span class='ocrx_word' id='word_1_294' title='bbox 3734 2064 3835 2119; x_wconf 91' lang='lat' dir='ltr'><strong>de-</strong></span> 
     </span>
    </p>
   </div>
   <div class='ocr_carea' id='block_1_40' title="bbox 2224 2153 3825 2229">
    <p class='ocr_par' dir='ltr' id='par_1_40' title="bbox 2224 2153 3825 2229">
     <span class='ocr_line' id='line_1_40' title="bbox 2224 2153 3825 2229; baseline 0.004 -22"><span class='ocrx_word' id='word_1_295' title='bbox 2224 2166 2411 2207; x_wconf 92' lang='lat' dir='ltr'><strong>corum</strong></span> <span class='ocrx_word' id='word_1_296' title='bbox 2431 2194 2446 2219; x_wconf 93' lang='lat'><strong>,</strong></span> <span class='ocrx_word' id='word_1_297' title='bbox 2474 2153 2575 2208; x_wconf 88' lang='lat' dir='ltr'><strong>nisi</strong></span> <span class='ocrx_word' id='word_1_298' title='bbox 2600 2153 2743 2225; x_wconf 87' lang='lat' dir='ltr'><strong>quod</strong></span> <span class='ocrx_word' id='word_1_299' title='bbox 2774 2164 2828 2210; x_wconf 91' lang='lat' dir='ltr'><strong>et</strong></span> <span class='ocrx_word' id='word_1_300' title='bbox 2853 2154 3062 2210; x_wconf 90' lang='lat' dir='ltr'><strong>clurino</strong></span> <span class='ocrx_word' id='word_1_301' title='bbox 3096 2171 3219 2212; x_wconf 91' lang='lat' dir='ltr'><strong>cum</strong></span> <span class='ocrx_word' id='word_1_302' title='bbox 3257 2171 3451 2227; x_wconf 88' lang='lat' dir='ltr'><strong>pecore</strong></span> <span class='ocrx_word' id='word_1_303' title='bbox 3486 2157 3676 2214; x_wconf 90' lang='lat' dir='ltr'><strong>nescio</strong></span> <span class='ocrx_word' id='word_1_304' title='bbox 3700 2157 3825 2229; x_wconf 83' lang='lat' dir='ltr'><strong>quis</strong></span> 
     </span>
    </p>
   </div>
   <div class='ocr_carea' id='block_1_41' title="bbox 2226 2248 3108 2307">
    <p class='ocr_par' dir='ltr' id='par_1_41' title="bbox 2226 2248 3108 2307">
     <span class='ocr_line' id='line_1_41' title="bbox 2226 2248 3108 2307; baseline 0.007 -8"><span class='ocrx_word' id='word_1_305' title='bbox 2226 2258 2414 2301; x_wconf 85' lang='lat' dir='ltr'><strong>auctor</strong></span> <span class='ocrx_word' id='word_1_306' title='bbox 2443 2248 2611 2303; x_wconf 90' lang='lat' dir='ltr'><strong>voluit</strong></span> <span class='ocrx_word' id='word_1_307' title='bbox 2635 2263 2757 2306; x_wconf 89' lang='lat' dir='ltr'><strong>esse</strong></span> <span class='ocrx_word' id='word_1_308' title='bbox 2786 2248 3108 2307; x_wconf 86' lang='lat' dir='ltr'><strong>commune?</strong></span> 
     </span>
    </p>
   </div>
   <div class='ocr_carea' id='block_1_42' title="bbox 1802 2337 2621 2398">
    <p class='ocr_par' dir='ltr' id='par_1_42' title="bbox 1802 2337 2621 2398">
     <span class='ocr_line' id='line_1_42' title="bbox 1802 2337 2621 2398; baseline 0.001 -3"><span class='ocrx_word' id='word_1_309' title='bbox 1802 2337 2177 2396; x_wconf 85' lang='lat' dir='ltr'><strong>LECTIONES</strong></span> <span class='ocrx_word' id='word_1_310' title='bbox 2212 2337 2621 2398; x_wconf 81' lang='lat' dir='ltr'><strong>VARIANTES.</strong></span> 
     </span>
    </p>
   </div>
   <div class='ocr_carea' id='block_1_43' title="bbox 582 2429 1250 2493">
    <p class='ocr_par' dir='ltr' id='par_1_43' title="bbox 582 2429 1250 2493">
     <span class='ocr_line' id='line_1_43' title="bbox 582 2429 1250 2493; baseline -0.003 -9"><span class='ocrx_word' id='word_1_311' title='bbox 582 2436 608 2468; x_wconf 77' lang='grc'>⁸</span> <span class='ocrx_word' id='word_1_312' title='bbox 640 2433 767 2493; x_wconf 82' lang='lat' dir='ltr'><strong>Esse</strong></span> <span class='ocrx_word' id='word_1_313' title='bbox 790 2429 921 2487; x_wconf 83' lang='lat' dir='ltr'><strong>alii:</strong></span> <span class='ocrx_word' id='word_1_314' title='bbox 944 2432 1125 2485; x_wconf 89' lang='lat' dir='ltr'><strong>Fuisse</strong></span> <span class='ocrx_word' id='word_1_315' title='bbox 1156 2445 1250 2486; x_wconf 89' lang='lat' dir='ltr'><strong>ms.</strong></span> 
     </span>
    </p>
   </div>
   <div class='ocr_carea' id='block_1_44' title="bbox 1847 2517 2416 2580">
    <p class='ocr_par' dir='ltr' id='par_1_44' title="bbox 1847 2517 2416 2580">
     <span class='ocr_line' id='line_1_44' title="bbox 1847 2517 2416 2580; baseline 0.005 -6"><span class='ocrx_word' id='word_1_316' title='bbox 1847 2517 2416 2580; x_wconf 80' lang='lat' dir='ltr'><strong>COMMENTARIUS.</strong></span> 
     </span>
    </p>
   </div>
   <div class='ocr_carea' id='block_1_45' title="bbox 524 2613 2120 2685">
    <p class='ocr_par' dir='ltr' id='par_1_45' title="bbox 524 2613 2120 2685">
     <span class='ocr_line' id='line_1_45' title="bbox 524 2613 2120 2685; baseline -0.001 -13"><span class='ocrx_word' id='word_1_317' title='bbox 524 2628 635 2672; x_wconf 85' lang='lat' dir='ltr'><strong>uno</strong></span> <span class='ocrx_word' id='word_1_318' title='bbox 680 2613 959 2672; x_wconf 89' lang='lat' dir='ltr'><strong>Clemente</strong></span> <span class='ocrx_word' id='word_1_319' title='bbox 998 2613 1366 2671; x_wconf 81' lang='lat' dir='ltr'><strong>Alexandrino</strong></span> <span class='ocrx_word' id='word_1_320' title='bbox 1408 2623 1658 2671; x_wconf 89' lang='lat' dir='ltr'><strong>constare</strong></span> <span class='ocrx_word' id='word_1_321' title='bbox 1707 2622 1909 2685; x_wconf 89' lang='lat' dir='ltr'><strong>potest.</strong></span> <span class='ocrx_word' id='word_1_322' title='bbox 1943 2613 2013 2669; x_wconf 83' lang='lat' dir='ltr'><strong>At</strong></span> <span class='ocrx_word' id='word_1_323' title='bbox 2052 2613 2120 2670; x_wconf 90' lang='lat' dir='ltr'><strong>de</strong></span> 
     </span>
    </p>
   </div>
   <div class='ocr_carea' id='block_1_46' title="bbox 531 2686 2116 2755">
    <p class='ocr_par' dir='ltr' id='par_1_46' title="bbox 531 2686 2116 2755">
     <span class='ocr_line' id='line_1_46' title="bbox 531 2686 2116 2755; baseline -0.002 -13"><span class='ocrx_word' id='word_1_324' title='bbox 531 2686 937 2743; x_wconf 88' lang='lat' dir='ltr'><strong>humanioribus</strong></span> <span class='ocrx_word' id='word_1_325' title='bbox 960 2695 1017 2743; x_wconf 90' lang='lat' dir='ltr'><strong>et</strong></span> <span class='ocrx_word' id='word_1_326' title='bbox 1040 2686 1404 2741; x_wconf 82' lang='lat' dir='ltr'><strong>ﬂoridioribus</strong></span> <span class='ocrx_word' id='word_1_327' title='bbox 1429 2686 1625 2741; x_wconf 84' lang='lat' dir='ltr'><strong>litteris</strong></span> <span class='ocrx_word' id='word_1_328' title='bbox 1651 2686 1925 2755; x_wconf 88' lang='lat' dir='ltr'><strong>asperiora</strong></span> <span class='ocrx_word' id='word_1_329' title='bbox 1954 2686 2116 2741; x_wconf 89' lang='lat' dir='ltr'><strong>etiam</strong></span> 
     </span>
    </p>
   </div>
   <div class='ocr_carea' id='block_1_47' title="bbox 528 2755 2123 2826">
    <p class='ocr_par' dir='ltr' id='par_1_47' title="bbox 528 2755 2123 2826">
     <span class='ocr_line' id='line_1_47' title="bbox 528 2755 2123 2826; baseline -0.001 -14"><span class='ocrx_word' id='word_1_330' title='bbox 528 2757 749 2813; x_wconf 91' lang='lat' dir='ltr'><strong>fuerunt</strong></span> <span class='ocrx_word' id='word_1_331' title='bbox 788 2768 1027 2813; x_wconf 83' lang='lat' dir='ltr'><strong>veterum</strong></span> <span class='ocrx_word' id='word_1_332' title='bbox 1069 2757 1500 2813; x_wconf 89' lang='lat' dir='ltr'><strong>Christianorum</strong></span> <span class='ocrx_word' id='word_1_333' title='bbox 1539 2755 1762 2824; x_wconf 87' lang='lat' dir='ltr'><strong>judicia.</strong></span> <span class='ocrx_word' id='word_1_334' title='bbox 1809 2755 2123 2826; x_wconf 67' lang='lat' dir='ltr'><strong>Tragoedias</strong></span> 
     </span>
    </p>
   </div>
   <div class='ocr_carea' id='block_1_48' title="bbox 529 2828 2121 2898">
    <p class='ocr_par' dir='ltr' id='par_1_48' title="bbox 529 2828 2121 2898">
     <span class='ocr_line' id='line_1_48' title="bbox 529 2828 2121 2898; baseline -0.004 -13"><span class='ocrx_word' id='word_1_335' title='bbox 529 2830 674 2885; x_wconf 84' lang='lat' dir='ltr'><strong>enim</strong></span> <span class='ocrx_word' id='word_1_336' title='bbox 702 2839 755 2883; x_wconf 87' lang='lat' dir='ltr'><strong>et</strong></span> <span class='ocrx_word' id='word_1_337' title='bbox 780 2828 1094 2894; x_wconf 71' lang='lat' dir='ltr'><strong>contwdias,</strong></span> <span class='ocrx_word' id='word_1_338' title='bbox 1120 2829 1328 2898; x_wconf 85' lang='lat' dir='ltr'><strong>aliaque</strong></span> <span class='ocrx_word' id='word_1_339' title='bbox 1353 2837 1546 2882; x_wconf 64' lang='lat' dir='ltr'><strong>caetera</strong></span> <span class='ocrx_word' id='word_1_340' title='bbox 1578 2835 1856 2898; x_wconf 81' lang='lat' dir='ltr'><strong>poetarum</strong></span> <span class='ocrx_word' id='word_1_341' title='bbox 1885 2830 2085 2895; x_wconf 90' lang='lat' dir='ltr'><strong>scripta</strong></span> <span class='ocrx_word' id='word_1_342' title='bbox 2106 2870 2121 2894; x_wconf 92' lang='lat'><strong>,</strong></span> 
     </span>
    </p>
   </div>
   <div class='ocr_carea' id='block_1_49' title="bbox 527 2896 2123 2969">
    <p class='ocr_par' dir='ltr' id='par_1_49' title="bbox 527 2896 2123 2969">
     <span class='ocr_line' id='line_1_49' title="bbox 527 2896 2123 2969; baseline -0.001 -15"><span class='ocrx_word' id='word_1_343' title='bbox 527 2900 673 2969; x_wconf 83' lang='lat' dir='ltr'><strong>quod</strong></span> <span class='ocrx_word' id='word_1_344' title='bbox 702 2914 765 2953; x_wconf 92' lang='lat' dir='ltr'><strong>ea</strong></span> <span class='ocrx_word' id='word_1_345' title='bbox 795 2900 863 2955; x_wconf 91' lang='lat' dir='ltr'><strong>ad</strong></span> <span class='ocrx_word' id='word_1_346' title='bbox 902 2899 1127 2955; x_wconf 78' lang='lat' dir='ltr'><strong>Solidam</strong></span> <span class='ocrx_word' id='word_1_347' title='bbox 1155 2896 1457 2954; x_wconf 85' lang='lat' dir='ltr'><strong>doctrinam</strong></span> <span class='ocrx_word' id='word_1_348' title='bbox 1489 2899 1739 2954; x_wconf 89' lang='lat' dir='ltr'><strong>conferre</strong></span> <span class='ocrx_word' id='word_1_349' title='bbox 1781 2896 1911 2952; x_wconf 87' lang='lat' dir='ltr'><strong>nihil</strong></span> <span class='ocrx_word' id='word_1_350' title='bbox 1944 2899 2123 2953; x_wconf 79' lang='lat' dir='ltr'><strong>existi-</strong></span> 
     </span>
    </p>
   </div>
   <div class='ocr_carea' id='block_1_50' title="bbox 531 2970 2123 3041">
    <p class='ocr_par' dir='ltr' id='par_1_50' title="bbox 531 2970 2123 3041">
     <span class='ocr_line' id='line_1_50' title="bbox 531 2970 2123 3041; baseline 0 -16"><span class='ocrx_word' id='word_1_351' title='bbox 531 2980 741 3041; x_wconf 82' lang='lat' dir='ltr'><strong>marent</strong></span> <span class='ocrx_word' id='word_1_352' title='bbox 762 3012 776 3037; x_wconf 94' lang='lat'><strong>,</strong></span> <span class='ocrx_word' id='word_1_353' title='bbox 808 2980 1067 3041; x_wconf 68' lang='lat' dir='ltr'><strong>praeterea</strong></span> <span class='ocrx_word' id='word_1_354' title='bbox 1110 2970 1325 3025; x_wconf 85' lang='lat' dir='ltr'><strong>lascivia</strong></span> <span class='ocrx_word' id='word_1_355' title='bbox 1361 2979 1417 3024; x_wconf 89' lang='lat' dir='ltr'><strong>et</strong></span> <span class='ocrx_word' id='word_1_356' title='bbox 1457 2970 1788 3041; x_wconf 89' lang='lat' dir='ltr'><strong>turpitudine</strong></span> <span class='ocrx_word' id='word_1_357' title='bbox 1820 2979 2031 3025; x_wconf 87' lang='lat' dir='ltr'><strong>scatere</strong></span> <span class='ocrx_word' id='word_1_358' title='bbox 2060 2985 2123 3025; x_wconf 90' lang='lat' dir='ltr'><strong>ac</strong></span> 
     </span>
    </p>
   </div>
   <div class='ocr_carea' id='block_1_51' title="bbox 2223 2617 3834 2695">
    <p class='ocr_par' dir='ltr' id='par_1_51' title="bbox 2223 2617 3834 2695">
     <span class='ocr_line' id='line_1_51' title="bbox 2223 2617 3834 2695; baseline 0.008 -26"><span class='ocrx_word' id='word_1_359' title='bbox 2223 2632 2381 2695; x_wconf 76' lang='lat' dir='ltr'><strong>supra</strong></span> <span class='ocrx_word' id='word_1_360' title='bbox 2414 2617 2660 2675; x_wconf 86' lang='lat' dir='ltr'><strong>vidimus.</strong></span> <span class='ocrx_word' id='word_1_361' title='bbox 2694 2620 2847 2695; x_wconf 87' lang='lat' dir='ltr'><strong>Fulv.</strong></span> <span class='ocrx_word' id='word_1_362' title='bbox 2906 2621 3088 2680; x_wconf 90' lang='lat' dir='ltr'><strong>Ursin.</strong></span> <span class='ocrx_word' id='word_1_363' title='bbox 3136 2625 3280 2695; x_wconf 85' lang='lat' dir='ltr'><strong>conj.</strong></span> <span class='ocrx_word' id='word_1_364' title='bbox 3318 2642 3331 2678; x_wconf 90' lang='lat'><strong>:</strong></span> <span class='ocrx_word' id='word_1_365' title='bbox 3373 2625 3528 2693; x_wconf 82' lang='lat' dir='ltr'><strong>Quod</strong></span> <span class='ocrx_word' id='word_1_366' title='bbox 3571 2642 3760 2693; x_wconf 85' lang='lat' dir='ltr'><strong>reapse</strong></span> <span class='ocrx_word' id='word_1_367' title='bbox 3779 2627 3834 2681; x_wconf 83' lang='lat' dir='ltr'><strong>in</strong></span> 
     </span>
    </p>
   </div>
   <div class='ocr_carea' id='block_1_52' title="bbox 2223 2689 3834 2814">
    <p class='ocr_par' dir='ltr' id='par_1_52' title="bbox 2223 2689 3834 2814">
     <span class='ocr_line' id='line_1_52' title="bbox 2223 2689 3834 2814; baseline 0.009 -74"><span class='ocrx_word' id='word_1_368' title='bbox 2223 2689 2432 2813; x_wconf 59' lang='lat' dir='ltr'><strong>verigtte</strong></span> <span class='ocrx_word' id='word_1_369' title='bbox 2459 2706 2566 2814; x_wconf 51' lang='grc' dir='ltr'><strong>εὗδε</strong></span> <span class='ocrx_word' id='word_1_370' title='bbox 2595 2694 2829 2760; x_wconf 77' lang='lat' dir='ltr'><strong>censetis,</strong></span> <span class='ocrx_word' id='word_1_371' title='bbox 2877 2697 3138 2764; x_wconf 86' lang='lat' dir='ltr'><strong>probante</strong></span> <span class='ocrx_word' id='word_1_372' title='bbox 3172 2689 3412 2752; x_wconf 71' lang='lat' dir='ltr'><strong>lleraldo</strong></span> <span class='ocrx_word' id='word_1_373' title='bbox 3445 2696 3500 2751; x_wconf 92' lang='lat' dir='ltr'><strong>in</strong></span> <span class='ocrx_word' id='word_1_374' title='bbox 3527 2689 3689 2753; x_wconf 84' lang='lat' dir='ltr'><strong>Curis</strong></span> <span class='ocrx_word' id='word_1_375' title='bbox 3741 2714 3834 2753; x_wconf 89' lang='lat' dir='ltr'><strong>se-</strong></span> 
     </span>
     <span class='ocr_line' id='line_1_53' title="bbox 2224 2773 2675 2814; baseline 0.002 -1"><span class='ocrx_word' id='word_1_376' title='bbox 2224 2773 2326 2813; x_wconf 86' lang='lat' dir='ltr'><strong>enn</strong></span> <span class='ocrx_word' id='word_1_377' title='bbox 2373 2776 2435 2814; x_wconf 92' lang='lat' dir='ltr'><strong>IS.</strong></span> <span class='ocrx_word' id='word_1_378' title='bbox 2517 2776 2675 2814; x_wconf 66' lang='lat' dir='ltr'><strong>nunc.</strong></span> 
     </span>
    </p>
   </div>
   <div class='ocr_carea' id='block_1_53' title="bbox 2224 2773 2675 2817">
    <p class='ocr_par' dir='ltr' id='par_1_53' title="bbox 2224 2773 2675 2817">
     <span class='ocr_line' id='line_1_54' title="bbox 2224 2773 2675 2817; baseline 0.009 -4"><span class='ocrx_word' id='word_1_379' title='bbox 2224 2773 2435 2815; x_wconf 78' lang='lat' dir='ltr'><strong>CIIIIUIS.</strong></span> <span class='ocrx_word' id='word_1_380' title='bbox 2470 2773 2675 2817; x_wconf 78' lang='lat' dir='ltr'><strong>URELL.</strong></span> 
     </span>
    </p>
   </div>
   <div class='ocr_carea' id='block_1_54' title="bbox 2299 2830 3835 2910">
    <p class='ocr_par' dir='ltr' id='par_1_54' title="bbox 2299 2830 3835 2910">
     <span class='ocr_line' id='line_1_55' title="bbox 2299 2830 3835 2910; baseline 0.008 -27"><span class='ocrx_word' id='word_1_381' title='bbox 2299 2830 2360 2883; x_wconf 85' lang='lat' dir='ltr'><strong>Si</strong></span> <span class='ocrx_word' id='word_1_382' title='bbox 2399 2832 2658 2910; x_wconf 33' lang='lat' dir='ltr'><strong>asellulit</strong></span> <span class='ocrx_word' id='word_1_383' title='bbox 2686 2850 2857 2910; x_wconf 75' lang='lat' dir='ltr'><strong>canes,</strong></span> <span class='ocrx_word' id='word_1_384' title='bbox 2904 2846 3009 2910; x_wconf 86' lang='lat' dir='ltr'><strong>etc.</strong></span> <span class='ocrx_word' id='word_1_385' title='bbox 3060 2837 3187 2893; x_wconf 75' lang='lat' dir='ltr'><strong>Hmc</strong></span> <span class='ocrx_word' id='word_1_386' title='bbox 3227 2854 3480 2910; x_wconf 72' lang='lat' dir='ltr'><strong>expressa</strong></span> <span class='ocrx_word' id='word_1_387' title='bbox 3530 2839 3835 2896; x_wconf 82' lang='lat' dir='ltr'><strong>videnturc</strong></span> 
     </span>
    </p>
   </div>
   <div class='ocr_carea' id='block_1_55' title="bbox 2227 2899 3835 2980">
    <p class='ocr_par' dir='ltr' id='par_1_55' title="bbox 2227 2899 3835 2980">
     <span class='ocr_line' id='line_1_56' title="bbox 2227 2899 3835 2980; baseline 0.007 -26"><span class='ocrx_word' id='word_1_388' title='bbox 2227 2899 2576 2980; x_wconf 41' lang='lat' dir='ltr'><strong>Xenophanis</strong></span> <span class='ocrx_word' id='word_1_389' title='bbox 2620 2899 2941 2980; x_wconf 62' lang='lat' dir='ltr'><strong>(inlephonii</strong></span> <span class='ocrx_word' id='word_1_390' title='bbox 2986 2910 3255 2971; x_wconf 76' lang='lat' dir='ltr'><strong>versibus,</strong></span> <span class='ocrx_word' id='word_1_391' title='bbox 3284 2899 3373 2975; x_wconf 74' lang='lat' dir='ltr'><strong>qni</strong></span> <span class='ocrx_word' id='word_1_392' title='bbox 3404 2911 3655 2975; x_wconf 72' lang='lat' dir='ltr'><strong>leguntur</strong></span> <span class='ocrx_word' id='word_1_393' title='bbox 3687 2912 3835 2980; x_wconf 88' lang='lat' dir='ltr'><strong>apud</strong></span> 
     </span>
    </p>
   </div>
   <div class='ocr_carea' id='block_1_56' title="bbox 2224 2971 3831 3051">
    <p class='ocr_par' dir='ltr' id='par_1_56' title="bbox 2224 2971 3831 3051">
     <span class='ocr_line' id='line_1_57' title="bbox 2224 2971 3831 3051; baseline 0.006 -26"><span class='ocrx_word' id='word_1_394' title='bbox 2224 2971 2486 3051; x_wconf 45' lang='lat' dir='ltr'><strong>Clement;</strong></span> <span class='ocrx_word' id='word_1_395' title='bbox 2513 2975 2662 3029; x_wconf 61' lang='lat' dir='ltr'><strong>Alex.</strong></span> <span class='ocrx_word' id='word_1_396' title='bbox 2681 2971 2962 3041; x_wconf 81' lang='lat' dir='ltr'><strong>Strotnat.,</strong></span> <span class='ocrx_word' id='word_1_397' title='bbox 2987 2980 3078 3034; x_wconf 90' lang='lat' dir='ltr'><strong>lib.</strong></span> <span class='ocrx_word' id='word_1_398' title='bbox 3102 2995 3153 3044; x_wconf 87' lang='lat' dir='ltr'><strong>v,</strong></span> <span class='ocrx_word' id='word_1_399' title='bbox 3171 2997 3221 3051; x_wconf 91' lang='lat' dir='ltr'><strong>p.</strong></span> <span class='ocrx_word' id='word_1_400' title='bbox 3242 2971 3370 3043; x_wconf 71' lang='lat'><strong>9.56,</strong></span> <span class='ocrx_word' id='word_1_401' title='bbox 3399 2971 3831 3049; x_wconf 27' lang='lat' dir='ltr'><strong>ct’Theodor&#39;et”</strong></span> 
     </span>
    </p>
   </div>
   <div class='ocr_carea' id='block_1_57' title="bbox 533 3040 3832 3121">
    <p class='ocr_par' dir='ltr' id='par_1_57' title="bbox 533 3040 3832 3121">
     <span class='ocr_line' id='line_1_58' title="bbox 533 3040 3832 3121; baseline 0.003 -25"><span class='ocrx_word' id='word_1_402' title='bbox 533 3040 794 3121; x_wconf 62' lang='lat' dir='ltr'><strong>fabulosa!</strong></span> <span class='ocrx_word' id='word_1_403' title='bbox 816 3040 1140 3121; x_wconf 66' lang='lat' dir='ltr'><strong>idololatria:</strong></span> <span class='ocrx_word' id='word_1_404' title='bbox 1169 3040 1593 3121; x_wconf 83' lang='lat' dir='ltr'><strong>pro_mptna_r_i_mn</strong></span> <span class='ocrx_word' id='word_1_405' title='bbox 1630 3055 1752 3121; x_wconf 78' lang='lat' dir='ltr'><strong>esse</strong></span> <span class='ocrx_word' id='word_1_406' title='bbox 1764 3111 1775 3121; x_wconf 39' lang='grc' dir='ltr'>ι</span> <span class='ocrx_word' id='word_1_407' title='bbox 1795 3041 2118 3121; x_wconf 57' lang='lat' dir='ltr'><strong>crederent,</strong></span> <span class='ocrx_word' id='word_1_408' title='bbox 2151 3059 2195 3121; x_wconf 69' lang='grc' dir='ltr'><strong>ρ</strong></span> <span class='ocrx_word' id='word_1_409' title='bbox 2228 3054 2413 3097; x_wconf 85' lang='lat' dir='ltr'><strong>contra</strong></span> <span class='ocrx_word' id='word_1_410' title='bbox 2444 3043 2687 3121; x_wconf 63' lang='lat' dir='ltr'><strong>lira-cos,</strong></span> <span class='ocrx_word' id='word_1_411' title='bbox 2720 3058 2858 3102; x_wconf 84' lang='lat' dir='ltr'><strong>orat.</strong></span> <span class='ocrx_word' id='word_1_412' title='bbox 2887 3067 2965 3116; x_wconf 88' lang='lat' dir='ltr'><strong>ttt,</strong></span> <span class='ocrx_word' id='word_1_413' title='bbox 2997 3066 3048 3119; x_wconf 92' lang='lat' dir='ltr'><strong>p.</strong></span> <span class='ocrx_word' id='word_1_414' title='bbox 3092 3040 3185 3107; x_wconf 57' lang='lat'><strong>49:</strong></span> <span class='ocrx_word' id='word_1_415' title='bbox 3217 3040 3532 3107; x_wconf 60' lang='lat' dir='ltr'><strong>adscribam</strong></span> <span class='ocrx_word' id='word_1_416' title='bbox 3571 3052 3655 3106; x_wconf 91' lang='lat' dir='ltr'><strong>hic</strong></span> <span class='ocrx_word' id='word_1_417' title='bbox 3683 3040 3832 3120; x_wconf 63' lang='lat' dir='ltr'><strong>illos,</strong></span> 
     </span>
    </p>
   </div>
   <div class='ocr_carea' id='block_1_58' title="bbox 531 3111 2123 3181">
    <p class='ocr_par' dir='ltr' id='par_1_58' title="bbox 531 3111 2123 3181">
     <span class='ocr_line' id='line_1_59' title="bbox 531 3111 2123 3181; baseline -0.001 -15"><span class='ocrx_word' id='word_1_418' title='bbox 531 3112 957 3181; x_wconf 88' lang='lat' dir='ltr'><strong>aspernabantur</strong></span> <span class='ocrx_word' id='word_1_419' title='bbox 979 3122 1035 3167; x_wconf 92' lang='lat' dir='ltr'><strong>et</strong></span> <span class='ocrx_word' id='word_1_420' title='bbox 1061 3112 1407 3167; x_wconf 89' lang='lat' dir='ltr'><strong>damnabant.</strong></span> <span class='ocrx_word' id='word_1_421' title='bbox 1448 3112 1583 3166; x_wconf 85' lang='lat' dir='ltr'><strong>Hinc</strong></span> <span class='ocrx_word' id='word_1_422' title='bbox 1621 3111 1895 3166; x_wconf 82' lang='lat' dir='ltr'><strong>existimat</strong></span> <span class='ocrx_word' id='word_1_423' title='bbox 1920 3111 2123 3165; x_wconf 87' lang='lat' dir='ltr'><strong>Tertul-</strong></span> 
     </span>
    </p>
   </div>
   <div class='ocr_carea' id='block_1_59' title="bbox 533 3182 2123 3251">
    <p class='ocr_par' dir='ltr' id='par_1_59' title="bbox 533 3182 2123 3251">
     <span class='ocr_line' id='line_1_60' title="bbox 533 3182 2123 3251; baseline 0.001 -14"><span class='ocrx_word' id='word_1_424' title='bbox 533 3183 707 3237; x_wconf 83' lang='lat' dir='ltr'><strong>lianus</strong></span> <span class='ocrx_word' id='word_1_425' title='bbox 738 3183 876 3239; x_wconf 91' lang='lat' dir='ltr'><strong>libro</strong></span> <span class='ocrx_word' id='word_1_426' title='bbox 903 3184 970 3239; x_wconf 89' lang='lat' dir='ltr'><strong>de</strong></span> <span class='ocrx_word' id='word_1_427' title='bbox 998 3183 1322 3239; x_wconf 85' lang='lat' dir='ltr'><strong>idololatria.</strong></span> <span class='ocrx_word' id='word_1_428' title='bbox 1352 3182 1759 3251; x_wconf 86' lang='lat' dir='ltr'><strong>ludimagistros</strong></span> <span class='ocrx_word' id='word_1_429' title='bbox 1799 3193 1848 3235; x_wconf 87' lang='lat' dir='ltr'><strong>et</strong></span> <span class='ocrx_word' id='word_1_430' title='bbox 1895 3194 2123 3238; x_wconf 49' lang='lat' dir='ltr'><strong>ceteros</strong></span> 
     </span>
    </p>
   </div>
   <div class='ocr_carea' id='block_1_60' title="bbox 533 3253 2121 3326">
    <p class='ocr_par' dir='ltr' id='par_1_60' title="bbox 533 3253 2121 3326">
     <span class='ocr_line' id='line_1_61' title="bbox 533 3253 2121 3326; baseline -0.001 -17"><span class='ocrx_word' id='word_1_431' title='bbox 533 3253 869 3326; x_wconf 80' lang='lat' dir='ltr'><strong>professores</strong></span> <span class='ocrx_word' id='word_1_432' title='bbox 896 3254 1197 3310; x_wconf 86' lang='lat' dir='ltr'><strong>litterarum</strong></span> <span class='ocrx_word' id='word_1_433' title='bbox 1226 3255 1400 3326; x_wconf 71' lang='lat' dir='ltr'><strong>afﬁnes</strong></span> <span class='ocrx_word' id='word_1_434' title='bbox 1425 3269 1532 3308; x_wconf 85' lang='lat' dir='ltr'><strong>esse</strong></span> <span class='ocrx_word' id='word_1_435' title='bbox 1561 3254 1877 3307; x_wconf 77' lang='lat' dir='ltr'><strong>multimoda:</strong></span> <span class='ocrx_word' id='word_1_436' title='bbox 1896 3253 2121 3326; x_wconf 78' lang='lat' dir='ltr'><strong>idolola-</strong></span> 
     </span>
    </p>
   </div>
   <div class='ocr_carea' id='block_1_61' title="bbox 535 3325 2119 3395">
    <p class='ocr_par' dir='ltr' id='par_1_61' title="bbox 535 3325 2119 3395">
     <span class='ocr_line' id='line_1_62' title="bbox 535 3325 2119 3395; baseline -0.002 -16"><span class='ocrx_word' id='word_1_437' title='bbox 535 3325 679 3390; x_wconf 73' lang='lat' dir='ltr'><strong>tria’;</strong></span> <span class='ocrx_word' id='word_1_438' title='bbox 730 3326 909 3394; x_wconf 86' lang='lat' dir='ltr'><strong>quibus</strong></span> <span class='ocrx_word' id='word_1_439' title='bbox 963 3341 1165 3380; x_wconf 84' lang='lat' dir='ltr'><strong>necesse</strong></span> <span class='ocrx_word' id='word_1_440' title='bbox 1213 3337 1288 3379; x_wconf 76' lang='lat' dir='ltr'><strong>est</strong></span> <span class='ocrx_word' id='word_1_441' title='bbox 1336 3325 1458 3378; x_wconf 88' lang='lat' dir='ltr'><strong>deos</strong></span> <span class='ocrx_word' id='word_1_442' title='bbox 1508 3325 1771 3377; x_wconf 83' lang='lat' dir='ltr'><strong>nationum</strong></span> <span class='ocrx_word' id='word_1_443' title='bbox 1819 3325 2119 3395; x_wconf 69' lang='lat' dir='ltr'><strong>pradicarc,</strong></span> 
     </span>
    </p>
   </div>
   <div class='ocr_carea' id='block_1_62' title="bbox 532 3395 2122 3468">
    <p class='ocr_par' dir='ltr' id='par_1_62' title="bbox 532 3395 2122 3468">
     <span class='ocr_line' id='line_1_63' title="bbox 532 3395 2122 3468; baseline -0.001 -18"><span class='ocrx_word' id='word_1_444' title='bbox 532 3397 740 3450; x_wconf 86' lang='lat' dir='ltr'><strong>nomina</strong></span> <span class='ocrx_word' id='word_1_445' title='bbox 765 3436 780 3463; x_wconf 91' lang='lat'><strong>,</strong></span> <span class='ocrx_word' id='word_1_446' title='bbox 828 3396 1153 3468; x_wconf 73' lang='lat' dir='ltr'><strong>genealogias</strong></span> <span class='ocrx_word' id='word_1_447' title='bbox 1176 3436 1192 3459; x_wconf 94' lang='lat'><strong>,</strong></span> <span class='ocrx_word' id='word_1_448' title='bbox 1237 3395 2122 3468; x_wconf 74' lang='lat' dir='ltr'><strong>fabulas,_ornamenta_ltonoriﬁca</strong></span> 
     </span>
    </p>
   </div>
   <div class='ocr_carea' id='block_1_63' title="bbox 565 3464 2121 3537">
    <p class='ocr_par' dir='ltr' id='par_1_63' title="bbox 565 3464 2121 3537">
     <span class='ocr_line' id='line_1_64' title="bbox 565 3464 2121 3537; baseline -0.001 -15"><span class='ocrx_word' id='word_1_449' title='bbox 565 3483 741 3537; x_wconf 71' lang='lat' dir='ltr'><strong>mque</strong></span> <span class='ocrx_word' id='word_1_450' title='bbox 761 3464 937 3523; x_wconf 71' lang='lat' dir='ltr'><strong>eorum</strong></span> <span class='ocrx_word' id='word_1_451' title='bbox 963 3464 1360 3537; x_wconf 31' lang='lat' dir='ltr'><strong>enuntiareietc.</strong></span> <span class='ocrx_word' id='word_1_452' title='bbox 1392 3466 1454 3537; x_wconf 61' lang='lat' dir='ltr'><strong>[ﬁt</strong></span> <span class='ocrx_word' id='word_1_453' title='bbox 1482 3464 1743 3534; x_wconf 89' lang='lat' dir='ltr'><strong>Origenes</strong></span> <span class='ocrx_word' id='word_1_454' title='bbox 1771 3465 1907 3520; x_wconf 92' lang='lat' dir='ltr'><strong>libro</strong></span> <span class='ocrx_word' id='word_1_455' title='bbox 1934 3479 2121 3537; x_wconf 81' lang='lat' dir='ltr'><strong>contra</strong></span> 
     </span>
    </p>
   </div>
   <div class='ocr_carea' id='block_1_64' title="bbox 528 3482 2123 3606">
    <p class='ocr_par' dir='ltr' id='par_1_64' title="bbox 528 3482 2123 3606">
     <span class='ocr_line' id='line_1_65' title="bbox 565 3482 2121 3537; baseline -0.001 -15"><span class='ocrx_word' id='word_1_456' title='bbox 565 3483 741 3537; x_wconf 71' lang='lat' dir='ltr'><strong>mque</strong></span> <span class='ocrx_word' id='word_1_457' title='bbox 761 3483 937 3523; x_wconf 88' lang='lat' dir='ltr'><strong>eorum</strong></span> <span class='ocrx_word' id='word_1_458' title='bbox 963 3482 1227 3521; x_wconf 80' lang='lat' dir='ltr'><strong>enuntiare</strong></span> <span class='ocrx_word' id='word_1_459' title='bbox 1254 3482 1360 3521; x_wconf 86' lang='lat' dir='ltr'><strong>etc.</strong></span> <span class='ocrx_word' id='word_1_460' title='bbox 1392 3482 1454 3519; x_wconf 61' lang='lat' dir='ltr'><strong>tat</strong></span> <span class='ocrx_word' id='word_1_461' title='bbox 1482 3482 1743 3534; x_wconf 82' lang='lat' dir='ltr'><strong>urtgenes</strong></span> <span class='ocrx_word' id='word_1_462' title='bbox 1772 3482 1907 3520; x_wconf 84' lang='lat' dir='ltr'><strong>noro</strong></span> <span class='ocrx_word' id='word_1_463' title='bbox 1934 3482 2121 3521; x_wconf 85' lang='lat' dir='ltr'><strong>contra</strong></span> 
     </span>
     <span class='ocr_line' id='line_1_66' title="bbox 528 3482 2123 3606; baseline 0.001 -15"><span class='ocrx_word' id='word_1_464' title='bbox 528 3482 748 3592; x_wconf 52' lang='lat' dir='ltr'><strong>Eelsum</strong></span> <span class='ocrx_word' id='word_1_465' title='bbox 790 3541 951 3593; x_wconf 90' lang='lat' dir='ltr'><strong>tertio</strong></span> <span class='ocrx_word' id='word_1_466' title='bbox 989 3544 1177 3591; x_wconf 79' lang='lat' dir='ltr'><strong>exerte</strong></span> <span class='ocrx_word' id='word_1_467' title='bbox 1204 3535 1298 3595; x_wconf 86' lang='lat' dir='ltr'><strong>ait.</strong></span> <span class='ocrx_word' id='word_1_468' title='bbox 1329 3550 1358 3589; x_wconf 89' lang='lat' dir='ltr'><strong>a</strong></span> <span class='ocrx_word' id='word_1_469' title='bbox 1384 3533 1703 3591; x_wconf 90' lang='lat' dir='ltr'><strong>Christianis</strong></span> <span class='ocrx_word' id='word_1_470' title='bbox 1734 3535 2002 3606; x_wconf 82' lang='lat' dir='ltr'><strong>magistris</strong></span> <span class='ocrx_word' id='word_1_471' title='bbox 2028 3552 2123 3593; x_wconf 88' lang='lat' dir='ltr'><strong>eos</strong></span> 
     </span>
    </p>
   </div>
   <div class='ocr_carea' id='block_1_65' title="bbox 530 3607 2119 3677">
    <p class='ocr_par' dir='ltr' id='par_1_65' title="bbox 530 3607 2119 3677">
     <span class='ocr_line' id='line_1_67' title="bbox 530 3607 2119 3677; baseline 0.001 -16"><span class='ocrx_word' id='word_1_472' title='bbox 530 3607 829 3677; x_wconf 83' lang='lat' dir='ltr'><strong>reprobari,</strong></span> <span class='ocrx_word' id='word_1_473' title='bbox 853 3607 941 3676; x_wconf 91' lang='lat' dir='ltr'><strong>qui</strong></span> <span class='ocrx_word' id='word_1_474' title='bbox 961 3607 1254 3663; x_wconf 62' lang='lat' dir='ltr'><strong>comoedias</strong></span> <span class='ocrx_word' id='word_1_475' title='bbox 1274 3616 1329 3662; x_wconf 92' lang='lat' dir='ltr'><strong>et</strong></span> <span class='ocrx_word' id='word_1_476' title='bbox 1356 3607 1550 3661; x_wconf 82' lang='lat' dir='ltr'><strong>lasciva</strong></span> <span class='ocrx_word' id='word_1_477' title='bbox 1578 3616 1831 3677; x_wconf 83' lang='lat' dir='ltr'><strong>poemata</strong></span> <span class='ocrx_word' id='word_1_478' title='bbox 1847 3620 2119 3673; x_wconf 76' lang='lat' dir='ltr'><strong>mmrrent,</strong></span> 
     </span>
    </p>
   </div>
   <div class='ocr_carea' id='block_1_66' title="bbox 533 3676 2061 3748">
    <p class='ocr_par' dir='ltr' id='par_1_66' title="bbox 533 3676 2061 3748">
     <span class='ocr_line' id='line_1_68' title="bbox 533 3676 2061 3748; baseline -0.001 -16"><span class='ocrx_word' id='word_1_479' title='bbox 533 3676 640 3732; x_wconf 77' lang='lat' dir='ltr'><strong>nan</strong></span> <span class='ocrx_word' id='word_1_480' title='bbox 669 3690 847 3733; x_wconf 89' lang='lat' dir='ltr'><strong>autem</strong></span> <span class='ocrx_word' id='word_1_481' title='bbox 879 3693 994 3741; x_wconf 87' lang='lat' dir='ltr'><strong>eos,</strong></span> <span class='ocrx_word' id='word_1_482' title='bbox 1025 3679 1115 3748; x_wconf 88' lang='lat' dir='ltr'><strong>qtti</strong></span> <span class='ocrx_word' id='word_1_483' title='bbox 1146 3678 1340 3731; x_wconf 89' lang='lat' dir='ltr'><strong>seriam</strong></span> <span class='ocrx_word' id='word_1_484' title='bbox 1376 3678 1789 3746; x_wconf 72' lang='lat' dir='ltr'><strong>philomphiam.</strong></span> <span class='ocrx_word' id='word_1_485' title='bbox 1823 3676 2061 3733; x_wconf 67' lang='lat' dir='ltr'><strong>Hanno.</strong></span> 
     </span>
    </p>
   </div>
   <div class='ocr_carea' id='block_1_67' title="bbox 609 3748 2126 3816">
    <p class='ocr_par' dir='ltr' id='par_1_67' title="bbox 609 3748 2126 3816">
     <span class='ocr_line' id='line_1_69' title="bbox 609 3748 2126 3816; baseline 0.002 -15"><span class='ocrx_word' id='word_1_486' title='bbox 609 3749 761 3816; x_wconf 80' lang='lat' dir='ltr'><strong>Quod</strong></span> <span class='ocrx_word' id='word_1_487' title='bbox 811 3759 1063 3803; x_wconf 86' lang='lat' dir='ltr'><strong>mutorum</strong></span> <span class='ocrx_word' id='word_1_488' title='bbox 1091 3748 1425 3802; x_wconf 86' lang='lat' dir='ltr'><strong>animantium</strong></span> <span class='ocrx_word' id='word_1_489' title='bbox 1448 3750 1627 3816; x_wconf 77' lang='lat' dir='ltr'><strong>formis</strong></span> <span class='ocrx_word' id='word_1_490' title='bbox 1673 3749 1855 3802; x_wconf 80' lang='lat' dir='ltr'><strong>divinis</strong></span> <span class='ocrx_word' id='word_1_491' title='bbox 1895 3750 2126 3805; x_wconf 85' lang='lat' dir='ltr'><strong>inserue—</strong></span> 
     </span>
    </p>
   </div>
   <div class='ocr_carea' id='block_1_68' title="bbox 530 3818 2122 3891">
    <p class='ocr_par' dir='ltr' id='par_1_68' title="bbox 530 3818 2122 3891">
     <span class='ocr_line' id='line_1_70' title="bbox 530 3818 2122 3891; baseline 0.001 -18"><span class='ocrx_word' id='word_1_492' title='bbox 530 3819 636 3874; x_wconf 85' lang='lat' dir='ltr'><strong>rint</strong></span> <span class='ocrx_word' id='word_1_493' title='bbox 664 3820 849 3874; x_wconf 86' lang='lat' dir='ltr'><strong>causis.</strong></span> <span class='ocrx_word' id='word_1_494' title='bbox 880 3819 1291 3875; x_wconf 82' lang='lat' dir='ltr'><strong>Accomodatitts</strong></span> <span class='ocrx_word' id='word_1_495' title='bbox 1329 3818 1548 3891; x_wconf 78' lang='lat' dir='ltr'><strong>forsitan</strong></span> <span class='ocrx_word' id='word_1_496' title='bbox 1579 3820 1679 3891; x_wconf 84' lang='lat' dir='ltr'><strong>legi</strong></span> <span class='ocrx_word' id='word_1_497' title='bbox 1714 3832 1896 3889; x_wconf 87' lang='lat' dir='ltr'><strong>posset</strong></span> <span class='ocrx_word' id='word_1_498' title='bbox 1926 3839 1939 3874; x_wconf 86' lang='lat'><strong>:</strong></span> <span class='ocrx_word' id='word_1_499' title='bbox 1973 3819 2122 3876; x_wconf 89' lang='lat' dir='ltr'><strong>Divi-</strong></span> 
     </span>
    </p>
   </div>
   <div class='ocr_carea' id='block_1_69' title="bbox 530 3890 2125 3947">
    <p class='ocr_par' dir='ltr' id='par_1_69' title="bbox 530 3890 2125 3947">
     <span class='ocr_line' id='line_1_71' title="bbox 530 3890 2125 3947; baseline 0.003 -4"><span class='ocrx_word' id='word_1_500' title='bbox 530 3892 611 3944; x_wconf 88' lang='lat' dir='ltr'><strong>nis</strong></span> <span class='ocrx_word' id='word_1_501' title='bbox 635 3891 939 3945; x_wconf 85' lang='lat' dir='ltr'><strong>inseruerint</strong></span> <span class='ocrx_word' id='word_1_502' title='bbox 970 3891 1219 3945; x_wconf 86' lang='lat' dir='ltr'><strong>censibus.</strong></span> <span class='ocrx_word' id='word_1_503' title='bbox 1259 3891 1365 3947; x_wconf 87' lang='lat' dir='ltr'><strong>Sed</strong></span> <span class='ocrx_word' id='word_1_504' title='bbox 1414 3890 1541 3945; x_wconf 91' lang='lat' dir='ltr'><strong>nihil</strong></span> <span class='ocrx_word' id='word_1_505' title='bbox 1572 3900 1781 3945; x_wconf 87' lang='lat' dir='ltr'><strong>mutare</strong></span> <span class='ocrx_word' id='word_1_506' title='bbox 1807 3894 1997 3946; x_wconf 86' lang='lat' dir='ltr'><strong>ausim.</strong></span> <span class='ocrx_word' id='word_1_507' title='bbox 2032 3892 2125 3947; x_wconf 89' lang='lat' dir='ltr'><strong>Di-</strong></span> 
     </span>
    </p>
   </div>
   <div class='ocr_carea' id='block_1_70' title="bbox 531 3961 2125 4034">
    <p class='ocr_par' dir='ltr' id='par_1_70' title="bbox 531 3961 2125 4034">
     <span class='ocr_line' id='line_1_72' title="bbox 531 3961 2125 4034; baseline 0.003 -20"><span class='ocrx_word' id='word_1_508' title='bbox 531 3962 663 4015; x_wconf 80' lang='lat' dir='ltr'><strong>vina:</strong></span> <span class='ocrx_word' id='word_1_509' title='bbox 710 3977 885 4034; x_wconf 54' lang='lat' dir='ltr'><strong>causa;</strong></span> <span class='ocrx_word' id='word_1_510' title='bbox 917 3963 1166 4034; x_wconf 67' lang='lat' dir='ltr'><strong>videntur</strong></span> <span class='ocrx_word' id='word_1_511' title='bbox 1210 3962 1272 4034; x_wconf 80' lang='lat' dir='ltr'><strong>It.</strong></span> <span class='ocrx_word' id='word_1_512' title='bbox 1311 3961 1348 4015; x_wconf 92' lang='grc' dir='ltr'><strong>Ι.</strong></span> <span class='ocrx_word' id='word_1_513' title='bbox 1398 3963 1540 4017; x_wconf 87' lang='lat' dir='ltr'><strong>idem</strong></span> <span class='ocrx_word' id='word_1_514' title='bbox 1585 3977 1708 4018; x_wconf 88' lang='lat' dir='ltr'><strong>esse</strong></span> <span class='ocrx_word' id='word_1_515' title='bbox 1757 3963 1900 4034; x_wconf 90' lang='lat' dir='ltr'><strong>quod</strong></span> <span class='ocrx_word' id='word_1_516' title='bbox 1938 3964 2125 4021; x_wconf 73' lang='lat' dir='ltr'><strong>divina:</strong></span> 
     </span>
    </p>
   </div>
   <div class='ocr_carea' id='block_1_71' title="bbox 534 4031 1583 4102">
    <p class='ocr_par' dir='ltr' id='par_1_71' title="bbox 534 4031 1583 4102">
     <span class='ocr_line' id='line_1_73' title="bbox 534 4031 1583 4102; baseline -0.002 -15"><span class='ocrx_word' id='word_1_517' title='bbox 534 4040 826 4102; x_wconf 84' lang='lat' dir='ltr'><strong>potestates,</strong></span> <span class='ocrx_word' id='word_1_518' title='bbox 851 4032 934 4085; x_wconf 86' lang='lat' dir='ltr'><strong>die</strong></span> <span class='ocrx_word' id='word_1_519' title='bbox 963 4031 1355 4086; x_wconf 83' lang='lat' dir='ltr'><strong>Gottermacltte.</strong></span> <span class='ocrx_word' id='word_1_520' title='bbox 1382 4035 1583 4088; x_wconf 74' lang='grc' dir='ltr'><strong>Οιιειι..</strong></span> 
     </span>
    </p>
   </div>
   <div class='ocr_carea' id='block_1_72' title="bbox 607 4102 2121 4174">
    <p class='ocr_par' dir='ltr' id='par_1_72' title="bbox 607 4102 2121 4174">
     <span class='ocr_line' id='line_1_74' title="bbox 607 4102 2121 4174; baseline 0.003 -18"><span class='ocrx_word' id='word_1_521' title='bbox 607 4102 934 4174; x_wconf 83' lang='lat' dir='ltr'><strong>Easdemque</strong></span> <span class='ocrx_word' id='word_1_522' title='bbox 944 4108 1081 4174; x_wconf 82' lang='lat' dir='ltr'><strong>quod</strong></span> <span class='ocrx_word' id='word_1_523' title='bbox 1095 4104 1285 4174; x_wconf 84' lang='lat' dir='ltr'><strong>species</strong></span> <span class='ocrx_word' id='word_1_524' title='bbox 1309 4104 1471 4157; x_wconf 82' lang='lat' dir='ltr'><strong>multo</strong></span> <span class='ocrx_word' id='word_1_525' title='bbox 1500 4105 1647 4158; x_wconf 80' lang='lat' dir='ltr'><strong>thure</strong></span> <span class='ocrx_word' id='word_1_526' title='bbox 1662 4104 1936 4172; x_wconf 82' lang='lat' dir='ltr'><strong>accipiant.</strong></span> <span class='ocrx_word' id='word_1_527' title='bbox 1955 4105 2121 4172; x_wconf 84' lang='lat' dir='ltr'><strong>Infra,</strong></span> 
     </span>
    </p>
   </div>
   <div class='ocr_carea' id='block_1_73' title="bbox 532 4173 2124 4243">
    <p class='ocr_par' dir='ltr' id='par_1_73' title="bbox 532 4173 2124 4243">
     <span class='ocr_line' id='line_1_75' title="bbox 532 4173 2124 4243; baseline 0.001 -13"><span class='ocrx_word' id='word_1_528' title='bbox 532 4173 626 4230; x_wconf 91' lang='lat' dir='ltr'><strong>lib.</strong></span> <span class='ocrx_word' id='word_1_529' title='bbox 682 4189 771 4237; x_wconf 86' lang='lat' dir='ltr'><strong>vtt,</strong></span> <span class='ocrx_word' id='word_1_530' title='bbox 816 4188 867 4228; x_wconf 89' lang='lat' dir='ltr'><strong>c.</strong></span> <span class='ocrx_word' id='word_1_531' title='bbox 914 4173 1023 4228; x_wconf 74' lang='lat'><strong>22:</strong></span> <span class='ocrx_word' id='word_1_532' title='bbox 1058 4173 1128 4229; x_wconf 84' lang='lat' dir='ltr'><strong>Et</strong></span> <span class='ocrx_word' id='word_1_533' title='bbox 1148 4174 1285 4243; x_wconf 86' lang='lat' dir='ltr'><strong>quod</strong></span> <span class='ocrx_word' id='word_1_534' title='bbox 1313 4176 1463 4229; x_wconf 86' lang='lat' dir='ltr'><strong>tellus</strong></span> <span class='ocrx_word' id='word_1_535' title='bbox 1490 4187 1562 4229; x_wconf 85' lang='lat' dir='ltr'><strong>est</strong></span> <span class='ocrx_word' id='word_1_536' title='bbox 1584 4186 1765 4241; x_wconf 81' lang='lat' dir='ltr'><strong>mater,</strong></span> <span class='ocrx_word' id='word_1_537' title='bbox 1794 4178 2124 4231; x_wconf 81' lang='lat' dir='ltr'><strong>consimiliter</strong></span> 
     </span>
    </p>
   </div>
   <div class='ocr_carea' id='block_1_74' title="bbox 531 4245 2124 4371">
    <p class='ocr_par' dir='ltr' id='par_1_74' title="bbox 531 4245 2124 4371">
     <span class='ocr_line' id='line_1_76' title="bbox 531 4245 2124 4371; baseline 0.004 -73"><span class='ocrx_word' id='word_1_538' title='bbox 531 4245 758 4371; x_wconf 47' lang='lat' dir='ltr'><strong>aravidis</strong></span> <span class='ocrx_word' id='word_1_539' title='bbox 806 4246 1112 4329; x_wconf 71' lang='lat' dir='ltr'><strong>accipienda</strong></span> <span class='ocrx_word' id='word_1_540' title='bbox 1144 4256 1217 4299; x_wconf 89' lang='lat' dir='ltr'><strong>est</strong></span> <span class='ocrx_word' id='word_1_541' title='bbox 1260 4248 1467 4329; x_wconf 54' lang='lat' dir='ltr'><strong>scroﬁs.</strong></span> <span class='ocrx_word' id='word_1_542' title='bbox 1491 4246 1564 4300; x_wconf 90' lang='lat' dir='ltr'><strong>Ita</strong></span> <span class='ocrx_word' id='word_1_543' title='bbox 1591 4248 1733 4327; x_wconf 71' lang='grc' dir='ltr'><strong>θεοὺς</strong></span> <span class='ocrx_word' id='word_1_544' title='bbox 1772 4246 2124 4319; x_wconf 81' lang='grc' dir='ltr'><strong>ὑποδέχεσθαι</strong></span> 
     </span>
     <span class='ocr_line' id='line_1_77' title="bbox 583 4316 2117 4371; baseline 0.001 -2"><span class='ocrx_word' id='word_1_545' title='bbox 583 4330 706 4370; x_wconf 71' lang='grc' dir='ltr'><strong>τιιιοι</strong></span> <span class='ocrx_word' id='word_1_546' title='bbox 731 4316 1046 4371; x_wconf 77' lang='lat' dir='ltr'><strong>freauenter</strong></span> <span class='ocrx_word' id='word_1_547' title='bbox 1065 4325 1233 4371; x_wconf 89' lang='lat' dir='ltr'><strong>amnt.</strong></span> <span class='ocrx_word' id='word_1_548' title='bbox 1264 4317 1661 4371; x_wconf 79' lang='lat' dir='ltr'><strong>Artemidorus.</strong></span> <span class='ocrx_word' id='word_1_549' title='bbox 1696 4318 1785 4370; x_wconf 82' lang='lat' dir='ltr'><strong>lih.</strong></span> <span class='ocrx_word' id='word_1_550' title='bbox 1820 4333 1897 4371; x_wconf 82' lang='grc' dir='ltr'><strong>ιιι.</strong></span> <span class='ocrx_word' id='word_1_551' title='bbox 1926 4338 1975 4371; x_wconf 81' lang='lat' dir='ltr'><strong>c.</strong></span> <span class='ocrx_word' id='word_1_552' title='bbox 2004 4321 2073 4371; x_wconf 76' lang='lat' dir='ltr'><strong>M</strong></span> <span class='ocrx_word' id='word_1_553' title='bbox 2104 4336 2117 4371; x_wconf 91' lang='lat'>:</span> 
     </span>
    </p>
   </div>
   <div class='ocr_carea' id='block_1_75' title="bbox 583 4315 2117 4385">
    <p class='ocr_par' dir='ltr' id='par_1_75' title="bbox 583 4315 2117 4385">
     <span class='ocr_line' id='line_1_78' title="bbox 583 4315 2117 4385; baseline 0.003 -16"><span class='ocrx_word' id='word_1_554' title='bbox 583 4315 706 4370; x_wconf 55' lang='lat' dir='ltr'><strong>ra‘ci</strong></span> <span class='ocrx_word' id='word_1_555' title='bbox 731 4316 1046 4385; x_wconf 76' lang='lat' dir='ltr'><strong>frequenter</strong></span> <span class='ocrx_word' id='word_1_556' title='bbox 1065 4317 1233 4371; x_wconf 89' lang='lat' dir='ltr'><strong>aiunt.</strong></span> <span class='ocrx_word' id='word_1_557' title='bbox 1264 4317 1661 4381; x_wconf 80' lang='lat' dir='ltr'><strong>Artemidorus,</strong></span> <span class='ocrx_word' id='word_1_558' title='bbox 1696 4318 1785 4370; x_wconf 90' lang='lat' dir='ltr'><strong>lih.</strong></span> <span class='ocrx_word' id='word_1_559' title='bbox 1820 4333 1897 4372; x_wconf 81' lang='grc' dir='ltr'><strong>ιιι.</strong></span> <span class='ocrx_word' id='word_1_560' title='bbox 1926 4315 1975 4371; x_wconf 62' lang='grc' dir='ltr'><strong>ἱξζ</strong></span> <span class='ocrx_word' id='word_1_561' title='bbox 2004 4321 2073 4374; x_wconf 75' lang='grc'><strong>14</strong></span> <span class='ocrx_word' id='word_1_562' title='bbox 2104 4336 2117 4372; x_wconf 91' lang='lat'>:</span> 
     </span>
    </p>
   </div>
   <div class='ocr_carea' id='block_1_76' title="bbox 532 4387 2126 4463">
    <p class='ocr_par' dir='ltr' id='par_1_76' title="bbox 532 4387 2126 4463">
     <span class='ocr_line' id='line_1_79' title="bbox 532 4387 2126 4463; baseline 0.003 -22"><span class='ocrx_word' id='word_1_563' title='bbox 532 4387 592 4463; x_wconf 74' lang='grc' dir='ltr'><strong>φε</strong></span> <span class='ocrx_word' id='word_1_564' title='bbox 608 4390 707 4463; x_wconf 70' lang='grc' dir='ltr'><strong>γᾴρ</strong></span> <span class='ocrx_word' id='word_1_565' title='bbox 736 4390 786 4442; x_wconf 72' lang='grc' dir='ltr'><strong>ἐν</strong></span> <span class='ocrx_word' id='word_1_566' title='bbox 809 4391 1116 4463; x_wconf 67' lang='grc' dir='ltr'><strong>πιριᾳτὰσει</strong></span> <span class='ocrx_word' id='word_1_567' title='bbox 1135 4388 1387 4463; x_wconf 59' lang='grc' dir='ltr'><strong>Δ’χεσιοόμεαιοοι</strong></span> <span class='ocrx_word' id='word_1_568' title='bbox 1414 4389 1596 4444; x_wconf 78' lang='grc' dir='ltr'>θύουσί</span> <span class='ocrx_word' id='word_1_569' title='bbox 1636 4409 1691 4443; x_wconf 79' lang='grc' dir='ltr'><strong>τε</strong></span> <span class='ocrx_word' id='word_1_570' title='bbox 1734 4397 1846 4449; x_wconf 82' lang='grc' dir='ltr'><strong>τοῖς</strong></span> <span class='ocrx_word' id='word_1_571' title='bbox 1884 4392 2016 4451; x_wconf 75' lang='grc' dir='ltr'><strong>θεοῖς</strong></span> <span class='ocrx_word' id='word_1_572' title='bbox 2044 4395 2126 4446; x_wconf 82' lang='grc' dir='ltr'><strong>καὶ</strong></span> 
     </span>
    </p>
   </div>
   <div class='ocr_carea' id='block_1_77' title="bbox 533 4457 1375 4529">
    <p class='ocr_par' dir='ltr' id='par_1_77' title="bbox 533 4457 1375 4529">
     <span class='ocr_line' id='line_1_80' title="bbox 533 4457 1375 4529; baseline 0 -16"><span class='ocrx_word' id='word_1_573' title='bbox 533 4457 887 4529; x_wconf 63' lang='grc' dir='ltr'><strong>ὐπρδἕχονταί</strong></span> <span class='ocrx_word' id='word_1_574' title='bbox 901 4462 1103 4521; x_wconf 78' lang='grc' dir='ltr'><strong>αὐτούς.</strong></span> <span class='ocrx_word' id='word_1_575' title='bbox 1133 4457 1375 4514; x_wconf 56' lang='lat' dir='ltr'><strong>Hatram).</strong></span> 
     </span>
    </p>
   </div>
   <div class='ocr_carea' id='block_1_78' title="bbox 606 4527 2134 4600">
    <p class='ocr_par' dir='ltr' id='par_1_78' title="bbox 606 4527 2134 4600">
     <span class='ocr_line' id='line_1_81' title="bbox 606 4527 2134 4600; baseline 0.003 -16"><span class='ocrx_word' id='word_1_576' title='bbox 606 4527 747 4585; x_wconf 69' lang='lat' dir='ltr'><strong>XV].</strong></span> <span class='ocrx_word' id='word_1_577' title='bbox 802 4560 873 4571; x_wconf 88' lang='lat'>—</span> <span class='ocrx_word' id='word_1_578' title='bbox 924 4529 1063 4585; x_wconf 81' lang='lat' dir='ltr'><strong>Dicis</strong></span> <span class='ocrx_word' id='word_1_579' title='bbox 1117 4546 1294 4584; x_wconf 86' lang='lat' dir='ltr'><strong>causa.</strong></span> <span class='ocrx_word' id='word_1_580' title='bbox 1349 4529 1423 4584; x_wconf 87' lang='lat' dir='ltr'><strong>lta</strong></span> <span class='ocrx_word' id='word_1_581' title='bbox 1480 4530 1717 4584; x_wconf 81' lang='lat' dir='ltr'><strong>correxit</strong></span> <span class='ocrx_word' id='word_1_582' title='bbox 1776 4530 1825 4585; x_wconf 84' lang='lat' dir='ltr'><strong>J.</strong></span> <span class='ocrx_word' id='word_1_583' title='bbox 1888 4531 2134 4600; x_wconf 90' lang='lat' dir='ltr'><strong>Lipsius.</strong></span> 
     </span>
    </p>
   </div>
   <div class='ocr_carea' id='block_1_79' title="bbox 534 4597 2123 4678">
    <p class='ocr_par' dir='ltr' id='par_1_79' title="bbox 534 4597 2123 4678">
     <span class='ocr_line' id='line_1_82' title="bbox 534 4597 2123 4678; baseline 0.003 -25"><span class='ocrx_word' id='word_1_584' title='bbox 534 4597 679 4654; x_wconf 83' lang='lat' dir='ltr'><strong>Dicis</strong></span> <span class='ocrx_word' id='word_1_585' title='bbox 699 4616 872 4678; x_wconf 78' lang='lat' dir='ltr'><strong>causa,</strong></span> <span class='ocrx_word' id='word_1_586' title='bbox 893 4600 945 4655; x_wconf 90' lang='lat' dir='ltr'><strong>id</strong></span> <span class='ocrx_word' id='word_1_587' title='bbox 961 4611 1044 4678; x_wconf 79' lang='lat' dir='ltr'><strong>est</strong></span> <span class='ocrx_word' id='word_1_588' title='bbox 1058 4604 1361 4678; x_wconf 60' lang='grc' dir='ltr'><strong>προφάσεως</strong></span> <span class='ocrx_word' id='word_1_589' title='bbox 1379 4602 1538 4678; x_wconf 56' lang='lat' dir='ltr'><strong>iurata,</strong></span> <span class='ocrx_word' id='word_1_590' title='bbox 1557 4601 1702 4678; x_wconf 64' lang='grc' dir='ltr'><strong>λᾲγορ</strong></span> <span class='ocrx_word' id='word_1_591' title='bbox 1718 4603 1874 4678; x_wconf 44' lang='lat' dir='ltr'><strong>xeat</strong></span> <span class='ocrx_word' id='word_1_592' title='bbox 1898 4620 1912 4654; x_wconf 86' lang='lat'><strong>:</strong></span> <span class='ocrx_word' id='word_1_593' title='bbox 1936 4597 2123 4678; x_wconf 70' lang='lat' dir='ltr'><strong>verbo,</strong></span> 
     </span>
    </p>
   </div>
   <div class='ocr_carea' id='block_1_80' title="bbox 534 4672 2121 4740">
    <p class='ocr_par' dir='ltr' id='par_1_80' title="bbox 534 4672 2121 4740">
     <span class='ocr_line' id='line_1_83' title="bbox 534 4672 2121 4740; baseline 0.001 -15"><span class='ocrx_word' id='word_1_594' title='bbox 534 4686 640 4725; x_wconf 91' lang='lat' dir='ltr'><strong>non</strong></span> <span class='ocrx_word' id='word_1_595' title='bbox 671 4687 729 4727; x_wconf 89' lang='lat' dir='ltr'><strong>re</strong></span> <span class='ocrx_word' id='word_1_596' title='bbox 761 4686 775 4725; x_wconf 93' lang='lat'><strong>:</strong></span> <span class='ocrx_word' id='word_1_597' title='bbox 807 4672 859 4725; x_wconf 93' lang='lat' dir='ltr'><strong>in</strong></span> <span class='ocrx_word' id='word_1_598' title='bbox 890 4672 1144 4740; x_wconf 79' lang='lat' dir='ltr'><strong>speciem,</strong></span> <span class='ocrx_word' id='word_1_599' title='bbox 1168 4672 1301 4725; x_wconf 73' lang='lat' dir='ltr'><strong>&#39;zum</strong></span> <span class='ocrx_word' id='word_1_600' title='bbox 1324 4672 1562 4726; x_wconf 81' lang='lat' dir='ltr'><strong>Scheine.</strong></span> <span class='ocrx_word' id='word_1_601' title='bbox 1590 4672 1809 4727; x_wconf 54' lang='lat' dir='ltr'><strong>VidyAl</strong></span> <span class='ocrx_word' id='word_1_602' title='bbox 1842 4674 1981 4727; x_wconf 81' lang='lat' dir='ltr'><strong>Bosii</strong></span> <span class='ocrx_word' id='word_1_603' title='bbox 2008 4673 2121 4732; x_wconf 85' lang='lat' dir='ltr'><strong>lnd.</strong></span> 
     </span>
    </p>
   </div>
   <div class='ocr_carea' id='block_1_81' title="bbox 534 4740 2123 4811">
    <p class='ocr_par' dir='ltr' id='par_1_81' title="bbox 534 4740 2123 4811">
     <span class='ocr_line' id='line_1_84' title="bbox 534 4740 2123 4811; baseline 0.003 -15"><span class='ocrx_word' id='word_1_604' title='bbox 534 4740 604 4811; x_wconf 81' lang='lat' dir='ltr'><strong>ad</strong></span> <span class='ocrx_word' id='word_1_605' title='bbox 630 4740 845 4798; x_wconf 89' lang='lat' dir='ltr'><strong>Cornel.</strong></span> <span class='ocrx_word' id='word_1_606' title='bbox 870 4741 1061 4811; x_wconf 86' lang='lat' dir='ltr'><strong>Nepot.</strong></span> <span class='ocrx_word' id='word_1_607' title='bbox 1083 4761 1098 4811; x_wconf 89' lang='lat'><strong>;</strong></span> <span class='ocrx_word' id='word_1_608' title='bbox 1118 4746 1160 4797; x_wconf 83' lang='lat' dir='ltr'><strong>A</strong></span> <span class='ocrx_word' id='word_1_609' title='bbox 1183 4742 1356 4798; x_wconf 87' lang='lat' dir='ltr'><strong>Schtt.</strong></span> <span class='ocrx_word' id='word_1_610' title='bbox 1383 4742 1540 4798; x_wconf 90' lang='lat' dir='ltr'><strong>Obss.</strong></span> <span class='ocrx_word' id='word_1_611' title='bbox 1570 4743 1753 4807; x_wconf 89' lang='lat' dir='ltr'><strong>llmn.,</strong></span> <span class='ocrx_word' id='word_1_612' title='bbox 1779 4745 1870 4797; x_wconf 90' lang='lat' dir='ltr'><strong>lih.</strong></span> <span class='ocrx_word' id='word_1_613' title='bbox 1892 4761 1943 4809; x_wconf 93' lang='lat' dir='ltr'><strong>v,</strong></span> <span class='ocrx_word' id='word_1_614' title='bbox 1964 4760 2012 4798; x_wconf 92' lang='lat' dir='ltr'><strong>c.</strong></span> <span class='ocrx_word' id='word_1_615' title='bbox 2033 4747 2123 4811; x_wconf 77' lang='lat'><strong>55;</strong></span> 
     </span>
    </p>
   </div>
   <div class='ocr_carea' id='block_1_82' title="bbox 536 4810 2126 4883">
    <p class='ocr_par' dir='ltr' id='par_1_82' title="bbox 536 4810 2126 4883">
     <span class='ocr_line' id='line_1_85' title="bbox 536 4810 2126 4883; baseline 0.004 -18"><span class='ocrx_word' id='word_1_616' title='bbox 536 4810 800 4883; x_wconf 85' lang='lat' dir='ltr'><strong>Turneb.,</strong></span> <span class='ocrx_word' id='word_1_617' title='bbox 843 4810 1096 4876; x_wconf 80' lang='lat' dir='ltr'><strong>Advers.,</strong></span> <span class='ocrx_word' id='word_1_618' title='bbox 1132 4814 1227 4868; x_wconf 87' lang='lat' dir='ltr'><strong>lib.</strong></span> <span class='ocrx_word' id='word_1_619' title='bbox 1281 4829 1355 4876; x_wconf 76' lang='lat' dir='ltr'><strong>XI,</strong></span> <span class='ocrx_word' id='word_1_620' title='bbox 1393 4828 1442 4868; x_wconf 94' lang='lat' dir='ltr'><strong>c.</strong></span> <span class='ocrx_word' id='word_1_621' title='bbox 1476 4812 1567 4877; x_wconf 74' lang='grc'><strong>20.</strong></span> <span class='ocrx_word' id='word_1_622' title='bbox 1600 4814 1690 4883; x_wconf 77' lang='lat' dir='ltr'><strong>qui</strong></span> <span class='ocrx_word' id='word_1_623' title='bbox 1718 4816 1927 4869; x_wconf 86' lang='lat' dir='ltr'><strong>derivat</strong></span> <span class='ocrx_word' id='word_1_624' title='bbox 1969 4810 2126 4871; x_wconf 85' lang='lat' dir='ltr'><strong>nona</strong></span> 
     </span>
    </p>
   </div>
   <div class='ocr_carea' id='block_1_83' title="bbox 537 4882 2129 4968">
    <p class='ocr_par' dir='ltr' id='par_1_83' title="bbox 537 4882 2129 4968">
     <span class='ocr_line' id='line_1_86' title="bbox 537 4882 2129 4968; baseline 0.004 -32"><span class='ocrx_word' id='word_1_625' title='bbox 537 4882 673 4948; x_wconf 88' lang='lat' dir='ltr'><strong>dico,</strong></span> <span class='ocrx_word' id='word_1_626' title='bbox 709 4886 771 4948; x_wconf 88' lang='lat' dir='ltr'><strong>is,</strong></span> <span class='ocrx_word' id='word_1_627' title='bbox 806 4883 899 4968; x_wconf 52' lang='lat' dir='ltr'><strong>sed</strong></span> <span class='ocrx_word' id='word_1_628' title='bbox 946 4899 975 4937; x_wconf 89' lang='lat' dir='ltr'><strong>a</strong></span> <span class='ocrx_word' id='word_1_629' title='bbox 1016 4884 1152 4968; x_wconf 59' lang='lat' dir='ltr'><strong>dico.</strong></span> <span class='ocrx_word' id='word_1_630' title='bbox 1199 4901 1297 4968; x_wconf 33' lang='lat' dir='ltr'><strong>ask</strong></span> <span class='ocrx_word' id='word_1_631' title='bbox 1323 4882 1796 4968; x_wconf 54' lang='lat' dir='ltr'><strong>tttnsittaniqnam</strong></span> <span class='ocrx_word' id='word_1_632' title='bbox 1856 4887 2129 4968; x_wconf 69' lang='lat' dir='ltr'><strong>dicationis</strong></span> 
     </span>
    </p>
   </div>
   <div class='ocr_carea' id='block_1_84' title="bbox 538 4953 2131 5026">
    <p class='ocr_par' dir='ltr' id='par_1_84' title="bbox 538 4953 2131 5026">
     <span class='ocr_line' id='line_1_87' title="bbox 538 4953 2131 5026; baseline 0.005 -20"><span class='ocrx_word' id='word_1_633' title='bbox 538 4964 793 5026; x_wconf 11' lang='lat' dir='ltr'><strong>causa,‘et</strong></span> <span class='ocrx_word' id='word_1_634' title='bbox 823 4953 1037 5026; x_wconf 85' lang='lat' dir='ltr'><strong>Ernesti</strong></span> <span class='ocrx_word' id='word_1_635' title='bbox 1068 4955 1217 5009; x_wconf 85' lang='lat' dir='ltr'><strong>Clav.</strong></span> <span class='ocrx_word' id='word_1_636' title='bbox 1240 4954 1352 5009; x_wconf 88' lang='lat' dir='ltr'><strong>Cic.</strong></span> <span class='ocrx_word' id='word_1_637' title='bbox 1389 4955 1563 5010; x_wconf 86' lang='lat' dir='ltr'><strong>Editio</strong></span> <span class='ocrx_word' id='word_1_638' title='bbox 1591 4953 1839 5026; x_wconf 85' lang='lat' dir='ltr'><strong>princeps</strong></span> <span class='ocrx_word' id='word_1_639' title='bbox 1867 4957 2024 5013; x_wconf 78' lang='lat' dir='ltr'><strong>Rom.</strong></span> <span class='ocrx_word' id='word_1_640' title='bbox 2055 4960 2131 5014; x_wconf 89' lang='lat' dir='ltr'><strong>vi-</strong></span> 
     </span>
    </p>
   </div>
   <div class='ocr_carea' id='block_1_85' title="bbox 538 5024 1436 5081">
    <p class='ocr_par' dir='ltr' id='par_1_85' title="bbox 538 5024 1436 5081">
     <span class='ocr_line' id='line_1_88' title="bbox 538 5024 1436 5081; baseline 0 -3"><span class='ocrx_word' id='word_1_641' title='bbox 538 5024 828 5079; x_wconf 89' lang='lat' dir='ltr'><strong>tiosissime</strong></span> <span class='ocrx_word' id='word_1_642' title='bbox 858 5024 989 5078; x_wconf 88' lang='lat' dir='ltr'><strong>dotis</strong></span> <span class='ocrx_word' id='word_1_643' title='bbox 1027 5041 1202 5080; x_wconf 88' lang='lat' dir='ltr'><strong>causa.</strong></span> <span class='ocrx_word' id='word_1_644' title='bbox 1232 5025 1436 5081; x_wconf 56' lang='lat' dir='ltr'><strong>Onam&quot;</strong></span> 
     </span>
    </p>
   </div>
   <div class='ocr_carea' id='block_1_86' title="bbox 614 5092 2126 5156">
    <p class='ocr_par' dir='ltr' id='par_1_86' title="bbox 614 5092 2126 5156">
     <span class='ocr_line' id='line_1_89' title="bbox 614 5092 2126 5156; baseline 0.005 -9"><span class='ocrx_word' id='word_1_645' title='bbox 614 5092 995 5149; x_wconf 84' lang='lat' dir='ltr'><strong>Formamentis</strong></span> <span class='ocrx_word' id='word_1_646' title='bbox 1040 5096 1331 5149; x_wconf 86' lang='lat' dir='ltr'><strong>attribuisse</strong></span> <span class='ocrx_word' id='word_1_647' title='bbox 1375 5097 1579 5151; x_wconf 86' lang='lat' dir='ltr'><strong>divinis.</strong></span> <span class='ocrx_word' id='word_1_648' title='bbox 1633 5097 1709 5153; x_wconf 87' lang='lat' dir='ltr'><strong>lla</strong></span> <span class='ocrx_word' id='word_1_649' title='bbox 1741 5115 1840 5154; x_wconf 83' lang='lat' dir='ltr'><strong>ms.</strong></span> <span class='ocrx_word' id='word_1_650' title='bbox 1872 5109 1927 5155; x_wconf 90' lang='lat' dir='ltr'><strong>et</strong></span> <span class='ocrx_word' id='word_1_651' title='bbox 1972 5100 2126 5156; x_wconf 81' lang='lat' dir='ltr'><strong>Fulv.</strong></span> 
     </span>
    </p>
   </div>
   <div class='ocr_carea' id='block_1_87' title="bbox 543 5164 2132 5239">
    <p class='ocr_par' dir='ltr' id='par_1_87' title="bbox 543 5164 2132 5239">
     <span class='ocr_line' id='line_1_90' title="bbox 543 5164 2132 5239; baseline 0.004 -17"><span class='ocrx_word' id='word_1_652' title='bbox 543 5165 724 5222; x_wconf 87' lang='lat' dir='ltr'><strong>Ursin.</strong></span> <span class='ocrx_word' id='word_1_653' title='bbox 752 5165 893 5239; x_wconf 73' lang='lat' dir='ltr'><strong>Etlit.</strong></span> <span class='ocrx_word' id='word_1_654' title='bbox 926 5164 1079 5239; x_wconf 74' lang='lat' dir='ltr'><strong>Rom.</strong></span> <span class='ocrx_word' id='word_1_655' title='bbox 1114 5170 1335 5239; x_wconf 78' lang='lat' dir='ltr'><strong>formam</strong></span> <span class='ocrx_word' id='word_1_656' title='bbox 1366 5169 1567 5234; x_wconf 86' lang='lat' dir='ltr'><strong>mentis,</strong></span> <span class='ocrx_word' id='word_1_657' title='bbox 1599 5172 1757 5228; x_wconf 90' lang='lat' dir='ltr'><strong>male.</strong></span> <span class='ocrx_word' id='word_1_658' title='bbox 1790 5169 2132 5228; x_wconf 83' lang='lat' dir='ltr'><strong>Formamen-</strong></span> 
     </span>
    </p>
   </div>
   <div class='ocr_carea' id='block_1_88' title="bbox 552 5236 1587 5304">
    <p class='ocr_par' dir='ltr' id='par_1_88' title="bbox 552 5236 1587 5304">
     <span class='ocr_line' id='line_1_91' title="bbox 552 5236 1587 5304; baseline 0.003 -13"><span class='ocrx_word' id='word_1_659' title='bbox 552 5248 659 5291; x_wconf 87' lang='lat' dir='ltr'><strong>tum</strong></span> <span class='ocrx_word' id='word_1_660' title='bbox 681 5252 782 5292; x_wconf 82' lang='lat' dir='ltr'><strong>vox</strong></span> <span class='ocrx_word' id='word_1_661' title='bbox 808 5236 1148 5301; x_wconf 85' lang='lat' dir='ltr'><strong>Lucretiana,</strong></span> <span class='ocrx_word' id='word_1_662' title='bbox 1177 5253 1235 5304; x_wconf 86' lang='lat' dir='ltr'><strong>tt,</strong></span> <span class='ocrx_word' id='word_1_663' title='bbox 1269 5255 1409 5295; x_wconf 87' lang='lat' dir='ltr'><strong>vers.</strong></span> <span class='ocrx_word' id='word_1_664' title='bbox 1443 5240 1587 5297; x_wconf 70' lang='lat'><strong>518:</strong></span> 
     </span>
    </p>
   </div>
   <div class='ocr_carea' id='block_1_89' title="bbox 638 5330 1669 5396">
    <p class='ocr_par' dir='ltr' id='par_1_89' title="bbox 638 5330 1669 5396">
     <span class='ocr_line' id='line_1_92' title="bbox 638 5330 1669 5396; baseline 0.005 -17"><span class='ocrx_word' id='word_1_665' title='bbox 638 5368 676 5396; x_wconf 84' lang='lat'><strong>._</strong></span> <span class='ocrx_word' id='word_1_666' title='bbox 724 5368 735 5379; x_wconf 91' lang='lat'><strong>.</strong></span> <span class='ocrx_word' id='word_1_667' title='bbox 804 5366 817 5381; x_wconf 94' lang='lat'><strong>.</strong></span> <span class='ocrx_word' id='word_1_668' title='bbox 883 5364 900 5381; x_wconf 92' lang='lat'><strong>.</strong></span> <span class='ocrx_word' id='word_1_669' title='bbox 970 5371 982 5382; x_wconf 95' lang='lat'><strong>.</strong></span> <span class='ocrx_word' id='word_1_670' title='bbox 1053 5371 1065 5381; x_wconf 93' lang='lat'><strong>.</strong></span> <span class='ocrx_word' id='word_1_671' title='bbox 1128 5330 1304 5381; x_wconf 82' lang='lat' dir='ltr'><strong>Omnia</strong></span> <span class='ocrx_word' id='word_1_672' title='bbox 1321 5335 1669 5396; x_wconf 87' lang='lat' dir='ltr'><strong>principiorum</strong></span> 
     </span>
    </p>
   </div>
   <div class='ocr_carea' id='block_1_90' title="bbox 636 5391 1791 5459">
    <p class='ocr_par' dir='ltr' id='par_1_90' title="bbox 636 5391 1791 5459">
     <span class='ocr_line' id='line_1_93' title="bbox 636 5391 1791 5459; baseline 0.004 -17"><span class='ocrx_word' id='word_1_673' title='bbox 636 5391 978 5445; x_wconf 85' lang='lat' dir='ltr'><strong>Formameuta</strong></span> <span class='ocrx_word' id='word_1_674' title='bbox 999 5402 1190 5458; x_wconf 88' lang='lat' dir='ltr'><strong>queunt</strong></span> <span class='ocrx_word' id='word_1_675' title='bbox 1208 5396 1258 5446; x_wconf 91' lang='lat' dir='ltr'><strong>io</strong></span> <span class='ocrx_word' id='word_1_676' title='bbox 1280 5391 1455 5459; x_wconf 83' lang='lat' dir='ltr'><strong>quovis</strong></span> <span class='ocrx_word' id='word_1_677' title='bbox 1473 5391 1585 5447; x_wconf 81' lang='lat' dir='ltr'><strong>esse</strong></span> <span class='ocrx_word' id='word_1_678' title='bbox 1607 5400 1791 5447; x_wconf 86' lang='lat' dir='ltr'><strong>nitore.</strong></span> 
     </span>
    </p>
   </div>
   <div class='ocr_carea' id='block_1_91' title="bbox 1216 5480 1990 5537">
    <p class='ocr_par' dir='ltr' id='par_1_91' title="bbox 1216 5480 1990 5537">
     <span class='ocr_line' id='line_1_94' title="bbox 1216 5480 1990 5537; baseline -0.001 -1"><span class='ocrx_word' id='word_1_679' title='bbox 1216 5480 1501 5536; x_wconf 73' lang='lat' dir='ltr'><strong>ilERALDUS</strong></span> <span class='ocrx_word' id='word_1_680' title='bbox 1530 5490 1585 5536; x_wconf 88' lang='lat' dir='ltr'><strong>et</strong></span> <span class='ocrx_word' id='word_1_681' title='bbox 1612 5481 1990 5537; x_wconf 74' lang='lat' dir='ltr'><strong>ELIENHORS‘I‘.</strong></span> 
     </span>
    </p>
   </div>
   <div class='ocr_carea' id='block_1_92' title="bbox 621 5592 2137 5663">
    <p class='ocr_par' dir='ltr' id='par_1_92' title="bbox 621 5592 2137 5663">
     <span class='ocr_line' id='line_1_95' title="bbox 621 5592 2137 5663; baseline 0.003 -17"><span class='ocrx_word' id='word_1_682' title='bbox 621 5592 744 5663; x_wconf 88' lang='lat' dir='ltr'><strong>Non</strong></span> <span class='ocrx_word' id='word_1_683' title='bbox 772 5594 909 5662; x_wconf 89' lang='lat' dir='ltr'><strong>quod</strong></span> <span class='ocrx_word' id='word_1_684' title='bbox 932 5594 985 5648; x_wconf 91' lang='lat' dir='ltr'><strong>in</strong></span> <span class='ocrx_word' id='word_1_685' title='bbox 1015 5610 1072 5650; x_wconf 84' lang='lat' dir='ltr'><strong>re</strong></span> <span class='ocrx_word' id='word_1_686' title='bbox 1098 5611 1226 5661; x_wconf 84' lang='lat' dir='ltr'><strong>esse,</strong></span> <span class='ocrx_word' id='word_1_687' title='bbox 1256 5595 1471 5663; x_wconf 82' lang='lat' dir='ltr'><strong>ipsaque</strong></span> <span class='ocrx_word' id='word_1_688' title='bbox 1509 5594 1562 5648; x_wconf 87' lang='lat' dir='ltr'><strong>in</strong></span> <span class='ocrx_word' id='word_1_689' title='bbox 1590 5597 1800 5651; x_wconf 83' lang='lat' dir='ltr'><strong>veritate</strong></span> <span class='ocrx_word' id='word_1_690' title='bbox 1842 5607 1936 5655; x_wconf 88' lang='lat' dir='ltr'><strong>est.</strong></span> <span class='ocrx_word' id='word_1_691' title='bbox 1960 5614 2137 5653; x_wconf 85' lang='lat' dir='ltr'><strong>cense-</strong></span> 
     </span>
    </p>
   </div>
   <div class='ocr_carea' id='block_1_93' title="bbox 550 5660 2138 5732">
    <p class='ocr_par' dir='ltr' id='par_1_93' title="bbox 550 5660 2138 5732">
     <span class='ocr_line' id='line_1_96' title="bbox 550 5660 2138 5732; baseline 0.004 -15"><span class='ocrx_word' id='word_1_692' title='bbox 550 5664 632 5717; x_wconf 88' lang='lat' dir='ltr'><strong>tis.</strong></span> <span class='ocrx_word' id='word_1_693' title='bbox 659 5660 735 5718; x_wconf 79' lang='lat' dir='ltr'><strong>lta</strong></span> <span class='ocrx_word' id='word_1_694' title='bbox 757 5660 859 5718; x_wconf 86' lang='lat' dir='ltr'><strong>ms.</strong></span> <span class='ocrx_word' id='word_1_695' title='bbox 889 5680 1047 5732; x_wconf 90' lang='lat' dir='ltr'><strong>qnam</strong></span> <span class='ocrx_word' id='word_1_696' title='bbox 1076 5660 1359 5721; x_wconf 85' lang='lat' dir='ltr'><strong>lectionem</strong></span> <span class='ocrx_word' id='word_1_697' title='bbox 1386 5660 1597 5721; x_wconf 79' lang='lat' dir='ltr'><strong>temere</strong></span> <span class='ocrx_word' id='word_1_698' title='bbox 1623 5667 1690 5720; x_wconf 90' lang='lat' dir='ltr'><strong>ah</strong></span> <span class='ocrx_word' id='word_1_699' title='bbox 1729 5667 1848 5721; x_wconf 82' lang='lat' dir='ltr'><strong>aliis</strong></span> <span class='ocrx_word' id='word_1_700' title='bbox 1881 5679 2138 5724; x_wconf 87' lang='lat' dir='ltr'><strong>mutatam</strong></span> 
     </span>
    </p>
   </div>
   <div class='ocr_carea' id='block_1_94' title="bbox 542 5734 2139 5809">
    <p class='ocr_par' dir='ltr' id='par_1_94' title="bbox 542 5734 2139 5809">
     <span class='ocr_line' id='line_1_97' title="bbox 542 5734 2139 5809; baseline 0.008 -24"><span class='ocrx_word' id='word_1_701' title='bbox 542 5736 824 5809; x_wconf 83' lang='lat' dir='ltr'><strong>r_evocavit</strong></span> <span class='ocrx_word' id='word_1_702' title='bbox 846 5739 933 5788; x_wconf 90' lang='lat' dir='ltr'><strong>ed.</strong></span> <span class='ocrx_word' id='word_1_703' title='bbox 965 5734 1139 5809; x_wconf 75' lang='lat' dir='ltr'><strong>Lugd.</strong></span> <span class='ocrx_word' id='word_1_704' title='bbox 1174 5735 1291 5790; x_wconf 86' lang='lat' dir='ltr'><strong>Bal.</strong></span> <span class='ocrx_word' id='word_1_705' title='bbox 1329 5736 1424 5791; x_wconf 85' lang='lat' dir='ltr'><strong>Est</strong></span> <span class='ocrx_word' id='word_1_706' title='bbox 1472 5739 1599 5809; x_wconf 67' lang='lat' dir='ltr'><strong>stil.</strong></span> <span class='ocrx_word' id='word_1_707' title='bbox 1621 5736 1909 5809; x_wconf 86' lang='lat' dir='ltr'><strong>verborum</strong></span> <span class='ocrx_word' id='word_1_708' title='bbox 1942 5743 2139 5809; x_wconf 83' lang='lat' dir='ltr'><strong>trajec-</strong></span> 
     </span>
    </p>
   </div>
   <div class='ocr_carea' id='block_1_95' title="bbox 536 5801 2142 5882">
    <p class='ocr_par' dir='ltr' id='par_1_95' title="bbox 536 5801 2142 5882">
     <span class='ocr_line' id='line_1_98' title="bbox 536 5801 2142 5882; baseline 0.009 -29"><span class='ocrx_word' id='word_1_709' title='bbox 536 5801 626 5854; x_wconf 86' lang='lat' dir='ltr'><strong>tio</strong></span> <span class='ocrx_word' id='word_1_710' title='bbox 647 5816 751 5882; x_wconf 73' lang='lat' dir='ltr'><strong>pro</strong></span> <span class='ocrx_word' id='word_1_711' title='bbox 778 5820 883 5882; x_wconf 76' lang='lat' dir='ltr'><strong>non</strong></span> <span class='ocrx_word' id='word_1_712' title='bbox 909 5801 1146 5882; x_wconf 45' lang='lat' dir='ltr'><strong>quodin</strong></span> <span class='ocrx_word' id='word_1_713' title='bbox 1191 5822 1248 5861; x_wconf 87' lang='lat' dir='ltr'><strong>re</strong></span> <span class='ocrx_word' id='word_1_714' title='bbox 1277 5825 1385 5882; x_wconf 79' lang='lat' dir='ltr'><strong>esse</strong></span> <span class='ocrx_word' id='word_1_715' title='bbox 1414 5808 1648 5882; x_wconf 65' lang='lat' dir='ltr'><strong>censetis.</strong></span> <span class='ocrx_word' id='word_1_716' title='bbox 1673 5808 1907 5878; x_wconf 79' lang='lat' dir='ltr'><strong>quodque</strong></span> <span class='ocrx_word' id='word_1_717' title='bbox 1950 5801 2063 5879; x_wconf 64' lang='lat' dir='ltr'><strong>ipsa</strong></span> <span class='ocrx_word' id='word_1_718' title='bbox 2089 5813 2142 5867; x_wconf 83' lang='lat' dir='ltr'><strong>in</strong></span> 
     </span>
    </p>
   </div>
   <div class='ocr_carea' id='block_1_96' title="bbox 556 5873 2142 5949">
    <p class='ocr_par' dir='ltr' id='par_1_96' title="bbox 556 5873 2142 5949">
     <span class='ocr_line' id='line_1_99' title="bbox 556 5873 2142 5949; baseline 0.012 -27"><span class='ocrx_word' id='word_1_719' title='bbox 556 5873 763 5927; x_wconf 74' lang='lat' dir='ltr'><strong>veritate</strong></span> <span class='ocrx_word' id='word_1_720' title='bbox 812 5881 906 5930; x_wconf 85' lang='lat' dir='ltr'><strong>est.</strong></span> <span class='ocrx_word' id='word_1_721' title='bbox 936 5873 1005 5931; x_wconf 88' lang='lat' dir='ltr'><strong>Et</strong></span> <span class='ocrx_word' id='word_1_722' title='bbox 1051 5876 1189 5934; x_wconf 87' lang='lat' dir='ltr'><strong>tales</strong></span> <span class='ocrx_word' id='word_1_723' title='bbox 1236 5878 1579 5949; x_wconf 83' lang='lat' dir='ltr'><strong>trajectioues</strong></span> <span class='ocrx_word' id='word_1_724' title='bbox 1622 5873 2142 5941; x_wconf 55' lang='lat' dir='ltr'><strong>amare&#39;Arnobium</strong></span> 
     </span>
    </p>
   </div>
   <div class='ocr_carea' id='block_1_97' title="bbox 2151 4456 2206 4517">
    <p class='ocr_par' dir='ltr' id='par_1_97' title="bbox 2151 4456 2206 4517">
     <span class='ocr_line' id='line_1_100' title="bbox 2151 4456 2206 4517; baseline 0 0"><span class='ocrx_word' id='word_1_725' title='bbox 2151 4456 2206 4517; x_wconf 92' lang='lat' dir='ltr'><strong>D</strong></span> 
     </span>
    </p>
   </div>
   <div class='ocr_carea' id='block_1_98' title="bbox 2227 3115 3835 3185">
    <p class='ocr_par' dir='ltr' id='par_1_98' title="bbox 2227 3115 3835 3185">
     <span class='ocr_line' id='line_1_101' title="bbox 2227 3115 3835 3185; baseline 0.011 -20"><span class='ocrx_word' id='word_1_726' title='bbox 2227 3115 2679 3181; x_wconf 78' lang='lat' dir='ltr'><strong>quemadmodum</strong></span> <span class='ocrx_word' id='word_1_727' title='bbox 2710 3115 2979 3176; x_wconf 87' lang='lat' dir='ltr'><strong>ctnendati</strong></span> <span class='ocrx_word' id='word_1_728' title='bbox 2999 3115 3128 3177; x_wconf 51' lang='lat' dir='ltr'><strong>sunt</strong></span> <span class='ocrx_word' id='word_1_729' title='bbox 3148 3124 3215 3177; x_wconf 89' lang='lat' dir='ltr'><strong>ab</strong></span> <span class='ocrx_word' id='word_1_730' title='bbox 3238 3124 3328 3177; x_wconf 91' lang='lat' dir='ltr'><strong>illo</strong></span> <span class='ocrx_word' id='word_1_731' title='bbox 3352 3124 3552 3185; x_wconf 67' lang='lat' dir='ltr'><strong>ingenii</strong></span> <span class='ocrx_word' id='word_1_732' title='bbox 3580 3115 3835 3181; x_wconf 65' lang='lat' dir='ltr'><strong>etomnis</strong></span> 
     </span>
    </p>
   </div>
   <div class='ocr_carea' id='block_1_99' title="bbox 2228 3185 3629 3267">
    <p class='ocr_par' dir='ltr' id='par_1_99' title="bbox 2228 3185 3629 3267">
     <span class='ocr_line' id='line_1_102' title="bbox 2228 3185 3629 3267; baseline 0.009 -29"><span class='ocrx_word' id='word_1_733' title='bbox 2228 3185 2493 3255; x_wconf 87' lang='lat' dir='ltr'><strong>politioris</strong></span> <span class='ocrx_word' id='word_1_734' title='bbox 2523 3187 2837 3245; x_wconf 77' lang='lat' dir='ltr'><strong>litteratura:</strong></span> <span class='ocrx_word' id='word_1_735' title='bbox 2871 3194 3133 3263; x_wconf 90' lang='lat' dir='ltr'><strong>principe,</strong></span> <span class='ocrx_word' id='word_1_736' title='bbox 3161 3193 3276 3250; x_wconf 80' lang='lat' dir='ltr'><strong>Jos.</strong></span> <span class='ocrx_word' id='word_1_737' title='bbox 3303 3194 3581 3267; x_wconf 90' lang='lat' dir='ltr'><strong>Scaligero</strong></span> <span class='ocrx_word' id='word_1_738' title='bbox 3615 3214 3629 3250; x_wconf 91' lang='lat'>:</span> 
     </span>
    </p>
   </div>
   <div class='ocr_carea' id='block_1_100' title="bbox 2381 3282 3287 3349">
    <p class='ocr_par' dir='ltr' id='par_1_100' title="bbox 2381 3282 3287 3349">
     <span class='ocr_line' id='line_1_103' title="bbox 2381 3282 3287 3349; baseline 0.012 -19"><span class='ocrx_word' id='word_1_739' title='bbox 2381 3282 2471 3330; x_wconf 75' lang='grc' dir='ltr'><strong>Ᾰλλ¹</strong></span> <span class='ocrx_word' id='word_1_740' title='bbox 2497 3289 2528 3330; x_wconf 77' lang='lat' dir='ltr'><strong>si</strong></span> <span class='ocrx_word' id='word_1_741' title='bbox 2549 3306 2607 3331; x_wconf 73' lang='grc' dir='ltr'><strong>τοι</strong></span> <span class='ocrx_word' id='word_1_742' title='bbox 2630 3297 2749 3346; x_wconf 72' lang='grc' dir='ltr'><strong>χιῖράς</strong></span> <span class='ocrx_word' id='word_1_743' title='bbox 2772 3298 2805 3347; x_wconf 77' lang='grc' dir='ltr'><strong>τ’</strong></span> <span class='ocrx_word' id='word_1_744' title='bbox 2829 3293 2921 3349; x_wconf 69' lang='grc' dir='ltr'><strong>ιῖχον</strong></span> <span class='ocrx_word' id='word_1_745' title='bbox 2947 3300 3027 3348; x_wconf 80' lang='grc' dir='ltr'><strong>βόις</strong></span> <span class='ocrx_word' id='word_1_746' title='bbox 3050 3301 3093 3347; x_wconf 63' lang='lat' dir='ltr'><strong>vii</strong></span> <span class='ocrx_word' id='word_1_747' title='bbox 3114 3300 3287 3348; x_wconf 72' lang='grc' dir='ltr'><strong>λιοντις,</strong></span> 
     </span>
    </p>
   </div>
   <div class='ocr_carea' id='block_1_101' title="bbox 2383 3357 3436 3414">
    <p class='ocr_par' dir='ltr' id='par_1_101' title="bbox 2383 3357 3436 3414">
     <span class='ocr_line' id='line_1_104' title="bbox 2383 3357 3436 3414; baseline 0.01 -22"><span class='ocrx_word' id='word_1_748' title='bbox 2383 3357 2457 3392; x_wconf 78' lang='grc' dir='ltr'><strong>Καὶ</strong></span> <span class='ocrx_word' id='word_1_749' title='bbox 2474 3357 2607 3406; x_wconf 67' lang='grc' dir='ltr'><strong>γράψαι</strong></span> <span class='ocrx_word' id='word_1_750' title='bbox 2628 3360 2803 3408; x_wconf 66' lang='grc' dir='ltr'><strong>χάρισαι,</strong></span> <span class='ocrx_word' id='word_1_751' title='bbox 2823 3362 2884 3398; x_wconf 75' lang='grc' dir='ltr'><strong>καὶ</strong></span> <span class='ocrx_word' id='word_1_752' title='bbox 2916 3361 3001 3411; x_wconf 62' lang='lat' dir='ltr'><strong>in:</strong></span> <span class='ocrx_word' id='word_1_753' title='bbox 3016 3362 3146 3406; x_wconf 74' lang='grc' dir='ltr'><strong>τιλιῐν,</strong></span> <span class='ocrx_word' id='word_1_754' title='bbox 3168 3363 3260 3413; x_wconf 68' lang='grc' dir='ltr'><strong>ἅπερ</strong></span> <span class='ocrx_word' id='word_1_755' title='bbox 3283 3360 3411 3414; x_wconf 61' lang='grc' dir='ltr'><strong>ἄνδρας</strong></span> <span class='ocrx_word' id='word_1_756' title='bbox 3425 3392 3436 3410; x_wconf 84' lang='grc'><em>,</em></span> 
     </span>
    </p>
   </div>
   <div class='ocr_carea' id='block_1_102' title="bbox 2383 3417 3336 3473">
    <p class='ocr_par' dir='ltr' id='par_1_102' title="bbox 2383 3417 3336 3473">
     <span class='ocr_line' id='line_1_105' title="bbox 2383 3417 3336 3473; baseline 0.012 -20"><span class='ocrx_word' id='word_1_757' title='bbox 2383 3419 2458 3454; x_wconf 75' lang='grc' dir='ltr'><strong>Καὶ</strong></span> <span class='ocrx_word' id='word_1_758' title='bbox 2475 3431 2519 3461; x_wconf 71' lang='grc' dir='ltr'><strong>,ιι</strong></span> <span class='ocrx_word' id='word_1_759' title='bbox 2540 3418 2623 3455; x_wconf 71' lang='grc' dir='ltr'><strong>θεῶν</strong></span> <span class='ocrx_word' id='word_1_760' title='bbox 2646 3417 2747 3465; x_wconf 72' lang='grc' dir='ltr'>ὶδὶας</span> <span class='ocrx_word' id='word_1_761' title='bbox 2770 3420 2920 3473; x_wconf 70' lang='grc' dir='ltr'><strong>’ἄγραφον</strong></span> <span class='ocrx_word' id='word_1_762' title='bbox 2942 3426 3003 3461; x_wconf 74' lang='grc' dir='ltr'><strong>καὶ</strong></span> <span class='ocrx_word' id='word_1_763' title='bbox 3026 3427 3168 3473; x_wconf 67' lang='grc' dir='ltr'><strong>σώματ’</strong></span> <span class='ocrx_word' id='word_1_764' title='bbox 3193 3428 3336 3464; x_wconf 62' lang='grc' dir='ltr'><strong>ἐποίουν</strong></span> 
     </span>
    </p>
   </div>
   <div class='ocr_carea' id='block_1_103' title="bbox 2380 3473 3315 3539">
    <p class='ocr_par' dir='ltr' id='par_1_103' title="bbox 2380 3473 3315 3539">
     <span class='ocr_line' id='line_1_106' title="bbox 2380 3473 3315 3539; baseline 0.014 -25"><span class='ocrx_word' id='word_1_765' title='bbox 2380 3473 2533 3539; x_wconf 56' lang='grc' dir='ltr'><strong>’ξὀηὓν</strong></span> <span class='ocrx_word' id='word_1_766' title='bbox 2557 3474 2698 3533; x_wconf 64' lang='grc' dir='ltr'><strong>οἷόνεηρ</strong></span> <span class='ocrx_word' id='word_1_767' title='bbox 2720 3484 2780 3521; x_wconf 73' lang='grc' dir='ltr'><strong>καὶ</strong></span> <span class='ocrx_word' id='word_1_768' title='bbox 2793 3486 2899 3522; x_wconf 62' lang='grc' dir='ltr'><strong>αὐτοὶ</strong></span> <span class='ocrx_word' id='word_1_769' title='bbox 2923 3481 3035 3534; x_wconf 61' lang='grc' dir='ltr'><strong>δίνας</strong></span> <span class='ocrx_word' id='word_1_770' title='bbox 3056 3482 3149 3537; x_wconf 62' lang='lat' dir='ltr'><strong>silos</strong></span> <span class='ocrx_word' id='word_1_771' title='bbox 3175 3487 3285 3537; x_wconf 72' lang='grc' dir='ltr'><strong>ὁμοῖα</strong></span> <span class='ocrx_word' id='word_1_772' title='bbox 3303 3518 3315 3534; x_wconf 83' lang='grc'><em>,</em></span> 
     </span>
    </p>
   </div>
   <div class='ocr_carea' id='block_1_104' title="bbox 2384 3543 3331 3601">
    <p class='ocr_par' dir='ltr' id='par_1_104' title="bbox 2384 3543 3331 3601">
     <span class='ocr_line' id='line_1_107' title="bbox 2384 3543 3331 3601; baseline 0.011 -22"><span class='ocrx_word' id='word_1_773' title='bbox 2384 3545 2491 3579; x_wconf 59' lang='lat' dir='ltr'><strong>laxet</strong></span> <span class='ocrx_word' id='word_1_774' title='bbox 2511 3544 2572 3590; x_wconf 75' lang='grc' dir='ltr'><strong>μίν</strong></span> <span class='ocrx_word' id='word_1_775' title='bbox 2596 3543 2626 3580; x_wconf 77' lang='lat'><strong>0’</strong></span> <span class='ocrx_word' id='word_1_776' title='bbox 2648 3544 2807 3591; x_wconf 64' lang='grc' dir='ltr'><strong>ἵπποισι,</strong></span> <span class='ocrx_word' id='word_1_777' title='bbox 2832 3549 2911 3596; x_wconf 72' lang='grc' dir='ltr'><strong>βόας</strong></span> <span class='ocrx_word' id='word_1_778' title='bbox 2936 3544 2977 3586; x_wconf 80' lang='grc' dir='ltr'><strong>δι</strong></span> <span class='ocrx_word' id='word_1_779' title='bbox 3001 3563 3042 3587; x_wconf 81' lang='grc' dir='ltr'><strong>τι</strong></span> <span class='ocrx_word' id='word_1_780' title='bbox 3067 3550 3189 3600; x_wconf 79' lang='grc' dir='ltr'><strong>βουσὶν</strong></span> <span class='ocrx_word' id='word_1_781' title='bbox 3210 3550 3331 3601; x_wconf 68' lang='grc' dir='ltr'><strong>ὁμοῖα.</strong></span> 
     </span>
    </p>
   </div>
   <div class='ocr_carea' id='block_1_105' title="bbox 3449 3624 3673 3675">
    <p class='ocr_par' dir='ltr' id='par_1_105' title="bbox 3449 3624 3673 3675">
     <span class='ocr_line' id='line_1_108' title="bbox 3449 3624 3673 3675; baseline 0 0"><span class='ocrx_word' id='word_1_782' title='bbox 3449 3624 3673 3675; x_wconf 69' lang='lat' dir='ltr'><strong>Eanum.</strong></span> 
     </span>
    </p>
   </div>
   <div class='ocr_carea' id='block_1_106' title="bbox 2303 3690 3832 3778">
    <p class='ocr_par' dir='ltr' id='par_1_106' title="bbox 2303 3690 3832 3778">
     <span class='ocr_line' id='line_1_109' title="bbox 2303 3690 3832 3778; baseline 0.016 -34"><span class='ocrx_word' id='word_1_783' title='bbox 2303 3690 2555 3778; x_wconf 72' lang='lat' dir='ltr'><strong>Quantas,</strong></span> <span class='ocrx_word' id='word_1_784' title='bbox 2609 3699 2877 3778; x_wconf 45' lang='lat' dir='ltr'><strong>inquam,</strong></span> <span class='ocrx_word' id='word_1_785' title='bbox 2922 3704 3121 3778; x_wconf 79' lang='lat' dir='ltr'><strong>irarum</strong></span> <span class='ocrx_word' id='word_1_786' title='bbox 3175 3709 3413 3778; x_wconf 81' lang='lat' dir='ltr'><strong>ﬂammas</strong></span> <span class='ocrx_word' id='word_1_787' title='bbox 3451 3708 3832 3774; x_wconf 73' lang='lat' dir='ltr'><strong>stt/funderent.</strong></span> 
     </span>
    </p>
   </div>
   <div class='ocr_carea' id='block_1_107' title="bbox 2226 3769 3835 3848">
    <p class='ocr_par' dir='ltr' id='par_1_107' title="bbox 2226 3769 3835 3848">
     <span class='ocr_line' id='line_1_110' title="bbox 2226 3769 3835 3848; baseline 0.013 -34"><span class='ocrx_word' id='word_1_788' title='bbox 2226 3769 2555 3848; x_wconf 55' lang='lat' dir='ltr'><strong>concitarent.</strong></span> <span class='ocrx_word' id='word_1_789' title='bbox 2614 3769 3069 3848; x_wconf 80' lang='lat' dir='ltr'><strong>ulv._Ursinus</strong></span> <span class='ocrx_word' id='word_1_790' title='bbox 3116 3769 3259 3848; x_wconf 66' lang='lat' dir='ltr'><strong>conj.</strong></span> <span class='ocrx_word' id='word_1_791' title='bbox 3316 3769 3663 3845; x_wconf 38' lang='lat' dir='ltr'><strong>aliunde-rent.</strong></span> <span class='ocrx_word' id='word_1_792' title='bbox 3725 3769 3835 3836; x_wconf 57' lang='lat' dir='ltr'><strong>Sed</strong></span> 
     </span>
    </p>
   </div>
   <div class='ocr_carea' id='block_1_108' title="bbox 2226 3834 3828 3920">
    <p class='ocr_par' dir='ltr' id='par_1_108' title="bbox 2226 3834 3828 3920">
     <span class='ocr_line' id='line_1_111' title="bbox 2226 3834 3828 3920; baseline 0.004 -21"><span class='ocrx_word' id='word_1_793' title='bbox 2226 3834 2582 3920; x_wconf 42' lang='lat' dir='ltr'><strong>f‘f/fll‘mderent</strong></span> <span class='ocrx_word' id='word_1_794' title='bbox 2614 3841 2749 3920; x_wconf 78' lang='lat' dir='ltr'><strong>bene</strong></span> <span class='ocrx_word' id='word_1_795' title='bbox 2775 3843 3020 3920; x_wconf 65' lang='lat' dir='ltr'><strong>defendit</strong></span> <span class='ocrx_word' id='word_1_796' title='bbox 3044 3847 3093 3901; x_wconf 80' lang='lat' dir='ltr'><strong>J.</strong></span> <span class='ocrx_word' id='word_1_797' title='bbox 3128 3834 3544 3907; x_wconf 32' lang='lat' dir='ltr'><strong>FriGro&#39;itoviuS</strong></span> <span class='ocrx_word' id='word_1_798' title='bbox 3576 3834 3828 3920; x_wconf 79' lang='lat' dir='ltr'><strong>Diatrih.,</strong></span> 
     </span>
    </p>
   </div>
   <div class='ocr_carea' id='block_1_109' title="bbox 2226 3906 3570 3989">
    <p class='ocr_par' dir='ltr' id='par_1_109' title="bbox 2226 3906 3570 3989">
     <span class='ocr_line' id='line_1_112' title="bbox 2226 3906 3570 3989; baseline 0.016 -33"><span class='ocrx_word' id='word_1_799' title='bbox 2226 3906 2291 3960; x_wconf 80' lang='lat' dir='ltr'><strong>ad</strong></span> <span class='ocrx_word' id='word_1_800' title='bbox 2324 3906 2486 3976; x_wconf 88' lang='lat' dir='ltr'><strong>Stat.,</strong></span> <span class='ocrx_word' id='word_1_801' title='bbox 2520 3925 2573 3980; x_wconf 92' lang='lat' dir='ltr'><strong>p.</strong></span> <span class='ocrx_word' id='word_1_802' title='bbox 2602 3913 2729 3981; x_wconf 70' lang='grc'><strong>401,</strong></span> <span class='ocrx_word' id='word_1_803' title='bbox 2755 3914 2924 3970; x_wconf 90' lang='lat' dir='ltr'><strong>citans</strong></span> <span class='ocrx_word' id='word_1_804' title='bbox 2951 3917 3161 3985; x_wconf 87' lang='lat' dir='ltr'><strong>Silium,</strong></span> <span class='ocrx_word' id='word_1_805' title='bbox 3195 3920 3289 3976; x_wconf 91' lang='lat' dir='ltr'><strong>lib.</strong></span> <span class='ocrx_word' id='word_1_806' title='bbox 3317 3938 3391 3989; x_wconf 79' lang='lat' dir='ltr'><strong>tx,</strong></span> <span class='ocrx_word' id='word_1_807' title='bbox 3415 3906 3570 3978; x_wconf 10' lang='lat'><strong>1.917:</strong></span> 
     </span>
    </p>
   </div>
   <div class='ocr_carea' id='block_1_110' title="bbox 2826 4006 3221 4060">
    <p class='ocr_par' dir='ltr' id='par_1_110' title="bbox 2826 4006 3221 4060">
     <span class='ocr_line' id='line_1_113' title="bbox 2826 4006 3221 4060; baseline 0.01 -4"><span class='ocrx_word' id='word_1_808' title='bbox 2826 4006 3113 4059; x_wconf 80' lang='lat' dir='ltr'><strong>Snﬂ‘uderat</strong></span> <span class='ocrx_word' id='word_1_809' title='bbox 3135 4023 3221 4060; x_wconf 88' lang='lat' dir='ltr'><strong>ora</strong></span> 
     </span>
    </p>
   </div>
   <div class='ocr_carea' id='block_1_111' title="bbox 2318 4062 3575 4133">
    <p class='ocr_par' dir='ltr' id='par_1_111' title="bbox 2318 4062 3575 4133">
     <span class='ocr_line' id='line_1_114' title="bbox 2318 4062 3575 4133; baseline 0.013 -24"><span class='ocrx_word' id='word_1_810' title='bbox 2318 4062 2549 4125; x_wconf 81' lang='lat' dir='ltr'><strong>Sanguis,</strong></span> <span class='ocrx_word' id='word_1_811' title='bbox 2576 4072 2626 4116; x_wconf 89' lang='lat' dir='ltr'><strong>et</strong></span> <span class='ocrx_word' id='word_1_812' title='bbox 2649 4080 2677 4116; x_wconf 92' lang='lat' dir='ltr'><strong>a</strong></span> <span class='ocrx_word' id='word_1_813' title='bbox 2694 4072 2831 4119; x_wconf 88' lang='lat' dir='ltr'><strong>torvo</strong></span> <span class='ocrx_word' id='word_1_814' title='bbox 2848 4072 3121 4133; x_wconf 83' lang='lat' dir='ltr'><strong>surgebant</strong></span> <span class='ocrx_word' id='word_1_815' title='bbox 3144 4073 3328 4125; x_wconf 89' lang='lat' dir='ltr'><strong>lumine</strong></span> <span class='ocrx_word' id='word_1_816' title='bbox 3354 4076 3575 4128; x_wconf 66' lang='lat' dir='ltr'><strong>ﬂammae.</strong></span> 
     </span>
    </p>
   </div>
   <div class='ocr_carea' id='block_1_112' title="bbox 2225 4145 2674 4212">
    <p class='ocr_par' dir='ltr' id='par_1_112' title="bbox 2225 4145 2674 4212">
     <span class='ocr_line' id='line_1_115' title="bbox 2225 4145 2674 4212; baseline 0.011 -12"><span class='ocrx_word' id='word_1_817' title='bbox 2225 4152 2280 4200; x_wconf 88' lang='lat' dir='ltr'><strong>et</strong></span> <span class='ocrx_word' id='word_1_818' title='bbox 2299 4145 2387 4202; x_wconf 87' lang='lat' dir='ltr'><strong>lib.</strong></span> <span class='ocrx_word' id='word_1_819' title='bbox 2425 4164 2501 4212; x_wconf 76' lang='lat' dir='ltr'><strong>x1,</strong></span> <span class='ocrx_word' id='word_1_820' title='bbox 2531 4149 2674 4205; x_wconf 64' lang='lat'><strong>918:</strong></span> 
     </span>
    </p>
   </div>
   <div class='ocr_carea' id='block_1_113' title="bbox 2319 4236 3611 4317">
    <p class='ocr_par' dir='ltr' id='par_1_113' title="bbox 2319 4236 3611 4317">
     <span class='ocr_line' id='line_1_116' title="bbox 2319 4236 3611 4317; baseline 0.013 -30"><span class='ocrx_word' id='word_1_821' title='bbox 2319 4236 2453 4317; x_wconf 49' lang='lat' dir='ltr'><strong>guilt</strong></span> <span class='ocrx_word' id='word_1_822' title='bbox 2470 4241 2607 4317; x_wconf 54' lang='lat' dir='ltr'><strong>virgo</strong></span> <span class='ocrx_word' id='word_1_823' title='bbox 2630 4244 2894 4315; x_wconf 74' lang='lat' dir='ltr'><strong>ignescens</strong></span> <span class='ocrx_word' id='word_1_824' title='bbox 2913 4250 3131 4311; x_wconf 87' lang='lat' dir='ltr'><strong>penitus,</strong></span> <span class='ocrx_word' id='word_1_825' title='bbox 3152 4250 3371 4303; x_wconf 86' lang='lat' dir='ltr'><strong>violenta</strong></span> <span class='ocrx_word' id='word_1_826' title='bbox 3392 4260 3611 4317; x_wconf 87' lang='lat' dir='ltr'><strong>repente</strong></span> 
     </span>
    </p>
   </div>
   <div class='ocr_carea' id='block_1_114' title="bbox 2319 4299 2890 4359">
    <p class='ocr_par' dir='ltr' id='par_1_114' title="bbox 2319 4299 2890 4359">
     <span class='ocr_line' id='line_1_117' title="bbox 2319 4299 2890 4359; baseline 0.021 -12"><span class='ocrx_word' id='word_1_827' title='bbox 2319 4299 2534 4353; x_wconf 78' lang='lat' dir='ltr'><strong>Suli‘udlt</strong></span> <span class='ocrx_word' id='word_1_828' title='bbox 2550 4299 2764 4356; x_wconf 71' lang='lat' dir='ltr'><strong>ilanitnis</strong></span> <span class='ocrx_word' id='word_1_829' title='bbox 2787 4321 2890 4359; x_wconf 90' lang='lat' dir='ltr'><strong>ora.</strong></span> 
     </span>
    </p>
   </div>
   <div class='ocr_carea' id='block_1_115' title="bbox 2228 4402 3406 4486">
    <p class='ocr_par' dir='ltr' id='par_1_115' title="bbox 2228 4402 3406 4486">
     <span class='ocr_line' id='line_1_118' title="bbox 2228 4402 3406 4486; baseline 0.016 -27"><span class='ocrx_word' id='word_1_830' title='bbox 2228 4412 2284 4460; x_wconf 88' lang='lat' dir='ltr'><strong>et</strong></span> <span class='ocrx_word' id='word_1_831' title='bbox 2307 4402 2610 4476; x_wconf 87' lang='lat' dir='ltr'><strong>Claudian.,</strong></span> <span class='ocrx_word' id='word_1_832' title='bbox 2640 4410 2692 4466; x_wconf 92' lang='lat' dir='ltr'><strong>in</strong></span> <span class='ocrx_word' id='word_1_833' title='bbox 2720 4411 2884 4469; x_wconf 84' lang='lat' dir='ltr'><strong>Cons.</strong></span> <span class='ocrx_word' id='word_1_834' title='bbox 2921 4416 3102 4486; x_wconf 85' lang='lat' dir='ltr'><strong>Mallii,</strong></span> <span class='ocrx_word' id='word_1_835' title='bbox 3136 4422 3361 4478; x_wconf 75' lang='lat' dir='ltr'><strong>vers.2l</strong></span> <span class='ocrx_word' id='word_1_836' title='bbox 3393 4440 3406 4477; x_wconf 91' lang='lat'><strong>:</strong></span> 
     </span>
    </p>
   </div>
   <div class='ocr_carea' id='block_1_116' title="bbox 2857 4513 3485 4568">
    <p class='ocr_par' dir='ltr' id='par_1_116' title="bbox 2857 4513 3485 4568">
     <span class='ocr_line' id='line_1_119' title="bbox 2857 4513 3485 4568; baseline 0.014 -9"><span class='ocrx_word' id='word_1_837' title='bbox 2977 4513 3082 4565; x_wconf 89' lang='lat' dir='ltr'><strong>Nec</strong></span> <span class='ocrx_word' id='word_1_838' title='bbox 3116 4515 3296 4566; x_wconf 87' lang='lat' dir='ltr'><strong>lumina</strong></span> <span class='ocrx_word' id='word_1_839' title='bbox 3320 4518 3485 4568; x_wconf 79' lang='lat' dir='ltr'><strong>fervor</strong></span> 
     </span>
    </p>
   </div>
   <div class='ocr_carea' id='block_1_117' title="bbox 2324 4562 3578 4641">
    <p class='ocr_par' dir='ltr' id='par_1_117' title="bbox 2324 4562 3578 4641">
     <span class='ocr_line' id='line_1_120' title="bbox 2324 4562 3578 4641; baseline 0.019 -31"><span class='ocrx_word' id='word_1_840' title='bbox 2324 4562 2552 4626; x_wconf 82' lang='lat' dir='ltr'><strong>Asperat,</strong></span> <span class='ocrx_word' id='word_1_841' title='bbox 2568 4572 2652 4617; x_wconf 85' lang='lat' dir='ltr'><strong>aut</strong></span> <span class='ocrx_word' id='word_1_842' title='bbox 2675 4570 2867 4623; x_wconf 87' lang='lat' dir='ltr'><strong>rabidas</strong></span> <span class='ocrx_word' id='word_1_843' title='bbox 2887 4562 3385 4641; x_wconf 41' lang='lat' dir='ltr'><strong>suffunditsanguin&#39;e</strong></span> <span class='ocrx_word' id='word_1_844' title='bbox 3408 4562 3578 4634; x_wconf 45' lang='lat' dir='ltr'><strong>via-nas.</strong></span> 
     </span>
    </p>
   </div>
   <div class='ocr_carea' id='block_1_118' title="bbox 3519 4665 3703 4717">
    <p class='ocr_par' dir='ltr' id='par_1_118' title="bbox 3519 4665 3703 4717">
     <span class='ocr_line' id='line_1_121' title="bbox 3519 4665 3703 4717; baseline -0.005 0"><span class='ocrx_word' id='word_1_845' title='bbox 3519 4665 3703 4717; x_wconf 75' lang='grc' dir='ltr'><strong>Οιιειι..</strong></span> 
     </span>
    </p>
   </div>
   <div class='ocr_carea' id='block_1_119' title="bbox 2305 4732 3831 4819">
    <p class='ocr_par' dir='ltr' id='par_1_119' title="bbox 2305 4732 3831 4819">
     <span class='ocr_line' id='line_1_122' title="bbox 2305 4732 3831 4819; baseline 0.013 -32"><span class='ocrx_word' id='word_1_846' title='bbox 2305 4732 2368 4819; x_wconf 75' lang='lat' dir='ltr'><strong>Si</strong></span> <span class='ocrx_word' id='word_1_847' title='bbox 2415 4747 2621 4819; x_wconf 69' lang='lat' dir='ltr'><strong>sanctus</strong></span> <span class='ocrx_word' id='word_1_848' title='bbox 2654 4737 2965 4819; x_wconf 55' lang='lat' dir='ltr'><strong>Pompilius.</strong></span> <span class='ocrx_word' id='word_1_849' title='bbox 2995 4746 3211 4812; x_wconf 88' lang='lat' dir='ltr'><strong>Nescio,</strong></span> <span class='ocrx_word' id='word_1_850' title='bbox 3245 4750 3369 4819; x_wconf 88' lang='lat' dir='ltr'><strong>quid</strong></span> <span class='ocrx_word' id='word_1_851' title='bbox 3413 4750 3513 4804; x_wconf 86' lang='lat' dir='ltr'><strong>sibi</strong></span> <span class='ocrx_word' id='word_1_852' title='bbox 3546 4753 3717 4806; x_wconf 88' lang='lat' dir='ltr'><strong>velint</strong></span> <span class='ocrx_word' id='word_1_853' title='bbox 3755 4752 3831 4807; x_wconf 88' lang='lat' dir='ltr'><strong>le-</strong></span> 
     </span>
    </p>
   </div>
   <div class='ocr_carea' id='block_1_120' title="bbox 2230 4809 3833 4889">
    <p class='ocr_par' dir='ltr' id='par_1_120' title="bbox 2230 4809 3833 4889">
     <span class='ocr_line' id='line_1_123' title="bbox 2230 4809 3833 4889; baseline 0.014 -35"><span class='ocrx_word' id='word_1_854' title='bbox 2230 4809 2488 4889; x_wconf 51' lang='lat' dir='ltr'><strong>gentes&#39;si</strong></span> <span class='ocrx_word' id='word_1_855' title='bbox 2517 4809 2684 4889; x_wconf 72' lang='lat' dir='ltr'><strong>Ancus</strong></span> <span class='ocrx_word' id='word_1_856' title='bbox 2715 4812 3018 4883; x_wconf 82' lang='lat' dir='ltr'><strong>Pompilius.</strong></span> <span class='ocrx_word' id='word_1_857' title='bbox 3048 4809 3208 4889; x_wconf 73' lang='lat' dir='ltr'><strong>Atqui</strong></span> <span class='ocrx_word' id='word_1_858' title='bbox 3228 4809 3437 4875; x_wconf 75' lang='lat' dir='ltr'><strong>sanctus</strong></span> <span class='ocrx_word' id='word_1_859' title='bbox 3460 4832 3612 4877; x_wconf 70' lang='lat' dir='ltr'><strong>recte</strong></span> <span class='ocrx_word' id='word_1_860' title='bbox 3635 4823 3833 4877; x_wconf 87' lang='lat' dir='ltr'><strong>dicitur</strong></span> 
     </span>
    </p>
   </div>
   <div class='ocr_carea' id='block_1_121' title="bbox 2232 4872 3831 4961">
    <p class='ocr_par' dir='ltr' id='par_1_121' title="bbox 2232 4872 3831 4961">
     <span class='ocr_line' id='line_1_124' title="bbox 2232 4872 3831 4961; baseline 0.014 -36"><span class='ocrx_word' id='word_1_861' title='bbox 2232 4872 2401 4961; x_wconf 32' lang='lat' dir='ltr'><strong>lA‘lnnDt-a</strong></span> <span class='ocrx_word' id='word_1_862' title='bbox 2427 4877 2719 4961; x_wconf 60' lang='lat' dir='ltr'><strong>Pompilius</strong></span> <span class='ocrx_word' id='word_1_863' title='bbox 2748 4872 2869 4961; x_wconf 70' lang='lat' dir='ltr'><strong>curn</strong></span> <span class='ocrx_word' id='word_1_864' title='bbox 2916 4889 2985 4943; x_wconf 93' lang='lat' dir='ltr'><strong>ob</strong></span> <span class='ocrx_word' id='word_1_865' title='bbox 3017 4872 3146 4944; x_wconf 61' lang='lat' dir='ltr'><strong>vita;</strong></span> 
     </span>
    </p>
   </div>
   <div class='ocr_carea' id='block_1_122' title="bbox 2233 4947 3425 5030">
    <p class='ocr_par' dir='ltr' id='par_1_122' title="bbox 2233 4947 3425 5030">
     <span class='ocr_line' id='line_1_125' title="bbox 2233 4947 3425 5030; baseline 0.015 -32"><span class='ocrx_word' id='word_1_866' title='bbox 2233 4947 2436 5030; x_wconf 58' lang='lat' dir='ltr'><strong>credita</strong></span> <span class='ocrx_word' id='word_1_867' title='bbox 2459 4950 2600 5030; x_wconf 78' lang='lat' dir='ltr'><strong>illius</strong></span> <span class='ocrx_word' id='word_1_868' title='bbox 2627 4968 2747 5030; x_wconf 83' lang='lat' dir='ltr'><strong>cum</strong></span> <span class='ocrx_word' id='word_1_869' title='bbox 2769 4956 2872 5030; x_wconf 82' lang='lat' dir='ltr'><strong>diis</strong></span> <span class='ocrx_word' id='word_1_870' title='bbox 2902 4962 3193 5015; x_wconf 87' lang='lat' dir='ltr'><strong>consortia.</strong></span> <span class='ocrx_word' id='word_1_871' title='bbox 3220 4947 3425 5018; x_wconf 64' lang='grc' dir='ltr'><strong>Οιιέιι.</strong></span> 
     </span>
    </p>
   </div>
   <div class='ocr_carea' id='block_1_123' title="bbox 2308 5015 3832 5106">
    <p class='ocr_par' dir='ltr' id='par_1_123' title="bbox 2308 5015 3832 5106">
     <span class='ocr_line' id='line_1_126' title="bbox 2308 5015 3832 5106; baseline 0.001 -15"><span class='ocrx_word' id='word_1_872' title='bbox 2456 5022 2591 5089; x_wconf 70' lang='grc' dir='ltr'><strong>ηαοά</strong></span> <span class='ocrx_word' id='word_1_873' title='bbox 2623 5033 2669 5077; x_wconf 78' lang='grc' dir='ltr'><strong><em>ει</em></strong></span> <span class='ocrx_word' id='word_1_874' title='bbox 2698 5026 3037 5106; x_wconf 62' lang='lat' dir='ltr'><strong>Clurinocum</strong></span> <span class='ocrx_word' id='word_1_875' title='bbox 3065 5015 3250 5106; x_wconf 73' lang='lat' dir='ltr'><strong>pecore</strong></span> <span class='ocrx_word' id='word_1_876' title='bbox 3271 5015 3460 5089; x_wconf 44' lang='lat' dir='ltr'><strong>’iiel&#39;éto</strong></span> <span class='ocrx_word' id='word_1_877' title='bbox 3490 5037 3602 5106; x_wconf 87' lang='lat' dir='ltr'><strong>quis</strong></span> <span class='ocrx_word' id='word_1_878' title='bbox 3646 5048 3832 5092; x_wconf 88' lang='lat' dir='ltr'><strong>auctor</strong></span> 
     </span>
    </p>
   </div>
   <div class='ocr_carea' id='block_1_124' title="bbox 2234 5088 3827 5171">
    <p class='ocr_par' dir='ltr' id='par_1_124' title="bbox 2234 5088 3827 5171">
     <span class='ocr_line' id='line_1_127' title="bbox 2234 5088 3827 5171; baseline 0.016 -32"><span class='ocrx_word' id='word_1_879' title='bbox 2234 5088 2525 5171; x_wconf 40' lang='lat' dir='ltr'><strong>voluit-esse</strong></span> <span class='ocrx_word' id='word_1_880' title='bbox 2552 5109 2833 5171; x_wconf 66' lang='lat' dir='ltr'><strong>commtme.</strong></span> <span class='ocrx_word' id='word_1_881' title='bbox 2879 5088 3144 5171; x_wconf 63' lang='lat' dir='ltr'><strong>Optimam</strong></span> <span class='ocrx_word' id='word_1_882' title='bbox 3184 5088 3414 5161; x_wconf 13' lang='lat' dir='ltr'><strong>ltattcret</strong></span> <span class='ocrx_word' id='word_1_883' title='bbox 3440 5088 3595 5162; x_wconf 68' lang='lat' dir='ltr'><strong>iniice</strong></span> 
     </span>
    </p>
   </div>
   <div class='ocr_carea' id='block_1_125' title="bbox 2235 5159 3831 5245">
    <p class='ocr_par' dir='ltr' id='par_1_125' title="bbox 2235 5159 3831 5245">
     <span class='ocr_line' id='line_1_128' title="bbox 2235 5159 3831 5245; baseline 0.016 -38"><span class='ocrx_word' id='word_1_884' title='bbox 2235 5159 2438 5245; x_wconf 62' lang='lat' dir='ltr'><strong>codicis</strong></span> <span class='ocrx_word' id='word_1_885' title='bbox 2468 5177 2568 5245; x_wconf 77' lang='lat' dir='ltr'><strong>ms.</strong></span> <span class='ocrx_word' id='word_1_886' title='bbox 2604 5159 3011 5245; x_wconf 56' lang='lat' dir='ltr'><strong>lectiottetn,&#39;:tb</strong></span> <span class='ocrx_word' id='word_1_887' title='bbox 3061 5159 3831 5235; x_wconf 18' lang='lat' dir='ltr'><strong>lleraldonierito‘c&#39;ominen:</strong></span> 
     </span>
    </p>
   </div>
   <div class='ocr_carea' id='block_1_126' title="bbox 2235 5228 3830 5305">
    <p class='ocr_par' dir='ltr' id='par_1_126' title="bbox 2235 5228 3830 5305">
     <span class='ocr_line' id='line_1_129' title="bbox 2235 5228 3830 5305; baseline 0.014 -22"><span class='ocrx_word' id='word_1_888' title='bbox 2235 5228 2438 5296; x_wconf 87' lang='lat' dir='ltr'><strong>datam,</strong></span> <span class='ocrx_word' id='word_1_889' title='bbox 2470 5235 2672 5302; x_wconf 90' lang='lat' dir='ltr'><strong>primus</strong></span> <span class='ocrx_word' id='word_1_890' title='bbox 2700 5239 2749 5292; x_wconf 89' lang='lat' dir='ltr'><strong>in</strong></span> <span class='ocrx_word' id='word_1_891' title='bbox 2783 5228 2985 5296; x_wconf 73' lang='lat' dir='ltr'><strong>textum</strong></span> <span class='ocrx_word' id='word_1_892' title='bbox 3013 5228 3284 5301; x_wconf 84' lang='lat' dir='ltr'><strong>revocavit</strong></span> <span class='ocrx_word' id='word_1_893' title='bbox 3313 5228 3830 5305; x_wconf 28' lang='lat' dir='ltr'><strong>Salinasittsililuri—</strong></span> 
     </span>
    </p>
   </div>
   <div class='ocr_carea' id='block_1_127' title="bbox 2237 5311 3830 5393">
    <p class='ocr_par' dir='ltr' id='par_1_127' title="bbox 2237 5311 3830 5393">
     <span class='ocr_line' id='line_1_130' title="bbox 2237 5311 3830 5393; baseline 0.015 -40"><span class='ocrx_word' id='word_1_894' title='bbox 2386 5319 2539 5393; x_wconf 51' lang='lat' dir='ltr'><strong>oecus</strong></span> <span class='ocrx_word' id='word_1_895' title='bbox 2578 5311 3122 5393; x_wconf 44' lang='lat' dir='ltr'><strong>estsitniaz‘l’apias;</strong></span> <span class='ocrx_word' id='word_1_896' title='bbox 3156 5318 3311 5372; x_wconf 81' lang='lat' dir='ltr'><strong>Clara</strong></span> <span class='ocrx_word' id='word_1_897' title='bbox 3335 5320 3412 5373; x_wconf 86' lang='lat' dir='ltr'><strong>vel</strong></span> <span class='ocrx_word' id='word_1_898' title='bbox 3431 5321 3688 5374; x_wconf 84' lang='lat' dir='ltr'><strong>clurinum</strong></span> <span class='ocrx_word' id='word_1_899' title='bbox 3712 5322 3830 5393; x_wconf 81' lang='lat' dir='ltr'><strong>(pe—</strong></span> 
     </span>
    </p>
   </div>
   <div class='ocr_carea' id='block_1_128' title="bbox 2238 5372 3828 5447">
    <p class='ocr_par' dir='ltr' id='par_1_128' title="bbox 2238 5372 3828 5447">
     <span class='ocr_line' id='line_1_131' title="bbox 2238 5372 3828 5447; baseline 0.015 -23"><span class='ocrx_word' id='word_1_900' title='bbox 2238 5372 2355 5443; x_wconf 89' lang='lat' dir='ltr'><strong>cus)</strong></span> <span class='ocrx_word' id='word_1_901' title='bbox 2386 5374 2534 5447; x_wconf 82' lang='lat' dir='ltr'><strong>simia</strong></span> <span class='ocrx_word' id='word_1_902' title='bbox 2580 5377 2785 5433; x_wconf 73' lang='lat' dir='ltr'><strong>dicitur.</strong></span> <span class='ocrx_word' id='word_1_903' title='bbox 2834 5372 2992 5440; x_wconf 72' lang='lat' dir='ltr'><strong>Clara</strong></span> <span class='ocrx_word' id='word_1_904' title='bbox 3018 5389 3134 5442; x_wconf 86' lang='lat' dir='ltr'><strong>scil.</strong></span> <span class='ocrx_word' id='word_1_905' title='bbox 3178 5372 3573 5445; x_wconf 78' lang='lat' dir='ltr'><strong>contractunte</strong></span> 
     </span>
    </p>
   </div>
   <div class='ocr_carea' id='block_1_129' title="bbox 2240 5446 3829 5539">
    <p class='ocr_par' dir='ltr' id='par_1_129' title="bbox 2240 5446 3829 5539">
     <span class='ocr_line' id='line_1_132' title="bbox 2240 5446 3829 5539; baseline 0.015 -45"><span class='ocrx_word' id='word_1_906' title='bbox 2240 5446 2693 5539; x_wconf 37' lang='lat' dir='ltr'><strong>runt-aelfope,.pt</strong></span> <span class='ocrx_word' id='word_1_907' title='bbox 2719 5452 2869 5539; x_wconf 74' lang='lat' dir='ltr'><strong>glans</strong></span> <span class='ocrx_word' id='word_1_908' title='bbox 2895 5471 2959 5539; x_wconf 73' lang='lat' dir='ltr'><strong>ex</strong></span> <span class='ocrx_word' id='word_1_909' title='bbox 2976 5460 3221 5539; x_wconf 52' lang='lat' dir='ltr'><strong>quas:on</strong></span> <span class='ocrx_word' id='word_1_910' title='bbox 3233 5462 3505 5539; x_wconf 52' lang='grc' dir='ltr'><strong>βᾷλοξδρος,</strong></span> <span class='ocrx_word' id='word_1_911' title='bbox 3533 5463 3628 5539; x_wconf 82' lang='lat' dir='ltr'><strong>qui</strong></span> <span class='ocrx_word' id='word_1_912' title='bbox 3652 5465 3829 5539; x_wconf 59' lang='lat' dir='ltr'><strong>cauda</strong></span> 
     </span>
    </p>
   </div>
   <div class='ocr_carea' id='block_1_130' title="bbox 2239 5519 3829 5602">
    <p class='ocr_par' dir='ltr' id='par_1_130' title="bbox 2239 5519 3829 5602">
     <span class='ocr_line' id='line_1_133' title="bbox 2239 5519 3829 5602; baseline 0.013 -34"><span class='ocrx_word' id='word_1_913' title='bbox 2239 5526 2388 5602; x_wconf 74' lang='lat' dir='ltr'><strong>caret</strong></span> <span class='ocrx_word' id='word_1_914' title='bbox 2405 5519 2742 5602; x_wconf 47' lang='lat' dir='ltr'><strong>l&#39;cll‘ttluiiiil‘tll</strong></span> <span class='ocrx_word' id='word_1_915' title='bbox 2773 5522 2933 5602; x_wconf 65' lang='lat' dir='ltr'><strong>habet</strong></span> <span class='ocrx_word' id='word_1_916' title='bbox 2949 5519 3336 5602; x_wconf 64' lang='lat' dir='ltr'><strong>caudamNide</strong></span> <span class='ocrx_word' id='word_1_917' title='bbox 3367 5519 3534 5602; x_wconf 65' lang='lat' dir='ltr'><strong>itittip.</strong></span> <span class='ocrx_word' id='word_1_918' title='bbox 3553 5519 3630 5586; x_wconf 62' lang='lat' dir='ltr'><strong>&#39;ad</strong></span> <span class='ocrx_word' id='word_1_919' title='bbox 3652 5534 3829 5602; x_wconf 80' lang='lat' dir='ltr'><strong>Fest.,</strong></span> 
     </span>
    </p>
   </div>
   <div class='ocr_carea' id='block_1_131' title="bbox 2240 5585 3829 5673">
    <p class='ocr_par' dir='ltr' id='par_1_131' title="bbox 2240 5585 3829 5673">
     <span class='ocr_line' id='line_1_134' title="bbox 2240 5585 3829 5673; baseline 0.014 -34"><span class='ocrx_word' id='word_1_920' title='bbox 2240 5585 2409 5673; x_wconf 60' lang='lat' dir='ltr'><strong>verbo</strong></span> <span class='ocrx_word' id='word_1_921' title='bbox 2455 5585 2655 5673; x_wconf 45' lang='lat' dir='ltr'><strong>Clitum</strong></span> <span class='ocrx_word' id='word_1_922' title='bbox 2684 5590 2837 5646; x_wconf 89' lang='lat' dir='ltr'><strong>Conf.</strong></span> <span class='ocrx_word' id='word_1_923' title='bbox 2901 5596 3155 5673; x_wconf 65' lang='lat' dir='ltr'><strong>Salmas.</strong></span> <span class='ocrx_word' id='word_1_924' title='bbox 3185 5602 3250 5656; x_wconf 88' lang='lat' dir='ltr'><strong>ad</strong></span> <span class='ocrx_word' id='word_1_925' title='bbox 3307 5585 3525 5667; x_wconf 43' lang='lat' dir='ltr'><strong>Solitif,</strong></span> <span class='ocrx_word' id='word_1_926' title='bbox 3580 5585 3829 5673; x_wconf 44' lang='lat' dir='ltr'><strong>p.—§6i;</strong></span> 
     </span>
    </p>
   </div>
   <div class='ocr_carea' id='block_1_132' title="bbox 2245 5659 3832 5741">
    <p class='ocr_par' dir='ltr' id='par_1_132' title="bbox 2245 5659 3832 5741">
     <span class='ocr_line' id='line_1_135' title="bbox 2245 5659 3832 5741; baseline 0.014 -31"><span class='ocrx_word' id='word_1_927' title='bbox 2245 5659 2541 5741; x_wconf 63' lang='lat' dir='ltr'><strong>Savaroad</strong></span> <span class='ocrx_word' id='word_1_928' title='bbox 2569 5662 2777 5741; x_wconf 38' lang='lat' dir='ltr'><strong>Sidon”</strong></span> <span class='ocrx_word' id='word_1_929' title='bbox 2824 5682 2881 5741; x_wconf 75' lang='grc' dir='ltr'><strong>ρ.</strong></span> <span class='ocrx_word' id='word_1_930' title='bbox 2933 5669 2968 5722; x_wconf 72' lang='grc'>4</span> <span class='ocrx_word' id='word_1_931' title='bbox 3000 5687 3013 5734; x_wconf 91' lang='lat'><strong>;</strong></span> <span class='ocrx_word' id='word_1_932' title='bbox 3043 5682 3097 5725; x_wconf 86' lang='lat' dir='ltr'><strong>et</strong></span> <span class='ocrx_word' id='word_1_933' title='bbox 3146 5672 3389 5741; x_wconf 67' lang='lat' dir='ltr'><strong>inprimis</strong></span> <span class='ocrx_word' id='word_1_934' title='bbox 3437 5659 3832 5741; x_wconf 39' lang='lat' dir='ltr'><strong>Ke&#39;uc&#39;ltcnqad</strong></span> 
     </span>
    </p>
   </div>
   <div class='ocr_carea' id='block_1_133' title="bbox 2246 5732 3832 5816">
    <p class='ocr_par' dir='ltr' id='par_1_133' title="bbox 2246 5732 3832 5816">
     <span class='ocr_line' id='line_1_136' title="bbox 2246 5732 3832 5816; baseline 0.013 -34"><span class='ocrx_word' id='word_1_935' title='bbox 2246 5732 2540 5816; x_wconf 49' lang='lat' dir='ltr'><strong>§am‘onic..</strong></span> <span class='ocrx_word' id='word_1_936' title='bbox 2604 5732 2670 5815; x_wconf 74' lang='lat' dir='ltr'><strong>tle</strong></span> <span class='ocrx_word' id='word_1_937' title='bbox 2721 5734 2933 5816; x_wconf 73' lang='lat' dir='ltr'><strong>M_t-dic.,</strong></span> <span class='ocrx_word' id='word_1_938' title='bbox 2970 5732 3113 5816; x_wconf 76' lang='lat' dir='ltr'><strong>vers.</strong></span> <span class='ocrx_word' id='word_1_939' title='bbox 3136 5732 3265 5804; x_wconf 42' lang='lat'><strong>82-5.</strong></span> <span class='ocrx_word' id='word_1_940' title='bbox 3296 5746 3346 5816; x_wconf 89' lang='lat' dir='ltr'><strong>in</strong></span> <span class='ocrx_word' id='word_1_941' title='bbox 3374 5744 3525 5798; x_wconf 87' lang='lat' dir='ltr'><strong>Poet.</strong></span> <span class='ocrx_word' id='word_1_942' title='bbox 3556 5747 3648 5801; x_wconf 87' lang='lat' dir='ltr'><strong>lat.</strong></span> <span class='ocrx_word' id='word_1_943' title='bbox 3676 5732 3832 5816; x_wconf 86' lang='lat' dir='ltr'><strong>tnin.;</strong></span> 
     </span>
    </p>
   </div>
   <div class='ocr_carea' id='block_1_134' title="bbox 2244 5800 3836 5891">
    <p class='ocr_par' dir='ltr' id='par_1_134' title="bbox 2244 5800 3836 5891">
     <span class='ocr_line' id='line_1_137' title="bbox 2244 5800 3836 5891; baseline 0.013 -34"><span class='ocrx_word' id='word_1_944' title='bbox 2244 5800 2660 5891; x_wconf 47' lang='lat' dir='ltr'><strong>P.&#39;Blll&#39;lll:l‘l&#39;l-lli,</strong></span> <span class='ocrx_word' id='word_1_945' title='bbox 2682 5808 2801 5891; x_wconf 40' lang='lat' dir='ltr'><strong>tvo].</strong></span> <span class='ocrx_word' id='word_1_946' title='bbox 2830 5824 2886 5875; x_wconf 88' lang='lat' dir='ltr'><strong>tt,</strong></span> <span class='ocrx_word' id='word_1_947' title='bbox 3005 5813 3131 5869; x_wconf 73' lang='grc'><strong>345.</strong></span> <span class='ocrx_word' id='word_1_948' title='bbox 3162 5800 3313 5891; x_wconf 69' lang='lat' dir='ltr'><strong>Quod</strong></span> <span class='ocrx_word' id='word_1_949' title='bbox 3343 5830 3445 5870; x_wconf 91' lang='lat' dir='ltr'><strong>non</strong></span> <span class='ocrx_word' id='word_1_950' title='bbox 3481 5800 3836 5891; x_wconf 58' lang='lat' dir='ltr'><strong>intelligente;</strong></span> 
     </span>
    </p>
   </div>
   <div class='ocr_carea' id='block_1_135' title="bbox 2248 5876 3839 5965">
    <p class='ocr_par' dir='ltr' id='par_1_135' title="bbox 2248 5876 3839 5965">
     <span class='ocr_line' id='line_1_138' title="bbox 2248 5876 3839 5965; baseline 0.011 -33"><span class='ocrx_word' id='word_1_951' title='bbox 2248 5876 2453 5952; x_wconf 88' lang='lat' dir='ltr'><strong>primus</strong></span> <span class='ocrx_word' id='word_1_952' title='bbox 2482 5878 2658 5935; x_wconf 88' lang='lat' dir='ltr'><strong>editor</strong></span> <span class='ocrx_word' id='word_1_953' title='bbox 2682 5876 2903 5937; x_wconf 69' lang='lat' dir='ltr'><strong>Sabaeus</strong></span> <span class='ocrx_word' id='word_1_954' title='bbox 2924 5876 2997 5941; x_wconf 56' lang='lat' dir='ltr'><strong>&#39;et</strong></span> <span class='ocrx_word' id='word_1_955' title='bbox 3015 5876 3205 5947; x_wconf 72' lang='lat' dir='ltr'><strong>cmteri</strong></span> <span class='ocrx_word' id='word_1_956' title='bbox 3224 5901 3348 5943; x_wconf 90' lang='lat' dir='ltr'><strong>eum</strong></span> <span class='ocrx_word' id='word_1_957' title='bbox 3380 5887 3580 5958; x_wconf 80' lang='lat' dir='ltr'><strong>secuti,</strong></span> <span class='ocrx_word' id='word_1_958' title='bbox 3611 5876 3839 5965; x_wconf 47' lang='lat' dir='ltr'><strong>ei’cepto</strong></span> 
     </span>
    </p>
   </div>
  </div>
