3986 6312
120 318 213 375 961

1466 315 1673 380 LIBER
1688 319 2025 395 “TERTIUS.

3303 317 3411 377 962

182 436 337 492 XVII.
383 435 488 493 Sed
519 434 565 491 si
594 435 764 505 vobis,
800 437 1066 510 inquiunt,
1096 446 1280 494 nostra
1309 439 1549 510 opinatio
1579 442 1692 496 dis-
1719 443 1770 502 Α
1799 438 2034 507 irrepere
2077 451 2180 492 vox
2236 435 2406 506 possit
2456 447 2673 490 sensum
2715 433 3035 491 nunciatura
3089 435 3359 492 sermonis
3391 453 3406 490 :

115 533 285 604 plicet,
332 547 428 587 vos
477 531 868 599 demonstrate,
921 548 1018 587 vos
1066 533 1251 596 dicite,
1286 548 1388 603 qua
1441 535 1512 587 sit
1558 534 1700 590 Deus

116 625 360 695 prmditus
407 624 597 680 forma.
630 623 687 680 Si
721 639 899 680 veram
930 625 1094 679 vultis
1136 625 1323 680 audire
1353 626 1697 694 sententiam,

113 728 201 772 aut
241 718 436 773 nullam
481 717 641 773 habet
693 717 834 772 Deus
876 717 1103 772 formam
1152 728 1246 772 aut
1293 718 1337 772 si
1381 719 1700 774 informatus

113 820 195 868 est
222 812 411 882 aliqua,
445 825 508 866 ea
559 825 679 880 quae
732 810 821 872 sit.
873 809 1117 880 profecto
1169 811 1460 866 nescimus.
1517 810 1701 881 Neque

111 904 249 962 cnim
278 904 418 976 quod
449 904 679 959 vidimus
713 920 1026 975 numquam,
1061 905 1268 962 nescire
1306 921 1427 962 esse
1453 907 1700 962 ducimus

112 1007 261 1067 turpe
293 1015 305 1052 :
335 1006 428 1052 aut
455 1012 519 1052 ea
562 1012 622 1052 re
650 996 1000 1066 prohibemur
1029 997 1257 1053 aliorum
1291 1000 1587 1055 sententias
1615 1016 1699 1056 re-

111 1088 298 1155 futare,
330 1092 451 1158 quia
489 1103 652 1159 super
681 1089 782 1143 hoc
809 1100 1047 1144 nostram
1081 1093 1280 1146 nullam
1327 1093 1427 1163 ipsi
1481 1104 1700 1150 senten-

112 1179 234 1236 tiam
259 1182 576 1252 promimus.
613 1180 678 1236 Ut
701 1181 842 1236 enim
878 1183 920 1236 si
954 1182 1288 1240 vitreusesse
1310 1185 1519 1240 dicatur
1543 1204 1699 1242 mun-

109 1274 228 1342 dus,
258 1278 299 1329 si
329 1287 638 1346 argenteus,
673 1274 884 1331 ferreus
911 1277 994 1331 vel
1030 1292 1095 1331 ex
1129 1277 1302 1348 fragili
1343 1279 1699 1349 conglobatus

108 1379 165 1424 et
199 1368 484 1424 fabricatus
521 1380 676 1432 testa,
711 1384 816 1422 non
848 1368 1156 1424 dubitemus
1197 1371 1384 1425 falsum
1414 1387 1536 1427 esse
1570 1387 1701 1427 con—

106 1460 350 1527 tendere,
369 1461 610 1532 quamvis
629 1476 747 1529 qua:
778 1461 847 1516 sit
872 1463 990 1532 ejus
1017 1463 1240 1518 materia
1265 1464 1600 1519 nesciamus:
1627 1465 1698 1520 ita

105 1568 227 1610 cmn
254 1554 319 1611 de
344 1556 522 1624 specie
543 1563 732 1625 agatur
759 1555 876 1620 Dei,
904 1571 1064 1626 quam
1095 1557 1388 1626 perhibetis
1415 1567 1440 1595 ει
1471 1560 1699 1613 convin-

103 1647 273 1702 cimus
289 1662 394 1702 non
415 1663 557 1712 esse,
582 1648 744 1702 etiam
767 1649 812 1702 si
837 1663 958 1717 quae
975 1650 1068 1717 sit,
1092 1650 1269 1706 minus
1293 1665 1582 1721 possumus
1605 1667 1699 1706 ex-

106 1739 321 1810 plicare.

1801 539 1894 584 aut
1915 531 1959 584 si
1992 530 2151 584 verba
2180 544 2276 584 ore
2305 527 2620 594 funduntur,
2654 527 2794 583 labia
2821 527 3022 584 habere
3061 542 3186 583 cum
3229 527 3412 584 denti-

1801 627 1922 690 bus.
1956 643 2185 697 quorum
2236 627 2442 681 inﬂictu
2470 633 2524 681 et
2568 623 2868 680 mobilitate
2899 624 3180 694 multiiuga
3224 624 3410 695 lingua

1805 733 1971 775 sonos
1996 719 2250 774 articulet
2270 759 2285 784 ,
2324 726 2381 774 et
2401 733 2589 773 vocem
2620 717 2674 770 in
2706 716 2871 773 verba
2901 715 3227 772 conformet.
3382 786 3386 790 ι

1872 810 2015 865 XIX.
2037 812 2092 866 Si
2122 812 2292 868 nostri
2318 810 2487 865 animi
2514 817 2725 865 motum
2756 824 2865 866 non
2896 809 3160 865 recusatis
3189 807 3400 880 audire,

1804 909 2009 956 tantum
2040 903 2195 958 abest
2234 912 2294 958 ut
2327 917 2427 958 nos
2455 903 2570 958 Deo
2593 901 2898 972 corporalia
2943 901 3260 957 liniamenta
3305 902 3405 957 tri-

1801 993 2053 1062 buamus,
2073 1006 2130 1050 ut
2157 995 2464 1050 animorum
2493 995 2658 1050 etiam
2688 993 2890 1050 decora
2910 1034 2926 1060 ,
2957 993 3209 1066 ipsasque
3234 994 3404 1050 virtu-

1803 1097 1924 1158 tes,
1992 1089 2190 1160 quibus
2236 1090 2480 1146 eminere
2532 1090 2618 1144 vix
2669 1104 2990 1145 concessum
3043 1097 3129 1145 est
3176 1088 3398 1160 paucis,

1803 1191 1965 1238 tantm
1989 1184 2066 1238 rei
2091 1199 2380 1240 vereamur
2400 1181 2733 1239 a‘dscribere.
2757 1182 2887 1250 Quis
2907 1183 3048 1238 enim
3070 1183 3237 1239 Deum
3258 1182 3406 1239 dixe-

1799 1275 1872 1329 rit
1901 1275 2116 1341 fortem,
2143 1287 2515 1341 constantem,
2549 1277 2706 1346 frugi,
2740 1275 3084 1345 sapientem?
3113 1275 3233 1344 quis
3280 1289 3408 1345 pro-

1801 1366 1968 1421 bttm?
1995 1369 2117 1438 quis
2140 1368 2424 1423 sobrium?
2455 1369 2575 1438 quis
2603 1369 2771 1421 immo
2812 1367 3019 1437 aliquid
3054 1365 3252 1422 nosse?
3281 1367 3402 1438 quis

1803 1458 2145 1529 intelligere?
2171 1459 2293 1528 quis
2330 1457 2655 1529 providere?
2677 1459 2798 1529 quis
2825 1457 2894 1512 ad
2927 1457 3063 1512 fines
3103 1457 3405 1512 officiorum

1801 1565 1978 1612 certos
1999 1557 2270 1612 actionum
2293 1572 2512 1611 suarum
2535 1556 2750 1612 decreta
2774 1554 3134 1626 dirigentem?
3163 1555 3404 1612 Humana

1800 1659 1926 1702 sunt
1956 1647 2071 1704 haec
2097 1649 2262 1716 bona,
2295 1659 2350 1705 et
2376 1664 2440 1704 ex
2463 1648 2805 1718 oppOsitione
2831 1648 3087 1704 vitiorum
3120 1648 3406 1705 existima-

1805 1743 2006 1822 tionem
2052 1751 2370 1798 meruerunt
2400 1743 2602 1798 habere
2642 1742 2988 1798 laudabilem.
3015 1742 3148 1811 Quis
3177 1752 3260 1798 est
3304 1759 3406 1798 au-

175 1829 357 1885 XVIII.
381 1831 522 1900 Quid
542 1847 702 1904 ergo,
728 1833 932 1904 inquiet
951 1834 1144 1904 aliquis
1164 1874 1178 1898 ,
1212 1849 1317 1889 non
1346 1834 1496 1889 audit
1517 1834 1696 1890 Deus?
1727 1843 1774 1903 Β
1803 1845 1906 1892 tem
1932 1847 2038 1892 tam
2068 1838 2244 1893 obtusi
2276 1838 2528 1907 pectoris,
2565 1845 2671 1892 tam
2700 1837 2865 1900 bruti,
2896 1838 2986 1907 qui
3031 1837 3280 1892 humanis
3309 1838 3406 1894 bo-

107 1942 214 1982 non
239 1926 509 1997 loquitur?
539 1943 644 1982 non
675 1938 801 1983 ante
830 1944 888 1983 se
916 1929 1117 1999 positas
1153 1943 1243 1984 res
1266 1928 1442 1984 videt?
1477 1945 1583 1984 non
1614 1930 1694 1984 in-

105 2018 317 2073 tuetur?
343 2019 452 2075 Suo
478 2017 698 2074 forsitan
727 2035 954 2090 genere,
981 2037 1084 2076 non
1115 2031 1318 2076 nostro.
1339 2020 1524 2092 Neque
1550 2024 1693 2077 enim

103 2109 216 2164 veri
238 2109 432 2181 aliquid
463 2113 603 2168 scire
620 2121 764 2167 tanta
795 2114 846 2167 in
879 2128 938 2168 re
976 2129 1280 2186 ppssumus,
1305 2126 1396 2169 aut
1433 2117 1696 2185 suspicio-

102 2203 258 2258 nibus
281 2204 533 2275 indagare
561 2223 573 2259 :
602 2221 736 2276 quas
763 2219 884 2260 esse
927 2206 1066 2275 apud
1097 2221 1196 2261 nos
1219 2203 1247 2243 ι’
1276 2205 1444 2275 liquet
1472 2207 1695 2262 instabi-

102 2297 202 2361 les,
230 2297 481 2364 lubricas,
513 2305 569 2352 et
609 2313 868 2352 vanorum
915 2297 1292 2352 similitudines
1337 2299 1690 2354 somniorum.

102 2387 161 2444 Si
191 2388 328 2442 enim
357 2389 650 2443 dixerimus
694 2389 885 2444 iisdem
917 2389 1213 2444 rationibus
1245 2389 1451 2458 videre,
1501 2391 1696 2460 quibus

97 2491 157 2539 et
185 2499 282 2538 nos
309 2483 554 2538 videmus
587 2502 599 2537 :
627 2483 868 2554 sequitur
895 2494 952 2538 ut
997 2483 1220 2553 intelligi
1262 2484 1457 2539 debeat
1506 2499 1698 2554 super-

95 2577 268 2648 jectas
298 2577 493 2648 pupilis
519 2594 642 2634 eum
681 2577 878 2632 habere
905 2578 1301 2633 membranulas
1327 2620 1341 2646 ,
1370 2579 1660 2633 connivere
1679 2619 1695 2646 ,

99 2671 303 2726 nictare
325 2711 341 2735 ,
371 2671 553 2738 radiis,
576 2681 668 2726 aut
697 2671 1015 2742 imaginibus
1031 2687 1271 2734 cernere.
1295 2681 1385 2726 aut
1405 2672 1547 2742 quod
1571 2687 1700 2726 ocu-

99 2764 169 2819 lis
195 2779 481 2819 commune
501 2773 586 2818 est
612 2765 880 2826 omnibus,
906 2764 1021 2818 sine
1058 2764 1279 2819 alterius
1302 2764 1517 2818 Imninis
1547 2779 1698 2820 com-

98 2857 359 2913 mixtiOne
404 2857 532 2911 nihil
555 2857 773 2912 omnino
795 2859 1130 2926 conSpicerc.
1157 2857 1309 2924 Quod
1342 2857 1514 2927 ipsum
1543 2857 1696 2912 sitni-

97 2954 226 3010 liter
277 2953 345 3009 de
383 2953 589 3020 auditu,
623 2969 684 3008 ac
733 2953 800 3007 de
843 2953 1042 3022 eloquii
1089 2953 1280 3016 forma,
1308 2961 1362 3007 et
1410 2952 1696 3007 verborum

101 3047 401 3119 prolatione
431 3046 714 3102 diccndmn
761 3055 862 3102 est.
910 3046 965 3101 Si
1015 3061 1110 3115 per
1152 3061 1311 3102 aures
1356 3047 1572 3112 audiat,
1605 3063 1698 3109 cas

1803 1931 1887 1984 nis
1919 1931 2086 1986 Deum
2116 1945 2238 1987 esse
2263 1931 2406 1985 dicat
2431 1931 2726 2000 magnum?
2751 1939 2845 1984 aut
2873 1929 2997 1985 ideo
3033 1931 3268 1986 nominis
3294 1947 3409 1986 ma-

1797 2021 1992 2093 jestate
2046 2015 2377 2093 praecellere,
2420 2021 2563 2091 quod
2596 2021 2848 2076 vitiorum
2877 2032 3064 2077 careat
3116 2021 3397 2079 foeditate?

1803 2113 2072 2184 Quidquid
2102 2114 2168 2170 de
2201 2115 2309 2169 Deo
2334 2114 2540 2169 dixeris
2559 2154 2575 2180 ,
2599 2113 2861 2185 quidquid
2891 2115 3066 2169 tacitae
3093 2116 3289 2171 mentis
3315 2130 3408 2172 co-

1803 2205 2064 2275 gitatione
2082 2206 2419 2278 conceperis,
2453 2207 2503 2260 in
2529 2205 2821 2260 humanum
2846 2206 3080 2261 transilit
3101 2218 3154 2262 et
3174 2222 3411 2264 corrum-

1805 2297 1946 2366 pitur
1972 2313 2186 2352 sensum
2223 2316 2235 2351 :
2265 2313 2364 2352 nec
2390 2297 2553 2352 habet
2583 2297 2813 2367 propri:e
2857 2297 3264 2368 significationis
3307 2317 3409 2356 no-

1805 2397 1934 2457 tam,
1964 2392 2106 2462 quod
2139 2393 2339 2447 nostris
2383 2391 2577 2446 dicitur
2623 2391 2803 2446 verbis
2827 2430 2843 2455 ,
2873 2399 3034 2461 atque
3066 2391 3134 2446 ad
3186 2393 3407 2463 negocia

1803 2482 2037 2540 humana
2063 2484 2393 2555 compOsitis.
2428 2483 2576 2539 Unus
2615 2493 2700 2539 est
2726 2483 2960 2539 hominis
2987 2484 3291 2540 intellectus
3340 2485 3409 2542 de

1810 2581 1899 2634 Dei
1945 2565 2134 2634 natura
2183 2580 2539 2645 certissimus,
2572 2579 2616 2633 si
2647 2579 2810 2644 scias,
2838 2587 2894 2635 et
2941 2577 3143 2635 sentias
3171 2577 3305 2634 nihil
3344 2579 3410 2637 de

1806 2674 1899 2728 illo
1927 2687 2083 2742 posse
2113 2674 2324 2728 mortali
2348 2673 2591 2727 oratione
2616 2671 2882 2742 depromi.
3319 2691 3322 2694 ί

1877 2767 1996 2821 XX.
2031 2767 2095 2820 Et
2126 2765 2241 2821 haec
2269 2780 2396 2821 vero
2435 2766 2605 2834 prima
2654 2773 2739 2820 est
2777 2773 3077 2819 vestrorum
3127 2764 3408 2820 numinum

1807 2861 2156 2925 contumelia,
2186 2875 2344 2932 quam
2373 2860 2441 2914 de
2468 2859 2678 2924 formis,
2708 2872 2763 2915 et
2792 2859 3012 2915 sentibus
3042 2859 3167 2916 boni
3199 2861 3411 2917 scilicet

1807 2955 2069 3022 vindices,
2092 2965 2147 3010 et
2169 2955 2402 3026 religiosi
2431 2953 2785 3010 constituistis
2805 2963 3075 3009 auctores.
3099 2951 3234 3009 Illud
3260 2969 3409 3022 vero,

1806 3051 1948 3121 quod
1977 3049 2239 3120 sequitur,
2272 3047 2433 3116 quale
2471 3055 2578 3114 est,
2609 3045 2752 3117 quod
2794 3045 2928 3100 deos
2955 3045 3110 3101 vobis
3155 3046 3412 3103 inducitis

95 3156 314 3212 quoque
359 3140 559 3197 habere
606 3140 859 3197 flexuosis
891 3141 1192 3198 tramitibus
1220 3141 1517 3213 perforatas
1540 3184 1557 3210 ,
1590 3158 1693 3213 qua
1723 3135 1769 3198 C
1800 3145 1935 3199 alios
1986 3144 2164 3199 fabros
2185 3184 2201 3212 ,
2232 3142 2368 3198 alios
2397 3140 2660 3208 medicos,
2690 3139 2827 3195 alios
2854 3137 3087 3195 lanarios
3107 3179 3124 3208 ,
3176 3147 3405 3210 nautas,

1300 3257 1688 3316 LECTIONLS
1727 3260 2144 3318 VARIANTES.

163 3379 194 3407 α
226 3375 494 3429 Perbibitis
515 3375 632 3428 Sab.
659 3371 806 3426 male.

1859 3376 1888 3416 b
1913 3375 2014 3427 Vos
2038 3370 2183 3426 Fulv.

1463 3485 2028 3543 COMMENTARIUS.

93 3609 391 3674 Salmasio,
447 3606 733 3662 ediderunt
777 3604 999 3676 veterino
1022 3619 1139 3676 cum
1181 3602 1692 3676 pecore,_pessime.

93 3684 236 3739 Nam
267 3673 544 3735 veterinum
575 3695 746 3747 pecus.
791 3687 849 3729 ιιι
875 3673 1114 3747 pluribus
1141 3675 1375 3731 ostendit
1403 3673 1699 3747 Lambinus

94 3755 168 3809 ad
226 3753 467 3816 Lucret.,
497 3752 531 3804 Ι.
559 3746 610 3814 v,
646 3764 786 3804 vers.
820 3747 947 3808 86⁸5,
984 3764 1035 3816 p.
1067 3746 1195 3812 675,
1238 3747 1488 3801 dicuntur
1519 3746 1700 3799 omnia

93 3824 378 3886 animalia,
435 3837 554 3892 mite
605 3821 804 3875 vehere
849 3818 996 3892 quid
1028 3825 1284 3892 possunt,
1318 3819 1522 3892 boves,
1553 3816 1698 3892 equi,

93 3898 257 3960 muli,
281 3888 603 3957 asitti.'etc.,
624 3906 852 3962 quorum
889 3889 1173 3962 nullahaut
1200 3888 1419 3962 minima
1449 3905 1568 3942 cum
1603 3888 1701 3940 ho-

92 3971 255 4024 mine
283 3965 581 4021 similitudo
601 3960 702 4018 est.
737 3964 1001 4016 (Steterunt
1046 3960 1138 4014 ille
1165 3961 1332 4014 nescio
1359 3961 1470 4028 quis
1497 3969 1700 4022 auctor,

89 4049 163 4094 ut
191 4039 350 4093 docet
379 4035 660 4096 Nonrrius,
693 4033 903 4088 Ennius
946 4041 1048 4096 est,
1077 4031 1232 4101 cujus
1278 4043 1437 4085 noms
1460 4045 1646 4085 versus
1673 4043 1705 4084 e

93 4110 370 4166 Cicerone
393 4108 462 4162 dc
485 4107 602 4160 Nat.
633 4105 786 4161 deor.
820 4121 856 4170 I,
891 4119 938 4158 c.
969 4105 1058 4157 55.

197 4222 355 4272 Simia
376 4233 520 4284 quam
543 4217 733 4278 similis,
760 4217 1036 4280 turpissima
1058 4216 1234 4278 bestia,
1264 4216 1423 4264 nobis.

94 4328 217 4385 Nec
234 4324 536 4380 audiendus
554 4323 714 4376 etiam
736 4320 994 4376 Meursius
1016 4321 1067 4375 in
1090 4321 1398 4388 Appendice
1419 4317 1704 4389 legendum

95 4398 396 4469 suspicans
420 4396 627 4450 clunino
648 4410 764 4469 cum
786 4409 983 4461 pecore.
1007 4392 1165 4447 Conf‘.
1186 4393 1388 4448 Savaro
1405 4391 1472 4446 ad
1494 4391 1703 4457 Sidon.,

97 4467 277 4528 lihfl.
309 4470 467 4538 epist.
493 4483 530 4528 ι,
567 4483 618 4536 p.
650 4467 703 4520 4.
735 4467 935 4538 Οιιειι..

1804 3601 2039 3668 spiciens
2069 3598 2291 3654 forsitan
2319 3596 2386 3652 ad
2424 3596 2584 3654 verba
2605 3595 2694 3652 illa
2709 3595 2982 3668 Martialis,
3009 3593 3101 3668 lib.
3127 3611 3201 3663 vt,
3227 3592 3436 3666 Epigr.—

1805 3666 1876 3727 49
1913 3689 1925 3726 :
1959 3669 2188 3740 Priapus
2215 3671 2278 3724 de
2306 3671 2484 3740 fragili
2509 3669 2713 3723 dolatus
2742 3669 2905 3740 ulmo.
2932 3666 3039 3722 Sed
3083 3667 3242 3740 longe
3271 3684 3412 3740 pra:-

1807 3742 1925 3797 fero
1975 3727 2260 3796 lectionem
2304 3727 2509 3796 codicis
2550 3739 3075 3809 conglobatnstqute
3117 3727 3416 3794 adstruitur

1809 3815 1971 3868 etiam
2005 3813 2125 3866 loco
2152 3813 2309 3883 plane
2339 3811 2503 3866 simili
2553 3808 2857 3874 Ciceronis,
2907 3808 2976 3863 de
3006 3808 3194 3863 Natur.
3227 3809 3410 3883 deor.,

1811 3884 1850 3937 l.
1876 3900 1934 3946 ιι,
1957 3899 2004 3938 c.
2034 3881 2230 3938 59:}1c
2253 3883 2507 3950 principio
2532 3891 2670 3935 terra
2700 3882 2937 3934 universa
2959 3891 3220 3945 cernatur,
3245 3881 3414 3934 locata

1811 3957 1864 4008 in
1893 3956 2060 4007 media
2084 3953 2261 4006 mundi
2286 3954 2425 4017 sede,
2449 3951 2618 4022 solida
2653 3963 2698 4005 et
2719 3953 2949 4022 globosa,
2979 3961 3026 4004 et
3056 3951 3284 4022 undique
3301 3953 3416 4022 ipsa

1811 4028 1864 4080 in
1891 4042 2000 4079 sese
2030 4025 2234 4078 nutibus
2273 4024 2380 4078 suis
2408 4020 2735 4093 conglobata,
2763 4025 2940 4076 vestita
2966 4023 3200 4090 floribus.
3237 4020 3415 4078 Cirte-

1812 4113 1929 4152 rum
1969 4109 2358 4165 praeceptorem
2405 4109 2562 4149 suum
2593 4095 2890 4148 Arnobium
2926 4093 3163 4148 imitatus
3193 4105 3277 4148 est
3306 4093 3414 4148 La-

1812 4163 2064 4232 ctantius,
2098 4163 2165 4221 de
2203 4163 2346 4232 Opif.
2400 4165 2514 4226 Dei,
2553 4179 2602 4219 c.
2641 4165 2727 4226 17,
2758 4165 2785 4236 §
2830 4165 2863 4218 9
2897 4165 3014 4219 :An
3056 4166 3100 4218 si
3145 4165 3270 4237 nti/tt
3299 4165 3412 4237 quis

1813 4239 2023 4304 dixerit,
2048 4254 2247 4291 anteum
2291 4254 2398 4290 esse
2425 4237 2630 4303 ctelum,
2680 4234 2779 4290 aut'
2807 4237 3042 4299 vitreum,
3070 4245 3124 4287 ut
3155 4234 3414 4307 Empedo-

1813 4311 1916 4365 cles
1947 4312 2039 4374 ait,
2071 4325 2238 4363 aerem
2261 4309 2560 4379 glaciatunt,
2592 4308 2830 4363 statimne
2854 4307 3136 4379 adsentiar,
3149 4307 3282 4379 quia
3311 4323 3415 4360 ca:-

1812 4383 1938 4449 lunt,
1990 4397 2052 4435 ex
2094 4398 2193 4452 qua
2242 4376 2457 4434 materia
2497 4380 2576 4452 fit,
2631 4377 2898 4448 ignorem?
2939 4377 3026 4432 ubi
3074 4376 3198 4431 vide
3228 4377 3412 4433 Bunc-

1816 4469 2026 4509 mann..
2060 4450 2112 4521 νζ
2151 4452 2308 4516 1Ξο7,
2341 4466 2459 4520 seq.
2487 4450 2691 4506 OnsLL.

178 4505 962 4596 Ξιὶἰιῖξῖῗῥἰ-ὥὶίῖιέηὗι’ἱοῗ”ῖίε
1012 4535 1284 4591 Gelenius.
1339 4534 1518 4590 Editio
1561 4505 2785 4604 μνία-Βξόιγιιιςτ-έιιῂςτίεὲείιερομυιίις
2813 4515 3200 4604 Ιιιιμιτξεεξεςιί
3231 4516 3406 4604 Lites!-

98 4630 239 4682 ceps
266 4613 614 4682 prohibemus,
640 4610 802 4682 male.
824 4608 1028 4663 ORELL.

191 4675 286 4737 Vel
313 4699 379 4737 ea:
400 4681 574 4752 fragili
592 4679 930 4752 conglobatus
975 4689 1028 4752 et
1065 4679 1347 4752 fabricatus
1375 4687 1520 4752 testa.
1551 4675 1628 4752 Ita
1655 4675 1706 4730 in

96 4757 233 4812 cod.
274 4749 524 4822 msﬁlegi
571 4751 728 4806 docet
760 4750 1120 4814 Stcwcchins,
1171 4758 1224 4802 et
1253 4749 1546 4822 salmasius
1567 4750 1710 4822 hanc

95 4829 406 4883 lectionem
434 4819 638 4893 primus
661 4825 711 4876 in
744 4832 945 4877 textum
977 4824 1266 4893 revocavit.
1293 4819 1704 4893 llecte,opino_r.

96 4899 248 4954 Nam
283 4888 614 4966 conglobatus
637 4895 810 4966 fragili
846 4902 996 4946 testm
1019 4892 1187 4966 multo
1211 4890 1402 4966 melius
1432 4888 1705 4966 convenit,

96 4985 276 5040 quam
313 4959 810 5040 condolatuqutiod
841 4981 871 5019 e
901 4963 1241 5040 correctione
1267 4959 1712 5040 Geleniimltahent

97 5029 300 5097 ἐπειθνί
331 5038 588 5092 editores.
619 5029 802 5106 Neque
846 5036 987 5092 enim
1037 5032 1238 5106 fragilis
1270 5041 1404 5106 testa
1435 5029 1711 5106 effingitur

97 5109 417 5172 dolamine,
451 5111 544 5164 sed
577 5125 606 5162 c
639 5103 783 5162 molli
843 5115 986 5162 creta
1016 5105 1098 5159 vel
1133 5105 1243 5158 luto
1276 5103 1561 5156 fabrefacta
1596 5113 1709 5154 tor-

94 5192 293 5246 retur,
327 5179 524 5235 deinde
567 5178 782 5234 fornace
809 5178 1080 5248 coquitur.
1114 5175 1284 5229 Porro
1339 5173 1710 5248 maxitn‘oriere

90 5242 331 5310 dubito.
365 5268 431 5306 ait
479 5252 646 5306 latine
675 5251 779 5304 diri
825 5242 992 5318 possit
1027 5249 1382 5318 compositum
1411 5242 1710 5318 condolare,

93 5325 260 5394 quod
292 5325 513 5377 verbum
561 5321 757 5377 frustra
801 5315 1020 5394 qnmsivi
1057 5321 1107 5372 in
1148 5317 1373 5394 Lexicis.
1400 5315 1542 5394 Nam
1598 5330 1712 5394 cunt

93 5385 192 5451 vel
225 5411 326 5448 con
355 5394 408 5447 in
439 5394 616 5447 verbis
661 5385 974 5458 compositis
998 5391 1332 5460 junctionem
1362 5387 1594 5460 aliquam
1625 5385 1710 5460 vel

89 5468 461 5537 additionem
476 5466 572 5537 vel
599 5457 1048 5537 compositionem
1073 5459 1398 5537 subindicat.
1429 5457 1586 5537 Atqui
1617 5457 1712 5537 do-

88 5540 319 5593 lamine
355 5536 485 5608 nihil
501 5528 757 5608 additur,
776 5534 1137 5608 seddemitnr
1168 5532 1344 5608 potius
1373 5529 1468 5608 vel
1496 5528 1711 5608 abscin-

85 5610 261 5664 ditur
308 5607 512 5676 aliquid
547 5609 709 5676 ligno,
749 5605 910 5676 lapidi
961 5612 1053 5658 aut
1093 5597 1712 5676 metallo._Fulv.__Ursi-

83 5696 205 5736 nus
249 5671 438 5748 itaque
476 5671 1001 5749 legeiidtintctitijicit
1042 5674 1164 5749 :_Ea:
1211 5672 1386 5749 fragili
1416 5671 1636 5749 coalitus
1666 5679 1713 5723 et

81 5741 400 5821 fabricatus
425 5741 571 5812 testa,
597 5759 856 5819 sequente
882 5741 1313 5821 ElttietilitirstioI
1333 5741 1672 5798 Stewechius
1697 5758 1710 5794 :

73 5817 183 5886 Ea:
233 5821 421 5895 fragili
464 5821 601 5892 ligno
641 5817 845 5876 dolatus
872 5835 958 5874 seu
1000 5817 1276 5888 fabricatus
1305 5831 1412 5871 esse
1442 5821 1591 5880 testa,
1625 5827 1713 5868 re-

1812 4597 1933 4652 Bat.
2001 4595 2104 4650 Alii
2172 4587 2402 4665 pupillis.
2455 4587 2567 4665 Sed"
2616 4590 2839 4665 pupula
2887 4596 2977 4665 est
3002 4587 3208 4665 forma
3272 4588 3412 4641 anti-

1811 4670 1969 4738 quior
1991 4679 2038 4723 et
2068 4655 2411 4738 Luc're'tiana,
2436 4655 2625 4729 quales
2644 4655 3105 4738 aniatArnobius.
3131 4655 3335 4738 paean.

1887 4738 2169 4807 Multijuga
2207 4735 2385 4804 lingua
2422 4730 2865 4808 sonosuarticulet.
2899 4730 3063 4798 Magis
3095 4729 3268 4796 placet
3291 4730 3412 4808 Stc-

1812 4809 2006 4864 wechii
2055 4801 2742 4874 conjecturatMultiiugos
2789 4801 2966 4872 lingua
3013 4815 3166 4854 sonos
3211 4801 3412 4853 articu-

1811 4883 1878 4935 let
1908 4878 2128 4934 .OnELL.

1883 4949 2026 5004 XIX.
2080 4946 2461 5013 —--Quis......
2519 4943 2820 5014 dirigentem
2848 4943 2874 4996 ?
2917 4941 2994 4998 Ita
3043 4941 3166 4998 cod.
3213 4955 3317 4996 ms.
3357 4951 3413 4998 et

1812 5022 1900 5078 ed.
1949 5021 2121 5091 Lugd.
2161 5019 2278 5091 Bat.
2310 5017 2410 5074 Alii
2456 5015 2662 5091 malunt
2707 5015 2957 5091 dirigere,
2984 5019 3161 5091 _quia_
3181 5028 3412 5091 praeces-

1813 5093 1984 5149 serint
2012 5083 2258 5146 infinitivi
2286 5105 2454 5154 nosse,
2484 5087 2783 5158 intelligere,
2812 5083 3098 5158 providere.
3127 5083 3236 5140 Sed
3263 5083 3407 5158 ejus-

1813 5164 1958 5219 modi
2007 5160 2333 5216 anacolutha
2374 5155 2677 5230 frequentia
2722 5155 2864 5229 apud
2912 5160 3145 5230 optimos
3172 5155 3409 5226 scripto-

1772 5240 1780 5250 '
1815 5250 1922 5291 res.
1956 5235 2158 5289 OBELL.

1888 5302 2576 5377 Nominis_majestate._Alii
2608 5301 2851 5377 numinis.
2967 5372 2979 5377 _
3054 5368 3106 5377 η
3223 5341 3294 5377 ﬂ.

1885 5377 2005 5432 XX.
2032 5407 2102 5416 —
2128 5366 2402 5431 Latiarios.
2421 5373 2615 5430 Annon
2644 5373 2928 5442 legendum
2959 5368 3192 5442 laniﬁcae
3219 5369 3245 5422 ξ)
3272 5366 3407 5425 Nam

1813 5449 2037 5504 deorum
2087 5449 2430 5511 lanariornm,
2467 5446 2516 5499 id
2546 5455 2628 5499 est
2657 5440 2747 5512 qui
2779 5443 2952 5497 lanam
2985 5440 3237 5496 sordibus
3280 5456 3410 5512 pur:

1813 5519 2104 5592 gant§(vid.
2140 5518 2478 5592 snpra,ad_l.
2505 5533 2560 5582 ιι,
2607 5511 2810 5583 οῘ58),
2838 5512 3005 5592 “nulla
3050 5512 3274 5592 mentio,
3311 5511 3409 5566 sed

1815 5581 2174 5646 latiificorum.
2207 5581 2282 5644 Ita
2312 5581 2554 5654 lanificio
2579 5581 2800 5654 sorores,
2835 5583 3040 5638 Pareat.
3073 5583 3180 5637 Sed
3207 5581 3407 5638 fortas-

1815 5665 1890 5716 sis
1921 5663 1972 5718 in
2008 5663 2203 5718 talibus
2229 5653 2660 5716 distinctionibus
2691 5653 2874 5711 minus
2917 5662 3208 5711 accuratus
3231 5655 3408 5710 Arno-

1813 5734 1953 5791 bius.
1984 5735 2188 5789 Οιιειι..

1893 5803 2116 5862 Nautas.
2146 5803 2310 5875 Nugae
2336 5803 2348 5858 !
2382 5798 2464 5857 Dii
2507 5797 2641 5855 nulli
2685 5803 2867 5855 nauta:
2891 5815 2906 5855 :
2930 5811 3104 5872 neque
3132 5797 3274 5855 enim
3302 5795 3409 5858 Nc-
