3986 6302
174 387 288 445 Ὸ75

1561 381 1768 441 LIBER
1806 380 2124 443 TERTIUS.

3377 388 3484 449 97‘

180 503 274 558 illa
322 517 442 574 quae
486 501 817 560 constituitis
857 504 1102 572 numina,
1133 500 1513 558 taciturnitatis
1564 503 1781 558 silentio
1808 509 1862 572 Α
1887 500 2005 566 bus,
2058 499 2525 556 commorientium
2566 499 2793 557 fratrum
2840 501 3109 571 parricida
3141 517 3297 569 nece,
3329 515 3384 562 et
3410 507 3480 564 ad

180 595 601 667 przeteribimus.
631 595 853 651 Martem
884 596 1059 666 ipsum
1103 610 1367 666 ponemus
1399 595 1452 649 in
1495 594 1695 662 medio,
1726 604 1782 650 et

178 689 480 759 Speciosam
501 688 648 743 illam
665 686 989 759 Cupidinum
1021 695 1249 744 matrem
1279 705 1293 742 :
1320 687 1597 758 exquibus
1615 704 1778 743 unum

175 782 457 852 pmﬁcitis
493 781 721 852 prmliis,
765 783 1044 838 amoribus
1094 782 1322 837 alteram
1367 792 1423 837 et
1470 781 1779 852 cupiditatis

175 875 379 930 ardori.
431 874 787 941 Potestatem,
839 876 1030 948 inquit,
1087 875 1351 931 bellorum
1396 875 1538 931 Mars
1592 874 1774 944 habet,

172 978 431 1024 utrumne
450 978 504 1023 ut
528 979 672 1024 mota
691 977 1024 1040 compescat,
1055 982 1122 1023 an
1155 976 1212 1023 ut
1231 968 1497 1024 cessantia
1516 978 1570 1024 et
1595 968 1775 1038 quieta

164 1060 551 1119 commoveat?
588 1062 721 1119 Nam
765 1064 811 1119 si
859 1064 1078 1119 sedator
1126 1063 1372 1118 militaris
1416 1065 1637 1118 insanize
1668 1062 1789 1130 est,

172 1173 276 1215 cur
317 1157 560 1229 quotidie
588 1157 728 1213 bella
775 1173 883 1213 non
915 1157 1147 1213 desunt?
1188 1156 1283 1213 Sin
1320 1165 1497 1213 autem
1528 1156 1775 1212 conditor

167 1250 389 1306 illorum
417 1258 523 1320 est,
557 1251 725 1306 Deum
752 1265 884 1323 ergo
925 1250 1167 1306 dicemus
1212 1250 1266 1305 in
1316 1250 1604 1320 voluptatis
1661 1264 1773 1305 suae

165 1343 518 1399 dulcedinem
545 1344 803 1399 collidere
830 1343 1017 1399 orbem
1052 1352 1219 1397 totum
1252 1359 1265 1397 :
1296 1343 1686 1399 discordiarum
1719 1351 1774 1397 et

165 1435 551 1491 discriminum
600 1451 795 1492 causas
841 1436 983 1491 inter
1035 1442 1226 1507 gentes
1275 1449 1460 1491 serere
1502 1444 1770 1491 terrarum

157 1527 560 1600 longinquitate
603 1527 942 1599 disjunetas:
976 1528 1282 1585 conducere
1327 1543 1391 1584 ex
1425 1526 1643 1582 diverso
1691 1533 1773 1580 tot

160 1622 485 1678 mortalium
513 1622 704 1690 millia,
737 1632 791 1678 et
814 1622 950 1679 intra
978 1621 1130 1677 verbi
1157 1622 1316 1677 unius
1343 1636 1520 1677 moras
1551 1634 1770 1690 campos

158 1715 528 1771 cadaveribus
556 1730 835 1788 aggerare,
894 1715 1221 1787 sanguineos
1264 1714 1605 1786 praecipitare
1653 1721 1766 1767 tor-

154 1819 369 1876 rentes,
403 1808 778 1866 lundatissima
824 1807 1010 1865 delere
1050 1807 1298 1879 imperia,
1351 1821 1565 1877 aequare
1608 1806 1769 1861 urbes

1886 595 2132 650 ultimum
2163 593 2393 650 ﬁliorum
2421 604 2475 649 et
2503 602 2712 664 patrum
2742 595 3047 665 parricidali
3072 600 3481 669 congressionis

1885 686 2128 741 horrore.

1954 778 2168 834 XXVII.
2206 776 2359 846 Quod
2389 780 2563 850 ipsum
2597 779 2777 835 licebit
2804 779 2861 836 in
2886 779 3154 838 Venerem
3179 785 3292 853 pari
3316 791 3478 856 atque

1880 870 2068 927 eadem
2096 873 2305 927 ratione
2339 871 2643 927 traducere.
2677 871 2811 928 Nam
2838 873 2883 928 si
2920 875 3121 930 amoris
3160 876 3275 931 brae
3326 876 3479 933 llam-

1881 981 2016 1033 tnas,
2044 967 2184 1020 sicut
2214 965 2510 1035 perhibetis
2541 974 2599 1021 et
2622 966 2863 1031 creditis,
2909 968 3323 1037 cogitationibus
3347 972 3480 1028 sub-

1879 1058 1960 1113 dit
1988 1059 2256 1126 humanis,
2313 1059 2559 1129 sequitur
2592 1068 2654 1114 ut
2697 1059 2923 1129 intelligi
2959 1060 3171 1128 debeat,
3219 1063 3476 1133 quidquid

1879 1150 2017 1205 labis
2047 1161 2101 1205 et
2129 1150 2370 1205 criminis
2394 1151 2463 1205 ab
2491 1152 2700 1207 insania
2740 1152 3098 1221 proﬁciscitur
3140 1154 3249 1218 tali.
3277 1156 3328 1211 id
3371 1157 3478 1213 Ve-

1875 1243 2053 1299 nereis
2077 1244 2278 1300 debere
2318 1244 2634 1299 vulneribus
2676 1246 2950 1315 imputari.
2985 1236 3199 1318 Ergone
3233 1250 3337 1305 Dea
3380 1267 3473 1306 co-

1873 1345 2033 1406 gente
2058 1336 2114 1391 in
2142 1336 2386 1391 vilissimi
2434 1338 2671 1393 nominis
2702 1345 2878 1393 scorta
2927 1354 3078 1395 suam
3109 1342 3306 1411 sacpius
3350 1359 3476 1413 pro-

1877 1428 2012 1484 dunt
2064 1430 2226 1485 etiam
2283 1429 2495 1485 nobiles
2550 1429 2888 1501 dignitatem,
2931 1433 3275 1490 disuniuntur
3318 1445 3473 1493 tena-

1872 1523 2013 1578 cium
2039 1532 2064 1561 σι
2094 1524 2566 1579 matrimoniorum
2609 1540 2802 1593 nexus,
2850 1527 2904 1581 in
2947 1527 3182 1583 incestas
3224 1529 3475 1587 libidines

1872 1616 2222 1672 necessitudo
2249 1618 2529 1688 sanguinis
2558 1617 2871 1687 inardescit,
2899 1621 3178 1678 insaniunt
3195 1623 3247 1677 in
3272 1624 3473 1683 liberos

1871 1720 2092 1779 matres,
2117 1721 2300 1781 patres
2325 1712 2590 1781 virginum
2627 1728 2846 1768 suarum
2877 1724 3004 1769 vota
3052 1716 3104 1771 in
3134 1733 3194 1771 se
3221 1730 3463 1788 vertunt,

1869 1814 2058 1859 contra
2088 1804 2254 1859 decus
2283 1804 2458 1860 aetatis
2481 1820 2640 1861 senes
2671 1807 2724 1861 in
2758 1807 3026 1863 obscenos
3056 1808 3335 1878 ingemunt
3359 1828 3470 1868 eu-

153 1905 305 1974 solo,
336 1903 644 1960 libertatem
672 1902 920 1975 ingenuis
948 1902 1231 1974 abrogare,
1260 1909 1317 1959 et
1337 1900 1611 1958 servitutis
1636 1914 1767 1956 con-
1797 1915 1846 1977 Β
1872 1899 1947 1955 ris
1973 1898 2303 1969 juvenilibus
2324 1900 2617 1970 appetitus,
2652 1901 2926 1969 sapientes
2959 1911 3015 1958 et
3035 1902 3206 1959 fortes
3230 1903 3330 1960 viri
3361 1908 3472 1961 sol-

149 1998 423 2057 ditioncm
470 1999 773 2071 imponere,
819 1996 1250 2054 dissensionibus
1300 1995 1537 2067 gaudere
1582 1994 1760 2050 civili-

1872 2001 2004 2049 vunt
2030 1994 2251 2050 decreta
2278 1994 2597 2051 constantiae
2623 1994 2895 2053 virilitatis
2923 1995 3112 2068 vigore
3138 2000 3368 2067 mollito,
3390 2000 3473 2057 in-

1412 2103 1796 2163 LECTIONES
1834 2102 2044 2162 VARIA
2054 2104 2255 2162 NTES.

224 2237 251 2265 ⁸
284 2234 664 2299 Corruptissimc
687 2247 775 2288 ms.
799 2232 1116 2287 Disuriuntur
1137 2232 1397 2285 tanacium.

1524 2332 2081 2392 COMMENTARIUS.

145 2461 311 2518 Conf.
353 2461 664 2532 Augustin.,
688 2459 756 2516 de
780 2458 1000 2516 Civ.Dei
1024 2499 1037 2526 ,
1085 2456 1260 2525 lib.tv,
1297 2470 1345 2510 c.
1382 2454 1473 2509 21.
1517 2453 1757 2508 HERALD.

145 2543 208 2590 et
238 2533 625 2590 ELIENBOBST.

225 2651 295 2706 Et
328 2651 455 2706 iteca
479 2650 572 2705 illa
593 2664 707 2721 quae
748 2646 1050 2704 constituitis
1082 2642 1317 2721 nuntiati.
1365 2641 1521 2721 Ltcva
1546 2642 1761 2721 numina

143 2724 262 2779 hoc
310 2724 430 2778 loco
460 2713 855 2794 signiﬁcatione
896 2733 1112 2794 graeca._
1149 2715 1477 2794 Numina‘in
1510 2713 1759 2794 tradendo

141 2796 328 2864 magis
371 2784 536 2864 quain
564 2795 614 2849 in
642 2794 880 2861 juvando
900 2784 1295 2864 'potenlia._-Sic
1323 2784 1462 2864 infra
1512 2786 1605 2840 lib.
1640 2800 1717 2864 vti
1738 2829 1751 2854 ,

141 2883 195 2923 e.
230 2857 326 2921 Ξῖ).
370 2857 511 2919 Ναηι
561 2857 680 2920 deos
723 2858 1345 2934 benignissimosbdicere,
1391 2858 1621 2926 lenesque
1650 2857 1758 2911 ha-

142 2940 271 2994 bere
316 2947 562 3000 naturas.
605 2948 651 2992 et
675 2930 909 2992 sanctum
946 2942 993 2988 et
1036 2930 1331 3002 religiosum
1356 2939 1401 2983 et
1432 2946 1604 2984 verum
1646 2939 1756 2992 est;

141 3009 321 3065 malos
351 3018 522 3064 autent
548 3019 593 3063 et
623 3010 775 3063 lwvos
816 3001 1140 3075 nequaquam
1173 3001 1472 3075 sumendum
1500 3010 1573 3055 est
1612 3002 1727 3053 auri
1738 3029 1755 3075 -_

144 3085 269 3138 bus.
327 3080 391 3135 Et
419 3081 605 3135 eodem
652 3080 828 3148 capite
860 3071 1004 3131 :'Ita'
1039 3074 1167 3148 nihil
1207 3071 1757 3148 prodestupromereri

139 3154 283 3208 uelle
313 3169 402 3222 per
431 3153 622 3207 hostias
653 3142 773 3206 deos
807 3152 978 3222 lituos.
1008 3143 1165 3222 Copi.
1194 3145 1333 3222 Gell.
1355 3186 1369 3208 ,
1417 3142 1572 3222 Noet.
1610 3144 1754 3222 A_tt.,
1787 3188 1831 3222 Π

140 3226 250 3281 lib.
278 3216 334 3289 ν’,
357 3239 407 3277 e.
444 3224 532 3277 12.
580 3220 865 3278 Contraria
885 3235 1049 3276 sensu
1078 3217 1337 3289 Romanis
1369 3217 1595 3289 numina
1630 3216 1758 3269 ltvua

142 3286 411 3421 dicos—tur
437 3294 609 3351 fausta
635 3337 651 3362 ,
693 3307 975 3365 prospera,
1017 3301 1076 3347 ut
1115 3304 1202 3358 ap.
1236 3287 1424 3359 Virgil.
1449 3328 1464 3354 ,
1516 3286 1717 3358 Georg.
1743 3326 1760 3352 ,

142 3383 245 3426 tv.
343 3384 356 3422 :

285 3478 1228 3529 .........Siuu

282 3540 496 3593 Numina
517 3540 637 3591 laeva
662 3544 845 3602 sinunt,
876 3484 1341 3604 auditquglvgcgtntis
1363 3538 1556 3603 Apollo.

143 3648 258 3707 Ubi
285 3647 395 3701 vid.
427 3646 586 3702 Voss.
616 3646 680 3703 V.
710 3645 793 3701 Cl.
824 3662 945 3717 pag.
981 3648 1089 3702 755
1115 3662 1236 3718 sqq.
1268 3648 1476 3704 OnsLL.

222 3718 618 3773 Taciturnitatis
668 3720 891 3773 silentio.
949 3718 1065 3773 Non
1130 3720 1431 3774 audiendus
1494 3720 1762 3776 Meursius

142 3791 458 3861 cotijiciens
492 3808 504 3844 :
537 3790 757 3844 Silentia
809 3790 1052 3863 taciturni
1106 3791 1252 3846 satis.
1308 3791 1440 3845 Nam
1492 3793 1562 3846 ita
1617 3793 1760 3863 loqui

140 3872 339 3919 amant
373 3863 691 3916 recentioris
719 3862 820 3915 πεκιί
850 3862 1164 3931 scriptores.
1198 3862 1471 3916 Aldhelm.
1518 3864 1585 3918 de
1614 3862 1756 3917 laud.

140 3935 303 4003 Virg.
336 3935 535 3988 citatus
561 3934 629 3986 ab
661 3932 1032 3988 Elmenhorst.
1071 3949 1084 3984 :
1116 3932 1176 3987 Si
1203 3934 1585 3987 celeberrimum
1630 3937 1762 3989 illud

141 4004 431 4077 spectaculi
469 4020 656 4077 genus,
708 4020 795 4077 per
841 4014 971 4077 totos
1002 4004 1179 4057 mundi
1207 4006 1442 4058 cardines
1478 4007 1758 4076 uulgatum,

142 4075 516 4132 taciturnitatis
554 4075 758 4129 silentio
796 4076 1087 4144 oppilatum
1113 4077 1341 4131 vilescat.
1370 4075 1576 4130 Eodem,
1598 4094 1760 4131 sensu

146 4150 415 4203 taciturna
440 4148 643 4201 silentia
675 4146 838 4201 etiam
861 4161 948 4216 ap.
978 4146 1216 4216 optimos
1243 4148 1534 4217 scriptores
1556 4190 1569 4213 ,
1606 4149 1757 4204 verbi

143 4234 343 4285 causa,
385 4217 544 4274 Ovid.
566 4260 580 4285 ,
612 4219 682 4273 de
711 4223 842 4272 Arte
866 4218 1117 4284 amandi,
1147 4233 1184 4273 tt
1205 4258 1219 4283 ,
1251 4220 1378 4274 505.

251 4328 351 4391 Qui
370 4342 603 4381 sermone
632 4327 809 4393 placet,
841 4328 1085 4380 taciturna
1108 4327 1307 4380 silentia
1332 4339 1540 4395 rumpat.

226 4437 453 4492 Martem
501 4437 668 4508 ipsum
710 4452 955 4505 ponemus
1001 4436 1055 4489 in
1106 4436 1291 4490 medio.
1338 4437 1428 4493 Sic
1472 4438 1764 4508 loqttuntur

145 4510 355 4567 Graeci.
390 4508 689 4572 Arrianus,
724 4509 815 4562 lib.
864 4523 955 4571 ιιι,
1008 4508 1230 4561 Dissert.
1287 4508 1518 4574 Epiclet.
1571 4528 1582 4563 :
1631 4511 1761 4564 Ἐλθέ

144 4584 225 4657 εἰς
251 4582 309 4636 τὸ
336 4582 513 4657 piabit,
546 4584 627 4636 καὶ
653 4582 760 4657 εὶπρ
789 4582 958 4657 ἡμῖν,Δ
977 4579 1098 4633 πότε
1130 4583 1763 4657 ἀταρᾳχὼτερονῌέκάθευ-

1878 4589 2012 4642 enim
2061 4587 2460 4650 Tertullinius,
2506 4584 2574 4636 de
2612 4584 2822 4657 Alfallio,
2871 4579 2988 4657 cap.
3034 4598 3086 4636 tv
3119 4579 3148 4633 ’ί

145 4650 406 4730 δας-ς’νῧν,
494 4657 614 4730 πρὶν
637 4650 865 4730 venia-9a:
894 4650 1026 4730 alio;
1072 4657 1162 4730 rei)
1202 4650 1473 4730 anteme.
1492 4654 1759 4730 ΔΙΙξείξΑιῐ).

230 4722 375 4778 Nam
405 4725 448 4777 si
471 4722 676 4777 sedatur
703 4722 938 4777 militaris
961 4722 1177 4774 insania:
1201 4731 1291 4775 est.

145 4795 297 4853 Vide
323 4810 484 4863 supra
512 4794 577 4850 ad
611 4796 700 4849 lib.
734 4812 772 4860 ι,
803 4810 854 4848 c.
887 4795 977 4847 4i.
1001 4792 1209 4846 Onaso.

232 4866 333 4921 Sin
369 4861 540 4919 autem
590 4867 822 4920 conditor
877 4865 1083 4917 illorum
1133 4871 1226 4915 est.
1278 4861 1419 4921 Mars
1473 4865 1759 4920 Gradivus.

146 4938 299 4994 Vide
325 4952 510 5007 supra,
543 4937 609 4991 ad
640 4938 731 4990 lib.
762 4953 811 4999 ι,
840 4951 889 4990 c.
937 4934 1045 5007 Ην
1071 4932 1275 4988 Οιιειι.

231 5008 302 5062 Et
344 5006 596 5063 servitutis
645 5010 984 5063 conditionem
1030 5006 1308 5076 imponere.
1360 5006 1585 5077 Proprie
1634 5016 1689 5062 et
1734 5026 1767 5065 e

141 5080 671 5152 jurisconsultorum
724 5077 1199 5152 loquendi_tuore.
1229 5077 1400 5152 _Zeno
1430 5079 1765 5138 Veronensis

147 5149 421 5208 'sertnone
447 5151 517 5206 de
545 5152 784 5206 Avaritia
801 5149 1053 5205 secundo
1086 5167 1100 5203 :
1132 5150 1236 5202 Sed
1265 5152 1373 5202 Iiwc
1418 5166 1518 5203 non
1541 5152 1610 5203 ad
1635 5167 1721 5206 vos
1747 5196 1762 5220 ,

151 5228 384 5295 fratres,
432 5240 647 5292 quorum
692 5223 905 5293 largitas
951 5221 1227 5295 provinciis
1268 5222 1501 5295 erunibus
1526 5232 1646 5295 nota
1668 5233 1767 5289 est;

150 5292 191 5349 es
219 5295 360 5348 vobis
386 5295 532 5347 multi
557 5292 832 5362 redempti:
863 5293 1009 5345 multi
1058 5293 1234 5345 edictis
1260 5292 1503 5363 feralibus
1534 5294 1762 5361 liberati,

148 5366 312 5420 multi
332 5365 704 5421 conditionibus
743 5367 882 5419 exuti
919 5363 1113 5435 gratias
1139 5372 1335 5434 agunt;
1368 5375 1549 5419 vestrm
1585 5367 1767 5419 domus

151 5437 443 5508 peregrinis
481 5438 714 5491 omnibus
765 5443 968 5506 patent,
1020 5445 1124 5490 etc.
1179 5435 1320 5508 Hinc,
1361 5436 1762 5505 conditionales,

150 5507 257 5579 Qui
284 5509 448 5563 certis
477 5509 879 5563 conditionibus
907 5521 1102 5577 operas
1131 5521 1272 5579 suas
1312 5507 1577 5561 locarunt.
1631 5508 1767 5563 Ter-

151 5576 420 5635 iullianus
457 5580 525 5635 de
559 5580 832 5636 ldololatr.
860 5621 874 5645 ,
902 5576 958 5633 c.
985 5593 1057 5632 xu
1081 5595 1094 5632 :
1118 5576 1289 5648 Opera
1329 5590 1375 5632 et
1406 5580 1766 5634 conditionalis

152 5668 328 5707 aaut.
370 5650 610 5706 HEMLD.

235 5721 686 5777 Commorientlum
717 5727 934 5794 {rutrum
976 5720 1248 5794 parricida
1270 5737 1414 5794 nece.
1469 5721 1669 5778 Alludlt
1700 5723 1764 5777 ad

152 5794 451 5850 historiam
501 5791 735 5849 Eteoclis
784 5807 839 5848 et
897 5791 1188 5863 Polynicis.
1238 5793 1500 5848 Meursius
1550 5796 1766 5865 cunjicit

154 5864 483 5939 parricidali
496 5881 630 5939 itere.
659 5866 865 5939 OesLL.

154 5934 175 6011 ξ
243 5935 558 5995 Parricida“
603 5936 975 6010 congressionis
1027 5936 1257 6014 horrore.
1306 5934 1576 6007 Trajeetio
1622 5938 1766 5997 haud

1378 4740 1466 4778 ars
1483 4724 1760 4791 Quirinus.

1871 2446 2187 2522 infrequens
2217 2464 2304 2522 ap.
2336 2449 2558 2504 Latinos
2587 2464 2685 2519 pro
2714 2450 3039 2519 parricidalis
3091 2454 3464 2522 congressionis

1871 2519 2110 2594 narrare,
2144 2528 2204 2594 ut
2232 2519 2433 2590 abstine
2460 2522 2783 2581 necessitate
2807 2524 3078 2594 corrigere
3103 2519 3273 2581 voluit
3312 2526 3464 2583 Fulv.

1873 2590 2121 2645 Ursinus.
2157 2590 2358 2646 ORELL.

1942 2660 2157 2716 XXVII.
2191 2692 2261 2701 —
2296 2662 2556 2731 Quidquid
2607 2661 2739 2717 labis
2787 2674 2834 2718 et
2884 2665 3111 2721 criminis
3149 2668 3212 2720 ab
3257 2670 3465 2724 insania

1867 2735 2214 2803 proficiscitur
2266 2735 2386 2799 tali,
2422 2734 2474 2786 id
2522 2735 2745 2788 venereis
2793 2736 2974 2791 debere
3024 2738 3312 2793 uulneribus
3360 2742 3463 2794 im-

1866 2805 2057 2880 putari.
2087 2803 2162 2858 Ita
2193 2803 2322 2880 editi
2354 2821 2417 2860 ex
2448 2804 2827 2880 emendatione
2872 2807 3098 2880 editoris
3137 2808 3303 2880 Lugd.
3340 2810 3459 2865 Bat.

1866 2876 1985 2951 cod.
2023 2892 2124 2951 ins.
2159 2893 2172 2929 :
2206 2876 2390 2951 talibus
2416 2877 2637 2929 venereis
2668 2877 2847 2951 debeat
2869 2879 3169 2951 uulneribus
3196 2876 3460 2951 inmutari,

1866 2948 2009 3000 unde
2031 2946 2285 3002 Gelenius
2312 2945 2516 3002 fecerat
2547 2962 2560 3000 :
2592 2949 2932 3015 proﬁciscitur
2954 2951 3072 3015 tali,
3130 2945 3336 3007 Veneris
3376 2945 3465 3007 de;

1868 3018 2011 3084 beat,
2041 3028 2144 3072 etc.
2180 3017 2443 3072 lleraldus
2474 3034 2489 3071 :
2522 3019 2862 3087 proﬁciscitur
2908 3021 3032 3087 tali,
3062 3022 3118 3075 id
3166 3032 3223 3076 ut
3260 3021 3464 3079 Veneris

1865 3089 2042 3142 debeat
2063 3131 2077 3153 ,
2112 3101 2215 3143 etc.
2267 3088 2469 3144 OnELL.
2766 3102 2776 3110 '

1940 3160 2300 3214 Disuniuntur.
2358 3162 2499 3214 Idem
2532 3160 2675 3230 quod
2715 3160 3062 3227 dirimuntur,
3098 3162 3460 3221 dissecantur.

1871 3231 1999 3286 Vide
2035 3231 2265 3285 Salinas.
2300 3230 2575 3306 adSol‘iu.
2601 3274 2615 3295 ,
2659 3248 2779 3301 pag.
2826 3232 2949 3289 797.
2986 3234 3088 3289 Alii
3135 3234 3319 3306 legunt
3358 3239 3464 3292 disc

1864 3313 2107 3370 suuntur,
2146 3317 2254 3356 non
2286 3304 2447 3356 male.
2477 3302 2680 3358 OnsLL.

1936 3374 2001 3427 In
2046 3376 2263 3428 incestas
2309 3373 2560 3429 libidines.
2593 3375 2668 3429 Ita
2724 3375 2962 3442 reposuit
3010 3376 3346 3433 Stewecliius
3391 3379 3460 3435 ad

1866 3447 1986 3499 cod.
2029 3461 2131 3499 tus.
2184 3446 2438 3514 vestigia,
2485 3447 2573 3500 ubi
2624 3456 2739 3500 erat
2784 3446 3000 3500 incestas
3046 3448 3309 3513 libidines,
3369 3467 3459 3505 se-

1863 3527 2064 3586 quente
2105 3516 2191 3571 ed.
2230 3517 2397 3586 Lugd.
2433 3518 2543 3571 Bal.
2593 3520 2763 3571 Antea
2796 3518 3070 3587 legebatur
3102 3536 3113 3572 :
3146 3517 3350 3574 Incesta
3398 3523 3457 3575 li-

1866 3588 2051 3642 bidine.
2087 3588 2289 3643 OnELL.

1940 3661 2208 3728 Sapientes
2231 3669 2276 3713 et
2306 3662 2459 3729 fortes
2500 3660 2595 3713 uiri
2644 3660 2846 3714 solvunt
2891 3661 3092 3714 decreta
3141 3665 3457 3719 constantitv.

1864 3730 2127 3804 Loquitur
2158 3731 2335 3804 verbis
2365 3732 2701 3804 Stoicorum;
2737 3732 2876 3797 apud
2908 3746 3045 3801 quos
3070 3736 3227 3802 fortes
3272 3735 3463 3804 appel-

1866 3802 2044 3856 lantur
2072 3803 2103 3855 ii
2135 3803 2309 3869 potius
2340 3803 2427 3869 qui
2455 3802 2679 3855 domant
2704 3805 2968 3869 animum,
2991 3810 3046 3856 et
3073 3805 3196 3873 vitia
3230 3802 3470 3873 compri-

1863 3884 2047 3937 munt,
2077 3887 2236 3942 quam
2272 3874 2361 3941 qui
2396 3874 2577 3926 bellica
2614 3872 2771 3925 laude
2814 3874 3036 3941 pollent.
3087 3872 3328 3927 Indidem
3364 3872 3465 3930 Vde-

1863 3956 2000 3997 creta
2022 3946 2127 4023 ,χά
2155 3945 2437 4016 κεκριμένα,
2456 4015 2464 4023 ⁷
2483 3943 2879 4023 ltltdeell-it-ilur
2906 3944 3098 4023 invicta
3141 3950 3461 4023 προαίρεσις,

1864 4025 2025 4086 atque
2050 4015 2172 4067 hinc
2202 4015 2500 4067 caiistantia
2524 4057 2537 4079 ,
2591 4015 2647 4067 τὸ
2670 4015 2871 4085 βέϐαιον
2895 4022 2987 4071 τοῦ
3017 4015 3204 4080 ἤθους-ζ
3249 4015 3465 4087 quando

1861 4089 2033 4139 virtus
2052 4088 2210 4156 plane
2236 4092 2727 4152 consummataest,
2754 4096 2810 4142 et
2834 4089 3158 4143 ﬁrmissimis
3190 4088 3463 4146 radicibus

1865 4158 2103 4211 fundata.
2137 4158 2357 4211 IIEMLD

1948 4228 2213 4301 Virilitatis
2252 4231 2419 4300 vigore
2472 4228 2685 4301 mollito.
2744 4230 3044 4297 Meursius,
3095 4246 3215 4301 pag.
3263 4231 3369 4292 95.
3412 4242 3469 4289 et

1865 4299 2326 4364 Drakemlmrcln,
2378 4301 2443 4354 ad
2488 4301 2583 4354 Sil.
2633 4300 2784 4367 Ital.,
2835 4302 2927 4356 lib.
2982 4299 3265 4367 vr,'vers.
3319 4304 3458 4369 275,

1867 4388 1986 4442 pag.
2039 4372 2175 4433 507,
2223 4374 2504 4441 legendum
2543 4375 2884 4439 suspicantur
2925 4390 2937 4426 :
2978 4371 3246 4426 Virilitatis
3289 4376 3460 4441 rigore

1866 4446 2081 4497 mollito.
2117 4442 2223 4499 Sed
2251 4446 2515 4509 vulgatam
2541 4444 2827 4497 lectionem
2851 4444 2988 4497 bene
3018 4443 3259 4497 defendit
3291 4443 3461 4511 Wop-

1866 4514 2019 4570 hens.
2055 4519 2103 4567 in
2136 4516 2283 4569 Leet.
2310 4515 2576 4579 Tulliam,
2611 4514 2702 4566 lib.
2738 4529 2790 4576 l,
2824 4528 2937 4580 Cap.
2978 4514 3036 4566 ll
3069 4553 3083 4576 ,
3117 4527 3217 4582 pag
3264 4512 3353 4567 65.
3385 4514 3458 4567 Ita

1868 4589 2012 4634 enim
2061 4587 2460 4634 Tertullhnus.
2506 4584 2574 4634 de
2620 4584 2821 4634 l’allio.
2871 4598 2988 4634 cao.
3034 4598 3086 4634 tv
3136 4602 3148 4633 :
3204 4582 3322 4634 Nisi
3372 4586 3458 4634 diu

3259 4585 3322 4635 isi
3372 4586 3464 4639 diu

1868 4658 2092 4711 mollitus
2136 4667 2181 4709 et
2221 4660 2551 4727 ettigoratas,
2572 4653 2659 4706 ubi
2683 4654 3007 4720 Salinasius,
3039 4668 3156 4722 pag.
3189 4654 3299 4708 253
3319 4696 3334 4719 ,
3360 4670 3462 4710 an-

1868 4740 2018 4784 notat
2066 4727 2455 4781 'l‘ertullianum
2488 4726 2729 4791 aliosque
2755 4740 2944 4778 eorum
2979 4736 3279 4792 temporum
3323 4731 3461 4779 seri-

1867 4810 2050 4869 ptores
2080 4801 2301 4869 uigorem
2348 4799 2544 4865 passim
2576 4811 2671 4862 pro
2703 4796 2878 4869 rigore
2910 4805 2973 4869 et
3018 4796 3277 4869 quidquid
3311 4799 3461 4852 molli

1866 4867 2196 4924 contrarium
2229 4877 2345 4933 est,
2381 4881 2661 4938 usurpare.
2691 4867 2781 4920 Sic
2824 4867 3052 4936 rigidum
3093 4868 3286 4938 dogma
3314 4869 3464 4922 Stoi-

1865 4956 2050 4995 coruut
2078 4951 2126 4993 et
2158 4942 2395 4994 ἀπάθειαν
2434 4937 2577 4991 Illalll
2608 4944 2826 4997 στωίκὴν
2866 4954 3105 5008 vrgorem
3157 4937 3291 4994 amt
3320 4941 3463 4994 idem

1869 5012 2184 5067 'l‘ertullian.
2220 5012 2272 5065 in
2304 5012 2396 5064 lib.
2429 5011 2495 5063 de
2524 5012 2713 5062 Anima
2750 5030 2763 5062 ;
2798 5009 2957 5064 Prout
2986 5021 3073 5064 aut
3108 5009 3344 5064 Platonis
3370 5012 3465 5065 Iw-

1868 5101 1961 5137 τιον
1987 5094 2029 5135 et
2057 5082 2278 5137 Zenonis
2300 5085 2442 5152 vigor
2460 5122 2475 5147 ,
2504 5090 2589 5133 aut
2623 5083 2905 5136 Aristotelis
2928 5092 3091 5149 terior,
3121 5092 3209 5135 aut
3252 5082 3466 5150 Epicuri

1866 5166 2063 5225 stupor,
2093 5164 2181 5207 aut
2215 5153 2462 5209 Heracliti
2486 5168 2686 5206 interor.
2724 5152 2800 5208 Ita
2830 5155 2968 5223 apud
3015 5155 3266 5209 eumdem
3295 5154 3466 5225 disci-

1869 5223 2025 5296 plina:
2050 5228 2191 5293 vigor
2222 5237 2273 5278 et
2298 5226 2626 5296 disciplinam
2650 5227 2913 5295 vigorare,
2963 5226 3015 5296 id
3046 5233 3129 5277 est
3154 5223 3460 5294 rigidiorem

1868 5294 2067 5352 facere.
2101 5295 2358 5352 Similiter
2393 5294 2554 5351 etiam
2595 5294 2898 5367 Cyprianus
2932 5315 2946 5350 :
2978 5294 3261 5367 Increpans
3295 5296 3465 5367 rigore

1869 5372 2092 5422 censoris
2148 5378 2191 5422 et
2237 5370 2466 5439 judicis,
2527 5366 2964 5438 pro’severilale
3015 5366 3291 5431 censoris,
3352 5375 3457 5421 etc.

1870 5440 1997 5495 Hcce
2024 5456 2088 5494 ex
2122 5441 2420 5503 Saimasio,
2453 5440 2487 5492 l.
2521 5441 2569 5493 l.
2604 5440 2807 5494 UBBLL.

1944 5511 2282 5566 lnnectnntur
2311 5511 2585 5565 ceruicibus
2614 5511 2799 5579 laquei.
2830 5508 2911 5579 ili.
2938 5508 3162 5579 Bentley
3182 5507 3248 5562 ad
3277 5507 3465 5562 Horat.

1870 5583 2043 5654 Epod.
2086 5599 2220 5647 xvn,
2258 5599 2393 5638 vers.
2429 5584 2530 5654 72,
2559 5578 2717 5654 verba
2746 5596 2758 5632 :
2794 5578 3315 5654 Frustraqueioincla
3345 5591 3467 5649 gat-

1869 5652 1972 5708 turi
2012 5659 2235 5709 innectes
2276 5665 2380 5719 tuo,
2429 5653 2607 5706 multis
2648 5652 2911 5720 exemplis
2948 5652 3201 5719 ostendit,
3239 5652 3469 5705 locutio-

1868 5740 1991 5780 nem
2022 5728 2275 5782 innectere
2298 5724 2464 5779 vincla
2492 5723 2710 5792 gutturi,
2745 5732 2801 5776 III.
2826 5731 2878 5775 et
2904 5724 3157 5776 innectere
3186 5723 3464 5777 ceruicibus

1871 5798 2099 5866 laqueos,
2134 5813 2363 5869 prorsus
2395 5808 2693 5869 repugnare
2723 5794 2879 5869 bona:
2922 5808 2985 5848 ac
3016 5794 3464 5869 probauelatini-

1872 5869 1996 5934 tati,
2042 5866 2149 5923 sed
2176 5868 2462 5924 dicendum
2513 5867 2969 5937 l'uisseinnectere
3008 5875 3183 5937 guttur
3221 5866 3458 5931 vinculis,

1871 5942 2123 5997 innectere
2164 5940 2378 5994 ceruices
2407 5937 2621 6007 laqueis,
2656 5936 2883 6009 ideoque
2909 5938 2965 5995 in
3012 5936 3232 5995 lloratio
3262 5939 3463 5996 reseri-
