4034 6282
498 278 604 337 987

1629 274 2307 351 ΑιιΝοιιιιξΑιινειιειιε
2341 276 2615 337 GENTES

3696 277 3813 335 988

498 396 565 451 ad
596 394 751 452 istius
773 393 1001 451 nominis
1025 394 1271 450 columen
1293 393 1446 451 vobis
1471 392 1840 451 laudatoribus
1862 394 2080 463 elevati,
2110 398 2165 459 Α
2188 395 2327 452 redit
2361 413 2375 451 :
2407 405 2465 451 ut
2507 410 2681 467 neque
2728 396 2807 451 sol
2850 395 2985 451 deus
3038 394 3138 464 sit,
3174 410 3348 467 neque
3405 396 3530 451 luna
3554 438 3569 463 ,
3620 410 3812 468 neque

500 489 811 545 universam
837 489 992 543 istam
1020 487 1216 543 molem
1246 487 1456 555 mundi,
1492 490 1646 560 cujus
1666 504 1856 544 omnes
1884 489 2090 560 ample-

499 584 661 640 xibus
680 584 967 650 ambimur,
1002 583 1252 654 tegimur,
1284 598 1348 639 ac
1367 584 1725 651 sustinemur,
1746 584 1945 639 animal
1969 598 2092 639 esse

501 691 703 742 unum,
738 677 985 746 sapiens,
1016 677 1335 733 rationabile
1363 687 1411 744 λ,
1466 679 1771 733 consultum
1825 676 2089 748 probabili

505 768 909 824 asseveratione
934 767 1197 824 definiunt
1222 788 1236 823 τ
1260 784 1488 840 quorum
1512 770 1556 825 si
1579 780 1662 825 est
1691 784 1819 825 vera
1836 809 1853 837 ,
1880 779 1936 824 et
1961 768 2087 835 lixa,

500 870 645 918 certa
670 862 935 917 sententia
954 902 971 927 ,
999 862 1164 918 etiam
1193 862 1269 917 illi
1291 863 1551 918 continuo
1573 864 1827 920 desinent
1849 862 1922 918 dii
1943 878 2086 929 esse,

501 969 637 1027 quos
665 955 718 1010 in
746 955 863 1026 ejus
891 956 1233 1026 portionibus
1252 957 1416 1027 paulo
1441 966 1568 1013 ante
1589 957 1887 1013 immutatis
1913 957 2092 1013 nomio

505 1048 668 1105 nibus
693 1048 1125 1105 constituebatis.
1154 1048 1225 1106 Ut
1247 1049 1391 1105 enim
1418 1050 1580 1106 homo
1603 1066 1739 1106 unus
1760 1052 1947 1122 nequit
1969 1066 2094 1122 per-

502 1150 758 1197 manente
785 1141 869 1196 sui
899 1141 1146 1213 corporis
1178 1142 1485 1213 integritate
1519 1144 1574 1198 in
1607 1143 1856 1199 homines
1896 1143 2095 1200 multos

501 1233 676 1290 scindi
710 1252 723 1290 :
758 1248 935 1305 neque
980 1233 1231 1291 homines
1279 1251 1467 1291 rursus
1509 1236 1686 1303 multi,
1717 1236 2094 1307 disjunctionis

501 1325 805 1385 ditiorentia
834 1337 1177 1395 conservata,
1204 1328 1258 1382 in
1286 1329 1444 1385 unius
1472 1343 1666 1384 sensus
1693 1329 2094 1400 simplicitatem

502 1420 726 1476 conflari
755 1437 768 1473 :
800 1419 871 1475 ita
916 1419 962 1475 si
1006 1420 1237 1477 mundus
1265 1436 1428 1476 unum
1459 1431 1543 1477 est
1588 1422 1823 1490 animal,
1857 1432 1909 1478 et
1939 1423 2095 1479 unius

502 1512 701 1568 mentis
731 1511 1027 1582 agitatione
1050 1519 1288 1568 metatur
1332 1530 1345 1567 :
1377 1527 1479 1568 nec
1506 1512 1559 1567 in
1589 1514 1741 1584 plura
1791 1523 1968 1585 potest
1997 1530 2101 1569 nu-

503 1603 650 1661 mina
676 1602 966 1673 dissipari,
1000 1618 1132 1669 nec,
1178 1605 1225 1661 si
1269 1606 1389 1675 ejus
1434 1606 1712 1677 particula:
1740 1607 1811 1661 dii
1839 1615 1995 1674 sunt,
2044 1607 2096 1662 in

502 1697 661 1752 unius
687 1695 977 1752 animantis
1024 1697 1412 1753 conscientiam
1438 1699 1557 1769 cogi
1600 1706 1764 1768 atque
1794 1698 1951 1755 verti.
1983 1697 2096 1754 Lu-

2188 485 2377 553 tether,
2428 485 2621 552 tellus,
2653 495 2709 542 et
2739 494 2958 541 caetera.
3011 485 3150 542 Sunt
3178 487 3323 542 enim
3356 496 3540 557 partes
3579 488 3800 556 mundi,

2194 597 2302 635 non
2324 581 2579 651 specialia
2603 582 2880 636 numinum
2908 580 3126 635 nomina
3160 600 3174 635 :
3200 590 3362 651 atque
3391 582 3461 635 ita
3490 581 3808 653 perficitur,

2189 673 2371 728 omnia
2401 674 2558 729 vobis
2608 672 2949 728 turbantibus
2980 660 3443 743 tniscentibusque
3473 675 3697 740 divina,
3737 687 3804 732 ιιι

2188 763 2244 819 in
2286 779 2468 819 rerum
2522 774 2712 818 natura
2765 777 2905 818 unus
2935 765 3077 818 Deus
3106 764 3468 820 constituatur
3514 766 3799 835 mundus,

2191 855 2430 926 explosis
2454 855 2706 911 omnibus
2736 855 2949 911 caeteris
2973 871 2987 909 :
3015 856 3316 925 quinimmo
3345 856 3373 895 1³
3407 858 3667 926 inaniter,
3701 873 3809 914 va-

2192 962 2292 1003 cue
2311 988 2326 1011 ,
2351 956 2406 1002 et
2430 947 2547 1003 sine
2579 947 2682 1002 ulla
2710 947 3010 1002 substantia
3040 947 3369 1003 constitutis.

2264 1038 2510 1097 XXXVI.
2544 1040 2600 1096 Si
2631 1039 2852 1095 totidem
2880 1036 3004 1096 'nos
3034 1040 3243 1108 modis,
3297 1041 3633 1115 totidemque
3674 1059 3810 1101 sen—

2194 1134 2379 1188 tentiis
2405 1131 2636 1189 deorum
2675 1141 2982 1187 vestrorum
3009 1132 3402 1189 subrueremus
3435 1133 3598 1189 Iidem
3620 1177 3637 1201 ,
3666 1137 3806 1191 nulli

2191 1234 2338 1280 esset
2365 1225 2615 1291 dubium,
2649 1226 2777 1295 quin
2806 1225 2884 1279 ira
2915 1234 2969 1281 et
2999 1226 3149 1281 rabie
3179 1226 3465 1293 concitati,
3496 1228 3651 1299 ignes
3671 1270 3686 1294 ,
3717 1229 3804 1285 fe-

2194 1332 2306 1384 ras,
2342 1327 2396 1373 et
2415 1318 2643 1388 gladios,
2675 1328 2839 1387 atque
2882 1319 2986 1372 alia
3028 1318 3375 1389 postularetis
3413 1320 3810 1391 suppliciorum

2196 1410 2252 1465 in
2296 1425 2397 1465 nos
2424 1425 2658 1480 genera,
2694 1410 2889 1481 quibus
2918 1411 3064 1465 sitim
3114 1411 3301 1467 soletis
3335 1422 3573 1468 vestram
3623 1415 3807 1469 nostri

2198 1502 2474 1573 sanguinis
2505 1501 2834 1573 appetitione
2862 1502 3137 1571 proluerc.
3160 1500 3295 1555 Cum
3317 1517 3449 1557 vero
3471 1517 3568 1573 per
3594 1518 3693 1558 vos
3721 1505 3815 1575 ip-

2197 1610 2286 1651 sos
2310 1610 2477 1665 prope
2497 1596 2675 1651 omnis
2702 1610 2835 1665 gens
2856 1595 3139 1651 utuninum
3163 1595 3265 1651 sub
3291 1597 3659 1651 ostentatione
3688 1597 3811 1650 tol-

2200 1689 2339 1745 latur
2365 1690 2703 1761 ingeniorum
2743 1698 2905 1759 atque
2931 1689 3233 1756 doctrinae,
3271 1686 3487 1744 audetis
3516 1689 3819 1745 intendere

503 1806 569 1846 ns
589 1832 605 1858 ,
640 1790 720 1846 sol
740 1834 756 1860 ,
805 1791 968 1847 tellus
992 1831 1007 1857 ,
1057 1790 1251 1859 aliter,
1299 1800 1479 1857 astra,
1526 1792 1772 1847 membra
1822 1800 1949 1846 sunt
1969 1833 1984 1859 ,
2038 1800 2094 1848 et
2124 1798 2172 1859 Β
2199 1783 2369 1840 nostri
2395 1783 2623 1837 nominis
2649 1797 2807 1837 causa
2838 1797 2925 1837 res
2947 1782 3207 1836 humanas
3229 1781 3297 1837 ab
3317 1781 3420 1837 diis
3448 1783 3618 1853 premi
3644 1799 3657 1836 :
3682 1797 3818 1837 cum

504 1882 693 1939 mundi
720 1891 903 1953 partes
933 1900 950 1940 :
978 1883 1120 1954 quod
1164 1884 1208 1938 si
1237 1893 1420 1954 partes
1445 1893 1500 1939 et
1526 1884 1768 1939 membra
1794 1893 1954 1950 sunt,
1985 1885 2100 1939 ani-

504 1974 665 2029 utalia
696 1974 883 2043 utique
912 1974 995 2028 sui
1022 1974 1259 2028 nominis
1289 1988 1394 2028 non
1419 1985 1545 2029 sunt
1570 1995 1583 2030 :
1609 1990 1782 2045 neque
1806 1974 1951 2030 enim
1977 1990 2100 2044 par-

506 2074 589 2121 tes
618 2064 722 2120 hoc
752 2065 925 2135 ipsum
954 2080 1098 2131 esse,
1120 2066 1263 2136 quod
1290 2073 1457 2120 totum
1485 2075 1588 2133 cst,
1612 2066 1788 2136 aliqua
1812 2067 1865 2122 in
1889 2082 1948 2122 re
1970 2081 2098 2137 pos-

506 2166 631 2213 sunt
663 2173 677 2210 :
704 2166 796 2211 aut
823 2156 925 2212 sibi
954 2171 1179 2227 sapere,
1210 2157 1313 2213 sibi
1344 2158 1547 2213 sentire
1567 2200 1583 2226 ,
1616 2158 1758 2229 quod
1787 2158 1905 2212 sine
1938 2158 2099 2214 totius

509 2250 805 2305 animantis
835 2263 1064 2306 assensu
1096 2250 1258 2306 nullis
1300 2251 1531 2321 propriis
1560 2251 1828 2307 afficiatur
1872 2266 1903 2306 e
1945 2249 2098 2305 moti-

512 2344 645 2412 bus,
677 2356 785 2414 quo
814 2343 1141 2411 constituto,
1170 2358 1233 2399 ae
1262 2344 1441 2415 posito
1463 2386 1479 2415 ,
1510 2359 1719 2401 summa
1764 2343 1939 2400 omnis
1966 2342 2093 2399 illuc

2200 1876 2438 1948 quidem,
2471 1876 2514 1932 si
2544 1890 2728 1930 verum
2773 1884 2857 1929 est
2896 1890 3017 1930 esse
3046 1874 3165 1929 illos
3200 1874 3429 1945 uspiam,
3460 1882 3620 1945 atque
3660 1874 3822 1929 inca-

2202 1969 2407 2025 lescere
2427 1968 2622 2023 irarum
2649 1967 2899 2033 ﬂammis,
2931 1966 3062 2021 nihil
3091 1966 3560 2036 habeantjustius,
3592 1974 3824 2036 prepter

2201 2061 2343 2132 quod
2372 2061 2424 2114 in
2455 2074 2549 2113 vos
2577 2060 2817 2124 saeviant,
2867 2073 3025 2129 quam
3073 2057 3217 2128 quod
3264 2073 3359 2113 eos
3400 2056 3610 2127 negatis
3628 2056 3821 2114 subsi-

2202 2163 2348 2210 stere
2367 2195 2382 2219 ,
2413 2166 2588 2222 neque
2615 2165 2717 2205 una
2747 2165 2868 2206 esse
2899 2151 2950 2204 in
2985 2159 3135 2220 parte
3164 2159 3387 2204 naturae.

2272 2245 2538 2301 XXXVII.
2564 2245 2741 2300 Musas
2767 2243 3009 2301 Mnaseas
3043 2255 3127 2298 est
3155 2251 3343 2297 auctor
3364 2240 3501 2296 filias
3527 2255 3654 2297 esse
3680 2240 3824 2297 'l'el-

2200 2338 2332 2396 luris
2363 2346 2415 2393 et
2458 2335 2594 2393 Coeli
2629 2354 2641 2393 :
2692 2335 2840 2392 Jovis
2870 2340 3054 2392 exteri
3107 2334 3404 2407 praedicant
3435 2349 3500 2391 ex
3552 2332 3829 2390 Memoria

1752 2455 2136 2517 LECTIONES
2178 2452 2589 2512 VAHIANTES.

506 2578 517 2643 ξ
570 2576 598 2643 ξι
634 2575 717 2643 [ta
736 2572 856 2643 sub.
882 2574 1025 2643 [nale
1046 2573 1283 2643 Corrige:
1307 2574 1565 2627 rationale.

508 2641 525 2700 ξ
570 2636 599 2679 δ
643 2637 853 2690 Omnino
883 2635 1025 2690 Fulv.

1882 2740 2444 2802 COMMENTARIUS.

511 2882 586 2937 tio
633 2880 882 2952 princeps
928 2880 1275 2947 memorabili,
1303 2879 1519 2952 ermale
1566 2877 1842 2937 intellecta
1885 2878 2100 2936 Codicis

509 2951 806 3022 scriptura.
855 2952 947 3007 ubi
998 2962 1081 3007 est
1122 2951 1501 3020 memorabilis,
1531 2952 1753 3022 antique
1781 2966 1879 3022 pro
1902 2968 2096 3006 memo-

508 3024 717 3079 rabiles.
749 3024 1012 3090 Hennam,
1043 3025 1096 3079 in
1126 3024 1275 3078 Curis
1301 3036 1357 3079 ιι.

2208 2880 2342 2935 Tale
2373 2888 2674 2935 monstrum
2725 2880 2852 2934 illud
2874 2921 2889 2944 ,
2937 2879 3080 2949 qttod
3112 2878 3364 2935 Horatius
3416 2862 3569 2947 lingit
3596 2878 3652 2933 in
3683 2880 3829 2937 Arte

2208 2952 2409 3008 Pmtica
2440 2952 2556 3008 init.
2591 2950 2837 3005 Humano
2860 2953 3038 3020 capiti,
3060 2960 3168 3006 etc.
3201 2950 3388 3020 Itaque
3418 2949 3713 3018 legendum
3741 2954 3829 3007 vi-

2207 3025 2365 3079 detur
2393 3040 2406 3077 :
2438 3025 2583 3078 multi
2598 3025 2884 3095 junctionis
2911 3022 3200 3095 (li/ferentia
3231 3032 3528 3095 conseruata
3550 3061 3564 3084 ,
3603 3020 3657 3074 id
3691 3033 3781 3077 est
3803 3063 3826 3092 ,

581 3095 847 3150 Columen.
878 3097 979 3151 Alii
1010 3114 1023 3150 :
1053 3095 1272 3151 culmen.
1303 3094 1430 3151 Sed.
1465 3092 1613 3163 prius
1637 3099 1781 3149 amat
1808 3092 2103 3150 Arnobius.
2135 3100 2181 3165 ί]
2215 3096 2368 3149 multi
2400 3096 2442 3149 si
2476 3100 2527 3150 in
2551 3092 2837 3165 junctione
2889 3094 3284 3165 differentiam,
3334 3093 3641 3165 animorum
3693 3095 3823 3149 scil.

510 3166 647 3224 Vide
674 3181 836 3236 supra
863 3170 929 3221 ad
959 3167 1051 3222 lib.
1086 3183 1125 3232 ι,
1154 3181 1274 3236 cap.
1305 3167 1359 3222 8.
1390 3166 1594 3221 Οιιειι..

581 3235 790 3292 Animal
818 3255 923 3292 esse
950 3254 1137 3300 unum.
1169 3235 1378 3304 sapiens
1397 3279 1412 3304 ,
1436 3235 1709 3291 rationale.
1738 3235 1892 3304 Plato
1905 3235 2109 3291 Timaeo

510 3325 631 3378 pag.
662 3310 752 3366 50.
785 3308 929 3381 (Vol.
964 3326 1040 3381 tu.
1070 3308 1159 3363 ed.
1204 3301 1269 3363 H.
1312 3301 1497 3381 Steph.
1522 3307 1540 3378 )
1567 3308 1745 3381 Οὕτως
1780 3301 1865 3363 οὖν
1893 3306 2109 3381 demit

509 3384 650 3455 λόγον
670 3384 753 3455 rev
783 3378 948 3437 ἐίκότα
965 3380 1047 3436 δεῖ
1071 3378 1416 3455 )»ἐν)νειξιο.ίτόιο.δεΔ
1437 3381 1520 3434 τὸν
1548 3380 1733 3455 κόσμοί(
1755 3384 1901 3445 ζῶον,
1935 3378 2074 3455 {urbe
2089 3405 2107 3417 ο

512 3404 650 3455 ιογον
670 3404 753 3437 τον
783 3404 948 3437 arma
965 3404 1043 3436 ou
1074 3404 1123 3435 ne
1160 3404 1247 3443 ειν,
1271 3404 1410 3435 τονοε
1437 3404 1520 3434 τον
1548 3404 1733 3450 κοσμον
1755 3404 1901 3445 gmw,
1935 3404 2107 3449 εμψυ·

512 3475 632 3526 χον.
685 3453 853 3526 {ways
898 3472 953 3526 τι
1095 3404 1299 3526 diuitiis;
1342 3450 1427 3526 διὰ
1454 3456 1543 3510 τήν
1583 3457 1669 3526 τοὶῦ
1715 3451 2108 3526 ὑεοῦςχενέσθαι

509 3520 763 3601 iisti-tom.
801 3522 970 3576 Vertit
997 3520 1186 3601 ilicem
1208 3520 1550 3601 deuniverso
1574 3536 1585 3573 '.
1611 3520 1781 3601 Quam
1812 3520 1871 3601 ob
1888 3520 2106 3601 causam

510 3590 609 3648 non
657 3604 730 3647 est
759 3593 1103 3646 cunctandum
1131 3593 1362 3662 proﬁteri
1381 3636 1394 3659 ,
1432 3595 1471 3645 si
1503 3591 1653 3644 modo
1679 3590 1973 3660 investigari
2001 3591 2103 3645 ali-

510 3664 647 3736 quod
674 3670 967 3734 conjectura
1007 3672 1212 3736 potest,
1252 3667 1386 3718 hunc
1431 3663 1682 3736 mundum
1726 3662 1923 3736 animal
1960 3678 2102 3727 esse,

510 3734 667 3805 idque
716 3736 1003 3805 intelligens
1060 3746 1107 3789 et
1161 3735 1335 3789 diuina
1387 3734 1707 3805 prouidentia
1753 3734 2101 3788 constitutum.

510 3806 1020 3873 th.Philostratus,
1050 3808 1116 3862 de
1145 3806 1264 3862 Vita
1290 3805 1597 3875 Apollonii,
1629 3805 1726 3859 lib.
1754 3819 1831 3872 ιιι,
1861 3819 1979 3873 cap.
2013 3806 2101 3860 ll.

511 3877 938 3933 Eanum—Pro
959 3878 1212 3933 rationale
1234 3878 1374 3933 Edit.
1403 3878 1560 3933 itom.
1589 3888 1641 3931 et
1659 3876 1851 3932 Gelon.
1869 3877 2100 3931 rationa-

510 3951 630 4003 bile.
655 3965 672 4003 :
696 3949 858 4018 male.
880 3948 988 4002 Pro
1005 3949 1201 4003 animal
1217 3950 1391 4004 codex
1416 3964 1517 4003 ms.
1540 3948 1701 4003 habet
1718 3948 1939 4012 animas,
1959 3948 2102 4018 quod

511 4019 752 4075 defendit
790 4017 1055 4074 Meursius
1086 4021 1136 4074 in
1170 4021 1482 4089 Appendice
1528 4029 1797 4088 tamquam
1846 4017 2102 4087 loquendi

509 4107 678 4163 genus
698 4092 978 4161 antiquum
1002 4105 1103 4162 pro
1123 4091 1380 4155 animans,
1397 4090 1612 4154 animal,
1628 4090 1879 4160 exemplo
1899 4089 2057 4146 Ennii
2084 4109 2097 4145 :

604 4203 709 4268 Qva
732 4204 897 4268 parlre
934 4202 1062 4254 solet
1084 4203 1235 4268 genu‘
1260 4204 1437 4267 pennis
1460 4202 1855 4266 eondeeoratum,

604 4265 714 4315 Non
735 4265 939 4316 animas.

508 4372 584 4428 Ita
605 4371 816 4445 Gosules
832 4414 846 4438 ,
875 4389 1109 4445 prwgnas
1126 4416 1141 4440 ,
1166 4374 1381 4429 damnas
1402 4414 1416 4440 ,
1452 4370 1689 4440 Cesores,
1734 4373 1879 4445 istitaj
1907 4373 2025 4431 sine
2044 4392 2097 4430 n-

507 4444 615 4500 Sed
647 4444 787 4499 haud
812 4444 1120 4501 verosimile
1165 4455 1246 4500 est
1298 4445 1595 4501 Arnobium
1652 4445 1723 4498 ita
1780 4444 2097 4513 scripsisse,

2210 3176 2263 3220 et
2289 3164 2650 3236 ingeniorum,
2674 3175 3021 3220 conservant.
3046 3165 3111 3219 Et
3136 3166 3205 3217 ita
3230 3164 3514 3233 legendum
3533 3167 3828 3232 sequentia

2211 3239 2441 3292 suadent
2467 3255 2479 3291 :
2505 3253 2595 3291 nec
2639 3239 2682 3290 si
2713 3239 2823 3306 ejus
2849 3238 3117 3306 particula:
3144 3236 3217 3289 dii
3246 3246 3364 3290 sunt
3388 3277 3400 3297 ,
3431 3236 3484 3287 in
3513 3236 3669 3289 unius
3698 3238 3825 3291 auio

2209 3311 2395 3364 mantis
2423 3310 2784 3362 conscientiam
2809 3308 2923 3377 cogi
2949 3317 3098 3376 atque
3126 3307 3272 3360 uerti.
3310 3308 3520 3377 Ossae.

2280 3378 2349 3433 In
2396 3381 2546 3433 unius
2575 3396 2751 3433 sensus
2796 3376 3198 3444 simplicitatem.
3234 3378 3385 3431 Fulv.
3420 3376 3657 3433 Ursinus
3688 3394 3819 3433 ma-

2208 3452 2359 3506 vult:
2388 3452 2440 3505 in
2471 3452 2621 3505 unius
2661 3467 2863 3504 censum
2898 3450 3246 3520 simplicitatis
3268 3493 3282 3515 ,
3331 3465 3450 3518 qua:
3497 3450 3821 3520 conjectura

2208 3523 2511 3577 necessaria
2565 3537 2669 3576 non
2726 3534 2842 3587 est,
2895 3522 2940 3575 si
2973 3523 3287 3591 praecedens
3321 3520 3611 3590 junctionis
3646 3523 3817 3577 inici.

2209 3594 2438 3665 ligantus
2489 3594 2557 3649 de
2609 3592 2889 3663 junctione
2941 3592 3281 3648 diversarum
3332 3594 3567 3717 [urbium
3620 3594 3816 3648 animi.

3475 3678 3632 3717 RELL.

3475 3678 3632 3718 RELL.

2283 3736 2350 3791 Ut
2381 3752 2538 3805 neque
2592 3736 2671 3791 sol
2716 3737 2842 3790 deus
2893 3737 2994 3803 sit,
3045 3751 3204 3801 neque
3232 3737 3391 3801 luna,
3442 3745 3551 3789 etc.
3580 3735 3823 3791 Abunde

2209 3807 2310 3862 hoc
2357 3804 2552 3862 dueent
2603 3808 2715 3863 Jul.
2772 3808 3036 3862 Firmieus
3083 3807 3151 3861 de
3204 3806 3405 3861 Errare
3453 3804 3813 3874 profanarum

2207 3880 2360 3949 relig.
2394 3879 2635 3933 Lactant.
2668 3878 2824 3944 lnst.,
2860 3881 2950 3932 lib.
2980 3895 3035 3945 ιι,
3062 3893 3181 3948 cap.
3213 3880 3269 3932 5.
3304 3877 3553 3932 Eunus.

2278 3950 2516 4005 XXXVI.
2552 3952 2748 4017 Quibus
2787 3951 2925 4006 sitim
2957 3950 3129 4004 soletis
3166 3959 3654 4004 restram...........
3690 3967 3821 4021 pro-

2206 4022 2676 4093 latum-Virgilius,
2703 4022 2829 4077 Ain.
2859 4040 2897 4090 ι,
2924 4023 3029 4078 759
3061 4038 3074 4074 :

2208 4173 2224 4189 .
2294 4176 2306 4188 .
2375 4171 2389 4186 .
2461 4177 2472 4187 .
2542 4172 2556 4186 .
2624 4172 2638 4186 .
2706 4174 2719 4188 .
2785 4134 2847 4186 Et
2870 4134 3018 4200 pleno
3041 4147 3100 4185 se
3123 4134 3307 4198 proluit
3331 4146 3473 4185 auro.

2206 4242 2534 4299 Prudentius
2562 4242 2657 4299 lib.
2682 4258 2721 4312 ι,
2749 4250 2939 4297 contra
2962 4241 3273 4313 Symmach.
3304 4259 3317 4296 :

2624 4355 2808 4407 Avidus
2830 4356 2930 4406 vini
2960 4354 3112 4418 multo
3134 4368 3190 4405 se
3216 4353 3397 4418 proluit
3426 4355 3623 4405 haustu.

3007 4416 3227 4468 Hanno.
3251 4424 3303 4467 et
3325 4417 3545 4468 Esmun.

508 4530 630 4571 cum
678 4518 730 4571 in
783 4527 898 4594 toto
943 4517 1046 4573 hoc
1067 4531 1256 4594 Aopere
1285 4526 1601 4573 constanter
1632 4516 1836 4571 scribat
1861 4517 2093 4583 animal,
2125 4526 2181 4586 1)
2277 4524 2511 4591 Quidam.
2541 4521 2618 4577 Ita
2646 4521 2926 4577 Meursius.
2956 4520 3140 4577 Editio
3183 4520 3441 4593 princeps
3477 4521 3653 4580 Sabaei
3691 4524 3821 4594 qui-

509 4603 781 4658 nunquam
811 4589 1028 4643 animas.
1058 4588 1262 4645 Οιιιςιι..

580 4658 902 4717 Consultant.
930 4660 1077 4718 Idem
1105 4662 1247 4731 quod
1271 4660 1527 4732 prudens.
1552 4658 1696 4715 Nihil
1715 4659 1987 4787 amplius.

1764 4748 1918 4787 BELL.

1764 4748 1918 4789 BELL.

585 4801 813 4866 Quorum
835 4803 880 4856 si
900 4812 973 4857 est
994 4817 1112 4856 vera
1150 4812 1197 4856 et
1225 4804 1352 4871 ﬁxa,
1382 4813 1520 4858 certa
1548 4804 1818 4859 sententia.
1854 4803 2099 4859 Forsitan

510 4873 798 4941 legendum
829 4891 841 4926 :
872 4889 1087 4943 quorum
1113 4875 1158 4928 si
1186 4885 1258 4929 est
1280 4892 1417 4939 vera,
1461 4876 1567 4943 ﬁxa
1591 4884 1638 4928 et
1667 4887 1803 4929 certa
1829 4878 2099 4933 sententia.

511 4943 612 4998 Tn.
645 4945 888 5001 (laurea.
910 4944 1139 4998 —Nilti|
1185 4948 1521 5009 mutandum,
1553 4946 1986 5017 distinguendum
2018 4956 2100 4999 ta-

512 5031 635 5070 men
657 5026 750 5089 get
780 5017 908 5084 ﬁxa,
941 5025 1098 5089 certa
1121 5019 1389 5089 sententia.
1423 5018 1548 5073 Hanc
1580 5020 1652 5073 ita
1677 5018 1933 5089 copulare
1958 5026 2103 5072 amat

512 5086 776 5143 Arnobius
801 5088 919 5142 sine
943 5086 1158 5156 copula.
1188 5087 1432 5144 Hesstn.

588 5156 769 5223 Neque
790 5160 1026 5232 homines
1041 5175 1222 5232 rursus
1249 5162 1395 5214 multi
1422 5160 1784 5232 disjttuctionis
1812 5158 2107 5226 cii/ferentia

513 5238 826 5301 conseruata.
868 5229 943 5284 Ita
982 5230 1245 5287 Meursius
1272 5243 1323 5286 et
1353 5229 1532 5289 caeteri
1561 5232 1708 5286 illum
1739 5232 1911 5286 secuti
1942 5246 2109 5301 usque

512 5301 579 5356 ad
601 5302 689 5356 ed.
713 5300 883 5371 Lugd.
909 5301 1025 5355 Bst.
1052 5302 1411 5372 corrigentem
1435 5303 1765 5372 dijunctionis
1785 5303 2105 5358 dissidentia.

515 5379 685 5428 Antea
717 5373 1034 5442 legebatur:
1061 5390 1222 5442 neque
1271 5376 1501 5431 homines
1549 5389 1726 5426 rursus
1756 5374 2107 5426 multitudinis

504 5441 791 5513 junctionis
820 5441 1110 5509 di/fcrentia
1140 5441 1473 5500 conservata.
1508 5443 1705 5498 Vocem
1762 5444 2106 5498 multitudinis

513 5515 762 5569 vitiosam
794 5529 916 5570 esse
948 5530 1107 5570 nemo
1149 5531 1255 5569 non
1291 5517 1457 5570 videt.
1492 5516 1597 5570 Sed
1635 5516 1920 5584 junctionis
1951 5513 2105 5580 cli/fe-

516 5585 587 5656 t_ia
619 5586 756 5638 male
808 5594 1069 5656 mutatum
1114 5598 1244 5655 puto
1285 5588 1336 5641 in
1384 5583 1740 5656 disjunctibnis
1793 5583 2101 5651 cli/ferentia.

513 5654 807 5726 Juncliouis
861 5655 1152 5722 differentia
1196 5667 1282 5712 est
1308 5654 1619 5726 iunctarum
1669 5658 1903 5724 partium
1952 5656 2107 5712 ιιιιιε-

520 5724 691 5779 rcntia
713 5765 729 5790 ,
758 5727 1048 5780 discordia.
1088 5726 1165 5781 Ita
1195 5724 1377 5791 0vid.,
1409 5728 1566 5791 Met.,
1600 5742 1635 5793 t,
1670 5728 1704 5781 9
1734 5744 1751 5780 :

518 5841 537 5878 ι
645 5811 751 5863 Non
775 5815 907 5867 bene
925 5816 1200 5875 iunctarum
1223 5817 1461 5870 discordia
1480 5816 1666 5869 semina
1692 5827 1879 5868 rerum.

2208 4596 2348 4658 dam,
2382 4595 2543 4649 male.
2571 4594 2777 4650 OBELL.

2279 4666 2457 4735 Neque
2483 4682 2585 4721 una
2613 4682 2719 4720 esse
2742 4667 2793 4719 in
2817 4673 2961 4728 parte
2994 4676 3210 4718 naturae.
3238 4663 3316 4719 Ita
3342 4664 3474 4720 cod.
3506 4680 3608 4720 ms.
3642 4680 3814 4734 quam

2207 4738 2493 4794 lectionem
2528 4746 2676 4792 recte
2696 4735 2992 4791 defendunt
3018 4735 3117 4789 'l‘b.
3152 4735 3414 4792 Canterus
3440 4746 3495 4792 et
3524 4736 3817 4803 lleraldus,

2206 4821 2262 4863 ut
2294 4812 2361 4863 sit
2393 4809 2530 4864 idem
2561 4809 2703 4878 quod
2730 4824 2888 4877 neque
2926 4807 3051 4878 ulla,
3080 4823 3185 4861 esse
3222 4808 3275 4861 in
3320 4817 3465 4877 parte
3506 4819 3731 4874 natura,
3765 4811 3818 4863 ἐν

2204 4881 2361 4938 οὐδενὶ
2405 4877 2607 4955 quo-son;
2653 4882 2814 4956 μέρει.
2869 4877 3125 4936 Gelenius
3176 4878 3264 4933 ed.
3313 4895 3470 5006 mante
3516 4879 3650 4947 ulla,
3699 4890 3815 4935 etc.

3407 4966 3562 5005 ιειι.

3407 4966 3562 5005 ιειι.

2284 5022 2549 5079 XXXVII.
2583 5050 2647 5065 --
2704 5021 2962 5075 Mnaseas.
3024 5019 3330 5077 Patarensis
3372 5037 3403 5076 e
3457 5021 3638 5079 chia:
3683 5021 3814 5078 civi-

2213 5104 2341 5151 tate.
2394 5095 2562 5164 Hujus
2602 5094 2804 5167 librumg
2846 5108 2901 5147 ιιι
2938 5094 3271 5167 Bipont-mu
3316 5094 3446 5167 citat
3491 5094 3814 5167 Athenaeus,

2212 5168 2305 5223 lib.
2337 5182 2407 5230 tv,
2442 5184 2493 5236 p.
2525 5166 2648 5229 158,
2680 5175 2735 5219 et
2756 5165 2947 5236 librum
2969 5164 3032 5236 ut.
3050 5164 3123 5236 de
3153 5164 3302 5227 Asia,
3332 5165 3437 5236 lib.
3460 5180 3574 5226 vtu,
3602 5181 3656 5234 p.
3680 5165 3812 5234 346;

2213 5234 2454 5307 denique
2485 5238 2754 5306 Periplutn
2785 5234 2973 5289 eodem
3006 5235 3141 5289 libro
3171 5251 3223 5301 p.
3252 5237 3377 5291 551.
3409 5234 3612 5290 Graecae
3634 5240 3819 5305 gentis

2212 5326 2321 5364 non
2364 5310 2623 5364 obscurus
2649 5307 2877 5366 scriptor
2904 5315 3126 5360 vocatur
3164 5320 3193 5359 a
3231 5307 3544 5370 Columella,
3589 5308 3685 5361 lib.
3714 5324 3812 5377 xu,

2213 5396 2331 5450 cap.
2366 5381 2420 5445 4,
2452 5382 2542 5450 qui
2569 5377 2965 5450 cmnVarrone
3010 5392 3160 5450 ιειιιιι⁸
3186 5377 3329 5431 inter
3366 5380 3659 5450 scriptorcs
3715 5379 3815 5436 Hei

2209 5446 2423 5507 rusticae
2453 5446 2661 5513 laudat,
2706 5448 2802 5502 lib.
2829 5465 2864 5511 ι,
2894 5463 3011 5518 cap.
3041 5449 3093 5502 ‘l.
3119 5446 3231 5504 Non
3251 5447 3663 5505 confundendus
3686 5466 3814 5506 cum

2211 5524 2422 5577 Mnasea
2454 5522 2689 5592 Berytio,
2720 5519 2811 5588 qui
2849 5520 2918 5573 de
2944 5530 3062 5592 arte
3092 5519 3362 5592 rhetorica
3403 5529 3459 5576 et
3500 5521 3819 5579 nominibus

2210 5594 2403 5649 Atticis
2431 5591 2664 5660 scripsit,
2690 5599 2825 5645 teste
2853 5591 3039 5657 Suida,
3072 5601 3126 5645 et
3154 5591 3261 5646 alio
3298 5592 3538 5659 ejusdem
3575 5594 3817 5648 nominis

2210 5665 2387 5719 Lucro
2415 5678 2508 5717 Seu
2538 5661 2893 5731 Colophonii),
2918 5664 3008 5731 qui
3033 5663 3114 5733 (ut
3136 5662 3276 5716 idem
3297 5665 3595 5718 Athenaeus
3616 5664 3814 5733 refert)

2210 5734 3118 5805 inseriptoslususcomposuit,ob
3134 5734 3451 5805 varietatem
3464 5734 3684 5805 Salpetn
3710 5751 3815 5791 non

2211 5799 2461 5862 minatos.
2479 5802 2635 5862 Cant.
2660 5799 2878 5873 Nonni,
2905 5818 2957 5875 p.
2982 5801 3109 5862 iiii.
3137 5799 3321 5870 Voss.
3346 5804 3413 5863 de
3433 5799 3580 5867 Histi
3598 5803 3805 5877 Gram,
