4034 6280
185 366 343 428 1009

1528 375 1730 434 manu
1769 378 2116 449 ouan'rus.

3365 389 3508 447 1010

183 495 425 577 necesse
449 491 535 540 est
571 484 805 553 bareat,
837 500 906 544 ex
939 486 1136 558 quibus
1180 487 1249 545 ita
1279 488 1523 546 formatis
1552 492 1798 564 ﬁguratio
1826 497 1875 556 A
1901 492 2262 566 Capitolinum
2306 506 2364 553 ut
2380 499 2558 569 capiat
2584 509 2608 536 ει
2634 498 2826 557 collem
2847 542 2863 568 ,
2901 501 3041 557 viam
3079 503 3316 575 pandere
3345 514 3508 577 atque

185 574 297 630 ista
329 585 595 647 concepta
625 587 709 632 est
735 578 1037 635 nominum.

261 666 358 723 ιιι.
385 667 519 724 Nam
549 668 693 740 quod
723 669 878 727 nobis
911 681 1155 729 catervas
1190 674 1493 745 ignotorum
1533 675 1669 733 alias
1704 677 1785 733 in-

1890 587 2102 656 aperire
2127 589 2450 659 permissum
2483 598 2566 646 est
2593 608 2605 644 :
2637 591 2737 646 dea
2770 591 2949 646 Panda
2976 602 3062 648 est
3086 595 3354 665 appellata
3375 638 3391 662 ,
3414 598 3504 654 vel

1892 675 2131 733 Pantica.
2167 678 2307 736 Ante
2336 679 2474 735 facta
2510 681 2624 736 lnec
2651 697 2781 752 ergo
2823 698 3114 754 numquam
3145 683 3358 741 fuerant
3395 704 3495 742 nu-

185 758 396 816 ducitis
421 759 681 828 deorum,
709 762 1021 820 existimare
1049 780 1154 820 non
1186 781 1502 836 possumus,
1535 780 1786 827 utrumne
1887 771 2030 826 mina
2060 789 2076 826 :
2105 782 2159 828 et
2187 774 2288 829 nisi
2319 774 2576 830 Romulus
2600 776 2859 831 tenuisset
2882 777 2975 832 teli
2997 778 3314 848 traiectione
3336 781 3493 850 pala-

183 850 339 908 istud
369 852 543 918 serio,
572 862 734 924 atque
759 869 824 910 ex
856 855 936 911 rei
967 869 1257 928 comperta:
1301 858 1508 914 faciatis
1544 860 1650 916 ﬁde
1675 879 1689 917 :
1713 876 1781 918 an

182 942 504 1001 ﬁctionibus
523 945 770 1002 ludentes
785 949 954 1004 cassis
971 949 1306 1021 ingeniorum
1323 952 1612 1010 lasciviatis
1629 955 1776 1010 luxu.

179 1034 350 1104 Quod
391 1037 620 1108 abjectis
667 1038 959 1096 infantibus
1009 1043 1250 1113 pepercit
1294 1043 1418 1113 lupa
1453 1061 1558 1100 non
1609 1047 1777 1116 mitis,

178 1129 432 1202 Luperca
453 1172 468 1196 ,
497 1132 706 1200 inquit,
738 1132 836 1189 dea
865 1143 946 1190 est
975 1145 1195 1192 auctore
1221 1137 1485 1207 appellata
1516 1138 1777 1195 Varrone.

178 1224 264 1280 Ex
295 1239 479 1281 rerum
506 1241 634 1297 ergo
664 1237 959 1297 proventu,
990 1243 1095 1283 non
1125 1243 1192 1286 ex
1225 1230 1275 1284 vi
1302 1238 1510 1286 natura:
1550 1231 1650 1288 dea
1677 1232 1778 1288 ista

173 1325 270 1372 est
303 1316 550 1387 prodita?
576 1325 630 1373 et
659 1328 942 1391 postquam
966 1318 1112 1376 feros
1133 1334 1346 1376 morsus
1375 1321 1625 1377 immanis
1657 1336 1781 1393 pro-

172 1405 364 1464 hibuit
387 1407 584 1476 bellua,
614 1418 670 1465 et
690 1411 804 1481 ipsa
831 1425 953 1466 esse
971 1412 1229 1482 occepit,
1262 1421 1318 1469 et
1345 1412 1516 1484 ipsius
1541 1413 1776 1469 nominis

169 1500 596 1572 signiﬁcantiam
623 1505 816 1560 traxit?
839 1505 985 1560 autsi
1009 1504 1102 1560 luit
1109 1505 1422 1577 jamdudum
1443 1507 1566 1574 dea,
1591 1507 1768 1578 prius-

169 1609 345 1665 quam
373 1594 634 1652 Romulus
660 1606 971 1654 nasceretur
990 1607 1045 1654 et
1074 1597 1240 1654 frater
1267 1616 1280 1652 :
1313 1599 1467 1670 cujus
1487 1598 1650 1656 fuerit
1675 1615 1772 1656 no-

168 1686 342 1742 minis
365 1695 526 1759 atque
554 1688 938 1760 appellationis
973 1691 1294 1760 expromite.
1347 1691 1620 1748 Przestana
1649 1700 1763 1760 est,

167 1789 229 1836 ut
260 1781 585 1852 perhibetis,
607 1782 772 1850 dicta,
799 1782 940 1854 quod
969 1782 1228 1851 Quirinus
1249 1784 1302 1840 in
1327 1784 1485 1856 iaculi
1509 1785 1765 1841 missione

1883 863 2041 931 tium,
2082 865 2245 936 nique
2269 865 2551 936 Tarpeiam
2581 883 2770 938 rupem
2797 882 2890 924 rex
2919 867 3150 925 Sabinus
3180 871 3442 940 potuisset
3462 873 3493 913 ιι

1881 955 2145 1026 accipere,
2179 957 2325 1012 nulla
2353 968 2500 1014 esset
2530 959 2769 1022 Pantica,
2804 960 2952 1015 nulla
2983 959 3305 1017 Prtcstuna?
3337 964 3405 1018 Et
3434 965 3482 1020 si

1883 1053 1978 1107 has
2005 1054 2182 1110 dicitis
2211 1067 2336 1111 ante
2365 1059 2447 1112 sui
2478 1073 2695 1114 causam
2725 1058 2896 1115 fuisse
2926 1059 3265 1130 cognominis
3291 1101 3306 1125 ,
3337 1060 3486 1130 quod

1882 1142 1934 1198 in
1968 1145 2145 1214 priore
2182 1147 2470 1216 quaesitum
2515 1157 2598 1204 est
2642 1150 2852 1220 capite,
2886 1149 3039 1221 cujus
3083 1159 3138 1206 et
3176 1149 3260 1205 hae
3289 1151 3489 1206 fuerint

1880 1237 2183 1292 vocaminis
2213 1237 2466 1295 indicate.

1950 1328 2036 1384 IV.
2061 1329 2436 1388 Pellendorum
2472 1333 2704 1389 hostium
2745 1332 2844 1390 dea
2879 1342 3072 1404 potens
3105 1335 3343 1391 Pellonia
3384 1343 3495 1391 est.

1871 1419 2236 1488 Quorumnam
2263 1434 2310 1486 ο,
2346 1423 2447 1477 nisi
2485 1425 2768 1479 molestum
2807 1434 2928 1490 est,
2965 1425 3131 1481 edite.
3179 1425 3493 1496 Conﬂigunt

1869 1521 2083 1582 partes,
2134 1523 2294 1585 atque
2336 1515 2475 1570 inter
2499 1531 2558 1570 se
2583 1518 2830 1571 cominus
2859 1532 3133 1572 armorum
3188 1517 3486 1574 collatione

1865 1609 2158 1665 decernunt
2199 1627 2211 1664 :
2253 1619 2308 1666 et
2337 1609 2452 1666 haec
2483 1611 2559 1665 illi
2603 1621 2685 1666 est
2724 1626 2849 1682 pars
2881 1611 3051 1666 hostis
3075 1654 3090 1677 ,
3140 1621 3196 1667 et
3243 1610 3331 1666 illa
3363 1610 3490 1667 huic

1865 1697 2115 1755 hostilis:
2148 1716 2284 1772 quos
2323 1716 2452 1773 ergo
2489 1702 2732 1758 Pellonia
2756 1743 2773 1766 ,
2803 1718 2926 1758 cum
2972 1702 3095 1757 hinc
3129 1712 3183 1758 et
3219 1701 3345 1760 inde
3381 1718 3484 1775 pu-

1861 1793 2126 1863 gnabitur,
2154 1794 2343 1864 pellet,
2383 1803 2475 1849 aut
2502 1795 2557 1850 in
2585 1796 2812 1866 gratiam
2841 1810 3161 1851 concessura
3207 1805 3295 1852 est
3338 1813 3483 1869 quo-

164 1882 499 1931 cunctorum
541 1873 855 1946 praestiterit
884 1875 1123 1944 viribus;
1167 1885 1224 1934 et
1250 1877 1393 1950 quod
1425 1877 1548 1933 Tito
1577 1877 1751 1944 Tatio,
1787 1879 1836 1938 B
1863 1900 2004 1955 rum,
2027 1900 2150 1941 cum
2179 1887 2394 1958 utrique
2417 1886 2610 1945 debeat
2636 1887 2774 1960 parti
2800 1889 2884 1945 sui
2933 1887 3168 1944 nominis
3216 1887 3362 1944 vires
3404 1885 3489 1942 of-

581 1968 586 1970 “
1391 1993 1777 2058 LECTIONES
1841 2000 2266 2060 VARIANTES.

227 2109 257 2172 ἒ
300 2107 521 2172 Qsperet
541 2107 683 2172 Fulv,

227 2171 260 2212 ιι
298 2167 575 2223 Potivisset
596 2167 674 2221 vel
694 2171 928 2235 ccepisset
962 2169 1102 2222 Fnln.

1933 2118 1957 2146 ε
1995 2114 2282 2178 Quorumne
2304 2118 2420 2170 Sab.

1523 2281 2085 2345 COMMENTARIUS.

237 2395 527 2466 Iv‘iguratioi
542 2403 785 2463 concepta
813 2403 886 2449 est
914 2393 1198 2450 nominum.
1225 2393 1492 2454 Meursius
1531 2399 1771 2456 mavult:

156 2465 460 2522 numinum.
495 2465 699 2521 Οιιειι..

234 2537 576 2608 lll.——7Nam
601 2537 740 2608 quod
768 2536 913 2591 nobis
935 2546 1165 2591 catervas
1184 2537 1477 2608 ignotorum
1517 2540 1648 2595 alias
1687 2544 1774 2597 in-

156 2610 362 2663 ducitis
400 2606 642 2663 Deorum.
689 2609 763 2662 Ita
795 2607 1000 2678 primus
1027 2606 1335 2662 emendavit
1377 2606 1658 2678 Gelenius,
1685 2627 1773 2668 se-

157 2679 460 2806 ἓιιεηιὶῑιιιε
480 2679 715 2742 caneris,
739 2677 1001 2748 probante
1021 2678 1182 2733 etiam
1206 2677 1439 2734 Heraldo
1463 2680 1514 2734 in
1540 2677 1692 2736 Curis
1715 2699 1769 2737 ιι.

207 2750 352 2806 ditio
381 2749 635 2806 princeps
661 2763 912 2804 romana:
941 2759 1169 2804 catervas
1185 2749 1524 2806 signatorum.
1563 2753 1766 2806 Οιιειι..

207 2750 352 2806 ditio
381 2749 635 2820 princeps
661 2763 912 2804 romana:
941 2759 1169 2804 catervas
1185 2749 1524 2820 signatorum.
1563 2753 1766 2808 Οιιειι..

234 2820 476 2892 Luperco
518 2820 644 2875 Dea.
691 2820 964 2884 Lactant.,
1016 2820 1109 2892 lib.
1159 2835 1373 2892 t,rcap.
1406 2820 1517 2892 20:
1561 2820 1772 2879 Romuli

158 2889 345 2946 nutris:
377 2891 524 2960 Lupa
553 2894 832 2947 honoribus
861 2902 934 2945 est
972 2889 1158 2957 a/fecta
1199 2891 1418 2956 divinis;
1449 2891 1703 2960 Ovidius,
1731 2911 1769 2950 ιι

157 2962 341 3025 Fa3t.,
367 2963 482 3018 Lib.
504 2963 776 3033 lnseript.,
798 2977 917 3033 pag.
941 2963 1062 3020 l05.
1088 2961 1336 3030 lnscript.
1356 2978 1406 3015 ιιι
1428 2979 1442 3025 ;
1469 2961 1766 3032 Plutarch,

156 3034 212 3088 in
246 3035 520 3101 Romulo;
554 3033 824 3099 Juvenal.,
858 3042 960 3086 sat.
995 3049 1066 3087 ιιι.
1104 3033 1350 3088 Emesa.
1375 3059 1442 3074 -——
1467 3033 1629 3090 Deam
1660 3035 1770 3091 Lu-

195 3119 384 3161 ercam
431 3106 676 3161 eamdem
717 3106 881 3160 fuisse
927 3120 1048 3160 cum
1090 3103 1228 3159 Acca
1275 3103 1558 3170 Larentia,
1608 3105 1763 3163 docet

1873 2418 1925 2476 v_.
1958 2404 2182 2473 pandere
2206 2419 2224 2458 :
2257 2401 2407 2458 Hanc
2429 2402 2598 2476 Deam
2627 2403 2646 2476 (
2674 2402 2906 2476 Pandam
2932 2404 2951 2476 )
2983 2403 3162 2476 ditius
3187 2413 3334 2476 putat
3363 2420 3476 2460 esse

1877 2471 2153 2538 Cererem;
2183 2475 2272 2528 sed
2299 2475 2436 2545 quod
2475 2476 2528 2528 in
2571 2471 2772 2546 asylum
2811 2477 2898 2538 qui
2932 2471 3303 2546 confugisset,
3331 2477 3487 2546 panis

1875 2546 2106 2616 daretur,
2137 2561 2244 2599 esse
2275 2562 2458 2616 nomen
2499 2545 2694 2616 factum
2731 2562 2764 2599 a
2806 2562 2942 2616 pane
2968 2545 3175 2616 dando.
3212 2545 3345 2600 Vide
3371 2550 3485 2600 Au-

1875 2629 1996 2668 son.
2030 2615 2248 2685 Popm..
2280 2616 2347 2670 ad
2381 2615 2540 2685 libat.
2576 2615 2863 2681 Varronis,
2894 2615 3001 2670 vol.
3053 2632 3110 2682 ιι,
3143 2630 3263 2685 pag.
3296 2616 3401 2672 307
3429 2625 3489 2672 et

1874 2632 1996 2740 gon.
2030 2632 2248 2698 ropm..
2280 2632 2347 2670 au
2381 2632 2472 2670 nn.
2503 2632 2540 2668 ι.
2582 2632 2863 2681 varronis,
2894 2632 3001 2670 v01.
3053 2632 3110 2682 ιι,
3143 2632 3396 2740 pag._ow
3429 2632 3479 2672 ct

1913 2688 2001 2750 8t,
2032 2685 2099 2740 ed
2129 2685 2366 2756 Btpout.:
2397 2695 2450 2740 et
2475 2684 2540 2740 G.
2575 2685 2623 2741 J.
2658 2685 2841 2749 Voss.,
2883 2686 2951 2741 de
2992 2686 3141 2741 ldolo
3171 2726 3210 2750 .,
3257 2687 3354 2741 ltb.
3398 2702 3479 2754 ιι,

1873 2771 1993 2827 cap.
2025 2757 2095 2812 56
2120 2796 2134 2818 ,
2178 2771 2300 2826 pag.
2337 2756 2462 2827 l86.
2507 2756 2710 2810 ORBLL.
2736 2786 2806 2796 —-
2831 2756 3122 2827 Dionysius
3161 2756 3431 2811 llalicaru.
3459 2797 3480 2824 ,

1877 2826 1969 2880 lib.
2013 2842 2088 2891 ιι,
2131 2841 2254 2895 pag.
2289 2826 2414 2890 105,
2449 2828 2694 2880 meminit
2739 2826 2998 2895 virginem
3046 2827 3213 2891 illam,
3261 2843 3381 2896 qua:
3409 2828 3482 2882 ad

1878 2896 2199 2968 capiendum
2231 2896 2590 2968 Capitolinum
2614 2898 2814 2968 collem
2847 2896 2971 2952 Tito
2994 2897 3152 2968 Tatio
3178 2899 3319 2952 viam
3350 2913 3483 2967 pan-

1876 2966 2024 3023 disse
2050 2966 2344 3034 ferebatur,
2377 2968 2446 3021 ibi
2475 2967 2709 3034 sepulcri
2739 2966 2944 3022 honore
2970 2967 3247 3028 donatam,
3276 2966 3366 3022 ubi
3393 2983 3480 3024 ce-

1876 3037 2084 3093 ciderat
2108 3080 2123 3103 ,
2174 3037 2518 3106 redditasque
2549 3037 2623 3091 illi
2653 3039 2939 3105 quotannis
2967 3051 2999 3092 a
3030 3037 3288 3093 Romanis
3336 3039 3478 3094 infe-

1879 3110 2001 3163 rias.
2039 3109 2229 3164 Nonne
2260 3124 2390 3177 ergo
2421 3108 2726 3163 vcrosimilc
2755 3117 2836 3162 est
2861 3149 2876 3174 ,
2908 3123 3025 3162 eam
3081 3107 3282 3164 idcirco
3328 3109 3477 3164 Pau-

207 3157 418 3232 atati...
438 3157 749 3248 aturato:
765 3157 905 3248 Εἷςιζ,
929 3157 1049 3244 ea...
1072 3157 1162 3240 es,
1180 3157 1315 3248 pag:
1342 3157 1468 3239 257,
1502 3157 1763 3248 sema:
1791 3157 1836 3220 C
1869 3157 2385 3236 ίιέἷέὲιῖβιῖηἶῑεῖέὲ
2432 3157 3278 3248 ti.‘.‘.’.i;;a".‘t.;r..'m‘sugente};
3307 3157 3475 3235 ait...

153 3245 401 3303 Gronov.
433 3246 590 3303 Conl.
620 3246 759 3312 Liv.,
791 3247 925 3301 Hist.
958 3263 1004 3310 ι,
1038 3261 1160 3312 cap.
1188 3247 1241 3300 4.
1271 3247 1474 3302 Οιιειι..

229 3317 321 3373 Ea:
341 3335 514 3392 rerum
534 3335 655 3392 ergo
677 3328 921 3388 proventu
937 3360 952 3384 ,
978 3327 1082 3372 etc.
1112 3317 1168 3372 Id
1191 3327 1287 3392 est
1303 3320 1356 3373 ἐκ
1380 3318 1764 3392 συμβεβηκότος

153 3397 311 3446 τοῦτο
353 3391 562 3463 συνέβη.
596 3389 687 3463 Sic
709 3405 930 3463 annona:
947 3399 1219 3463 proventus
1239 3389 1645 3463 dixerat’s'upra.
1665 3391 1758 3463 lib.

154 3474 206 3527 ι,
225 3458 509 3529 cap.M,et
525 3461 808 3531 provenire.
831 3460 921 3516 lib.
939 3475 974 3515 ιι
993 3478 1004 3512 :
1025 3458 1135 3514 Nec
1148 3459 1275 3512 citra
1291 3461 1400 3529 ejus
1417 3471 1596 3531 nutum
1613 3461 1764 3526 quid-

151 3547 312 3602 quam
344 3541 504 3602 potest
527 3530 585 3585 in
614 3534 761 3585 rebus
789 3532 868 3587 vel
899 3531 1160 3602 provenire
1185 3531 1262 3584 vel
1291 3532 1491 3584 cadere.
1518 3530 1757 3602 ﬂensque.

150 3631 226 3642 --
247 3601 533 3656 Proventus
559 3617 657 3669 pro
685 3617 942 3657 successu
970 3601 1054 3656 vel
1085 3601 1244 3654 etiam
1278 3615 1378 3670 pro
1403 3612 1598 3655 eventu
1631 3601 1758 3657 sitn-

153 3672 372 3739 pliciter
397 3672 536 3742 apud
567 3674 802 3743 Optimus
841 3673 1155 3740 scriptores.
1190 3669 1478 3726 Ita’Cacsar
1507 3671 1575 3726 de
1605 3671 1760 3727 Bello

151 3743 326 3810 Gal|.,
350 3759 420 3799 vtt
441 3785 456 3808 ,
485 3758 606 3812 cap.
631 3743 730 3798 80:
760 3743 1000 3796 Omnium
1025 3743 1255 3813 militum
1270 3743 1450 3813 intenti
1477 3743 1640 3796 animi
1665 3760 1761 3813 pu-

149 3831 270 3883 gna:
299 3810 602 3882 proventum
623 3817 986 3882 expectabant;
1011 3822 1066 3866 et
1085 3827 1204 3881 cap.
1230 3810 1330 3867 29:
1361 3812 1549 3865 Errare
1565 3853 1582 3878 ,
1607 3815 1650 3867 si
1666 3810 1761 3883 ’qui

149 3831 270 3883 gnte
299 3831 602 3882 proventum
623 3831 986 3882 expectabant;
1011 3831 1066 3866 ει
1085 3831 1204 3881 cap.
1230 3831 1330 3867 zu:
1361 3831 1549 3865 errare
1565 3853 1582 3878 ,
1607 3831 1650 3867 st
1709 3831 1757 3867 ut

149 3886 203 3939 in
227 3887 365 3940 bello
385 3886 551 3940 omnis
571 3883 820 3938 secundos
841 3889 1009 3937 reruni
1032 3893 1302 3951 proventus
1343 3891 1623 3951 expectent.
1657 3831 1757 3938 13ὺὶ

147 3955 260 4009 vid.
301 3956 480 4009 Davis.
543 3965 598 4009 et
625 3955 830 4008 Morutn
864 3956 915 4008 iu
949 3953 1064 4009 Iud.
1096 3952 1253 4008 Conf.
1289 3952 1518 4007 Bentlei.
1549 3953 1614 4007 ad
1647 3954 1755 4007 Ma-

147 4025 276 4090 nil.,
308 4025 403 4079 lib.
439 4039 487 4091 ι,
516 4039 658 4079 vers.
686 4026 834 4088 41ος
863 4023 1238 4091 Oudendorp.,
1273 4025 1324 4076 in
1357 4022 1573 4092 Apulei.
1600 4023 1750 4093 Met.,

149 4097 244 4151 lib.
281 4112 348 4160 ιι,
382 4110 502 4166 pag.
526 4095 678 4166 7728;
711 4095 1059 4166 Bituemann,
1092 4093 1160 4148 ad
1192 4091 1435 4149 Lactant.
1468 4093 1625 4160 lnst.,
1657 4091 1749 4150 lib.

152 4183 220 4233 vt,
243 4183 376 4239 cap.
412 4168 479 4227 4,
511 4165 540 4239 ς
571 4168 627 4232 9,
658 4182 778 4236 pag.
811 4167 940 4239 illa.
969 4165 1169 4221 Οιιειι.

224 4235 357 4305 Ipsa
395 4235 774 4307 essc'occtepit.
831 4237 1178 4307 Verissitnatn
1225 4235 1362 4307 hanc
1392 4235 1682 4292 lectionem
1718 4253 1750 4292 c

153 4309 274 4364 cod.
314 4323 415 4364 ms.
462 4306 694 4364 restituit
719 4308 982 4364 Meursius
1010 4317 1065 4378 et
1091 4306 1372 4362 Heraldus.
1405 4307 1578 4363 Antea
1607 4308 1758 4378 lege:

155 4378 310 4435 batur
336 4399 348 4434 :
381 4378 510 4444 Ipsa
537 4396 642 4434 esse
671 4380 766 4433 hoc
793 4383 965 4446 erepit.
1003 4377 1206 4433 ORELL.

223 4450 293 4505 Et
322 4451 484 4520 ipsius
511 4451 732 4504 nominis
757 4451 1155 4520 signiﬁcantium
1183 4449 1357 4504 traxit.
1378 4447 1585 4505 Glossae
1608 4467 1622 4503 :
1654 4449 1746 4506 Si-

155 4507 478 4605 gni/iegatio,
523 4526 771 4605 Σῃμοξσίσε.
803 4507 999 4604 Fabius
1047 4520 1349 4605 Victorinus
1390 4520 1744 4605 prommio'i‘n
1771 4545 1827 4605 D

157 4591 246 4645 lib.
276 4609 292 4647 ι
319 4590 600 4648 Ciceronis
626 4593 695 4646 de
737 4591 1089 4646 luventione:
1121 4590 1220 4661 Ars
1257 4600 1352 4657 est,
1393 4607 1506 4661 quw
1542 4592 1746 4661 signiﬁ-

155 4665 374 4718 cantium
394 4665 473 4718 sui
499 4663 702 4731 plenam
729 4679 828 4716 non
853 4663 1000 4716 habet
1026 4702 1038 4714 .
1067 4701 1080 4714 .
1104 4701 1118 4713 .
1151 4659 1274 4715 licet:
1301 4659 1742 4731 vox'generi'stri-

157 4735 331 4799 plicem
371 4729 768 4803 signiﬁcantia»:
799 4733 966 4786 habet.
1004 4732 1244 4788 Lactant.
1273 4773 1288 4798 ,
1337 4729 1494 4794 lnst.,
1539 4733 1631 4786 lib.
1667 4749 1737 4799 tv,

156 4817 271 4871 cap.
311 4807 422 4860 26:
468 4803 809 4874 Queecumque
846 4805 980 4857 enim
1022 4811 1363 4874 passusest,
1393 4818 1501 4874 non
1538 4803 1744 4870 fuerunt

155 4875 360 4941 ittania,
391 4876 481 4929 sed
519 4872 802 4930 habuerunt
843 4872 1065 4944 ﬁguram
1102 4884 1150 4944 et
1191 4872 1587 4942 signiﬁcantium
1618 4890 1742 4944 rma-

154 4960 334 5011 gnam;
381 4955 436 5002 et
473 4946 664 5001 eodem
705 4961 849 5016 cap.,
886 4943 921 5016 ς
946 4945 1041 4998 l7:
1085 4943 1232 5016 Sicut
1261 4959 1417 5016 opera
1444 4944 1560 5016 ejn_s_
1582 4943 1740 5013 signi-

156 5016 410 5082 ficantium
440 5032 638 5088 quoque
663 5013 872 5088 majoris
898 5013 1160 5086 potestatis
1191 5013 1493 5088 habuerunt.
1521 5013 1740 5088 lienam

155 5095 207 5139 et
234 5084 473 5144 Emerui.
493 5084 1125 5149 —'Conf.'Bituctnann.,
1148 5085 1214 5140 ad
1240 5084 1482 5139 Lactant.
1510 5125 1526 5149 ,
1557 5085 1649 5139 lib.
1685 5101 1735 5150 ι,

303 5163 409 5218 535
432 5199 447 5226 ,
480 5167 536 5212 et
565 5159 816 5225 Mercer.,
849 5157 916 5213 ad
937 5157 1167 5213 Nouium
1197 5154 1462 5223 Marcell.,
1493 5170 1614 5226 pag.
1647 5155 1735 5210 82.

237 5245 349 5280 ELL.

203 5243 349 5287 ιιειι..

175 5307 179 5312 '
226 5299 511 5360 Prtestana.
546 5305 716 5367 Huius
745 5300 873 5357 Dea:
904 5299 1230 5356 mentionem
1269 5295 1409 5369 apud
1437 5295 1572 5352 alios
1602 5293 1740 5352 frus-

159 5375 504 5443 tragqutesivi.
538 5375 743 5432 OneLL.

227 5436 330 5518 ρέα
363 5445 564 5502 Panda.
597 5447 838 5518 Glossatg
872 5442 1321 5518 Rando,_stpl}mc
1350 5441 1456 5496 θιὰ.
1490 5436 1735 5493 Emesa.

161 5513 408 5586 —Hujus
451 5518 578 5575 Deae
621 5515 866 5574 meminit
900 5513 1072 5586 varro
1097 5513 1743 5586 ἰιιίαἰιιειιιειιιυεκιομα-

163 5586 276 5654 χίας
300 5580 465 5645 citato
503 5590 572 5645 ab
600 5591 664 5645 Α.
696 5587 904 5652 Gellio,
938 5584 1034 5639 lib.
1067 5598 1197 5650 xm,
1225 5580 1346 5652 cap.
1378 5580 1444 5638 2i
1475 5599 1488 5634 :

273 5696 343 5747 Te
368 5698 507 5750 Anna
531 5699 780 5751 Perenna.
807 5695 974 5746 Panda
995 5709 1056 5746 ιιι
1077 5708 1195 5754 λιτὰ,
1221 5692 1371 5743 Pales

276 5759 519 5813 Nerlones
541 5769 595 5813 et
619 5761 858 5820 Minerva,
883 5757 1098 5808 Fortuna
1120 5769 1177 5806 ac
1203 5755 1374 5808 Ceres.

162 5860 296 5925 Idem
321 5869 510 5940 Varro,
537 5869 606 5927 de
631 5869 751 5926 Vita
779 5868 911 5939 Pop.
944 5880 1109 5931 rom.,
1139 5863 1232 5919 lib.
1262 5878 1277 5918 ι
1305 5901 1320 5929 ,
1349 5876 1436 5933 ap.
1473 5860 1704 5920 Nonium
1723 5900 1741 5931 ,

1869 3266 2094 3305 numero
2120 3251 2144 3304 ?
2170 3251 2377 3306 Nouun.
2407 3265 2460 3318 p.
2491 3249 2618 3304 417.

1953 3321 2042 3374 νει
2079 3321 2315 3376 Pantica.
2349 3321 2478 3391 Ante
2507 3322 2643 3391 facta
2673 3322 2781 3374 lucc
2808 3336 2929 3390 ergo
2960 3336 3235 3390 numquam
3264 3324 3474 3391 fuerunt

1866 3394 2097 3445 numina.
2150 3393 2226 3447 Ita
2256 3392 2433 3446 editor
2457 3390 2628 3460 Lugd.
2673 3391 2792 3446 Bat.
2826 3391 3003 3444 Editio
3041 3390 3330 3460 princeps:
3375 3393 3462 3446 vel

1867 3461 2088 3534 Pantica
2115 3467 2392 3534 patefacta.
2419 3461 2487 3515 Et
2511 3463 2620 3534 haec
2646 3477 2785 3532 ergo,
2819 3472 2922 3516 etc.
2957 3463 3325 3534 vitiosissime.
3355 3461 3468 3534 Ge:

1865 3533 2043 3604 l_enius
2073 3532 2525 3604 deletpatefacta.
2560 3532 2663 3587 'l'lt.
2697 3533 2960 3604 Cauterus
2991 3532 3321 3604 inter-pungit
3337 3550 3360 3604 _:
3389 3533 3469 3586 vel

1870 3601 2108 3659 Pontica.
2141 3601 2420 3675 Patefacto
2442 3614 2488 3657 et
2510 3604 2619 3657 haec
2642 3619 2782 3674 ergo.
2811 3601 3158 3675 Stewechius
3177 3619 3192 3658 :
3222 3603 3298 3656 vel
3327 3601 3471 3675 Pan-

1862 3675 1964 3744 tica
1992 3686 2039 3729 et
2071 3677 2178 3730 haec
2204 3671 2346 3743 ergo.
2382 3674 2580 3728 Verum
2607 3683 2655 3727 et
2685 3671 2933 3744 tauquam
2963 3671 3293 3744 superﬂuum
3319 3672 3470 3728 delet

1863 3743 2148 3800 Heraldus.
2175 3744 2310 3798 Cod.
2338 3760 2438 3800 ms.
2469 3745 2661 3800 habet:
2687 3745 2729 3798 Α
2749 3743 2803 3798 te
2823 3747 2959 3814 facta
2976 3752 3022 3795 et
3049 3743 3160 3796 haec
3185 3759 3326 3814 ergo,
3355 3754 3461 3799 etc.

1860 3815 2006 3884 quod
2039 3816 2324 3870 manifeste
2357 3830 2454 3883 pro
2484 3825 2603 3868 ante
2632 3819 2792 3884 facta.
2825 3813 3029 3868 Οιιειι..

1933 3884 2125 3955 Nique.
2160 3884 2236 3940 Ita
2265 3885 2548 3955 legendum
2579 3899 2700 3939 eum
2729 3883 2955 3955 Gelenio
2983 3898 3081 3953 pro
3107 3900 3289 3954 neque,
3318 3884 3466 3954 quod

1860 3953 2345 4026 antea'legebatur'.
2377 3953 2560 4025 Neque
2579 3963 2724 4010 esset
2749 3953 3034 4025 apodosis,
3062 3953 3190 4025 quae
3211 3955 3314 4011 huc
3339 3953 3464 4011 loco

1857 4025 2212 4081 alienissima.
2245 4026 2450 4082 Οιιειι.

1943 4097 2256 4151 Vocaminis.
2292 4097 2463 4166 Supra
2495 4095 2590 4151 lib.
2618 4111 2672 4162 ι,
2704 4110 2824 4164 cap.
2855 4097 2917 4150 ὅς
2955 4095 3091 4168 Gens
3132 4105 3310 4150 nostra
3337 4097 3462 4168 feli-

1856 4166 2008 4220 citate
2038 4168 2224 4222 donari
2253 4170 2408 4223 huius
2434 4168 2712 4221 vocantinis
2739 4169 2947 4222 meruit.
2978 4167 3183 4223 Οιιειι..

1928 4237 2090 4292 lV.—
2119 4236 2483 4293 Pellendorum
2508 4241 2728 4292 hostium
2753 4239 2849 4292 dea
2875 4248 3052 4308 potens
3079 4236 3318 4308 Pellonia
3360 4249 3456 4292 est.

1855 4307 2164 4376 Attgustiu.,
2204 4310 2272 4363 dc
2319 4308 2433 4364 Civ.
2469 4310 2590 4375 Dei,
2647 4309 2739 4363 lib.
2773 4323 2845 4373 Iv,
2877 4307 3141 4378 ιαμβιξ
3171 4307 3297 4376 Cum
3324 4311 3460 4363 enim

1852 4389 1981 4433 esset
2030 4381 2315 4435 invocanda
2363 4390 2572 4450 prapter
2624 4383 2782 4450 fessos
2833 4379 2963 4450 diva,
2999 4377 3248 4431 Fessonia
3271 4396 3458 4450 ,_pro-

1853 4450 2141 4520 pterhostes
2154 4446 2484 4520 depellendos
2516 4446 2633 4503 diva
2665 4447 2924 4502 Pellonia.
2951 4446 3448 4520 Ειιιιξιιιιη-εοοιιΐ.

1853 4517 2036 4586 Voss.,
2063 4521 2131 4576 de
2159 4517 2373 4587 Idolol.,
2402 4521 2496 4574 lib.
2528 4535 2632 4581 vn,
2661 4533 2779 4586 cap.
2811 4520 2900 4579 18,
2934 4533 3053 4586 pag.
3089 4518 3210 4572 765.
3239 4517 3445 4573 Onus.

1925 4590 2046 4646 Nisi
2075 4593 2341 4646 molestum
2365 4599 2456 4645 est.
2485 4590 2752 4657 Scriptatu
2785 4588 3072 4641 lectionem
3101 4600 3212 4657 prec
3237 4588 3453 4655 vulga-ta

1849 4675 1982 4716 auro
2012 4672 2198 4716 contra
2231 4656 2862 4716 redimendatn'censeo:
2894 4657 2940 4710 si
2964 4671 3028 4710 ne
3057 4656 3327 4710 molestum
3349 4668 3444 4712 est.

1849 4731 1912 4786 Si
1950 4749 2014 4787 ne
2049 4731 2272 4785 vocibus
2309 4729 2589 4798 disjuuctis
2642 4741 2749 4784 non
2803 4727 2997 4798 minus
3031 4738 3178 4782 recte
3226 4727 3449 4796 dicitur,

1846 4817 2006 4870 quam
2035 4817 2063 4855 a
2091 4801 2330 4855 Titinnio
2354 4796 2410 4855 et
2438 4800 2628 4853 Plauto
2655 4798 2816 4861 nevis,
2848 4796 3050 4870 nevult,
3068 4813 3178 4870 pro
3206 4811 3314 4852 non
3341 4798 3449 4870 vis,

1847 4866 1953 4925 non
1984 4872 2116 4925 vult.
2152 4870 2399 4938 Nepurus
2427 4884 2523 4938 pro
2554 4882 2660 4923 non
2692 4882 2856 4937 purus
2885 4867 3024 4937 apud
3068 4866 3308 4923 Festum.
3357 4869 3448 4924 lti-

1845 4941 1965 4995 dem
1996 4958 2059 4994 ne
2086 4950 2220 4995 recte
2243 4957 2308 4995 ex
2352 4941 2558 5004 Plauto,
2612 4955 2675 5010 ne
2714 4941 2896 5010 funera
2928 4939 2993 5010 in
3041 4954 3201 5010 versu
3250 4938 3452 4995 Catulli

1844 5011 2228 5079 interpretatus
2256 5009 2600 5066 doctissimus
2628 5008 2792 5064 Janus
2837 5009 3090 5064 Mellerus
3140 5009 3441 5066 Palmerius

1845 5081 1896 5136 in
1926 5083 2037 5136 suis
2077 5081 2411 5151 Spicilcgiis,
2445 5096 2565 5150 pag.
2609 5081 2700 5137 '59.
2748 5081 2954 5151 Sinon
2999 5095 3097 5150 pro
3144 5081 3245 5135 nisi
3289 5081 3444 5136 Cice-

1843 5168 2028 5207 ronem
2047 5193 2065 5219 ,
2096 5147 2380 5216 Plautum,
2421 5147 2734 5207 Terentium
2757 5191 2772 5214 ,
2801 5147 3071 5222 Caesarem
3115 5165 3403 5222 usurpasse
3422 5191 3440 5217 ,

1841 5223 1975 5278 alias
1998 5223 2154 5279 docui
2182 5226 2233 5278 in
2261 5225 2484 5294 gratiam
2509 5223 2828 5292 jnventutis.
2859 5221 3152 5294 S'rt-zvvncu.

1917 5295 2018 5348 Aut
2042 5297 2096 5348 in
2122 5290 2343 5365 gratiam
2367 5290 2669 5348 concessum
2709 5301 2781 5347 est
2822 5308 3077 5365 quorum.‘
3099 5290 3155 5346 ld
3181 5299 3300 5365 est_:
3326 5291 3444 5365 qui-

1843 5364 1942 5420 bus
1967 5361 2194 5434 gratiam
2224 5375 2279 5420 et
2308 5364 2548 5420 favorem
2579 5379 2733 5434 suum
2765 5361 3280 5434 a(_:commodatura_1l
3326 5362 3438 5417 Ne-

1843 5451 1948 5506 que
1971 5430 2120 5491 enim
2146 5436 2303 5491 aliter
2331 5434 2586 5502 eXplicari
2617 5433 2776 5506 debet
2810 5431 2926 5486 hmc
2957 5431 3184 5501 phrasis.
3215 5430 3348 5486 Nam
3381 5441 3442 5488 ιιι

1844 5505 2120 5561 concedere
2151 5521 2246 5575 pro
2274 5506 2450 5560 cedere
2477 5505 2802 5574 accipiamus
2825 5541 2840 5566 ,
2893 5516 3103 5575 {equum
3154 5517 3259 5575 non
3310 5512 3438 5575 est:

1843 5580 1968 5648 quia
1999 5579 2066 5632 de
2093 5571 2332 5633 Péllonia
2364 5576 2485 5648 heic
2513 5571 2708 5648 agitur,
2743 5586 2852 5648 non
2882 5573 2948 5648 de
2976 5571 3214 5648 Cedonia
3234 5614 3248 5636 ,
3279 5583 3338 5626 ut
3365 5574 3440 5648 ita

1845 5641 2046 5702 ludam.
2071 5649 2248 5715 Quare
2275 5642 2580 5702 existimavi
2605 5641 2890 5715 aliquando
2917 5641 3232 5715 legendum:
3265 5645 3436 5715 autin

1843 5719 2006 5772 aciem
2053 5712 2356 5773 concessum
2399 5725 2472 5769 est
2511 5713 2767 5784 quorum?
2805 5712 2916 5784 Nec
2955 5712 3044 5768 me
3073 5714 3226 5767 istius
3253 5713 3441 5784 muje-

1845 5799 2012 5871 ctura:
2037 5789 2211 5871 adhuc
2237 5787 2476 5871 poenitet.
2509 5782 2748 5839 "suam.
2765 5782 3138 5871 —-Htec'sulnt'
3153 5799 3317 5839 mera:
3341 5782 3438 5871 air-‘-

1845 5859 2021 5930 gutitc.
2052 5859 2209 5929 Atqui
2237 5854 2290 5913 in
2313 5855 2538 5930 gratiam
2562 5870 2749 5914 eorum
2791 5854 3040 5913 concedit
3063 5854 3139 5927 (id
3165 5865 3246 5912 cst
3272 5854 3438 5929 cedit)
