4034 6288
520 349 659 405 1015

1659 348 1936 406 ARNOBII
1976 348 2345 408 ADVERSUS
2382 349 2654 409 GENTES

3703 353 3884 410 1016

514 476 599 520 est
638 480 669 520 e
700 465 892 536 populo
919 466 1217 534 numinum,
1248 480 1365 537 quae
1393 465 1675 524 obscmnas
1703 468 1819 523 illas
1843 477 1899 523 et
1929 469 2101 524 luteas
2128 484 2184 543 Α
2205 484 2322 525 rum
2353 469 2727 526 Nemestrinus
2754 477 2837 526 est
2879 488 2891 524 :
2938 470 3214 527 Patellana
3251 485 3461 527 numen
3491 480 3608 540 est,
3660 482 3724 528 et
3750 474 3879 529 Pa-

518 557 817 629 volnptates
878 559 945 613 ad
997 561 1197 615 exitum
1253 562 1461 631 perlicit
1502 561 1786 620 dulcedine
1845 562 2107 619 inoffensa

519 649 852 720 procedere?
878 649 1129 706 Etiamne
1153 650 1442 716 Pertunda,
1472 668 1590 723 qute
1613 653 1667 707 in
1689 653 1953 709 cubiculis
1973 670 2109 725 pra:-

518 749 603 796 sto
648 751 766 807 est,
808 743 1122 813 virginalem
1152 746 1399 801 scrobem
1445 744 1818 803 eﬂ‘odientibus
1858 747 2109 804 maritis?

516 831 767 888 Etiamne
797 832 1065 902 Tutunus,
1096 835 1249 905 cujus
1293 837 1614 894 immanibus
1663 838 1948 910 pudendis,
1981 839 2109 895 bor-

516 925 764 995 rentiqne
786 924 1011 993 fascina,
1035 937 1242 982 vestras
1280 928 1578 999 inequitare
1609 940 1902 996 matronas,
1934 939 1987 986 et
2015 944 2110 984 au-

518 1018 776 1089 spicabile
819 1020 1044 1087 ducitis,
1074 1029 1131 1076 et
1184 1024 1439 1088 optatis".
1467 1023 1621 1093 Quod
1665 1024 1711 1080 si
1752 1025 1972 1081 minime
2013 1039 2110 1082 vos

517 1110 812 1166 admonent
849 1110 915 1166 ad
957 1112 1287 1169 intellectum
1318 1113 1558 1170 veritatis
1584 1130 1671 1169 res
1710 1114 1839 1187 ipsa:
1869 1133 1883 1169 :
1916 1130 2015 1171 nec
2042 1131 2110 1171 ex

513 1205 647 1274 ipsis
673 1207 864 1260 saltem
896 1205 1118 1274 potestis
1165 1207 1472 1262 nominibus
1515 1221 1743 1264 noscere
1779 1209 2110 1264 inanissimte

515 1300 912 1369 superstitionis
945 1300 1196 1370 ﬁgmenta
1224 1300 1340 1357 haec
1363 1316 1518 1368 esse,
1545 1312 1600 1357 et
1625 1301 1882 1357 falsorum
1913 1301 2108 1372 imagi-

516 1391 766 1445 nationes
791 1390 1056 1446 deorum?
1097 1392 1468 1449 Putationibus
1489 1394 1741 1448 arborum
1765 1392 1921 1458 Puta,
1950 1392 2124 1464 inqui-

513 1474 618 1548 tis,
652 1491 851 1552 prrcstu
890 1490 1009 1549 est,
1042 1482 1207 1539 rebus
1257 1483 1502 1554 petendis
1542 1485 1669 1541 Pela
1699 1502 1713 1539 :
1758 1484 1898 1539 Deus
1924 1500 2113 1539 nemo-

2212 562 2357 631 tella,
2385 577 2451 617 ex
2493 562 2687 635 quibus
2716 578 2821 619 una
2847 572 2932 619 est
2956 563 3267 635 patefactis,
3300 563 3724 635 patefaciendis
3756 581 3876 623 re-

2212 651 2313 708 bus
2342 653 2510 708 sltera
2534 655 2853 723 praestituta.
2894 651 3123 711 Nodutis
3159 655 3362 712 dicitur
3396 657 3572 725 Deus,
3609 658 3749 728 quia
3790 658 3877 714 ad

2213 742 2384 798 nodos
2413 743 2658 815 perducit
2692 759 2781 801 res
2809 753 2990 801 satas:
3017 756 3074 803 et
3101 763 3223 818 qua:
3246 758 3451 817 praeest
3472 748 3746 821 frugibus
3766 750 3877 807 fe-

2212 835 2413 902 rendis,
2438 836 2729 894 Terensis:
2761 838 2829 893 ab
2865 839 3141 895 erroribus
3163 840 3370 896 viarum
3403 842 3518 898 Dea
3554 842 3772 899 Vibilia
3837 855 3869 883 ι

2213 927 2407 983 liberat
2438 946 2451 984 :
2490 929 2543 983 in
2573 928 2735 986 tutela
2758 938 2892 985 sunt
2917 928 3154 987 Orbonae
3180 931 3357 987 orbati
3396 932 3600 989 liberis
3634 949 3875 1005 paren-

2216 1028 2296 1074 tes
2328 1036 2341 1073 :
2372 1019 2426 1074 in
2456 1018 2676 1084 Narnia},
2709 1020 2902 1089 quibus
2924 1030 3167 1077 extrema
3191 1031 3321 1078 sunt
3348 1021 3378 1061 ιι
3411 1033 3700 1093 tempora.
3731 1024 3871 1082 iam

2213 1127 2334 1183 qua:
2354 1111 2509 1167 durat
2534 1121 2587 1167 et
2616 1112 2808 1168 solidat
2830 1112 3128 1171 infantibus
3156 1115 3339 1185 parvis
3361 1127 3554 1183 ossae,
3578 1117 3867 1191 Ossilago

2213 1204 2330 1271 ipsa
2377 1202 2725 1258 memoratur.
2775 1203 3026 1259 Mellonia
3073 1204 3183 1261 Dea
3226 1213 3312 1261 est
3357 1206 3580 1275 pollens
3609 1216 3866 1279 potens-

2212 1310 2318 1367 que
2362 1295 2415 1351 in
2463 1294 2687 1366 apibus,
2723 1295 2899 1351 mellis
2943 1310 3141 1352 curans
3179 1295 3624 1369 custodiensque
3655 1298 3870 1356 dulce-

2225 1388 2428 1444 dinem.

2485 1479 2688 1548 Dicite,
2714 1494 2749 1536 ο
2785 1440 3002 1552 quzeso,
3029 1489 3091 1537 ut
3137 1480 3209 1537 ita
3251 1481 3409 1540 vobis
3450 1484 3730 1558 propitia:
3782 1484 3871 1540 fa-

1734 1578 2121 1636 LECTIONES
2158 1575 2578 1635 VARIANTES.

591 1697 616 1723 ¹¹
651 1695 882 1753 leibilia
907 1696 1021 1746 Sub.

587 1758 617 1797 ιι
654 1757 827 1809 Addit.
853 1772 943 1809 ms.
971 1756 1153 1810 Omittit
1188 1756 1302 1808 Sub.

2284 1694 2306 1722 ο
2326 1690 2447 1742 Esse
2464 1703 2553 1741 ms.
2576 1691 2681 1755 ipsa
2698 1690 2816 1741 Sab.

1839 1838 2401 1901 COMMENTARIUS.

520 1951 723 2034 inlimis
777 1953 1049 2034 Maximiu.
1071 1992 1085 2019 ,
1132 1967 1263 2034 cap;
1290 1952 1349 2034 ιλ
1381 1953 1469 2008 ubi
1497 1952 1619 2008 vide
1649 1951 1879 2009 Salinas.
1915 1954 2111 2026 Script.
2145 1960 2194 2021 B
2220 1960 2401 2013 mentis
2428 1958 2776 2034 folliculorum
2796 1958 2944 2034 deum
2974 1957 3271 2034 Volutinam
3296 1976 3317 2016 :
3343 1976 3460 2015 cum
3486 1962 3725 2033 folliculi
3751 1981 3865 2034 pa-

521 2023 661 2094 His}.
686 2023 845 2094 Aug.,
876 2024 981 2078 vol.
1016 2040 1074 2091 ιι,
1107 2024 1285 2094 p318.
1309 2022 1510 2079 OnsLL.

596 2092 791 2147 Luteas'
824 2092 1123 2165 voluptates.
1150 2092 1360 2161 Luteas,
1391 2096 1441 2148 id
1473 2103 1556 2149 est
1584 2095 1921 2165 turpissimos
1941 2136 1956 2159 ,
1989 2111 2118 2151 con-

522 2165 906 2236 temptissimas
928 2164 950 2230 ,“
982 2166 1094 2219 luto
1125 2166 1363 2220 viliores.
1401 2164 1491 2221 Sic
1518 2180 1603 2236 ap.
1637 2164 1882 2222 Plautum
1912 2166 2118 2223 Trucu-

522 2235 679 2302 lcnt.,
710 2246 813 2290 act.
848 2250 919 2299 tv,
951 2251 1097 2290 scen.
1131 2252 1201 2302 tv,
1236 2251 1376 2292 vers.
1410 2254 1423 2291 ι
1453 2255 1466 2292 :

738 2327 897 2378 Blitea
923 2335 975 2378 ct
999 2328 1131 2378 lutea
1157 2335 1235 2378 est
1267 2329 1524 2379 meretrix.

520 2436 611 2491 ubi
641 2434 762 2490 vide
788 2436 960 2503 intpp.
1008 2435 1210 2490 Eodem
1259 2450 1420 2489 sensu
1446 2444 1727 2490 stercoreus
1752 2449 1838 2505 ap.
1868 2434 2117 2492 eumdem

526 2507 698 2561 Plant.
733 2506 841 2560 Mil.
867 2506 1038 2571 Glor.,
1070 2516 1173 2560 act.
1203 2522 1259 2571 ιι,
1288 2521 1433 2562 scen.
1464 2523 1501 2571 ι,
1536 2522 1675 2561 vers.
1710 2506 1814 2561 ηε

1370 2601 1515 2651 Miles
1538 2614 1679 2650 meus
1700 2601 1870 2660 herus,

622 2664 716 2721 Qui
741 2664 854 2713 hinc
871 2663 931 2712 ad
958 2663 1112 2712 forum
1137 2663 1275 2718 abiit,
1294 2664 1551 2725 gloriosus,
1579 2663 1855 2725 impudens,

626 2729 939 2787 Stercoreus,
968 2725 1147 2788 plenus
1164 2724 1365 2787 perjurii
1389 2733 1537 2788 atque
1561 2724 1812 2775 adulterii.
1848 2724 2026 2775 Oasu.

603 2828 890 2883 Pertunda.
926 2829 1283 2883 Tertullianus
1311 2828 1569 2883 adversus
1600 2827 1853 2883 Nationes
1877 2870 1889 2891 ,
1923 2828 2015 2882 lib.
2050 2842 2121 2893 ιι,

529 2916 649 2969 cap.
683 2901 742 2954 11
782 2920 794 2954 :
832 2900 898 2953 Et
925 2901 1018 2953 dea
1044 2899 1308 2954 Pertunda
1338 2912 1383 2953 et
1417 2900 1639 2969 Subigus
1668 2910 1713 2952 et
1746 2900 1931 2953 Prema
1965 2940 1977 2952 .
2003 2940 2015 2952 .
2039 2940 2051 2953 .
2074 2939 2086 2951 .
2109 2940 2121 2952 .

532 2972 726 3042 parcite
748 2973 830 3042 dei
857 2971 1174 3037 impudentes
1197 3012 1212 3037 ,
1243 2972 1553 3042 lactantibus
1577 2971 1778 3041 sponsis
1798 2986 1943 3042 nemo
1969 2971 2128 3042 inter-

530 3040 684 3096 uenit.
730 3040 1006 3108 Augustin.
1029 3083 1044 3106 ,
1085 3042 1153 3096 de
1194 3042 1309 3097 Civ.
1344 3042 1466 3106 Dei,
1494 3040 1587 3095 lib.
1608 3040 1696 3102 vi,
1728 3055 1846 3107 cap.
1872 3040 1942 3096 9:
1973 3041 2129 3094 Adest

533 3114 667 3166 enim
696 3113 790 3185 dea
826 3112 1154 3185 Virginiensis
1170 3154 1211 3185 ,_
1234 3123 1281 3167 et
1328 3113 1452 3185 deus
1494 3122 1643 3185 pater
1670 3111 1924 3185 Subigus.
1954 3121 2004 3185 et
2033 3112 2129 3166 dea

470 3226 481 3230 -
534 3193 699 3237 muter
724 3181 943 3250 Prema,
974 3195 1019 3237 et
1047 3184 1141 3238 dea
1174 3183 1437 3237 Pertunda
1455 3224 1472 3249 ,
1496 3181 1562 3238 et
1606 3182 1771 3235 Venus
1798 3192 1841 3235 et
1868 3181 2096 3249 Priapus
2115 3225 2131 3251 ,

536 3264 591 3308 et
616 3270 736 3319 quire
763 3265 1079 3323 sequuntur,
1114 3255 1366 3309 obscaena
1398 3268 1529 3308 sane
1560 3268 1621 3306 ac
1645 3254 1841 3322 turpia.
1871 3252 2074 3307 ORELL.

617 3323 926 3396 Virginulem
948 3325 1279 3380 scrobem.lta
1304 3325 1547 3394 Ettripid.
1564 3324 1857 3389 Pbmniss.,
1887 3339 2026 3378 vers.
2045 3324 2131 3380 18.

539 3401 766 3475 dissipent
793 3400 973 3475 τέκνῳν
1001 3396 1400 3475 ἄλιίζα.-Οιιει,ι,.
1468 3465 1501 3475 h
1526 3467 1558 3475 η
1631 3465 1662 3475 Α
1706 3466 1717 3475 .
1845 3464 1856 3475 ⁸

611 3464 865 3522 Titianus.
913 3468 986 3522 Ita
1012 3484 1043 3521 e
1070 3467 1205 3521 Cod.
1259 3482 1361 3520 ms.
1419 3465 1587 3521 edidit
1630 3464 1926 3521 Salmasius
1966 3464 2018 3519 in
2046 3464 2132 3518 ed.

536 3538 710 3606 Lugd.
746 3538 860 3590 Bat.
894 3548 947 3591 et
975 3538 1040 3590 ad
1066 3538 1263 3600 Solin.,
1295 3552 1414 3606 cap.
1452 3538 1551 3599 26,
1585 3552 1635 3604 p.
1668 3536 1799 3589 219.
1825 3535 1967 3589 Alii:
2013 3535 2135 3588 Mn-

541 3618 713 3661 tnnus.
733 3608 805 3661 De
825 3607 1120 3662 foedissimo
1139 3606 1240 3662 hoc
1258 3609 1367 3661 Deo
1387 3607 1509 3662 vide
1536 3607 1673 3662 infra
1707 3606 1771 3660 ad
1800 3622 1919 3672 cap.
1951 3607 2133 3661 11.10.

616 3678 776 3748 Cujus
802 3679 1108 3732 immanibus
1132 3679 1403 3747 pudendis,
1425 3690 1528 3732 etc.
1554 3677 1707 3733 Conf.
1739 3677 2049 3745 Augustin.,
2069 3678 2138 3733 de

540 3746 656 3803 Civ.
688 3746 807 3811 Dei,
844 3751 933 3805 lib.
967 3767 1040 3813 tu,
1074 3746 1194 3811 cap.
1227 3751 1287 3811 9;
1320 3750 1411 3803 lib.
1442 3766 1536 3813 xu,
1567 3766 1685 3815 cap.
1714 3751 1820 3813 ΞΗ
1864 3748 2133 3814 Lactant.,

541 3819 675 3893 Inst.
701 3836 738 3885 I,
769 3836 887 3889 cap.
921 3821 1010 3883 2?...
1044 3822 1071 3893 §
1099 3823 1189 3878 56.
1227 3822 1471 3876 Ειλιπκιι.
1505 3831 1559 3876 et
1584 3821 1823 3875 HERALD.

620 3890 768 3957 Quod
794 3894 838 3945 si
866 3890 1068 3945 minime
1083 3909 1168 3947 vos
1189 3893 1461 3947 admouent
1482 3894 1549 3945 ad
1570 3893 1875 3946 intellectum
1914 3891 2141 3945 ueritatis

543 3977 624 4016 res
653 3962 796 4030 ipsae.
854 3962 1058 4017 Sensus
1094 3974 1176 4016 cst
1208 3982 1221 4015 :
1253 3964 1405 4031 Quod
1433 3964 1475 4016 si
1506 3979 1592 4017 res
1614 3963 1763 4030 ipsae,
1792 3961 1841 4015 id
1863 3972 1947 4016 est
1969 3971 2140 4016 tanta:

480 4074 481 4077 η
544 4047 726 4087 rerum
760 4031 1027 4086 fteditates
1051 4073 1064 4097 ,
1099 4036 1292 4102 quibus
1320 4034 1630 4102 prmsidere,
1660 4034 1953 4087 creduntur
1978 4034 2139 4086 vestri

547 4104 665 4156 sive
692 4102 785 4169 dii,
813 4103 925 4157 sive
949 4103 1066 4158 dcte
1085 4144 1099 4166 ,
1129 4105 1171 4157 si
1201 4106 1438 4166 inquam,
1474 4120 1650 4158 rerum
1683 4102 2141 4173 ipsarttmllagitia

549 4173 770 4227 minime
794 4188 892 4227 vos
920 4174 1207 4227 admonent
1229 4172 1295 4227 ad
1315 4174 1642 4228 intellectum
1666 4176 1902 4228 veritatis
1919 4172 2045 4228 (hoc
2061 4183 2144 4228 est

548 4244 617 4297 ad
648 4243 1058 4311 intelligendum
1079 4284 1094 4307 ,
1136 4259 1380 4313 quamam
1414 4260 1535 4297 vera
1568 4255 1866 4297 vestrorum
1914 4243 2141 4298 deorum

550 4315 620 4368 sit
649 4314 905 4379 conditio,
936 4331 1038 4368 was
1062 4331 1128 4367 an
1159 4314 1249 4368 der
1275 4314 1443 4369 Sache
1467 4330 1585 4383 sey;
1625 4330 1726 4367 was
1746 4331 1813 4367 an
1839 4331 1991 4367 euern
2014 4313 2141 4367 Got-

552 4394 661 4438 tern
684 4388 813 4454 say),
847 4402 912 4439 ex
936 4387 1065 4454 ipsis
1090 4387 1279 4439 saltem
1306 4385 1579 4438 nominum
1601 4384 2018 4438 alisurditatibus
2050 4400 2145 4453 po-

2220 2029 2437 2105 tescunt,
2453 2038 2508 2105 ut
2532 2031 2674 2099 spica
2687 2039 2852 2096 exeat,
2869 2031 3025 2105 deum
3041 2029 3344 2087 Patelenam
3358 2049 3378 2105 ς
3394 2029 3514 2085 cum
3535 2045 3742 2105 segetes
3751 2029 3867 2092 ἠο-

2219 2100 2292 2154 vis
2316 2100 2489 2170 aristis
2504 2112 2771 2170 (aquantur
2793 2102 2913 2170 quia
2934 2112 3120 2157 ueteres
3136 2119 3341 2167 requare
3355 2104 3554 2158 hostire
3569 2100 3858 2169 dixerunt,

2220 2118 2292 2154 ms
2316 2118 2489 2153 amns
2504 2118 2771 2170 (aquantur
2828 2118 2913 2155 uia
2934 2118 3120 2157 veteres
3136 2119 3341 2167 requare
3355 2118 3554 2158 hostire
3569 2118 3858 2169 auxerunt,

2220 2171 2370 2243 deam
2402 2169 2711 2243 Hostilinam
2730 2188 2749 2225 :
2773 2118 3069 2242 ﬂorentibus
3086 2175 3353 2243 frumentis
3372 2173 3525 2228 deant
3560 2172 3640 2230 Fl
3650 2193 3799 2231 oram
3837 2194 3863 2231 :

2222 2242 2603 2296 lactescentibus
2632 2241 2783 2296 deam
2810 2241 3127 2297 Laclurtiam
3147 2260 3166 2297 :
3196 2248 3663 2300 maturescentibus
3692 2249 3857 2303 deam

2224 2310 2515 2385 Naturam;
2564 2329 2676 2367 cum
2720 2324 3023 2381 runcantur,
3073 2315 3129 2369 id
3158 2324 3283 2369 esta
3308 2326 3448 2369 terra
3498 2317 3850 2385 auferuntur,

2223 2385 2370 2457 deum
2411 2383 2722 2457 Run_c_inam.
2750 2384 3016 2457 Ctuterum
3045 2386 3193 2441 varie
3217 2386 3513 2441 scribitur:
3546 2384 3809 2445 Nodotus
3834 2383 3854 2457 ,

2228 2454 2487 2521 Nodulus,
2513 2453 2758 2511 Nodutis.
2786 2456 2989 2512 ORELL.

2298 2525 2365 2579 Et
2385 2543 2499 2596 quia
2528 2538 2707 2594 pra'est
2735 2527 2968 2599 frugibus
2986 2529 3231 2595 terendis,
3268 2527 3530 2583 Terensis.
3581 2529 3855 2587 Ter-endis

2228 2612 2325 2667 pro
2355 2600 2599 2669 ferendis,
2646 2599 2785 2669 quod
2825 2611 2982 2654 antea
3010 2600 3311 2666 legebatur,
3341 2600 3583 2655 restituit
3610 2602 3853 2659 Gratius

2226 2669 2364 2737 apud
2395 2669 2703 2724 Meursiunt.
2743 2670 3175 2725 Elmenhorstius
3206 2682 3262 2726 et
3289 2671 3638 2727 Stewechius
3662 2674 3852 2729 dede-

2228 2751 2353 2811 runt
2392 2759 2404 2793 :
2438 2749 2483 2794 et
2503 2742 2623 2810 quia
2670 2752 2850 2811 praeest
2876 2742 3109 2811 frugibus
3133 2743 3376 2807 terendis,
3429 2741 3845 2801 Nodsuerensis.

2228 2810 2487 2885 Equidem
2530 2812 2694 2885 nolim
2718 2810 2915 2883 aliquid
2946 2813 3174 2868 delinire
3206 2814 3256 2867 in
3285 2828 3344 2868 re
3375 2813 3577 2868 incerta
3611 2830 3852 2885 prorsus

2228 2895 2292 2935 ac
2316 2881 2496 2935 dubia.
2527 2881 2727 2937 OaELL.

2314 2951 2516 3007 Vibilio.
2549 2953 2692 3022 Lego
2735 2953 2930 3008 Vehilia
2958 2970 3027 3009 ex
3052 2956 3386 3023 conjectura.
3422 2954 3555 3009 Nam
3587 2958 3723 3012 veha
3749 2975 3851 3015 ve—

2233 3022 2438 3077 teribus
2493 3025 2694 3079 Latinis
2725 3026 2824 3091 via,
2855 3034 2993 3079 teste
3027 3022 3287 3090 Varrone,
3313 3026 3383 3081 de
3432 3026 3515 3081 Re
3544 3040 3714 3092 rttsl.,
3743 3031 3846 3084 lib.

2156 3097 2203 3159 α
2235 3108 2278 3167 t_,_
2296 3108 2415 3163 cap.
2450 3095 2505 3149 2.
2534 3097 2637 3150 Aut
2661 3106 2808 3167 certe
2834 3095 3052 3158 Venilia.
3078 3096 3147 3151 de
3162 3113 3265 3167 qua
3294 3107 3377 3151 est
3401 3098 3545 3166 apud
3576 3101 3849 3157 eumdem

2243 3164 2557 3232 Varronem,
2590 3167 2656 3220 de
2689 3166 2840 3234 Ling.
2877 3167 2994 3232 lat.,
3029 3168 3123 3222 lib.
3152 3164 3230 3221 Iv.
3261 3164 3468 3224 Menas.

2312 3234 2549 3311 Orbonae.
2585 3238 2805 3311 Plinius,
2834 3238 2967 3311 Hist.
2998 3248 3151 3311 _nat.,
3182 3239 3274 3292 lib.
3303 3254 3362 3304 ιι,
3392 3255 3512 3311 cap.
3540 3242 3572 3295 7
3605 3260 3621 3297 :
3667 3242 3850 3300 Orbo-

2240 3322 2319 3359 ηαξ
2348 3308 2550 3376 (fanum
2577 3312 2684 3378 est)
2709 3308 2777 3361 ad
2800 3309 2960 3362 aedem
2984 3308 3235 3373 Larium;
3282 3312 3373 3365 ubi
3394 3308 3578 3367 autem
3611 3312 3847 3371 Orbona

2239 3386 2321 3454 est
2347 3378 2756 3454 non‘orborum_
2789 3380 3002 3454 tutatrix
3025 3422 3040 3446 ,
3082 3382 3397 3454 sed‘potius
3425 3383 3526 3437 dea
3551 3423 3566 3448 ,
3599 3400 3731 3454 qua:
3758 3387 3851 3440 af-

2240 3446 2341 3526 fert
2362 3451 2669 3526 orbitatem.
2716 3449 3072 3526 Conjungitur
3119 3446 3418 3526 cnimeum
3446 3446 3848 3526 niorbi's.,pes-

2240 3518 2381 3591 tibus
2406 3521 2584 3591 ,ﬁl‘ebri
2631 3520 2877 3591 malaque
2903 3520 3112 3575 fortuna
3149 3524 3201 3576 in
3243 3523 3469 3577 deorum
3497 3518 3729 3580 censum
3759 3543 3848 3583 re-

2242 3588 2615 3663 latis.Eodem
2656 3588 2816 3645 sensu
2844 3599 2897 3645 et
2937 3592 3308 3648 Tertullianus
3355 3596 3421 3648 ad
3462 3597 3610 3661 Nat.,
3646 3598 3746 3653 lib.
3783 3616 3845 3663 tt,

2238 3674 2357 3728 cap.
2391 3662 2455 3716 14
2480 3678 2495 3715 :
2526 3660 2783 3715 Orbonam
2808 3663 2984 3725 deam,
3015 3679 3131 3730 qua:
3153 3667 3206 3718 in
3235 3664 3501 3720 orbitatem
3526 3670 3731 3721 semina
3755 3660 3851 3724 ex;

2242 3730 2457 3807 tinguat.
2488 3732 2621 3807 Vide
2644 3733 2930 3807 _llardui_n.,
2963 3734 3030 3788 ad
3082 3734 3246 3800 Plin.,
3280 3736 3315 3790 Ι.
3337 3751 3377 3801 ι,
3413 3752 3532 3807 pag.
3566 3738 3660 3802 72,
3691 3755 3749 3794 et
3775 3742 3842 3796 (ἰ.

2240 3800 2289 3855 .l.
2324 3801 2474 3869 Vos.,
2506 3802 2813 3877 de_ldoloi..
2848 3804 2940 3858 ltb.
2966 3821 3089 3865 vui,
3127 3819 3247 3875 cap.
3284 3800 3369 3872 l7,
3558 3800 3686 3864 759.
3717 3811 3843 3867 Ca:-

2244 3881 2437 3935 terum,
2481 3884 2537 3927 ut
2569 3874 2703 3929 bene
2722 3875 2976 3949 observat
2998 3874 3357 3949 Stewrchius,
3382 3874 3560 3932 orbum
3588 3880 3848 3938 dixerunt

2242 3954 2453 3999 veteres
2478 3956 2583 4023 tam
2617 3947 2926 4023 patretnqui
2948 3947 3356 4023 liberos,qttani
3391 3949 3718 4023 liberosqui
3752 3969 3847 4023 pa-

2245 4023 2399 4080 trem,
2434 4018 2759 4070 atnisissent.
2795 4017 2914 4071 Vld.
2947 4018 3091 4073 Fest.
3146 4017 3225 4072 v.‘
3252 4019 3411 4073 Orba.
3464 4017 3843 4079 Plinii-verba

2243 4083 2510 4162 descripta
2545 4087 2794 4162 videntur
2812 4103 2843 4141 e
2863 4087 3145 4162 CicerOne,
3178 4091 3246 4146 de
3272 4091 3391 4145 Nat.
3418 4090 3597 4157 deor.,
3633 4091 3729 4148 lib.
3763 4112 3843 4162 stt,

2243 4171 2362 4225 cap.
2396 4158 2485 4223 25,
2517 4158 2604 4211 ubi
2633 4158 2740 4212 vid.
2770 4159 2944 4213 Davis.
2979 4161 3180 4216 URELL.

2318 4226 2538 4283 Numida.
2575 4229 2696 4282 Dea:
2727 4229 2942 4295 Nzenim,
2992 4232 3251 4289 extremis
3279 4233 3401 4287 vitm
3431 4248 3529 4288 seu
3560 4234 3845 4291 funeribus

2245 4301 2532 4373 prreleetaa,
2563 4299 3000 4373 sagellnurexn'a
3053 4313 3264 4373 portam
3297 4303 3647 4369 Viminalem,
3682 4309 3844 4361 sicuti

2244 4385 2308 4423 ex
2327 4369 2513 4423 Paullo
2538 4381 2589 4424 et
2617 4370 2778 4425 Festo
2804 4369 3081 4438 discimus,
3104 4384 3477 4429 consecratum
3503 4377 3621 4429 fuit.
3647 4377 3722 4432 De
3748 4379 3847 4430 bat:

552 4457 716 4532 testis
736 4440 786 4509 id
805 4440 989 4532 luisse,
1019 4466 1123 4532 c_t_c.
1153 4457 1456 4532 Adntoneut,
1487 4455 1632 4532 quod
1664 4440 2131 4532 liabrtitﬁeletiius

2248 4440 2600 4532 ιδιιειιειίιιιιε,
2632 4441 2699 4496 de
2724 4440 2838 4495 Civ.
2877 4444 2990 4532 Dei.
3025 4445 3116 4498 lib.
3144 4463 3219 4507 vt.
3251 4462 3370 4532 cap.
3405 4447 3540 4510 9,ex
3574 4447 3845 4532 Varrone:

551 4537 605 4581 et
630 4526 924 4581 Salmasius
950 4569 963 4589 ,
1005 4528 1213 4581 videtur
1242 4544 1272 4581 c
1301 4526 1433 4580 Cod.
1468 4542 1568 4581 ms.
1602 4526 1837 4580 llttxiSsc.
1862 4524 2014 4579 Fulv.
2045 4524 2139 4580 Ur-

551 4598 656 4652 sin.
688 4598 830 4665 conj.
860 4600 1165 4664 adorarent,
1220 4599 1481 4666 probante
1528 4597 1779 4652 Heraldo.
1826 4594 1931 4650 Sed
1962 4611 2146 4663 parum

554 4678 645 4721 aut
675 4668 804 4722 nihil
829 4670 1015 4734 refert,
1039 4679 1160 4723 utro
1188 4670 1349 4725 modo
1370 4670 1627 4737 legamus.
1655 4668 1938 4732 Meursius,
1974 4668 2145 4721 locum

557 4738 802 4793 luxatum
846 4740 1096 4807 credens,
1136 4740 1297 4795 verba
1327 4758 1339 4793 :
1373 4739 1523 4805 Quod
1549 4741 1594 4793 si
1623 4740 1829 4793 minime
1848 4755 1934 4792 vos
1963 4738 2146 4791 admo-

555 4819 808 4880 nent..."
832 4820 878 4862 et
904 4812 1149 4879 falsorum
1188 4811 1576 4880 imaginatioues
1618 4810 1828 4864 deorum
1852 4850 1866 4874 ,
1898 4818 2148 4880 transpo-

560 4879 734 4933 nenda
774 4878 961 4935 censet
984 4882 1037 4935 in
1067 4883 1226 4937 linem
1257 4878 1461 4951 Capitis
1485 4890 1607 4950 post
1635 4881 1798 4936 verba
1827 4898 1840 4934 :
1871 4878 2037 4934 mellis
2054 4878 2152 4933 cu-

556 4965 680 5019 rans
709 4952 1091 5019 custodiensque
1113 4952 1449 5005 dulcedinem.
1478 4952 1683 5006 ORELL.

633 5017 904 5072 Puta.....
956 5017 1193 5075 Pela.....
1245 5022 1616 5076 Nemcstrinus.
1672 5022 1872 5077 Horum
1924 5021 2150 5076 deorum

562 5090 685 5163 alib_i
717 5091 859 5163 nulla
889 5093 1094 5145 notitia.
1123 5092 1255 5147 Vide
1280 5092 1463 5163 Voss,
1496 5094 1563 5148 de
1590 5093 1800 5155 ldolol.,
1832 5091 2047 5163 p356.
2070 5090 2145 5145 In.

642 5159 914 5215 Patellana
940 5178 1124 5234 numen
1173 5172 1245 5217 est
1273 5172 1320 5215 et
1369 5162 1591 5234 Patella.
1623 5159 1846 5234 Papiasi
1877 5162 2154 5217 Patellana

567 5231 677 5285 Dea
720 5249 754 5285 a
800 5234 1014 5304 paganis
1052 5233 1265 5297 dicitur,
1303 5249 1417 5285 cum
1447 5233 1668 5302 folliculi
1695 5231 1952 5304 :messium
1983 5244 2152 5304 pates-

567 5311 708 5368 cunt,
733 5303 821 5356 aut
850 5303 882 5357 ἐ
904 5305 1057 5368 spicis
1083 5313 1284 5358 exeunt.
1315 5304 1559 5357 ELIIENH.
1583 5333 1653 5344 —
1684 5303 1983 5359 Patelenam
2024 5303 2154 5359 dicit

567 5374 898 5436 Augustinus
927 5374 1046 5429 loco
1074 5389 1231 5442 quem
1261 5390 1382 5429 mox
1418 5375 1722 5428 citabimus.
1750 5376 1953 5429 Οιιειι..

641 5442 1022 5515 Patefaciendis
1043 5446 1210 5500 rebus.
1257 5448 1448 5500 Annon
1479 5446 1760 5515 legendum
1793 5446 2155 5513 patefaciendis

566 5514 881 5585 seminibus?
937 5516 1068 5571 Nam
1119 5518 1224 5571 Dea
1264 5530 1513 5585 agrorum
1544 5514 1855 5572 Patellana.
1894 5516 2023 5571 Vide
2053 5517 2155 5571 Pa—

569 5582 670 5651 piae
700 5584 871 5638 locum
895 5589 1052 5641 modo
1078 5582 1369 5642 laudatum.
1399 5585 1603 5643 ORELL.

644 5651 888 5708 Nodutis.
941 5657 1288 5727 Augustinus,
1314 5659 1382 5714 de
1403 5659 1520 5713 Civ.
1551 5658 1689 5724 Dei.,
1727 5658 1820 5711 lib.
1851 5672 1927 5723 tv,
1948 5670 2068 5724 cap.
2096 5657 2151 5711 8:

569 5719 919 5800 Pus-fecerunt
938 5719 1057 5800 ergo
1080 5719 1437 5799 Proserpinam
1454 5719 1721 5800 frumentis
1735 5719 2157 5800 germinanlibus’:

561 5794 808 5857 geniculis
853 5794 1098 5867 uodis'que
1132 5794 1413 5856 culmorum
1436 5794 1587 5856 deum
1615 5794 1879 5856 Nodotum
1902 5815 1921 5854 :
1944 5798 2151 5854 involu-

2262 4509 2422 4586 Vnrro
2473 4527 2869 4586 commemorare
2897 4525 2941 4568 et
2971 4532 3270 4570 enumerare
3319 4509 3455 4570 deos
3473 4519 3628 4586 coepit
3657 4535 3692 4571 a
3718 4535 3848 4573 cou-

2246 4582 2482 4661 ceptione
2501 4583 2740 4661 hominis,
2772 4600 2981 4654 eamque
3004 4589 3182 4661 seriem
3210 4588 3452 4661 produxit
3476 4582 3637 4661 usque
3662 4590 3732 4642 ad
3758 4592 3852 4644 de-

2247 4653 2427 4727 crepiti
2461 4653 2680 4709 hominis
2708 4664 2918 4710 mortem
2945 4698 2959 4718 .
3008 4668 3055 4710 et
3082 4653 3220 4713 deos
3249 4657 3318 4711 ad
3368 4653 3561 4727 ipsum'
3588 4653 3847 4716 hominem

2250 4723 2550 4792 pertinentes
2602 4727 2783 4800 clausit
2802 4727 2871 4779 ad
2901 4727 3140 4783 Narniam
3167 4731 3335 4795 deam,
3359 4723 3474 4800 qua:
3499 4730 3550 4783 in
3579 4733 3851 4799 funeribus

2248 4809 2425 4870 senum
2442 4803 2696 4870 cantatur.
2721 4795 2893 4870 Noun.
2925 4815 2976 4870 p.
3012 4801 3135 4855 426.

2319 4864 2441 4939 Jagn
2461 4882 2576 4939 quae
2626 4869 2799 4922 durat.
2820 4868 2910 4927 Sic
2925 4864 3073 4927 edidi
3127 4887 3193 4927 ex
3222 4870 3605 4928 emendatione
3626 4872 3848 4933 Meursii

2252 4951 2349 5007 pro
2374 4935 2515 4991 Nam
2538 4955 2651 5006 qua:
2674 4940 2845 4994 durat.
3096 4965 3100 4969 ’

2327 5006 2582 5085 0ss_ilugo.
2619 5011 2925 5085 Legendum
2947 5012 3031 5068 vel
3061 5027 3182 5069 cum
3200 5014 3434 5070 Canteru
3455 5014 3734 5085 Ossipago,
3759 5018 3848 5073 vel

2252 5078 3036 5206 ggniosntszvecbio'Ossipanga.
3067 5085 3194 5141 Vide
3221 5100 3383 5157 supra
3402 5087 3469 5141 ad
3491 5078 3589 5141 lib:
3610 5078 3692 5155 ιιῖ,
3719 5078 3844 5160 cap.

2329 5189 2342 5203 .
2524 5168 2572 5206 ι.

2329 5189 2342 5203 .
2370 5167 2572 5207 υιιΒιιι..

2329 5220 2594 5296 Mellam’a.
2628 5225 3021 5293 Augustin.,de
3042 5225 3158 5281 Civ.
3192 5227 3308 5293 Dei,
3331 5227 3425 5283 lib.
3454 5234 3526 5296 tv,
3575 5242 3698 5296 cap.
3733 5231 3805 5285 54
3833 5252 3846 5289 :

2256 5293 2385 5367 Siue
2413 5293 2618 5364 Segetia
2658 5306 2867 5367 segetes,
2888 5296 3021 5367 _sine
3072 5297 3279 5353 Bobova
3324 5301 3489 5364 boves,
3515 5293 3699 5355 ’mella
3740 5304 3851 5357 sine

2258 5363 2521 5442 ῥιειιιζιξαξἶ
2566 5363 2850 5442 ῃοηιέίεὺιε
2878 5365 3128 5423 Pomona.
3172 5372 3417 5426 Εωιεμιι.
3445 5401 3517 5412 —
3546 5372 3812 5429 Meursius
3831 5416 3845 5442 ,

2255 5435 2361 5505 leg.
2384 5435 2640 5505 ,Mellona.
2666 5436 2869 5493 OBELL.

2331 5504 2542 5587 νιιις-
2572 5509 2753 5587 Dicite,
2794 5525 2837 5587 (ζ
2862 5521 3145 5587 quaeso,__ut
3189 5513 3261 5587 ita
3290 5513 3447 5587 nobis
3488 5513 3734 5587 propitia:
3776 5518 3848 5587 fa-

2257 5587 2404 5654 peaut
2430 5578 2579 5644 Pera,
2614 5578 2772 5654 Puta,
2799 5578 3023 5636 Patella.
3055 5582 3143 5637 Sic
3171 5584 3341 5641 editio
3372 5578 3561 5654 prima.
3588 5578 3665 5640 Ἀι
3692 5578 3845 5643 Fuiv.

2258 5651 2487 5726 Ursinus
2537 5652 2851 5726 particulam
2899 5663 2954 5706 ut
2997 5651 3409 5726 exterminavit,
3450 5671 3571 5726 qua:
3599 5670 3735 5713 sane
3760 5675 3847 5714 re-

2259 5720 2474 5801 tinenda
2502 5731 2638 5801 erat.
2672 5721 2762 5777 Sic
2793 5726 3017 5801 passim,
3040 5724 3241 5801 veluti:
3289 5738 3346 5781 ut
3379 5720 3524 5801 illum
3543 5729 3615 5781 dii
3642 5728 3850 5801 datque

2258 5793 2452 5848 senium
2499 5794 2733 5863 perdant,
2780 5806 2835 5851 et
2863 5797 3075 5852 similia.
3105 5796 3371 5856 Observat
3402 5793 3850 5869 diligentissiaius
