4034 6332
175 396 370 463 ’1045
406 432 417 439 ~
1558 404 1767 464 LIBER
1805 408 1826 474 (

1939 408 2159 468 iBTUS.

178 517 452 577 foedera
472 521 714 593 genialis
743 535 805 578 se
832 520 1015 578 lectuli
1046 522 1449 593 expugnatione
1469 521 1690 593 jecisse.
1718 523 1863 582 Sub-
1888 529 1943 594 Α

185 615 489 671 sessoris
526 626 584 673 et
610 616 839 674 adulteri
860 630 1091 688 persona
1120 617 1275 687 cujus
1309 626 1458 673 esset
1487 618 1858 689 turpitudinis,

185 717 372 765 nota:
408 712 612 781 cujus,
643 722 833 782 regum
862 711 1131 766 maximus
1156 709 1468 777 nesciebat,
1518 721 1573 766 ct
1609 712 1858 782 specula-

191 811 303 859 tor
345 803 460 859 ille
480 846 499 873 ,
540 812 598 859 ut
626 803 769 860 fama
801 813 886 863 est
907 846 923 871 ,
955 806 1097 860 bene
1125 806 1474 870 meritorum,
1507 818 1573 860 ac
1596 805 1853 874 pessime,

190 896 517 968 quidnam
562 898 782 954 deceret
837 912 897 954 se
919 898 1062 953 velle
1119 896 1420 953 rationibus
1464 898 1702 967 pectoris
1749 911 1855 953 non

194 990 623 1060 perspiciebat
645 989 875 1045 amissis.
899 989 969 1045 Et
996 990 1213 1046 tolerari
1236 989 1459 1045 forsitan
1487 990 1631 1045 male
1660 998 1858 1045 tracta-

197 1081 292 1137 tio
326 1080 471 1136 lucc
508 1090 716 1154 posset,
749 1082 794 1137 si
822 1098 943 1138 cum
962 1083 1155 1139 saltem
1178 1082 1427 1153 personis
1450 1082 1855 1153 conjungeretis

201 1177 625 1247 comparibus,
653 1184 708 1232 et
735 1175 948 1232 adulter
973 1190 1001 1230 a
1033 1177 1185 1232 vobis
1216 1176 1603 1231 immortalium
1644 1176 1851 1232 constio

197 1274 499 1323 tueretur
540 1268 784 1324 dearum.
816 1268 873 1324 In
912 1268 1162 1324 humanis
1193 1283 1324 1324 vero
1349 1270 1670 1339 corporibus
1692 1268 1852 1338 quid-

200 1373 382 1424 nam,
407 1374 632 1431 quaeso,
650 1361 825 1417 inerat
842 1360 1278 1431 pulchritudinis,
1302 1360 1433 1432 quid
1452 1360 1688 1428 decoris,
1707 1361 1850 1432 quod

196 1452 505 1521 irritare,
557 1454 699 1524 quod
742 1452 965 1512 ﬂectere
1004 1454 1205 1524 oculos.
1232 1464 1415 1527 posset
1466 1454 1521 1509 in
1561 1467 1620 1510 se
1667 1452 1853 1510 Jovis?

200 1547 436 1617 Cutes,
471 1550 685 1606 viscera
706 1592 721 1617 ,
753 1553 938 1621 pituita
968 1594 983 1617 ,
1023 1562 1185 1622 atque
1227 1551 1403 1605 omnis
1447 1550 1541 1604 illa
1570 1550 1852 1621 proluvies

199 1640 628 1697 intestinorum
644 1642 745 1699 sub
759 1643 1049 1697 involucris
1062 1643 1374 1707 constituta,
1393 1654 1673 1712 quamnon
1688 1641 1850 1698 modo

201 1732 496 1805 Lynceus
516 1736 606 1791 ille
625 1735 945 1805 penetrabili
962 1736 1082 1791 acie
1106 1739 1275 1807 possit
1293 1735 1634 1803 horrescere,
1659 1750 1845 1791 verum

201 1826 392 1880 etiam
415 1826 604 1897 quivis
631 1827 768 1882 alter
794 1827 907 1882 sola
927 1827 1010 1883 vel
1024 1829 1349 1899 cogitatione
1364 1829 1845 1900 vitare.0egregia
1951 1829 2182 1884 Veneris
2227 1836 2542 1883 concretum
2595 1829 2863 1883 coaluisse
2902 1828 3239 1884 candorem?
3279 1827 3547 1899 Numquid

200 1932 449 1973 merces
496 1917 692 1990 culpae,
724 1934 758 1974 ο
784 1919 945 1990 digna
973 1931 1025 1975 et
1052 1922 1284 1991 pretiosa
1319 1922 1581 1987 dulcedo,
1616 1930 1840 1993 propter
1950 1921 2219 1993 parricidii
2247 1936 2408 1976 causa
2428 1920 2666 1976 vinctum
2697 1936 2820 1977 esse
2847 1922 3137 1977 Saturnum
3158 1963 3173 1987 ,
3206 1932 3261 1977 et
3281 1922 3392 1976 suis
3425 1920 3545 1977 die-

200 2024 388 2079 quam
418 2010 641 2081 Jupiter
680 2013 948 2068 maximus
995 2029 1200 2085 cygnus
1248 2015 1433 2083 ﬁeret,
1459 2025 1513 2071 et
1543 2025 1751 2083 taurus,
1781 2021 1838 2070 et
1870 2005 1917 2065 B
1943 2017 2044 2072 bus
2076 2024 2281 2071 tantum
2325 2015 2665 2071 vinculorum
2705 2014 3033 2088 ponderibus
3078 2014 3342 2072 relevari?
3378 2013 3544 2069 Num-

204 2102 595 2158 candidorum
624 2114 940 2174 procreator
969 2119 1214 2161 ovorum.
1463 2106 1851 2176 LECTIONES
1881 2096 2296 2167 VARIANTES.

268 2195 302 2226 α
340 2195 595 2250 Flictatur
618 2211 711 2250 ms.

3416 411 3562 470 1046

2038 524 2232 582 XXIV.
2253 523 2542 596 Siaperire
2571 525 2757 583 oculos
2787 528 2981 584 mentis
3001 569 3015 593 ,
3046 535 3102 583 et
3125 528 3407 585 veritatem
3428 543 3559 600 pro-

1964 621 2133 691 priam
2166 621 2361 676 intueri
2395 622 2513 676 sine
2555 620 2658 675 ulla
2686 620 2848 675 vultis
2874 619 3271 692 gratiﬁcatione
3301 621 3511 690 privata
3541 661 3558 689 ,

1963 714 2305 769 miseriarum
2343 714 2585 769 omnium
2607 729 2818 779 causas,
2838 714 3034 784 quibus
3057 729 3249 784 genus.
3269 723 3326 768 ut
3353 713 3555 784 dicitis,

1956 806 2272 877 jamdudum
2299 806 2590 862 alllictatur
2615 816 2639 844 τι
2666 809 2958 862 humanum
2984 852 2998 876 ,
3027 822 3095 863 ex
3125 806 3433 878 hujusmodi
3466 823 3557 864 re-

1961 900 2180 968 perietis
2209 899 2606 969 opiuationibus
2626 899 2817 966 ﬂuere,
2847 915 2981 970 quas
3006 899 3287 955 habebatis
3311 900 3548 972 antiqui-

1960 998 2048 1045 tus
2073 989 2143 1045 de
2168 990 2273 1045 diis
2318 991 2540 1055 vestris;
2573 1000 2630 1045 et
2650 1006 2783 1061 quas
2810 991 2862 1045 in
2887 991 3077 1046 melius
3102 990 3401 1047 reformare
3428 1000 3555 1048 ante

1957 1083 2141 1137 oculos
2187 1083 2361 1153 posita
2417 1084 2643 1139 veritate
2689 1083 2964 1139 renuistis.
2995 1082 3129 1138 Nam
3181 1098 3282 1139 nos
3332 1083 3550 1155 quidem

1957 1176 2210 1249 quidnam
2240 1177 2308 1233 de
2347 1176 2456 1232 illis
2479 1177 2767 1247 aliquando
2787 1219 2803 1244 ,
2834 1186 2925 1232 aut
2951 1176 3338 1233 inconveniens
3380 1177 3555 1233 sensi-

1956 1286 2097 1338 mus,
2125 1281 2217 1325 aut
2247 1270 2738 1341 conscriptionibus
2770 1270 3039 1325 edidimus
3072 1269 3376 1338 indecoris,
3403 1281 3461 1325 ut
3496 1271 3549 1326 in

1956 1362 2214 1417 invidiam
2239 1362 2508 1432 jaciantur
2540 1370 2779 1416 nostram
2813 1362 3025 1417 labores
3050 1361 3265 1433 generis
3305 1362 3550 1431 humani,

1955 1466 2009 1511 et
2026 1456 2456 1524 commoditates,
2480 1454 2674 1527 quibus
2696 1456 2912 1524 vivitur,
2938 1456 3552 1529 imminutmmumquid

1954 1564 1985 1604 a
2017 1549 2175 1605 nobis
2199 1549 2421 1617 dicitur,
2454 1560 2510 1604 ut
2548 1549 2787 1605 ciconias
2810 1592 2825 1618 ,
2875 1557 2933 1604 ut
2981 1550 3291 1621 palumbes,
3322 1566 3389 1607 ex
3434 1553 3550 1608 ovis

1952 1656 2074 1698 esse
2112 1643 2424 1713 progenitos
2462 1642 2723 1713 quosdam
2752 1642 2929 1698 deos?
2963 1642 3231 1715 Numquid
3270 1658 3337 1699 ex
3376 1644 3549 1715 pelagi

1953 1749 2179 1804 spuma,
2224 1744 2277 1788 ct
2318 1750 2383 1790 ex
2422 1735 2545 1791 coeli
2592 1733 2917 1805 genitalibus
2953 1738 3243 1807 amputatis
3280 1735 3547 1792 Citlicreze

1591 2282 2158 2342 COMMENTARIUS.

194 2399 413 2455 Romae
449 2386 624 2454 marte
654 2401 897 2469 punitum
931 2414 1038 2454 non
1077 2407 1181 2467 est,
1216 2399 1310 2454 sed
1335 2399 1689 2470 relegatione.
1725 2399 1822 2453 'l‘i-

194 2470 408 2527 berius
439 2470 734 2538 imperator
762 2472 966 2540 primus
999 2485 1212 2540 poenam
1236 2471 1388 2525 auxit
1415 2488 1429 2525 :
1475 2473 1605 2525 viris
1636 2470 1827 2525 videli-

198 2551 295 2596 cet
324 2541 792 2610 deportatiouem,
829 2543 1064 2597 imminis
1102 2542 1531 2612 deportationem
1556 2552 1611 2595 ct
1642 2542 1822 2612 publi-

199 2556 295 2596 cet
324 2556 792 2610 deportatiouem,
829 2556 1064 2597 immunis
1102 2556 1531 2667 Itegortanonem
1556 2556 1611 2595 ct
1642 2556 1822 2612 publi—

199 2615 495 2667 cationem
556 2613 843 2668 honorum.
903 2614 1113 2667 l’riinus
1208 2611 1551 2666 onstantinus
1599 2613 1824 2682 Magnus

203 2683 475 2738 adulterii
507 2684 713 2739 crimen
746 2684 938 2753 capitis
958 2698 1113 2753 postia
1136 2682 1467 2747 vindicavit,
1497 2684 1822 2753 sacrilegus-

202 2768 319 2823 que
352 2756 666 2821 nuptiarum
697 2765 1053 2811 temeratores
1081 2755 1263 2824 gladio
1291 2754 1519 2822 punivit.
1555 2753 1692 2808 Vide
1712 2756 1822 2807 (Ju-

200 2824 345 2897 j_ac.,
380 2825 480 2897 lib.
508 2841 558 2897 vi
588 2826 923 2891 Oliservatt.,
956 2842 1076 2897 cap.
1106 2828 1190 2897 ll;
1213 2824 1543 2897 Brissonius,
1565 2824 1632 2897 ad
1651 2826 1823 2897 legem

204 2894 323 2968 ._Iul.
362 2895 436 2950 de
470 2896 778 2968 adulteriis,
814 2914 933 2968 pag.
973 2894 1075 2957 9i;
1106 2894 1426 2951 Theodorus
1462 2895 1733 2968 Marcilins
1756 2896 1824 2968 ad

206 2964 456 3040 institui.
490 2964 947 3040 Justiiiian.,'pa'g.
985 2969 1109 3040 755.
1142 2968 1386 3040 Erucitu.
1411 2995 1480 3008 —-
1502 2967 1571 3020 At
1598 2981 1719 3021 cum
1742 2967 1822 3040 v_i-

206 3036 358 3109 libus
393 3038 634 3094 heminis
663 3050 719 3095 et
751 3036 1053 3109 publicanis
1096 3038 1469 3094 meretricibus
1488 3036 1824 3092 consuetudo

208 3106 314 3162 fuit
360 3112 665 3178 impunita:
716 3106 870 3181 cujus
903 3112 978 3166 rei
1010 3111 1148 3165 ratio
1190 3119 1314 3175 est,
1360 3109 1503 3181 quod
1548 3109 1820 3181 neminem

1933 2400 2089 2466 neb.,
2120 2398 2444 2467 Adversar.,
2469 2399 2561 2455 lib.
2584 2414 2659 2463 χι.
2689 2414 2809 2469 cap.
2840 2397 2937 2464 20,
2962 2404 3018 2454 et
3042 2397 3297 2469 Pontan.,
3327 2396 3394 2469 ad
3421 2397 3536 2454 Ma-

1935 2472 2112 2535 crob.,
2137 2471 2318 2527 Satur.
2351 2488 2404 2538 ν,
2429 2486 2550 2541 cap.
2580 2471 2670 2535 17,
2695 2468 2815 2539 pag.
2842 2470 2971 2535 545,
3001 2468 3090 2541 ed.
3120 2468 3289 2541 Zeun.
3325 2468 3532 2525 Οιιειι..

2013 2542 2163 2607 Quod
2197 2542 2397 2610 ﬂectere
2425 2539 2601 2613 oculos
2648 2544 2807 2613 possit
2839 2543 2970 2613 inse
2998 2539 3164 2613 lovis.
3200 2539 3290 2595 Sic
3320 2540 3535 2613 egregie

1936 2612 2114 2667 locum
2143 2615 2379 2668 restituit
2408 2611 2696 2667 Meursius.
2721 2614 2892 2666 Antea
2914 2612 3191 2681 legebatur
3217 2630 3230 2666 :
3252 2611 3389 2682 quod
3413 2612 3541 2681 [lec-

1936 2692 2041 2736 tere
2067 2683 2244 2737 oculos
2272 2684 2431 2749 possit
2457 2683 2576 2736 inde
2600 2682 2763 2735 Jovis.
2795 2683 2998 2737 OnsLL.

2008 2753 2054 2806 0
2082 2756 2286 2823 egregia
2328 2769 2520 2808 merces
2554 2754 2742 2820 culpaz.
2761 2755 2913 2818 Quod
2937 2756 2991 2807 in
3012 2752 3343 2808 membranis
3360 2762 3535 2809 esset:

1933 2840 1964 2877 ο
1984 2840 2079 2893 gra
2102 2841 2314 2891 merces,
2341 2823 2777 2893 arbitrabarilcgi
2799 2838 2994 2893 posse;
3025 2839 3054 2875 ο
3080 2823 3295 2893 grandis
3322 2840 3533 2879 merces.

1930 2891 2008 2965 ita
2040 2894 2253 2964 grandis
2281 2895 2500 2965 pecunia
2530 2910 2617 2961 ap.
2648 2891 2917 2947 Plautum.
2944 2891 3534 2965 Videﬁommeutarios

1933 2962 2401 3038 Veg'etianostad
2434 2965 2528 3020 lib.
2557 2980 2638 3031 tu,
2667 2978 2785 3034 cap.
2821 2965 2875 3031 7,
2909 2979 3030 3035 pag.
3069 2962 3198 3028 289,
3229 2962 3534 3037 cd.Vcsal.)

3090 3035 3382 3091 Srewscu.

3132 3050 3382 3091 TEWECII.

2004 3107 2196 3162 XXIV.
2230 3138 2297 3148 —
2347 3107 2629 3177 Veritatem
2677 3105 2941 3177 prapriam
2976 3106 3184 3161 intueri.
3228 3104 3359 3161 Mire
3405 3106 3525 3177 pla-

210 3171 455 3250 proprie'
481 3181 602 3236 lccdi
633 3171 1028 3238 exi‘Sti'marent.
1085 3171 1332 3246 Plautus,
1372 3171 1425 3235 in
1457 3179 1816 3234 Curculione:
1848 3171 1894 3232 C
1930 3188 2021 3233 cet
2069 3179 2359 3235 Stewecliii
2407 3176 2746 3246 conjectura:
2776 3171 3070 3250 veritatem
3120 3171 3444 3250 promptam}
3475 3177 3526 3232 id

720 3273 877 3324 Nemo
901 3274 1013 3322 lieic
1028 3272 1283 3335 prohibet,
1309 3282 1403 3319 nec
1424 3278 1575 3328 vetat,

310 3332 443 3397 Quin
465 3334 596 3397 quod
621 3334 772 3397 palam
793 3342 870 3386 est
894 3332 1089 3394 venale,
1115 3335 1157 3382 si
1177 3340 1435 3397 argentum
1454 3341 1548 3392 cst,
1572 3343 1722 3382 emas.

306 3395 470 3461 Nemo
483 3395 560 3446 ire
578 3395 875 3461 quemquam
901 3397 1093 3461 publica
1106 3397 1348 3461 prohibet.
1367 3396 1464 3461 via,

308 3456 443 3523 pum
467 3473 530 3508 ne
557 3456 647 3523 per
669 3456 868 3509 fuit—dum
887 3456 1079 3523 septum
1100 3456 1243 3507 faciat
1268 3458 1510 3523 semitam.

308 3518 440 3585 l_)um
466 3528 518 3569 te
541 3518 792 3571 abstineas
808 3518 975 3585 nupta.
998 3522 1161 3581 vidua,
1188 3521 1397 3585 virgine,

307 3559 525 3634 ,ῖιὶῧὲυἰῖι
532 3559 792 3646 ἱέζῖἶὶἱέέῖἓ
809 3559 1018 3644 ἵῖιῗέἆὲζ
1031 3559 1140 3632 ibi;
1150 3559 1291 3646 ’ίιὶιὶὶιῗ
1300 3559 1317 3630 ἰ
1324 3559 1461 3631 (diu.

213 3686 359 3760 Ergo
376 3731 390 3756 ,
416 3688 580 3743 modo
600 3689 922 3760 corporibus
945 3690 1140 3743 alienis
1165 3696 1219 3741 cl
1242 3690 1424 3743 liberis
1455 3688 1814 3752 abstinerent,

214 3759 498 3814 libidinem
528 3776 679 3815 suam
703 3759 925 3829 passim
954 3760 1235 3814 effundere
1274 3769 1521 3828 poterant
1550 3761 1668 3814 sine
1707 3761 1818 3813 ullo

212 3829 450 3885 infamia:
482 3840 651 3885 metu.
677 3831 854 3899 Quare
872 3832 1111 3885 Sossiani
1135 3871 1149 3895 ,
1181 3832 1267 3899 qui
1290 3830 1512 3883 ancillas
1538 3846 1817 3899 compres-

213 3912 381 3960 serat.
408 3902 700 3971 opinionem
729 3912 992 3970 gravatam
1013 3905 1200 3963 potius,
1230 3917 1381 3968 quam
1406 3901 1622 3967 infamia
1643 3902 1817 3971 tif/lic-

214 3982 343 4036 tam,
381 3970 741 4026 Diocletianus
759 3981 813 4027 et
829 3972 1183 4027 Maximianus
1209 3971 1378 4040 lmpp.
1397 3970 1809 4039 rescripserunt.

216 4041 385 4111 Quam
430 4043 592 4111 igitur
619 4058 758 4096 cmca
801 4046 873 4097 sit
913 4042 1197 4111 prudentia
1246 4043 1518 4105 humana,
1562 4042 1645 4096 vel
1686 4042 1811 4096 hinc

215 4110 581 4168 maiiilestuui.
613 4114 855 4168 "ERALD.

288 4183 515 4237 Genialis
557 4186 730 4238 lectuli
778 4186 1172 4255 expugnatione.
1223 4182 1281 4237 Β.
1316 4183 1616 4255 prrianus
1662 4180 1811 4238 :Ille

218 4256 528 4327 matrimonii
574 4267 896 4327 expugnator
918 4254 1102 4309 alieni.
1132 4255 1277 4311 Zeno
1310 4254 1659 4327 Veronensis,
1688 4270 1809 4310 ser-

217 4341 374 4380 mone
401 4325 470 4380 de
500 4325 758 4381 Patientia
789 4345 800 4378 :
835 4326 1019 4381 Verum
1053 4338 1223 4381 tamen
1255 4328 1305 4378 in
1335 4327 1448 4393 ipso
1479 4326 1650 4395 {ructu
1678 4342 1802 4391 suo,

218 4412 312 4466 quo
349 4398 630 4466 expugnati
674 4400 887 4468 pudoris
935 4399 1091 4451 alieni
1120 4399 1232 4451 labe
1261 4398 1483 4467 gaudere
1512 4400 1803 4468 consuevit,

219 4483 412 4539 semper
455 4469 638 4538 infelix
667 4467 760 4523 est.
812 4471 919 4524 Nec
965 4480 1164 4523 temere
1204 4469 1419 4539 genialis
1448 4467 1621 4521 lectuli
1647 4467 1801 4521 dixit.

220 4538 306 4621 §ic
332 4539 475 4621 enim
494 4541 970 4621 violarihsigniiicat
986 4550 1040 4594 et
1058 4538 1495 4621 ipsunlyaprihou
1514 4540 1801 4621 eccm-Apu-
1831 4559 1886 4621 Ι)

219 4607 348 4664 leius
375 4610 542 4664 Miles.
572 4609 634 4664 ll.
666 4610 733 4664 Et
758 4607 794 4663 a
826 4628 959 4666 nexu
982 4607 1182 4681 quidem
1212 4607 1435 4664 Venet-eo
1465 4610 1681 4677 hospitis
1706 4620 1806 4665 tua:

225 4689 440 4751 tempera
455 4694 565 4753 .__et
597 4683 741 4749 probi
774 4682 986 4737 Milonis
1027 4682 1280 4751 genialem
1321 4691 1490 4737 torum
1535 4681 1806 4753 religiosus

223 4754 428 4821 suspice.
461 4751 699 4808 "ERALD.

292 4823 612 4894 Subsessoris
650 4836 696 4877 et
739 4825 962 4878 adulteri
994 4840 1230 4894 persona.
1283 4822 1642 4894 subsessores
1672 4831 1807 4894 sunt.

228 4892 534 4948 insidiantes
558 4897 874 4950 mulieribus
902 4897 967 4950 ad
992 4892 1437 4950 coiiiinittcudum
1454 4892 1799 4947 adulterium.

230 4962 461 5036 Valerius
511 4965 673 5030 Mam,
706 4967 796 5022 lib.
832 4984 886 5033 ll,
922 4983 1039 5036 cap.
1074 4968 1127 5030 l,
1165 4964 1250 5035 §5
1281 4983 1293 5018 :
1328 4964 1482 5018 Nulli
1510 4965 1643 5018 enim
1686 4974 1805 5036 tunc

228 5034 559 5091 subsessorum
578 5032 877 5092 alienarunt
894 5032 1335 5092 ntulrittt0ni0rttm
1358 5036 1494 5090 oculi
1515 5032 1806 5089 metueban-

233 5114 322 5158 tur.
363 5105 462 5162 Ulii
493 5110 615 5164 vide
641 5110 811 5179 iutpp.
842 5120 895 5164 et
923 5110 1290 5171 Taubmann.,
1324 5107 1391 5162 ad
1425 5107 1638 5177 Virgil.,
1672 5106 1801 5162 IEn.

232 5191 296 5239 ιιι,
319 5193 435 5247 pag.
466 5181 532 5235 97
544 5181 589 5234 4.
621 5180 822 5235 OnELL.

296 5247 443 5302 Nota:
467 5254 637 5321 cujus.
668 5252 873 5307 Giesse
898 5270 911 5307 :
943 5250 1106 5317 Nota,
1140 5252 1314 5378 ger/oc,
1341 5252 1542 5311 σπῖλος.
1570 5248 1764 5319 Papias
1789 5266 1803 5303 :

296 5332 386 5378 ita.
412 5334 694 5378 peccatum.
724 5323 959 5378 dedecus.
992 5340 1138 5378 macu
1167 5342 1217 5378 a.
1242 5324 1444 5378 Nonius
1468 5338 1483 5378 ξ
1513 5320 1653 5376 Nota
1680 5321 1803 5375 dici-

235 5316 386 5386 Nota,
411 5316 694 5389 peccatum,
724 5323 959 5389 dedecus,
992 5316 1483 5379 iitacula.'N0nitts:
1513 5316 1808 5376 Notu'dici-

237 5398 307 5443 tur
324 5390 585 5461 probrum.
618 5394 858 5449 Lucilius
882 5434 898 5463 ,
930 5396 1022 5450 lib.
1058 5412 1165 5450 xxx
1194 5412 1206 5449 :

315 5489 466 5547 Quem
489 5488 587 5538 scis
607 5488 732 5539 scire
753 5493 861 5537 tuas
881 5499 1054 5538 omnes
1071 5488 1403 5602 maculasqulg,
1432 5494 1690 5550 notasque.

1380 5566 1583 5601 ιιίεΝιι.-

1380 5566 1557 5601 LIBNII.
1574 5598 1583 5601 _

295 5658 517 5715 Amissis.
575 5659 651 5715 lta
696 5660 964 5717 Meursius
1022 5669 1077 5717 et
1123 5659 1421 5717 Salinasius
1461 5659 1664 5730 oplinte
1711 5674 1809 5731 pro

240 5731 405 5788 amissi.
440 5731 644 5787 ORELL.

299 5802 694 5859 Muletraclalio.
725 5802 866 5859 lnl'ra
893 5802 985 5859 lib.
1015 5820 1048 5857 v
1076 5823 1087 5857 :
1122 5802 1389 5857 Immunes
1418 5813 1585 5858 tamen
1625 5819 1657 5857 ο
1684 5802 1809 5856 deo-

242 5885 333 5931 rum
358 5876 794 5932 maletrartatione
810 5891 900 5931 nec
923 5876 996 5931 sic
1017 5875 1157 5932 estis.
1181 5874 1656 5932 HEBALD.—C0llf.
1677 5873 1811 5930 Tur-

1934 3262 2017 3303 est
2043 3260 2283 3319 apertam
2310 3294 2326 3316 ,
2363 3259 2681 3304 cunctorum
2715 3248 3015 3315 expositam
3038 3247 3231 3302 oculis.
3266 3246 3401 3303 Vide
3432 3264 3525 3303 su-

1930 3336 2025 3389 pra
2048 3318 2113 3375 ad
2144 3322 2235 3375 lib.
2267 3338 2326 3386 ιι,
2358 3336 2478 3387 cap.
2513 3319 2601 3373 57.
2632 3318 2839 3373 (lusu.

2001 3391 2230 3445 Labores
2258 3392 2454 3463 generis
2484 3391 2716 3463 humani.
2741 3388 2962 3463 Labores
2994 3387 3240 3463 hocloco
3260 3404 3358 3459 pro
3380 3388 3524 3444 cala-

1927 3462 2228 3528 mitatibus,
2259 3459 2640 3526 incommodis,
2666 3470 2724 3515 ut
2746 3459 3064 3528 saepissime.
3089 3461 3294 3514 ORELL.

2000 3532 2085 3587 Ex
2106 3535 2211 3588 ovis
2237 3550 2344 3589 esse
2367 3534 2658 3601 progenitos
2684 3532 2934 3600 quosdam
2978 3530 3116 3584 deos.
3139 3529 3214 3584 lla
3242 3528 3522 3601 verissime

2000 3550 2085 3587 ιη
2106 3550 2211 3588 ovis
2237 3550 2344 3589 esse
2367 3550 2459 3601 pro
2499 3550 2658 3587 annos
2684 3550 2934 3600 quosnam
2978 3550 3116 3584 aeos.
3140 3550 3214 3584 ua
3242 3550 3522 3585 verissume

1923 3605 2163 3659 restituit
2202 3605 2291 3660 ed.
2332 3550 2500 3672 Lllgtf.
2548 3603 2665 3657 Bat.
2723 3605 2893 3655 Antea
2942 3601 3220 3669 legebatur
3245 3618 3257 3654 :
3286 3617 3370 3672 Aea;
3393 3598 3522 3655 Jove

1923 3690 2033 3729 esse
2056 3678 2370 3746 progenitus.
2396 3669 2605 3746 Alludit
2627 3682 2805 3746 autem
2835 3672 3107 3726 Arnobius
3132 3672 3214 3726 vel
3236 3669 3303 3725 ad
3333 3669 3521 3726 Casto-

1923 3743 2164 3811 res,'vcl'
2185 3749 2365 3815 potius
2409 3746 2475 3799 ad
2515 3744 2647 3799 deos
2672 3743 2871 3815 Syros,
2914 3757 3055 3815 quos
3080 3758 3292 3796 ovorum
3333 3759 3519 3814 proge-

1922 3817 2058 3886 niem
2086 3812 2225 3870 dixit
2247 3831 2408 3886 supra
2434 3817 2526 3869 lib.
2560 3832 2599 3879 ι,
2628 3812 2748 3883 cap.
2782 3814 2872 3867 50'.
2903 3812 3106 3886 anLL.

1992 3884 2257 3956 Cytherea:
2289 3884 2493 3941 Veneris
2513 3896 2806 3956 concretum
2828 3885 3078 3956 coaluisse
3097 3884 3389 3956 candorem.
3408 3884 3520 3940 Ma-

1918 3952 2156 4020 crobius,
2204 3973 2242 4011 ι.
2290 3968 2429 4023 sat.,
2480 3972 2600 4026 cap.
2652 3955 2705 4010 8.
2743 3952 2894 4008 Hunc
2944 3953 3308 4027 (Saturnum)
3373 3958 3518 4012 aiunt

1917 4027 2192 4081 abscidisse
2219 4027 2344 4082 (ἐωιὶ
2381 4028 2543 4096 putris
2569 4026 2829 4095 pudenda,
2854 4025 3035 4095 quibus
3061 4025 3115 4080 in
3143 4025 3519 4096 mare'dcjcctis

1926 4096 2166 4151 Venerem
2223 4108 2587 4167 procreatam;
2636 4112 2752 4165 qua:
2783 4114 2815 4150 a
2853 4114 3076 4167 spuma,
3127 4098 3262 4152 unde
3300 4098 3512 4166 coaluit,

1914 4167 2201 4238 Apltroditc
2227 4186 2410 4224 nomen
2450 4168 2665 4235 accepit.
2700 4167 2801 4223 Ubi
2825 4167 2946 4222 vide
2972 4166 3204 4223 Pontan.
3232 4167 3437 4224 OBELL.

1987 4239 2261 4312 Numquid
2300 4239 2568 4312 parricidii
2597 4255 2753 4312 causa
2796 4240 3017 4292 vinctum
3046 4255 3153 4312 esse
3179 4239 3509 4312 Saturnum,

1913 4319 1963 4364 et
1993 4314 2099 4365 suis
2121 4307 2309 4366 diebus
2341 4320 2538 4364 tantum
2577 4307 2898 4363 vinculorum
2930 4311 3237 4366 ponderibus
3275 4311 3511 4365 relevari.

1910 4380 2001 4454 δίο
2023 4384 2253 4454 eleganti
2296 4381 2607 4452 conjectura
2644 4382 2885 4454 reposuit
2914 4379 2963 4434 .l.
2990 4379 3226 4450 Lipsius,
3276 4380 3508 4454 Epistol.

1910 4449 2139 4521 Quaest},
2176 4454 2267 4508 lib.
2299 4469 2374 4518 ιιι,
2398 4449 2563 4523 ἐρὶει.
2599 4464 2707 4517 xv,
2737 4449 2902 4517 Oper.
2953 4449 3085 4505 tom.
3118 4467 3156 4517 i,
3203 4449 3340 4521 pagi
3378 4452 3505 4523 552,

1910 4523 1999 4577 ed.
2036 4524 2216 4579 Vcsal.
2248 4523 2381 4579 Nam
2412 4522 2595 4592 opinio
2623 4530 2861 4575 veterum
2894 4530 3012 4575 erat
3036 4524 3329 4592 Saturnum
3360 4522 3506 4591 suis,

1909 4592 1965 4648 id
1994 4604 2078 4650 est
2126 4591 2486 4653 Saturnalium
2519 4591 2708 4645 diebus
2755 4592 2948 4644 iterum
2988 4591 3142 4659 quasi
3174 4592 3325 4659 regni
3353 4606 3506 4646 com-

1910 4675 2094 4735 potem
2125 4681 2247 4722 esse
2268 4706 2283 4735 ,
2308 4672 2566 4735 caeterum
2590 4666 2805 4735 annuui'
2835 4662 2888 4735 in
2923 4658 3115 4735 vinclis
3148 4658 3365 4735 liaberi.
3397 4661 3508 4735 Lu-

1909 4728 2097 4791 cianus
2146 4739 2197 4790 in
2250 4728 2688 4789 Clironosolon.:
2735 4728 2823 4786 Ἦν
2866 4731 2920 4788 δὲ
2971 4733 3028 4786 οὐ
3074 4730 3297 4793 πεδήτης
3328 4772 3344 4798 ,
3388 4733 3504 4791 οὐδέ

1908 4810 2117 4879 αὐχμοῦ
2150 4809 2343 4880 πλέως,-Σ
2357 4803 2451 4859 oio-it
2476 4805 2621 4880 αιξτὸν
2647 4803 2691 4857 ol
2715 4806 3091 4880 _Cai7pc'z_p0t.....
3120 4802 3499 4880 intdeiuvuurctt,

1908 4872 2032 4953 an;
2055 4884 2143 4953 τὴν
2189 4881 2275 4953 μέν
2312 4876 2477 4953 ἅρπην
2501 4872 2637 4953 εἶχε-
2660 4872 3238 4953 πάνυςῖινξθησχμένηνχτὰ
3280 4873 3341 4953 δὲ.
3377 4874 3504 4933 ἅὶλα

1942 4948 2111 5025 mago;
2138 4947 2296 5025 τεξῆν,
2325 4947 2405 5002 riui.
2439 4948 2696 5025 καρτερὰ-ς,
2717 4950 2810 5025 ,καὶ
2840 4947 3113 5025 ﬁcto-tltch
3148 4947 3499 5025 ἐνεσκεύᾳσῖᾳ.

1960 5018 2092 5073 diiio
2131 5022 2379 5088 princeps
2414 5018 2821 5085 corruptissime
2843 5018 2865 5074 ξ
2921 5018 3207 5072 Saturnum
3244 5019 3379 5072 etab
3425 5021 3503 5075 his

1910 5091 2089 5145 diebus
2129 5091 2283 5144 tantis
2309 5090 2623 5144 vinculorum
2656 5088 2962 5158 ponderibus
2986 5089 3193 5155 elevari,
3226 5089 3365 5144 unde
3391 5089 3501 5147 Ge-

1910 5162 2086 5217 lenius
2112 5161 2311 5217 fecerat
2340 5178 2353 5214 :
2387 5171 2435 5216 et
2476 5161 2583 5214 suis
2623 5160 2799 5215 diebus
2828 5160 2983 5215 tantis
3027 5160 3343 5214 uinculorum
3374 5178 3502 5229 pun-

1911 5232 2116 5287 deribus
2164 5233 2398 5286 relevari.
2432 5232 2697 5287 Meursius
2741 5241 2959 5286 autem:
3009 5240 3056 5285 et
3086 5231 3270 5303 aliquis
3311 5231 3387 5303 (id
3418 5243 3501 5288 est

1911 5305 2182 5376 aliquibus
2209 5304 2229 5376 )
2282 5304 2459 5376 diebus
2500 5303 2653 5376 tantis
2681 5303 3012 5376 vinculorum
3024 5300 3339 5376 ponderibus
3368 5302 3501 5358 relc-

1912 5371 2042 5432 vari.
2073 5371 2255 5430 Codex
2285 5391 2389 5429 ms.
2446 5374 2608 5429 habet
2637 5393 2650 5429 :
2690 5372 2760 5426 Et
2790 5373 2928 5428 ablui
2979 5371 3154 5426 diebus
3185 5374 3358 5439 tantis,
3389 5383 3498 5430 etc.

1912 5444 2054 5519 quod
2087 5455 2263 5501 tuetur
2288 5444 2586 5519 Salmasius
2607 5444 2706 5519 ,_in
2733 5442 3190 5519 ed.ALugd.-Bat.,
3222 5444 3368 5519 et_ad
3399 5444 3501 5519 So-

1912 5514 2035 5581 lin.,
2068 5532 2188 5587 cap.
2214 5518 2300 5583 15,
2332 5533 2452 5588 pag.
2485 5516 2609 5582 132,
2636 5516 2810 5570 locum
2836 5514 3243 5588 itiirellngcns:
3268 5514 3336 5588 Et
3355 5516 3499 5572 ablui

1914 5589 2088 5645 diebus
2116 5584 2293 5652 statis,
2335 5584 2657 5642 uinculorum
2713 5584 3023 5655 ponderibus
3057 5594 3104 5637 et
3133 5586 3311 5640 levari.
3345 5588 3500 5643 ΑΜκί

1913 5660 2115 5717 dictum
2149 5667 2299 5729 putat
2327 5657 2620 5729 Salmasius
2660 5654 2759 5727 pro
2787 5655 2999 5729 absolvi,
3032 5662 3093 5709 ut
3117 5654 3245 5710 dilui
3271 5672 3370 5727 pro
3393 5658 3501 5711 dis,

1913 5734 2039 5786 solvi
2065 5728 2161 5800 ap.
2182 5729 2495 5784 Ciceronem
2522 5769 2536 5792 ,
2580 5728 2648 5800 de
2688 5728 2929 5800 Aiuicit.,
2958 5741 3078 5796 cap.
3117 5741 3235 5800 _x_x_i,
3262 5729 3499 5784 amicitia:

1915 5797 2172 5871 diluenda:
2193 5801 2355 5871 magis
2375 5814 2527 5868 quam
2556 5798 2934 5871 discendendw,
2958 5800 3041 5871 cui
3064 5797 3189 5871 addi
3220 5809 3395 5871 potest
3421 5800 3499 5854 al-

1914 5878 1998 5929 ter
2026 5866 2303 5929 Ciceronis
2333 5866 2484 5929 locus
2515 5869 2675 5942 plane
2701 5869 2950 5942 geminus
2977 5870 3047 5929 de
3079 5866 3263 5943 Ofilcl,
3286 5870 3380 5929 lib.
3413 5882 3452 5928 ιι
3480 5913 3501 5943 ,
