4050 6290
184 351 353 412 10⁸18

1562 357 1770 416 LIBER
1807 358 2156 430 QUARTUS.

3368 364 3511 426 1οη

183 467 380 527 ebari.
409 467 647 529 Saltatur
672 478 727 529 et
769 485 964 546 magna
998 475 1168 532 sacris
1192 483 1406 548 compta
1443 489 1565 532 cum
1610 475 1798 532 infulis
1825 482 1874 540 Α
1975 478 2214 536 XXXVI.
2247 478 2355 538 Nec
2375 484 2505 539 satis
2528 482 2643 540 haec
2673 482 2826 555 culpa
2857 491 2972 551 est,
3005 485 3168 540 etiam
3203 483 3388 541 mimis
3411 525 3424 548 ,
3455 494 3513 539 et

181 570 413 629 mater;
435 574 491 621 et
518 573 705 622 contra
735 566 902 623 decus
929 569 1105 624 aetatis
1130 568 1220 624 illa
1248 567 1586 625 Pessinuntia
1612 567 1808 641 Dindy-

181 671 400 727 mene,
448 659 504 715 in
551 659 772 717 bubuch
811 662 970 718 unius
1013 664 1264 734 amplexu
1305 662 1563 734 flagitiosa
1593 663 1809 734 tingitur

176 750 531 821 appetitione
570 753 805 823 gestire,
836 768 1048 811 necnon
1091 765 1146 810 et
1175 755 1264 810 illa
1290 755 1476 827 proles
1522 755 1674 811 lovis
1703 755 1807 810 So-

179 841 419 912 phoclis
446 844 500 900 in
524 843 831 902 Trachiniis
865 847 1120 904 Hercules
1148 848 1385 918 pestiferi
1413 849 1666 919 tegminis
1693 849 1808 904 cir-

178 937 528 993 cumretitus
557 937 830 1010 indagine,
857 939 1194 998 miserabiles
1217 941 1381 998 edere
1409 942 1677 998 inducitur
1695 942 1812 1013 eju-

178 1025 364 1096 latus,
396 1029 651 1086 violentia
681 1030 886 1087 doloris
914 1032 1120 1105 frangi,
1153 1041 1315 1105 atque
1344 1034 1398 1090 in
1446 1033 1690 1090 ultimam
1721 1043 1802 1090 ta-

174 1119 318 1177 bem
378 1122 744 1180 diffluentium
796 1125 1064 1182 viscerum
1111 1126 1478 1183 maceratione
1529 1128 1799 1183 consumi.

177 1211 340 1280 Quin
395 1225 453 1270 et
493 1213 586 1270 ille
635 1216 686 1271 in
729 1214 924 1272 fabulis
964 1217 1230 1272 maximus
1262 1218 1376 1289 ipse
1403 1228 1656 1288 regnator
1693 1219 1799 1290 poli

176 1304 318 1362 sine
363 1307 473 1364 ulla
513 1309 747 1366 nominis
793 1310 1202 1382 maiestatisque
1249 1310 1540 1368 formidine
1589 1312 1801 1368 adulte-

174 1410 389 1454 rorum
416 1413 576 1471 agere
624 1399 982 1456 introducitur
1010 1409 1038 1438 ι
1064 1412 1243 1469 partes
1263 1443 1278 1469 ,
1310 1413 1474 1474 atque
1523 1411 1580 1458 ut
1609 1402 1800 1460 fallere

171 1491 500 1546 castitatem
522 1490 821 1548 alienarum
847 1493 1018 1562 possit
1043 1491 1275 1548 familias
1298 1503 1548 1561 matrum,
1577 1509 1673 1551 ora
1693 1496 1798 1551 im-

170 1591 410 1639 mutare
436 1581 684 1653 pellacia,
701 1592 757 1640 et
775 1583 829 1638 in
847 1586 1058 1654 species
1080 1585 1366 1658 conjugum
1395 1586 1656 1643 subdititii
1677 1601 1801 1643 cor-

174 1674 346 1747 poris
371 1673 718 1734 simulatione
747 1675 1066 1734 succedere.

1843 1672 1892 1733 B

1911 571 2229 627 scurrilibus
2258 573 2479 629 ludicris
2505 573 2970 630 sanctissimorum
2999 589 3248 643 personae
3272 575 3515 644 interpo-

1911 673 2111 718 nuntur
2160 664 2404 720 deorum.
2461 667 2528 722 Et.
2578 676 2636 721 ut
2689 667 3085 736 spectatoribus
3130 667 3313 722 vacuis
3369 668 3512 722 risus

1911 756 2082 827 possit
2107 767 2269 826 atque
2300 757 2542 813 hilaritas
2573 757 2798 813 excitari
2825 799 2837 823 ,
2862 757 3197 828 jocularibus
3239 756 3516 812 feriuntur

1910 853 2344 910 cavillationibus
2401 855 2658 920 numina,
2711 853 3086 917 conclamant,
3116 863 3173 908 et
3215 861 3509 922 assurgunt

1912 946 2118 1000 tbcatra
2139 988 2156 1012 ,
2209 961 2386 1001 cavete
2413 960 2605 1001 omnes
2633 955 2966 1015 concrepant
3005 945 3305 1013 fragoribus
3345 955 3508 1013 atque

1902 1039 2181 1108 plausibus
2199 1037 2249 1092 δ.
2279 1039 2345 1094 Ει
2369 1039 2512 1105 quod
2537 1039 2702 1094 nullis
2726 1038 2896 1107 possit
2924 1037 3384 1093 satisfactiouibus
3409 1052 3509 1091 ex-

1901 1130 2073 1201 piari,
2119 1131 2349 1187 exoletis
2389 1141 2552 1198 atque
2595 1130 2905 1186 irrisoribus
2933 1131 3212 1184 numintnn
3240 1129 3381 1185 dona
3415 1129 3504 1183 in-

1901 1229 2198 1288 stituuntur
2247 1237 2303 1283 et
2360 1242 2603 1294 munera,
2659 1227 2727 1282 ab
2775 1226 2968 1281 ol'liciis
3011 1227 3176 1280 otium
3236 1224 3512 1294 publicis,

1901 1319 2239 1384 immunitas,
2267 1328 2322 1374 et
2347 1322 2554 1375 vacatio
2578 1334 2699 1374 cum
2740 1318 2975 1374 coronis.
3021 1318 3089 1373 Et
3131 1317 3340 1372 audetis
3386 1325 3512 1387 post

1905 1413 2007 1468 ista
2053 1412 2237 1468 mirari
2269 1413 2410 1468 unde
2457 1411 2703 1467 oriantur
2733 1409 2848 1465 lucc
2897 1409 3060 1477 mala,
3112 1410 3307 1480 quibus
3353 1408 3512 1463 inun-

1907 1506 2064 1561 datur
2093 1515 2148 1561 et
2172 1505 2436 1575 premitur
2461 1505 2580 1559 sine
2606 1503 2714 1558 ulla
2742 1502 3144 1559 intermissione
3167 1499 3506 1565 mortalitas;

1906 1613 2032 1655 cum
2074 1599 2254 1655 omnis
2296 1612 2384 1654 res
2425 1611 2542 1665 eas,
2593 1596 2790 1667 quibus
2838 1603 2965 1652 sunt
3016 1593 3256 1649 involuta
3313 1590 3513 1662 probra

1410 1794 1804 1854 LECTIONES
1849 1793 2270 1854 VARIANTES.

250 1909 282 1942 ⁸
310 1905 571 1961 lnducitur
593 1907 732 1962 mlo.

1967 1907 1999 1951 ι
2032 1910 2216 1963 Plsusu
2238 1923 2354 1975 ms.,
2369 1912 2554 1974 plausis
2574 1911 2680 1962 Sab.

1592 2043 2154 2104 COMMENTARIUS.

261 2159 451 2238 sacris
461 2171 663 2238 compta
673 2163 998 2238 cum‘infulis.
1016 2163 1256 2222 Glossae:
1277 2161 1493 2237 Infulis,
1510 2165 1808 2236 στέμματα.

182 2229 481 2304 Virgilius,
510 2229 664 2304 Em,
697 2253 750 2292 x.
784 2229 889 2294 533
920 2254 934 2291 :

289 2326 460 2377 Infula
484 2331 565 2380 cul
587 2342 726 2381 sacra
748 2331 1009 2382 redimibat
1025 2337 1245 2394 tempora
1270 2333 1408 2381 vitta.

182 2411 287 2486 ubi
312 2411 572 2486 Servius:
605 2412 805 2486 lnfula,
834 2414 994 2486 fascia
1014 2415 1066 2468 in
1087 2414 1293 2468 modum
1312 2413 1686 2486 diadematism
1705 2427 1808 2483 qua

181 2484 353 2556 uittae
399 2483 476 2556 ab
508 2483 727 2554 utraque
769 2483 913 2556 parte
952 2485 1258 2556 dependent.
1300 2483 1456 2540 Conf.
1494 2484 1711 2551 Festus,
1751 2499 1802 2537 v.

183 2553 404 2626 ln[ula_.
436 2554 681 2612 Emesa.

267 2623 343 2681 In
371 2623 574 2700 bubulci
598 2629 749 2700 unius
773 2627 1130 2700 amplecti”...
1163 2627 1368 2700 gestire.
1403 2625 1471 2681 In
1487 2625 1805 2700 gamplegeum

185 2698 412 2768 mavult
450 2695 914 2766 Ondendorp.,ad
945 2695 1180 2755 SuetonI
1207 2695 1719 2768 August.,Cap.70,
1750 2697 1802 2752 in

185 2767 476 2832 Addend.,
511 2785 629 2839 pag.
665 2769 823 2826 1022.
859 2769 991 2825 Vide
1020 2784 1205 2837 supra,
1229 2766 1444 2838 ad'cap.
1481 2767 1570 2830 14,
1598 2766 1800 2839 verba:

191 2839 304 2908 Qui
356 2841 410 2895 in
456 2837 825 2912 Proserpinam
870 2840 1170 2912 genitalibus
1218 2837 1407 2895 dicitur
1456 2837 1804 2894 adhinniuisse

186 2914 431 2967 arrectis.
460 2912 664 2970 ORELL.

266 2982 550 3054 Sophoclis
593 2985 664 3054 in,
683 2983 994 3039 Trachiniis.
1021 2983 1214 3040 Cicero
1234 3025 1250 3047 ,
1279 2981 1440 3054 Tusc.
1469 2996 1511 3054 ll
1533 3021 1545 3044 ,
1588 2994 1709 3049 cap.
1739 2978 1795 3035 8.

187 3052 306 3126 Sed
326 3052 588 3109 videamus
621 3053 889 3110 Herculem
915 3056 1082 3126 ipsum
1103 3097 1117 3119 ,
1145 3055 1230 3124 qui
1255 3065 1358 3108 tum
1390 3053 1566 3126 dolore
1595 3056 1802 3126 [range-

188 3125 372 3190 batur,
399 3143 512 3180 cum
534 3122 962 3182 immortalitatem
989 3122 1333 3192 ipsam—morte
1356 3124 1627 3195 quierebat.
1659 3122 1802 3188 Quas

187 3197 278 3268 llic
304 3189 451 3252 voces
483 3199 624 3268 apud
654 3197 964 3268 Sophoclem
989 3189 1042 3251 in
1077 3189 1379 3250 Trachiniis'
1395 3195 1541 3250 edit?
1569 3192 1802 3268 Quicum
1830 3189 1876 3251 C

187 3265 450 3342 Deian'ra
489 3264 742 3342 sanguine
787 3267 1030 3342 Centauri
1047 3269 1255 3342 tinctam
1275 3268 1501 3322 tunicam
1530 3264 1794 3331 induisset,

187 3339 664 3412 inltwsissetque'ea
689 3339 959 3396 visceribus
979 3382 994 3407 ,
1027 3341 1096 3394 ait
1121 3339 1210 3394 ille
1237 3356 1250 3392 :

289 3449 335 3517 ρ
357 3451 509 3503 multa
531 3453 661 3504 dictu
685 3455 872 3517 gravia,
896 3465 1140 3517 perpessu
1163 3465 1357 3517 aspera,

289 3513 415 3576 Quae
437 3527 645 3580 corpore
679 3512 934 3566 exanclata
957 3512 1106 3578 atque
1127 3512 1288 3565 animo
1312 3512 1513 3627 peétuli,
1541 3519 1641 3564 etc.

1402 3591 1577 3626 LMBNH.

185 3658 330 3732 Cod.
362 3675 509 3732 ms.ﬁ:
541 3660 820 3732 Sophocles
846 3663 899 3714 in
922 3659 1232 3732 Trachiniis.
1263 3660 1454 3716 vitiose
1469 3676 1493 3732 _',
1522 3657 1796 3732 undeGe-

187 3731 373 3787 lenius
394 3730 651 3787 rellnxit‘:
683 3749 714 3785 a
743 3732 999 3796 Sophocle
1024 3733 1075 3784 in
1118 3731 1422 3785 Tracltiniis.
1461 3730 1793 3785 Salmasius:

185 3800 475 3873 Sophoclis
509 3803 564 3856 in
603 3801 913 3873 Trachiniis.
942 3801 1004 3856 N.
1048 3801 1317 3869 Heinsius,
1353 3801 1658 3873 Epist.7257
1681 3801 1795 3873 ,‘ad

185 3870 402 3936 ϐάξιν..
435 3873 487 3928 in
522 3874 737 3936 Svlloge
764 3872 1052 3927 Burmann.
1085 3883 1213 3925 tom.
1243 3887 1320 3934 Iv,
1346 3888 1464 3942 pag.
1494 3871 1620 3926 529.
1649 3890 1662 3925 :
1698 3870 1798 3927 So-

185 3942 424 4014 phocleis
448 3947 500 3998 in
528 3943 836 4014 Trachiniis,
858 3945 1000 4013 quod
1033 3943 1275 4014 praefero.
1339 3941 1581 4014 Respicit
1613 3951 1793 3998 autem

184 4012 468 4083 Arnobius
494 4015 559 4070 ad
587 4013 838 4069 Trachin.
869 4012 1010 4070 vers.
1041 4012 1203 4078 1065.
1233 4029 1383 4083 seqq.
1420 4013 1624 4068 ORELL.

261 4081 649 4141 Circumretitus
687 4085 947 4154 indagine.
981 4085 1068 4139 Sic
1100 4081 1328 4140 restituit
1354 4081 1463 4139 ’Jan
1517 4083 1791 4154 Gniliclm.

184 4154 492 4225 Qumstion.
520 4157 693 4211 Plaut.
728 4158 778 4210 in
799 4153 1008 4212 Curcnl.
1025 4198 1040 4225 ,
1062 4171 1183 4226 cap.
1207 4155 1262 4211 5.
1289 4158 1339 4209 in
1361 4154 1631 4223 Latnpade
1657 4153 1795 4226 Grn-

187 4226 430 4285 teri.vol.
464 4243 542 4291 In.
568 4239 702 4296 part.
721 4243 780 4293 ll,
799 4243 850 4296 p.
875 4228 1000 4290 εδδ,
1020 4225 1177 4296 quam
1192 4227 1580 4282 correctionem
1595 4225 1794 4280 confir-

187 4308 303 4353 mat
324 4300 486 4354 etiam
510 4299 678 4354 codex
703 4310 894 4360 IllSlllS.
917 4309 1052 4354 teste
1087 4297 1392 4353 Stewecbio
1412 4308 1465 4352 et
1483 4296 1549 4352 N.
1569 4296 1792 4351 Heinsio

188 4369 243 4424 in
273 4368 516 4438 Epistula
548 4370 612 4424 ad
645 4369 915 4425 Grzevium
949 4370 1108 4425 modo
1134 4371 1317 4424 citata.
1347 4369 1414 4424 Et
1443 4369 1660 4423 ornninu
1685 4369 1791 4422 cir-

189 4442 489 4496 cumretitus
523 4442 724 4511 optime
761 4441 1047 4511 respondet
1082 4441 1344 4511 indagini,
1389 4439 1544 4511 cujus
1577 4440 1789 4508 propria

191 4511 350 4567 sedes
366 4512 417 4567 in
441 4509 639 4569 venatu
659 4522 712 4568 et
735 4512 800 4568 ad
825 4509 977 4568 retia.
1001 4511 1090 4568 Sic
1109 4510 1381 4583 Virgilius,
1401 4509 1788 4578 En.,|v,121:

445 4641 458 4654 .
499 4642 511 4653 .
553 4643 564 4654 .
604 4641 616 4653 .
655 4642 666 4654 .
707 4637 720 4652 .
754 4603 1016 4666 Saltusque
1041 4603 1269 4666 indagine
1285 4603 1509 4664 cingunt.

193 4686 258 4743 Et
284 4687 661 4751 eodemmodo
681 4687 1097 4742 Arnobinsinira
1123 4687 1212 4739 lib.
1262 4701 1317 4744 v.
1341 4702 1388 4740 c.
1420 4685 1480 4738 41
1512 4701 1527 4738 :
1560 4683 1711 4750 Quod
1737 4683 1793 4739 in

194 4759 446 4814 adulterio
465 4760 680 4815 dicimus
710 4757 924 4812 Martem
953 4767 999 4811 et
1027 4757 1265 4811 Venerem
1303 4754 1517 4808 Vulcani
1546 4770 1654 4809 esse
1691 4755 1793 4808 cir-

196 4833 485 4886 cumretitos
501 4841 625 4885 arte.
658 4831 826 4884 Antea
844 4827 1121 4898 legebatur
1156 4823 1787 4898 circumpetitusOm-zuL.

270 4900 632 4956 Maceratioue.
649 4901 848 4956 Menrs.
876 4895 1075 4953 mavult
1102 4895 1355 4952 uiscerum
1367 4897 1692 4950 laceratione.
1721 4895 1792 4950 At

198 4970 332 5027 bene
358 4973 510 5028 habet
545 4973 884 5028 maceratione
905 4986 924 5025 :
945 4971 1112 5025 innuit
1138 4968 1255 5024 scil.
1290 4965 1559 5022 Arnobius
1585 4967 1788 5022 viscera

200 5042 273 5113 (id
299 5055 381 5099 est
409 5059 650 5112 carnem,
673 5039 930 5112 quidquid
955 5043 1055 5098 sub
1079 5051 1200 5097 cute
1222 5036 1370 5110 latet)
1398 5051 1608 5093 veneno
1627 5051 1789 5092 exesa

198 5121 254 5167 ct
281 5115 644 5182 liquescentis.
676 5115 879 5170 OnsLL.

272 5178 406 5253 Quin
446 5197 492 5240 et
519 5186 606 5242 ille
639 5187 691 5257 in
733 5185 926 5257 fabulis
961 5183 1233 5257 maximus
1258 5181 1348 5237 ille
1386 5189 1623 5252 regnator
1661 5178 1787 5252 poli.

203 5252 519 5314 Prudentius
540 5258 591 5313 in
619 5252 874 5328 Martyrio
901 5255 1123 5310 Romani
1153 5271 1166 5308 :

292 5347 487 5459 Cygnus
508 5352 753 5412 stuprator
777 5356 948 5422 peccat
972 5347 1104 5398 inter
1126 5345 1312 5420 pulpita
1338 5358 1352 5394 :

295 5411 356 5459 Sa
381 5419 451 5459 tat
470 5418 720 5459 tonantem
744 5418 1072 5459 tauricornem
1096 5409 1275 5459 ludius.

295 5409 451 5462 saltat
470 5409 720 5462 tonantem
744 5409 1072 5459 tauricornem
1096 5409 1275 5459 ludius.

291 5474 552 5536 Spectator
573 5473 766 5534 borum,
787 5472 1015 5522 Pontifex
1031 5467 1446 5536 summus,sedes,

292 5531 544 5600 [fidesque
570 5541 621 5586 et
643 5531 896 5600 ipse';_nec
919 5531 1336 5600 negandodilujs,

292 5597 409 5650 Cum
431 5595 558 5649 fama
581 5595 701 5648 tanti
722 5595 962 5661 polluatur
985 5595 1214 5647 numinis.
1238 5595 1458 5645 Hanno.

277 5680 400 5736 Sine
419 5682 529 5737 ulla
554 5681 790 5750 nominis.
819 5719 835 5734 .
868 5720 881 5732 .
909 5719 925 5737 .
961 5717 976 5733 .
1009 5717 1023 5734 .
1052 5678 1348 5752 formidine,
1375 5676 1639 5734 Meursius
1667 5677 1797 5750 legit

205 5753 441 5815 numinis,
464 5753 621 5808 bene.
659 5752 861 5807 Οιιειι..

280 5820 482 5879 Fallere
505 5824 805 5878 castitatem.
834 5820 988 5878 Fulv.
1016 5821 1248 5879 Ursinus
1275 5816 1488 5888 legend.
1520 5818 1663 5889 conj.
1697 5820 1798 5874 tol-

207 5891 304 5948 lere
316 5897 616 5951 castitatem.
635 5894 786 5950 Male.
807 5892 1013 5950 Fallere
1023 5893 1326 5950 castitatem
1347 5889 1465 5942 scil.
1485 5899 1569 5947 est
1585 5890 1792 5956 tollere,

1911 2159 2228 2216 subvertere
2249 2159 2550 2216 castitatem
2575 2159 2734 2227 dolis,
2759 2159 3002 2216 fallaciis.
3037 2159 3246 2216 Osann.

1986 2230 2239 2286 Familias
2301 2242 2540 2287 matrum.
2599 2224 2950 2286 Observanda
3018 2229 3338 2286 insolentior
3397 2224 3524 2285 haec.

1911 2303 2261 2375 transttositio
2286 2319 2380 2375 pro
2407 2303 2874 2375 matrumfamilias.
2908 2300 3508 2375 Materfannlias_antem

1911 2369 2108 2428 dicitur
2138 2369 2340 2429 Latinis
2357 2389 2491 2429 uxor
2522 2369 2775 2441 legiiima,
2797 2375 3039 2443 oppesita
3072 2371 3268 2442 pt‘liiCi.
3295 2369 3505 2443 Opstt.

1986 2443 2092 2499 Ora
2117 2446 2387 2516 immutare
2415 2446 2650 2516 pellacia.
2695 2444 2784 2500 Sic
2800 2441 2984 2516 ecod.
3025 2441 3511 2516 rasito,__qui__b_abct

1910 2514 2113 2582 ellacia,
2145 2510 2430 2584 legendum
2458 2516 2643 2571 docuit
2671 2515 3026 2571 Stewechins.
3051 2513 3134 2570 Cf.
3155 2510 3268 2567 Nic.
3293 2510 3507 2572 Heins..

1911 2584 2084 2655 Epist.
2116 2585 2183 2640 ad
2209 2585 2412 2652 Gram,
2440 2586 2566 2642 257.
2601 2586 2771 2641 Antea
2817 2587 3092 2656 legebatur
3119 2601 3210 2638 ora
3239 2585 3511 2656 immutare

1909 2651 2144 2728 fallacia.
2181 2656 2313 2728 iSed
2379 2651 2499 2712 vide
2561 2673 2681 2728 quae
2744 2651 2903 2728 supra
2976 2655 3380 2712 observavimus
3441 2651 3510 2707 ad

1907 2727 2026 2798 Cap.
2053 2728 2143 2783 28.
2169 2727 2372 2782 ORELL.

1981 2793 2046 2852 Et
2073 2800 2124 2852 in
2153 2799 2343 2866 species
2363 2801 2638 2869 coniugum
2666 2798 2902 2854 subditiui
2927 2797 3160 2868 corporis
3184 2793 3511 2869 simulatione

1905 2865 2194 2924 succedere.
2227 2868 2428 2924 Allndit
2453 2865 2720 2925 ad'Plauti
2749 2865 3218 2940 Amphitryonem.
3249 2865 3358 2940 Pro
3381 2865 3504 2918 sub-

1902 2940 2045 2994 ditivi
2084 2941 2172 2996 alii
2205 2941 2390 3011 legunt
2428 2941 2698 2996 subdititii.
2727 2940 2832 2996 Sed
2858 2936 3065 2996 eodem
3098 2938 3259 2994 modo
3282 2936 3505 2992 Plautus

1904 3011 2198 3082 Atnpbitr.,
2226 3021 2332 3066 act.
2357 3027 2396 3077 ι,
2423 3026 2569 3066 scen.
2596 3027 2654 3075 ιι,
2685 3028 2825 3067 vers.
2856 3011 2962 3066 25:

1995 3122 2280 3188 Amphitryo
2301 3123 2575 3174 subditivus
2599 3137 2770 3175 eccum
2795 3125 2902 3175 exit
2922 3124 3070 3174 foras.
3097 3121 3283 3174 Onus.

1977 3229 2219 3285 XXXVI.
2289 3261 2360 3270 —
2408 3229 2739 3285 Jocularibus
2783 3229 3039 3299 feriuntur
3101 3225 3506 3299 cavillationibus

1905 3304 2135 3355 numina.
2156 3301 2539 3366 Tertullianus,
2559 3296 2866 3370 Apuluget.,
2885 3316 3003 3369 cap.
3027 3299 3119 3364 i5,
3139 3299 3254 3353 init.
3275 3315 3289 3352 :
3311 3296 3506 3370 Cretera

1903 3373 2127 3427 lascivite
2157 3374 2358 3443 ingenia
2396 3373 2547 3443 etiam
2586 3368 2929 3443 valuplatibus
2957 3368 3138 3425 uestris
3170 3386 3261 3443 per
3293 3368 3505 3443 deorum

1903 3444 2122 3498 dedecus
2142 3439 2441 3512 aparautur.
2476 3439 2724 3514 Dispicite
2744 3441 3074 3497 Lentulorum
3085 3453 3137 3514 et
3159 3439 3506 3514 Hostiliorum

1902 3511 2212 3579 venustates,
2229 3526 2399 3569 utrum
2431 3511 2613 3569 mimos
2641 3532 2706 3568 an
2729 3516 2848 3568 deos
2861 3522 3048 3568 vestros
3078 3512 3129 3566 in
3151 3511 3279 3578 iocis
3295 3520 3342 3579 et
3371 3521 3504 3562 stro-

1903 3585 2018 3656 phis
2048 3578 2254 3641 rideatis
2277 3603 2296 3641 :
2327 3588 2574 3641 machum
2605 3586 2855 3656 Anubim,
2892 3594 2939 3637 et
2968 3581 3248 3636 masculum
3280 3578 3499 3644 Lunam,

1901 3667 1948 3710 et
1972 3656 2196 3712 Dianam
2222 3659 2559 3729 ﬂagellatam,
2584 3668 2630 3710 et
2650 3655 2796 3729 locis
2822 3657 3021 3729 mortui
3043 3661 3394 3729 testamentum
3421 3667 3501 3704 re—

1899 3729 2129 3794 citatum,
2155 3741 2200 3782 et
2222 3723 2331 3783 tres
2372 3727 2618 3782 Hercules
2643 3727 2906 3798 famelicos
2927 3725 3125 3798 irtisos.
3159 3723 3400 3798 [ianum
3429 3749 3502 3798 :—

1901 3791 2169 3852 Cavillatio
2199 3811 2250 3853 et
2295 3799 2537 3853 catillare
2564 3791 2726 3868 verba
2756 3796 2970 3868 propria
3001 3795 3069 3868 de
3107 3795 3307 3849 mimis.
3355 3791 3500 3868 Soli-

1900 3883 2019 3934 nus,
2052 3885 2168 3940 cap.
2197 3870 2232 3924 2
2257 3869 2326 3924 de
2354 3869 2532 3925 Sicilia
2560 3886 2578 3940 7:
2615 3867 2716 3921 Hic
2754 3863 2975 3939 primum
3008 3867 3212 3940 inuenta
3225 3863 3500 3940 Δεοπῃᾳπιιιῇσν

1898 3933 2176 4002 esu/licet
2214 3940 2470 3994 cavillatio
2498 3939 2702 3993 mimica
2738 3933 2791 3992 in
2830 3954 2981 3992 scena
3022 3937 3175 3991 stetit.
3216 3933 3501 3990 Cavillatio

1897 4022 2076 4066 autem
2101 4011 2240 4067 dicta
2266 4023 2347 4065 est
2371 4026 2399 4064 a
2422 4009 2702 4070 calvendo.
2727 4010 2866 4079 quod
2890 4007 3134 4062 frustrari
3157 4007 3420 4077 signiﬁcat
3444 4019 3502 4079 et

1898 4080 2104 4149 fallere,
2131 4091 2183 4137 ut
2213 4081 2398 4137 scribit
2425 4080 2730 4137 Priscianus
2746 4075 2852 4135 'lib.
2875 4095 2987 4134 vm.
3019 4079 3193 4148 Ipsum
3213 4075 3353 4132 vero
3381 4075 3499 4131 cal-

1898 4153 2057 4207 vendi
2096 4154 2318 4209 verbum
2356 4153 2558 4209 Nonius
2600 4152 2884 4208 Marcellus
2922 4153 2996 4204 ait
3036 4157 3264 4203 tractum
3308 4161 3428 4202 esse
3464 4161 3497 4202 a

1895 4223 2063 4295 calvis
2105 4225 2334 4280 Inimicis
2365 4266 2380 4289 ,
2423 4223 2568 4295 quod
2613 4225 2730 4295 sint
2761 4221 3014 4295 omnibus
3040 4218 3334 4295 frustratui.
3366 4215 3491 4271 Vid.

1895 4293 2061 4350 Henr.
2085 4295 2290 4362 Vales.,
2318 4295 2385 4351 ad
2409 4291 2681 4352 Ainmian.
2715 4293 3035 4358 Marcellin.,
3069 4291 3160 4346 lib.
3199 4305 3336 4358 xxx,
3371 4304 3494 4360 pag.

1893 4367 2018 4422 406.
2053 4366 2256 4422 OBELL.

1967 4436 2304 4493 Conclamant
2323 4447 2374 4493 et
2399 4446 2674 4508 assurgunt
2696 4435 2912 4508 theatra.
2943 4432 3074 4508 Nam
3102 4431 3328 4508 quando
3343 4429 3496 4484 mimi

1894 4517 1948 4563 et
1963 4511 2145 4565 caeteri
2161 4509 2448 4565 histriones
2465 4500 3262 4578 placebat:t,acc|aniationibus,
3280 4500 3490 4578 plausu,

1815 4576 2251 4637 Dexsultatione
2299 4571 2648 4646 volupialetn,
2690 4590 2863 4646 quam
2918 4572 3042 4626 inde
3102 4571 3491 4646 percipiebant,

1895 4651 2229 4706 testabantur
2259 4641 2608 4719 spectatores.
2659 4641 2808 4700 Hanc
2847 4645 3208 4719 s‘mcmpaaigv
3239 4641 3494 4719 observat

1891 4719 2084 4777 Cicero
2121 4723 2185 4776 ad
2232 4711 2462 4775 Atticum
2512 4719 2601 4772 lib.
2635 4731 2745 4780 xw,
2775 4715 2934 4786 epist.
2977 4711 3054 4767 ni.
3091 4711 3249 4786 :Tu,‘
3282 4712 3324 4764 si
3365 4712 3492 4786 quid

1890 4795 2246 4865 πραγματικὸν
2266 4789 2438 4845 habes.
2463 4788 2557 4865 Sin
2572 4789 2756 4865 minus,
2777 4781 2951 4865 populi
2971 4781 3314 4865 ἐπιφημασίαν
3327 4791 3374 4836 et
3384 4782 3490 4865 ἠιὶ-

1892 4852 2090 4933 nierum
2111 4865 2247 4916 dicta
2269 4861 2582 4933 perscribito.
2614 4852 2983 4933 Assnr'gebant
3011 4852 3169 4924 igitur
3189 4865 3252 4933 et
3278 4852 3488 4933 exulta-

1893 4932 2041 4997 bant,
2074 4933 2215 4998 quod
2265 4923 2538 5002 proprium
2583 4923 2817 5002 verbuni
2851 4929 2902 4981 in
2937 4923 3052 5002 bac
3071 4942 3144 5002 [β
3183 4923 3366 5002 Grazci
3393 4938 3492 5002 per

1890 4995 2152 5076 ἁνᾳπὴδᾷν
2183 4995 2510 5076 exprimunt,
2539 5018 2603 5076 v;
2623 5017 2674 5055 c.
2702 5001 2962 5076 Arrianus
2990 4997 3292 5076 in_Dissc_rt.
3311 4995 3489 5076 Epic-

1892 5075 1986 5130 teti
2014 5064 2113 5130 lib.‘
2140 5091 2216 5136 nt.
2243 5064 2362 5145 cap.
2396 5075 2428 5127 4
2445 5115 2458 5132 .
2483 5064 2845 5145 έιᾼΕιεεθὺὶυξ,
2866 5071 3004 5126 Hist.
3039 5068 3370 5145 Ecclesiast”
3392 5064 3486 5145 lib.

1891 5161 1985 5212 vn,
2017 5162 2139 5216 cap.
2163 5149 2253 5209 '50,
2286 5137 2512 5214 loquens
2531 5143 2600 5200 de
2627 5142 2775 5217 Pauli
2805 5138 3144 5217 Samosateni
3165 5137 3302 5217 fastu
3324 5148 3378 5191 et
3405 5142 3490 5217 ln-

1892 5209 2144 5285 sol'enti'a,
2174 5233 2278 5287 qua
2317 5209 2659 5287 captaverat,
2691 5215 2801 5270 imo
2824 5213 3130 5287 redemerat
3158 5209 3402 5279 plausum
3431 5209 3492 5262 in

1893 5287 2153 5353 Ecclesia,
2184 5285 2452 5359 tanquam
2480 5287 2532 5342 in
2562 5287 2789 5342 theatro.
2822 5285 3061 5339 "anno.

1966 5382 2199 5436 Exoletis
2223 5392 2377 5452 atque
2398 5379 2692 5452 irrisoribus
2711 5377 2976 5432 numinum
3001 5374 3137 5452 dona
3151 5370 3490 5452 instituuntur

1895 5463 1941 5510 et
1969 5470 2204 5508 munera.
2251 5440 2455 5507 Prmter
2508 5451 2903 5521 pra'mia,_quae
2935 5454 3088 5521 ante
3113 5440 3268 5496 ludos
3310 5451 3487 5509 erant,

1895 5528 2056 5582 etiam
2083 5524 2223 5580 dona
2266 5514 2527 5594 quaedam:
2559 5519 2892 5594 accipiebant
2935 5514 3241 5594 histriones
3271 5526 3334 5568 ac
3357 5527 3492 5594 mu-

1897 5581 2052 5660 nera.
2092 5609 2263 5666 eaque
2283 5581 2568 5666 aliquando
2591 5589 2856 5666 pretiosa;
2884 5600 3042 5656 quam
3071 5582 3332 5666 luxuriant
3353 5581 3490 5639 Cato

1897 5660 2192 5723 uticiensis'
2217 5660 2472 5733 exemplo
2497 5675 2598 5716 suo
2625 5660 3150 5733 corrigereconatus
3175 5662 3288 5733 est,
3319 5668 3487 5733 quam

1899 5721 2120 5794 Favonii
2147 5736 2299 5791 ludos
2325 5721 2509 5790 Romae
2539 5721 2933 5787 curarethid.
2967 5721 3238 5784 Plutarch.
3274 5721 3488 5780 invita

1897 5805 2600 5880 ejus(cap.746).‘Hsnstp...
2637 5873 2649 5880 .
2747 5871 2760 5880 _
2945 5869 2975 5880 μ
3100 5876 3110 5880 Α
3284 5867 3314 5880 __

1971 5869 2053 5932 ΛΗ
2071 5869 2245 5947 ofﬁciis
2275 5869 2432 5931 otium
2462 5873 2696 5944 publicis,
2741 5869 3036 5927 immunitas
3064 5876 3110 5924 et
3152 5869 3346 5924 uacatio
3370 5881 3486 5921 cum
