3984 6298
560 357 702 418 1087

1761 359 2033 419 ARNOBII
2072 358 2436 420 ADVERSUS
2476 358 2749 416 GENTES

3723 349 3878 410 1088

561 479 865 554 potentiora
895 491 1055 550 quam
1082 475 1295 549 Jupiter
1325 479 1545 537 luerunt
1571 479 1688 537 haec
1713 482 1918 549 omnia,
1941 490 1996 536 ut
2027 495 2150 537 eum
2180 480 2232 542 Α
2259 486 2407 548 paret
2432 477 2714 548 puerilium
2741 488 2865 532 esse
2883 472 3152 546 ingeniola
3177 473 3454 531 lictionum
3482 468 3715 542 ;qnibus
3736 483 3868 525 cum

564 571 960 642 compellerent
1001 571 1223 632 invitum
1261 587 1451 645 parere
1499 574 1806 646 pra'ceptis,
1836 585 1928 629 aut
1973 573 2161 629 volun-

565 661 765 718 tarium
793 675 916 718 sese
945 662 1496 723 circumventionibus
1518 668 1777 722 tradere?
1804 667 1990 737 Quid?
2018 667 2160 738 quod

558 755 828 825 sequitur,
855 753 1016 811 lldetu
1047 767 1245 822 sumet,
1265 766 1374 812 tam
1407 759 1762 828 improvidum
1779 759 1944 814 fuisse
1969 757 2159 815 Satur-

562 848 713 905 nium
740 866 756 916 ;
785 858 842 904 ut
861 859 952 905 aut
976 865 1038 906 ea
1068 861 1417 922 proponeret,
1441 867 1671 922 quorum
1701 853 2016 923 ambagibus
2043 853 2160 924 ipse

558 951 863 1013 caperetur,
887 950 976 997 aut
1005 942 1238 998 nesciret
1256 942 1491 998 futurum
1517 945 1711 1013 quibus
1739 944 1920 1000 lusura
1950 960 2009 1000 se
2038 960 2157 1000 mo-

559 1034 648 1090 dis
673 1035 872 1091 astutia
924 1045 1068 1092 esset
1113 1035 1488 1106 calliditasque
1527 1035 1817 1092 mortalis?
1873 1036 2156 1108 Expiabis,

556 1126 752 1200 inquit,
783 1128 960 1199 capite
1011 1126 1282 1197 fulgurita.
1338 1127 1659 1200 lmperl‘ecta
1711 1128 1889 1187 adhuc
1923 1145 2026 1184 vox
2052 1139 2157 1194 est,

558 1235 738 1292 neque
771 1220 930 1291 plena
980 1220 1271 1292 proloquii,
1303 1220 1819 1292 circumscriptaque
1863 1223 2155 1278 sententia.

570 1309 722 1368 Scire
736 1311 880 1368 enim
909 1313 1217 1368 necessario
1246 1313 1518 1380 convenit,
1552 1324 1806 1370 utrumne
1834 1313 2011 1385 capite
2040 1329 2156 1370 ver-

567 1405 781 1471 vecino,
809 1418 877 1459 an
918 1403 1097 1469 suillo,
1128 1421 1196 1460 an
1237 1404 1478 1474 bubullo,
1508 1421 1575 1461 an
1621 1406 1862 1478 quolibet
1899 1406 2027 1474 alio,
2059 1421 2160 1463 ex-

2261 571 2556 642 acquiritur
2571 570 2752 626 cordis
2764 569 2952 624 Numae
2967 565 3614 639 vivacitas,imprudentia
3631 563 3875 619 maxima

2267 666 2588 736 importatur
2617 665 2761 722 Jovi.
2789 663 2928 732 Quid
2971 663 3115 719 enim
3169 673 3276 719 tam
3330 659 3676 733 imprudens,
3706 673 3872 729 quam

2263 756 2510 812 confiteri
2533 767 2810 827 tecaptum
2837 755 3042 825 argutia
3061 754 3241 812 cordis
3267 753 3510 822 humani,
3533 761 3740 808 etcum
3771 750 3872 807 de-

2267 858 2482 920 ceptum
2509 858 2560 905 te
2585 848 2882 916 doleas,_in
2926 848 3149 905 victoris
3179 847 3478 904 concedere
3503 847 3872 912 voluntatem,

2262 952 2317 997 et
2369 941 2690 997 medicinam
2722 957 2884 1012 quam
2923 940 3222 1006 obtuleras,
3252 939 3500 1012 ponere?
3528 940 3664 996 Nam
3697 939 3745 995 si
3776 939 3876 994 luit

2263 1034 2418 1101 ratio,
2435 1044 2490 1090 et
2515 1034 2759 1106 quaedam
2787 1035 3163 1090 convenientia
3193 1033 3590 1100 naturalis,cur
3619 1031 3870 1088 humano

2263 1129 2440 1198 capite
2486 1129 2794 1198 procuratio
2832 1128 3083 1186 debuerit
3124 1127 3324 1198 suscipi
3357 1127 3624 1199 l'ulguriti,
3657 1143 3769 1183 non
3795 1128 3879 1182 vi-

2261 1220 2368 1278 deo
2407 1235 2505 1276 cur
2524 1221 2592 1276 ab
2637 1236 2764 1292 rege
2797 1220 2990 1277 relatio
3017 1221 3085 1277 sit
3112 1220 3250 1276 facta
3292 1221 3496 1292 cmpitii
3529 1238 3545 1284 ;
3574 1221 3662 1276 sin
3687 1230 3875 1277 autem

2265 1322 2478 1384 p0terat
2503 1323 2558 1368 et
2585 1314 2802 1385 cmpitio
2829 1314 3072 1386 transigi,
3109 1313 3396 1370 libidinose
3426 1313 3671 1370 hominis
3699 1313 3879 1369 inhiao

2244 1409 2376 1460 'tum
2401 1416 2483 1461 est
2508 1406 2711 1461 cruori.
2737 1405 2914 1477 Atque
2945 1407 3016 1460 ita
3041 1407 3092 1461 in
3123 1405 3453 1461 contrarium
3479 1420 3606 1474 pars
3638 1416 3879 1476 utraque

565 1496 858 1568 piationem
911 1496 1069 1553 istam
1123 1497 1319 1554 sciscat
1351 1498 1615 1571 Diespiter
1653 1501 1972 1571 perpetrari.
2003 1499 2157 1568 Quod
2264 1497 2580 1563 traducitur,
2606 1508 2665 1552 ut
2693 1496 3032 1553 necNutnam
3057 1505 3390 1554 monstretur
3408 1495 3651 1553 voluisse
3703 1498 3873 1562 scire,

558 1603 683 1645 cum
731 1589 972 1645 nondum
1017 1590 1326 1662 specialiter
1373 1593 1673 1662 statuisset,
1703 1603 1956 1666 essetque
1980 1593 2160 1652 adhuc
2259 1591 2403 1662 quod
2453 1590 2644 1656 voluit,
2677 1599 2732 1646 et
2761 1590 2998 1646 crudelis
3023 1590 3234 1661 Jupiter
3259 1590 3424 1645 fuisse
3451 1588 3743 1658 doceatur,
3779 1589 3878 1661 qui

568 1682 833 1756 pendens,
859 1693 914 1740 et
941 1683 1181 1740 nondum
1211 1685 1482 1759 sententia
1526 1687 1842 1754 terminata,
1875 1687 1968 1759 qui
1986 1686 2159 1758 potuit
2259 1683 2404 1755 quod
2435 1700 2464 1739 a
2490 1684 2655 1740 Numa
2683 1684 2857 1756 potuit
2881 1693 2936 1740 et
2956 1684 3176 1754 cmpitio
3205 1682 3430 1753 suscipi,
3454 1680 3692 1737 voluisse
3717 1681 3878 1738 ἀειθ-

560 1772 736 1831 Numa
761 1774 904 1832 scire
928 1775 1167 1832 hominis
1204 1757 1394 1834 Jovem
1416 1776 1686 1835 dicturum
1714 1757 1907 1851 caput,
1921 1787 1978 1835 ut
1992 1757 2158 1836 ante-
2262 1777 2334 1830 rit
2364 1774 2617 1831 humanis
2637 1774 2903 1844 capitibus
2927 1775 3151 1844 expiari.

554 1877 820 1933 verteret,
843 1869 1100 1938 anteiret,
1132 1869 1264 1927 etin
1295 1879 1456 1942 caput
1481 1873 1758 1946 cmpitium
1783 1882 1807 1910 η
1839 1873 2158 1946 ambiguita-
2185 1883 2234 1943 Β
2335 1869 2398 1925 V.
2441 1868 2596 1940 Apud
2633 1867 2972 1925 Timotheum
3003 1884 3110 1924 non
3154 1865 3443 1938 ignobilem
3483 1865 3871 1938 theologorum

558 1958 630 2016 tis
655 1958 802 2015 illius
824 1959 1031 2017 incerta
1046 1960 1354 2018 traduceret
1373 1961 1398 2016 τ

631 2048 720 2108 IV.
755 2048 866 2106 Nisi
893 2049 1031 2108 forte
1057 2050 1251 2108 dicetis
1274 2066 1457 2124 regem
1489 2052 1658 2110 fuisse
1679 2053 1924 2110 divinum
1951 2072 1976 2110 ‘:
2001 2070 2152 2112 num-

555 2138 686 2210 quid
710 2138 832 2211 ipso
850 2148 1066 2213 poterat
1086 2155 1209 2198 esse
1231 2141 1366 2200 Jove
1385 2143 1660 2202 divinior?
1684 2145 1796 2203 Nisi
1827 2145 1990 2202 homo
2011 2163 2153 2220 prte-

557 2243 800 2295 sumens,
832 2230 962 2302 quid
990 2231 1236 2289 dicturus
1261 2245 1411 2292 esset
1435 2233 1668 2308 Jupiter,
1687 2237 2147 2312 circumscripsit;

559 2320 703 2378 Deus
752 2323 895 2379 scire
946 2338 1053 2380 non
1085 2332 1317 2396 poterat,
1358 2329 1554 2398 quibus
1603 2331 1778 2388 modis
1807 2343 2023 2402 pararet
2050 2334 2154 2390 cir-

555 2414 920 2473 cumscribere
943 2431 1005 2474 se
1034 2417 1218 2474 homo.
1249 2419 1324 2476 lta
1353 2437 1460 2478 non
1486 2424 1538 2480 in
1568 2437 1819 2498 promptu
1851 2437 1955 2491 est,
1984 2436 2037 2484 et
2057 2443 2153 2501 ap‘

2259 1963 2453 2031 virum,
2482 1977 2582 2020 nec
2608 1976 2711 2018 non
2737 1961 2880 2034 apud
2905 1960 3038 2018 alios
3064 1975 3218 2031 atque
3244 1958 3434 2016 doctos
3474 1972 3640 2030 super
3666 1974 3880 2030 magna

2259 2056 2482 2113 deorum
2511 2065 2682 2111 matre
2701 2095 2717 2123 ,
2745 2068 3012 2126 superque
3041 2053 3212 2110 sacris
3249 2052 3366 2122 ejus
3385 2092 3401 2119 ,
3436 2052 3592 2123 origo
3620 2049 3744 2108 haec
3771 2052 3879 2107 sita

2260 2161 2361 2218 est,
2395 2166 2461 2205 ex
2509 2147 2803 2205 reconditis
2831 2145 3208 2219 antiquitatum
3241 2145 3422 2212 libris,
3463 2153 3515 2200 et
3553 2159 3624 2201 ex
3667 2143 3877 2200 intimis

2260 2251 2412 2299 eruta
2443 2238 2912 2312 (quemadmodum
2940 2237 3054 2308 ipse
3079 2235 3285 2302 scribit,
3312 2235 3682 2306 insinuatque)
3701 2279 3718 2306 ,
3753 2251 3877 2307 my.

2259 2334 2459 2391 steriis.
2493 2334 2550 2389 In
2582 2332 2828 2404 Phrygia:
2857 2330 3053 2387 ﬁnibus
3081 2328 3335 2384 inaudita!
3366 2341 3462 2398 per
3482 2327 3670 2384 omnia
3706 2330 3877 2382 vasti-

2260 2427 2385 2484 tatis
2415 2437 2585 2499 petra,
2609 2427 2800 2498 inquit,
2825 2434 2908 2482 est
2927 2421 3194 2499 quaedam,
3219 2422 3306 2480 cui
3327 2435 3525 2478 nomen
3553 2429 3639 2478 est
3661 2419 3874 2493 Agdus,

1798 2528 2182 2604 LECTlONES
2219 2542 2634 2603 VARIANTES.

623 2647 652 2680 ⁸
677 2646 872 2716 Οωρίῐίἰ
893 2655 1010 2707 Sub.

1901 2770 2457 2832 COMMENTARIUS.

557 2883 1052 2963 est_tnagica.‘Vide
1078 2905 1258 2961 supra,
1291 2891 1358 2947 ad
1387 2891 1483 2948 lib.
1517 2907 1555 2955 ι.
1585 2905 1703 2963 cap.
1735 2890 1827 2963 52.
1861 2890 2065 2963 Οιιβιι..

641 2955 996 3013 Voluntarium
1017 2977 1124 3017 sese
1146 2955 1891 3018 circumventionibus'tradere.
1939 2961 2014 3016 Ita
2047 2977 2148 3018 ms.

557 3028 878 3102 rectissime.
911 3031 1066 3090 Fulv.
1099 3031 1328 3091 Ursinus
1350 3034 1580 3102 coniecit
1607 3052 1621 3092 :
1650 3035 2153 3090 circunwenlionibus

564 3099 781 3155 traditis.
813 3099 1111 3164 Gelenius:
1140 3106 1381 3162 traderet.
1414 3099 1621 3162 omn.

634 3170 802 3250 {lena
822 3175 1239 3246 proloquii.Vide
1265 3193 1446 3250 supra,
1473 3178 1539 3232 ad
1562 3179 1592 3250 li
1628 3193 1710 3250 tu,
1742 3191 1795 3232 c.
1822 3177 1912 3250 44,
1947 3174 2150 3250 Osann.

637 3242 884 3317 Utrumne
906 3242 1073 3317 capite
1101 3242 1359 3305 vervecinb
1379 3291 1395 3316 ,
1423 3265 1491 3303 an
1514 3242 1705 3313 suillo,
1732 3265 1799 3303 an
1825 3247 2014 3302 bubulo
2031 3291 2045 3311 ,
2087 3266 2155 3303 an

558 3315 779 3387 quolibet
817 3317 942 3372 alio.
972 3315 1257 3375 Revocavi
1298 3315 1580 3377 lectionem
1610 3319 1813 3374 codicis
1869 3335 1970 3374 ms.
2016 3319 2156 3387 Quid

557 3385 702 3443 enim
749 3391 978 3445 moverit
1016 3389 1253 3447 editores
1291 3400 1514 3446 cunctos
1541 3405 1700 3446 voces
1721 3407 1789 3444 an
1815 3389 2002 3444 bubulo
2027 3385 2157 3446 exu-

556 3457 975 3531 latum‘mittere.
989 3462 1238 3531 equidem
1261 3461 1472 3528 nescio;
1491 3463 1749 3518 vervecino
1768 3477 1863 3531 pro
1884 3461 2154 3525 cervicino,

560 3537 618 3604 ut
643 3528 770 3604 eod.
798 3546 901 3604 m_s.
930 3528 1090 3586 habet
1117 3533 1543 3604 corruptissime,
1575 3542 1659 3588 est
1685 3528 2158 3590 exemcndationc

559 3597 792 3654 Gelenii.
825 3598 1036 3656 ORELL.

633 3668 724 3746 I_V.
761 3700 845 3746 -Δ
872 3670 1158 3746 Puerilium
1201 3691 1308 3730 esse
1351 3675 1610 3746 ingeniola
1648 3675 1933 3744 ﬁctionum.
1981 3673 2158 3730 Demi-

559 3741 802 3818 nutivum
828 3743 1164 3818 ingeniolum,
1186 3757 1242 3801 ut
1273 3741 1552 3818 ingenium,
1587 3741 1687 3801 hoc
1717 3747 1958 3818 locopro
1990 3762 2048 3818 re
2069 3746 2155 3802 itt-

559 3812 719 3896 genio
743 3812 965 3896 {setmet
988 3812 1222 3896 inventa,
1252 3812 1480 3896 abpnpa.
1503 3833 1610 3889 quo
1622 3833 1795 3896 sensu
1822 3812 2158 3896 Tertulliano

562 3884 826 3959 imprimis
869 3884 1452 3956 frequentatissim'utit,
1498 3884 1636 3959 apud
1681 3905 1839 3955 quem
1870 3889 1971 3944 tria
1999 3904 2158 3944 voca-

561 3953 705 4031 bula_,
732 3953 1012 4031 ingenium,
1040 3961 1316 4031 artiﬁcium
1341 3970 1396 4016 et
1422 3953 1801 4031 argumentum,
1832 3975 2154 4031 synonyma,

562 4033 621 4100 t_tt
641 4024 889 4100 observat
917 4024 1212 4100 Salmasius
1241 4030 1306 4086 ad
1331 4031 1425 4087 lib.
1455 4024 1524 4087 de
1552 4032 1744 4098 Pallio,
1778 4024 1830 4100 p.
1859 4024 1950 4092 19.
2000 4024 2156 4087 Conl‘.

561 4094 817 4163 Semler.,
847 4098 961 4153 Ind.
989 4100 1289 4156 Latinitatis
1312 4103 1707 4158 Tertullianem.
1732 4094 1821 4159 'A't
1846 4102 2159 4158 melioribus

560 4180 793 4240 quoqne_
803 4168 1160 4240 scriptoribus
1187 4173 1427 4240 argentei
1455 4174 1552 4229 aevi
1577 4174 1679 4228 hoc
1709 4175 1980 4237 usitatum,
2008 4174 2158 4229 verbi

561 4237 1138 4315 causa,'l'acito,An_ua_l
1188 4237 1298 4315 xvi,
1327 4243 1418 4308 20,
1451 4247 1672 4298 noctium
1701 4245 1904 4315 ingenia
1934 4244 2002 4299 de
2032 4244 2157 4300 libi-

561 4307 778 4363 dinibus
805 4307 1087 4386 nocturnis
1114 4313 1391 4386 ingeniose
1415 4307 1778 4386 excogitatis:
1797 4324 1854 4370 et
1888 4315 2023 4370 Plin.
2060 4315 2160 4370 Pa-

563 4393 712 4457 rtem,
745 4382 969 4457 cap.
989 4400 1007 4457 ς
1040 4382 1311 4457 Είυιιιὶἱείια
1355 4382 1575 4457 ἱηρεηηί
1603 4403 1863 4442 cenarum
1883 4427 1900 4455 ,
1933 4386 2020 4441 ubi
2047 4386 2154 4442 vid.

561 4447 789 4522 Gierig.,
814 4447 877 4522 ‘p.
915 4455 1036 4510 147.
1068 4447 1278 4512 Οιὶειι.

635 4520 1031 4582 (ΣωῖάὶιΝαηιω
1049 4529 1310 4585 vivacitas.
1355 4526 1548 4584 Numa:
1595 4537 1680 4584 est
1734 4541 1894 4626 cals‘us
1945 4529 2154 4584 tertius.
2183 4565 2240 4626 Β

1783 4599 1988 4654 Οκειι.

632 4663 990 4742 Imprudentia
1033 4671 1258 4726 maxima
1304 4673 1610 4742 importatur
1638 4669 1778 4727 .Iovi.
1825 4669 2159 4727 Slewechius

560 4739 764 4814 mayult
806 4739 1124 4814 imputatur,
1171 4743 1311 4814 quod
1356 4739 1656 4813 suspicatur
1695 4752 1908 4798 enatum
1940 4757 2060 4796 esse
2090 4758 2158 4796 cx

560 4805 851 4878 scriptione
874 4805 1090 4884 antiqua
1109 4805 1629 4886 importtaturfquam
1659 4831 1763 4868 non
1799 4814 2158 4878 intelligentes

559 4875 810 4956 librarios
841 4880 1034 4956 fecisse
1061 4885 1388 4956 importetur.
1424 4885 1529 4942 Sed
1553 4888 1860 4956 importatur
1885 4885 2152 4956 impuden-

559 4947 632 5001 tia
653 4948 932 5027 alicuinon
957 4947 1144 5027 minus
1159 4957 1295 5011 bene
1324 4955 1428 5012 dici
1458 4947 1666 5027 potest',
1702 4972 1861 5027 quam
1890 4947 2158 5027 egritudi-

559 5033 697 5088 nem,
724 5021 1144 5095 sollicitudinem,
1177 5027 1388 5095 luctum,
1414 5021 1752 5095 suspicionem
1780 5021 2156 5094 alicui'impor-

561 5098 699 5175 tam
693 5091 832 5175 apud
863 5091 1462 5175 t_3.iceroncm_alio‘sque.
1499 5091 1619 5175 Yid.
1644 5099 1711 5156 G.
1734 5098 1989 5175 Corte_ad
2015 5091 2152 5175 Cic.,

559 5159 630 5218 ad
658 5159 846 5242 rati...
877 5167 972 5242 lib.
1006 5183 1126 5237 m,
1158 5168 1258 5242 Ep.
1291 5159 1398 5242 ΞΓ.
1429 5185 1482 5242 ρ.
1511 5159 1648 5234 sin,
1694 5181 1783 5242 ct,
1831 5169 1920 5242 qui
1957 5168 2026 5242 de
2056 5159 2158 5224 hoc

560 5234 729 5307 verbo
778 5237 982 5295 multus
1033 5234 1122 5297 est
1136 5282 1152 5307 ,
1201 5234 1267 5296 Μ.
1312 5234 1521 5298 Gttd'ius
1585 5242 1651 5296 ad
1698 5234 1911 5297 Plimdri
1962 5239 2056 5294 lib.
2104 5256 2153 5305 ι.

560 5303 676 5383 fab.
705 5321 895 5383 xx_vut_,
922 5326 1066 5368 vers.
1097 5303 1151 5372 6.
1185 5327 1238 5383 p.
1263 5314 1391 5379 247,
1417 5313 1506 5369 ed.
1537 5312 1848 5383 Burmanni.
1877 5310 2082 5383 Οιιεῃι.

633 5374 878 5453 Con/iteri
905 5391 972 5453 ite
1012 5374 1239 5453 captum.
1289 5383 1351 5438 F.
1377 5374 1656 5441 'Ursinus:
1700 5381 1942 5449 Con/iteri
1997 5381 2157 5438 Deum

559 5457 784 5516 captum.
811 5448 918 5508 Sed
943 5448 1433 5511 tunc'scribendutn
1463 5454 1651 5512 fuisset
1678 5471 1692 5511 :
1720 5448 1951 5522 conﬁteri
1994 5453 2158 5508 Deum

559 5529 766 5598 captum
786 5537 859 5588 se,
877 5539 1053 5596 neque
1073 5525 1330 5598 teabesse
1357 5535 1539 5598 potest
1563 5528 1633 5581 ob
1661 5525 1933 5598 sequentia
1955 5524 2116 5598 verba
2138 5541 2154 5582 :

559 5605 679 5674 cum
694 5590 1033 5674 deceptumde
1049 5597 1244 5667 doleas,
1270 5590 1374 5674 pro
1385 5599 1587 5674 quibus
1622 5590 1763 5674 idem
1789 5595 2018 5674 Ursinus
2034 5595 2159 5674 ﬁllb‘

559 5663 773 5742 stituit:
804 5663 918 5742 cum
944 5666 1208 5742 deceptum
1227 5663 1496 5742 seldoléat.
1527 5667 1958 5726 Elmenhorstius
1984 5683 2002 5725 :
2026 5663 2155 5723 Cum

561 5730 828 5802 deceptum
856 5735 1024 5794 Deum
1045 5730 1238 5796 doleas.
1271 5739 1480 5798 Οιιειι..

727 5806 1054 5878 medicinam,
1068 5828 1232 5883 Aquam
1251 5812 1528 5882 obtuleras,

681 5810 704 5884 ξ
727 5810 1054 5878 medicinam,
1067 5828 1232 5884 quam
1251 5812 1541 5884 obtuleras,
1557 5828 1762 5884 ponere.
1781 5810 1951 5884 Saga!
1972 5819 2075 5884 {35}:
2099 5818 2158 5884 ει

566 5869 788 5928 minime
811 5869 1136 5949 necessarii,
1178 5883 1487 5954 coniectura

1579 5883 1744 5944 eursii
1762 5892 1817 5942 et
1842 5881 2059 5942 Heraldi
2097 5883 2153 5941 in

2261 2891 2418 2947 Curis
2449 2891 2736 2952 secundis:
2769 2899 2817 2946 et
2843 2892 3178 2959 medicinam,
3201 2906 3356 2963 quam
3380 2894 3722 2958 occulueras,
3751 2910 3875 2963 pro-

2261 2979 2415 3017 mere.
2444 2963 2600 3018 Ponit
2630 2963 2857 3033 Jupiter,
2888 2963 2939 3017 id
2969 2972 3051 3019 est
3071 2963 3318 3030 deponit,
3350 2964 3622 3018 cnndoaat
3648 2963 3870 3030 Nurum,

2259 3049 2416 3103 quam
2441 3036 2588 3104 prius
2614 3035 2912 3100 obtulerat,
2942 3034 3261 3090 medicinam
3288 3078 3302 3100 ,
3334 3034 3716 3104 fulguritorum
3744 3038 3870 3091 scil.

2258 3107 2667 3176 expiandorum,
2700 3121 2796 3175 pro
2817 3106 2992 3177 capite
3020 3105 3255 3161 humano
3281 3104 3460 3161 oﬂ'erri
3491 3105 3593 3160 sibi
3623 3109 3872 3176 permit-

2262 3186 2380 3230 tens
2399 3193 2457 3232 ca
2469 3187 2559 3243 put
2583 3177 2883 3245 crepicium.
2912 3177 3117 3232 0pm..

2336 3246 2626 3302 Libidinose
2649 3248 2866 3303 hominis
2887 3249 3139 3302 inhiatum
3159 3258 3231 3302 est
3252 3248 3440 3302 cruori.
3468 3247 3785 3314 Libidinose,
3818 3251 3874 3305 id

2260 3329 2344 3390 est
2369 3320 2678 3375 crudeliter.
2699 3319 2880 3374 Libido
2910 3321 3055 3374 enim
3087 3335 3181 3390 pro
3209 3319 3400 3388 quovis
3427 3318 3622 3390 affectu
3649 3321 3732 3375 vel
3763 3336 3873 3375 cu-

2262 3389 2482 3456 piditate
2514 3393 2728 3461 punitur
2756 3391 2895 3461 apud
2927 3392 3191 3462 antiquos.
3236 3389 3452 3462 Videt}.
3489 3389 3675 3446 Barth.
3700 3432 3718 3458 ,
3746 3391 3873 3447 Ad-

2261 3475 2488 3529 versar.,
2517 3459 2612 3517 lib.
2648 3459 2803 3522 κκιχζ
2828 3477 2945 3531 cap.
2973 3459 3144 3532 Ηξρ.
3176 3460 3336 3516 1582.
3365 3459 3564 3517 Οιιειι.

2337 3532 2473 3599 Quid
2517 3533 2655 3605 quod
2699 3551 2730 3605 a
2780 3531 2978 3605 Numa
3005 3531 3188 3605 potuit
3209 3542 3255 3587 et
3293 3533 3502 3605 caepicio
3529 3534 3743 3601 suscipi.
3773 3531 3874 3592 Sic

2260 3603 2404 3658 edidi
2425 3619 2489 3658 ex
2523 3603 2898 3660 emendatione
2920 3604 3141 3660 editoris
3170 3603 3338 3673 Ludg.
3375 3603 3490 3658 Bal.
3534 3605 3722 3660 Codex
3755 3621 3868 3660 ms.

2263 3674 2417 3729 habet
2454 3691 2468 3734 ;
2518 3677 2653 3745 quod
2701 3674 2876 3730 Numa
2920 3676 3083 3744 potuit
3122 3676 3169 3730 ei
3201 3677 3410 3745 aspicio
3449 3676 3672 3744 suscipi,
3708 3678 3874 3733 nullo

2261 3761 2445 3818 sensu.
2495 3744 2671 3800 E'ditio
2703 3747 2951 3818 princeps
2978 3763 2992 3803 :
3020 3747 3159 3818 quod
3192 3744 3364 3801 Numa
3398 3748 3621 3816 potuisse
3647 3750 3872 3817 τωρὶεἰο

2261 3817 2472 3888 suscipi,
2497 3818 2638 3888 quod
2668 3817 3110 3888 tolerari’potcst,
3135 3822 3177 3873 si
3194 3818 3408 3888 dixerit,
3426 3817 3564 3888 quod
3587 3819 3867 3888 sequitur,

2263 3887 2430 3963 ct_hic
2453 3887 2954 3963 subittlelligamus:
2984 3891 3122 3963 quod
3151 3887 3328 3963 Numa
3355 3887 3494 3963 (scil.
3519 3887 3744 3963 dixerit)
3777 3909 3870 3963 po.

2263 3958 2415 4014 tuisse
2462 3961 2674 4030 cwpicio
2723 3958 2935 4030 suscipi.
2981 3958 3280 4016 Scriverius
3308 3958 3395 4031 ap.
3425 3958 3870 4031 Meursium‘n'ta-

2263 4031 2410 4102 vult:
2437 4033 2573 4102 quod
2593 4048 2624 4084 α
2654 4031 2830 4086 Numa
2858 4033 3098 4102 potuisset
3125 4032 3334 4102 cwpicio
3347 4030 3563 4102 suscipi.
3591 4030 3869 4088 Meursius

2263 4101 2376 4174 ipse
2406 4101 2457 4157 in
2485 4104 2794 4174 Appemlice
2819 4120 2833 4156 :
2860 4101 3000 4173 quod
3035 4101 3209 4174 Numa
3242 4103 3408 4171 potius
3435 4101 3499 4156 eat
3517 4103 3728 4173 ctrpicio
3748 4122 3868 4159 sus-

2262 4173 2366 4242 cipi
2378 4174 2518 4244 (scil.
2539 4172 2737 4230 dixerit
2754 4175 2836 4229 vel
2865 4172 3231 4244 intelleXerit).
3250 4172 3860 4244 Stewechiustandem:

2261 4246 2399 4316 quod
2413 4243 2589 4300 Numa
2604 4244 2907 4316 putavit(vcl
2926 4243 3412 4316 putaverit)ctrpicio
3428 4245 3618 4316 suscipi
3625 4243 3857 4316 .ORELL.

2340 4315 2402 4370 V.
2453 4345 2527 4358 —
2575 4315 2767 4388 Apudi
2783 4315 3099 4372 Timorlteum
3153 4333 3256 4370 non
3304 4315 3579 4388 ignobilem
3627 4315 3861 4373 Theolo-

2261 4400 2444 4456 gorum
2489 4389 2671 4442 virum.
2726 4387 2999 4442 Timothei
3047 4387 3552 4458 Theologi’praeter
3609 4400 3859 4444 nostrum

2265 4458 2444 4512 nullus
2473 4471 2714 4514 veterum
2745 4461 3008 4515 meminit.
3036 4459 3154 4515 Vid.
3183 4459 3248 4515 (ἶ.
3278 4459 3328 4513 J.
3363 4459 3547 4526 Voss.,
3577 4459 3645 4513 de
3669 4459 3858 4514 ilisto-

2264 4527 2391 4583 ricis
2419 4527 2623 4584 Graecis
2653 4570 2668 4592 ,
2727 4530 2820 4584 lib.
2868 4545 2954 4595 ut;
3001 4530 3066 4586 C.
3115 4529 3404 4595 Barthius,
3453 4531 3504 4584 in
3534 4529 3856 4598 Adversar.,

2263 4597 2354 4672 lib.
2389 4615 2473 4663 LV.
2514 4615 2635 4670 cap.
2665 4601 2764 4672 15.
2819 4609 2968 4672 putat
2995 4601 3245 4657 eumdem
3274 4616 3395 4672 esse
3423 4616 3544 4657 cum
3573 4610 3726 4672 poeta
3765 4597 3858 4658 illo

2263 4669 2432 4742 lyrico
2460 4680 2515 4727 et
2541 4669 2747 4728 musico
2781 4669 3107 4742 peritissimo
3138 4673 3238 4728 sub
3262 4671 3508 4742 Philippo
3535 4671 3851 4740 Macedone,

2263 4741 2571 4816 inventione
2591 4741 2816 4799 decimtc
2842 4753 2896 4798 et
2917 4744 3215 4816 undecimae
3240 4741 3733 4816 chordarunrlyrte
3755 4760 3856 4800 no-

2260 4809 2490 4886 bilitato.
2513 4814 2702 4883 dequo
2731 4815 2855 4870 vide
2881 4816 3120 4870 Snidam.
3143 4815 3296 4886 Male,
3327 4817 3540 4886 opinur.
3573 4809 3705 4870 Nam
3727 4831 3854 4886 qua:

2261 4881 2530 4958 Arnobius
2555 4881 2625 4958 exi
2643 4901 2708 4940 eo
2733 4887 2917 4950 refert,
2938 4889 3101 4958 petita
3131 4881 3379 4941 videntur
3402 4903 3469 4941 ex
3500 4886 3640 4958 libro
3669 4881 3854 4958 aliquo

2261 4955 2518 5028 historico
2557 4957 2624 5011 de
2654 4957 2754 5011 diis
2805 4955 3099 5026 eorumque
3131 4958 3419 5028 mysteriis.
3457 4959 3532 5013 De
3561 4956 3852 5013 Timotheo

2261 5023 2354 5102 illo
2379 5069 2393 5091 ,
2437 5041 2596 5102 quem
2635 5038 2688 5083 ct
2720 5023 3039 5084 Plutarchus
3081 5023 3324 5102 ἐξηᾶητήν
3363 5028 3623 5102 appellat,
3672 5028 3725 5102 id
3765 5038 3851 5084 est

2260 5094 2692 5172 hierOphautam,
2716 5094 3417 5172 mystagugum,sacrorum
3446 5100 3845 5156 Eleusiniorum

2261 5167 2632 5239 interpretem,
2659 5167 2853 5238 vel,'ut
2877 5167 3093 5226 Tacitus
3123 5171 3360 5241 loquitur
3383 5172 3660 5225 antistitem
3686 5186 3848 5225 citre-

2259 5241 2566 5312 moniarum,
2598 5241 2877 5298 adeundus
2903 5243 3053 5300 Gisb.
3085 5241 3328 5312 Cuperus
3355 5244 3408 5298 in
3433 5242 3750 5312 Appendch
3777 5241 3843 5297 ad

2257 5308 2592 5382 Apotltensin
2622 5312 2865 5379 Homeri,
2898 5329 3018 5380 pag.
3045 5308 3301 5369 277.'l‘ro
3330 5308 3671 5368 uirum'li‘ulv.
3696 5311 3846 5370 Ursiv

2258 5395 2358 5436 nus
2389 5384 2589 5438 mavult
2610 5400 2785 5437 unum.
2820 5386 2925 5442 Sed
2955 5385 3026 5439 nil
3058 5385 3395 5441 mutandum.
3433 5383 3642 5440 Οιιειι..

2331 5452 2504 5527 Super
2533 5452 2727 5527 Magna
2772 5457 2994 5512 Deorum
3023 5455 3220 5520 Matre,
3253 5471 3506 5527 superque
3531 5457 3696 5527 sacris
3731 5457 3843 5527 ejus

2255 5526 2400 5595 origo
2425 5525 2533 5581 haec
2561 5525 2660 5580 sita
2685 5535 2780 5584 est.
2809 5529 2942 5584 Cum
2981 5527 3082 5582 hac
3109 5525 3428 5583 narratione
3446 5526 3592 5582 and.
3643 5525 3844 5582 Pausa—

2257 5598 2375 5671 nias
2402 5597 2453 5671 in
2480 5596 2748 5671 Achaicis,
2792 5615 2913 5671 pag.
2942 5598 3071 5665 430,
3121 5598 3206 5654 ed.
3257 5598 3548 5671 Sylburgii,
3596 5598 3843 5671 eantdem

2256 5667 2558 5742 historiam‘
2589 5669 2704 5723 sive
2743 5667 2975 5728 tabulam
3027 5667 3360 5737 describens,
3407 5670 3505 5726 sed
3569 5669 3845 5742 aliquanto

2255 5738 2494 5798 brevius.
2525 5738 2732 5800 0am“

2328 5809 2413 5885 Ea:
2431 5811 2623 5885 intimis
2643 5823 2789 5885 eruta
2812 5814 3262 5885 (quemadmodum
3281 5813 3393 5883 ipse
3410 5811 3585 5885 scribit
3596 5811 3848 5868 iniuncto

2255 5881 2375 5953 que)
2396 5883 2672 5953 mysteriis.
2699 5881 3036 5945 Stevvechius
3074 5881 3362 5957 legendum
3405 5883 3717 5955 suspicatur
3747 5902 3762 5940 :
3787 5899 3849 5938 es
