3888 6416
763 886 1047 1030 ΑΙ)
1119 872 1841 1029 SANCTI
1881 869 2777 1024 CYPRIAN
2788 873 2855 1015 Ι

1151 1152 1806 1315 EPISTOLAM
1839 1150 2423 1333 OCTAVAM,

1411 1408 1741 1471 AUCTORE
1784 1404 2178 1465 DODWELLO
2192 1448 2206 1470 ,

208 1587 287 1649 DE
322 1582 770 1661 VlSlONIBUS,
815 1580 1083 1657 omne
1125 1564 1519 1642 vtsxonun
1566 1553 1895 1638 SUARUM
1928 1569 2184 1633 FIDEM
2230 1567 2860 1655 COMPROBARINT
2908 1566 3298 1644 VETERES,
3332 1585 3477 1631 ετο.

758 1751 1753 1795 Μ

1773 1744 1827 1788 0

1832 1745 2803 1793 W—

214 1939 301 2012 ςΙ.
338 1937 667 1996 Permansisse
703 1938 925 1994 visiones
946 1948 993 1993 et
1013 1942 1151 1993 dona
1172 1933 1475 2008 prophetica
1504 1947 1536 1985 α
1572 1940 1765 2000 tenipo-
1793 1927 1846 1987 Α
1943 1931 2043 1977 tate
2070 1920 2416 1975 commendari
2442 1936 2544 1973 non
2580 1926 2796 2012 poterat.
2830 1947 2897 1958 -—
2927 1917 2955 1990 ς
3008 1916 3091 1973 ιο.
3132 1915 3365 1973 Visiones
3384 1918 3477 2012 juo

267 2030 380 2084 ribus
402 2030 750 2100 Apostolorum
793 2045 954 2100 usque
987 2028 1056 2083 ad
1090 2026 1409 2100 Cyprianum
1444 2041 1509 2079 ea:
1550 2033 1759 2079 auclore

269 2123 629 2196 Apocalypseos,
659 2121 921 2178 Hermete.
946 2152 1017 2164 —
1040 2120 1068 2193 ᾗ
1094 2122 1151 2177 2.
1185 2118 1443 2175 Clemente
1466 2117 1701 2173 Romano
1721 2123 1767 2169 et

270 2225 445 2270 auctore
470 2215 648 2270 Esdrte
684 2214 1005 2287 Apocryphi.
1048 2243 1119 2253 ——
1155 2210 1183 2285 §
1222 2214 1277 2266 3.
1317 2210 1543 2283 Ignotio.
1571 2205 1765 2279 -μ,

275 2306 525 2370 Quadrato,
552 2304 788 2376 Philippi
806 2304 1242 2375 ﬁliabus,Annnia
1261 2298 1703 2370 Philadelphiensi
1724 2306 1770 2354 et

272 2393 551 2467 Polycarpo.
580 2428 652 2440 σ-
671 2395 700 2468 §
721 2396 772 2452 5.
800 2396 1012 2451 Iustino
1037 2394 1287 2466 Martyre.
1312 2392 1424 2464 -δ
1445 2393 1497 2448 6.
1529 2391 1772 2446 Melitone

271 2485 819 2551 Sardensi,Alexandro
839 2486 1070 2558 Phryge,
1098 2485 1291 2549 Attalo,
1317 2484 1632 2556 aliisque.-—-
1656 2481 1685 2553 §
1714 2482 1768 2536 7.

274 2576 466 2632 Ireturo.
491 2578 610 2650 -δ
643 2580 697 2633 8.
725 2577 987 2649 Perpetua
1008 2588 1053 2632 et
1077 2577 1291 2633 Saturo.
1318 2576 1445 2630 Non
1476 2576 1634 2642 fuisse
1656 2575 1773 2628 illos

274 2670 603 2727 lontanistas.
623 2702 697 2712 —
718 2672 747 2742 ᾗ
766 2672 821 2727 9.
849 2669 1041 2725 Verum
1069 2687 1170 2725 non
1194 2669 1539 2732 est,relictum
1568 2667 1775 2722 Monta-

272 2762 398 2816 nistis
415 2762 473 2816 ab
490 2761 719 2817 Ecclesia
748 2761 1139 2833 praphetiarum
1160 2761 1318 2831 {uisse
1357 2768 1681 2831 praetextum.
1704 2788 1775 2802 -—-

270 2854 393 2924 ﬁll).
428 2854 614 2911 Contra
642 2864 759 2922 post
796 2855 1072 2924 imperium
1109 2850 1411 2917 Commodi,
1441 2868 1499 2906 eo
1536 2852 1648 2923 ipso
1689 2868 1779 2906 ar-

270 2956 480 3015 gumento
504 2950 799 3018 refutarunt
825 2944 1266 3000 Montanistarum
1288 2943 1578 3014 prophetia:
1600 2946 1779 2998 catho-

272 3036 523 3107 lici,quod
557 3053 689 3092 certe
716 3038 1005 3109 prophetia:
1047 3038 1237 3091 donum
1274 3037 1330 3091 in
1368 3035 1599 3096 Ecclesia
1642 3034 1773 3089 Per-

269 3137 452 3194 petuum
496 3130 728 3198 futurum
768 3138 935 3194 esset;
975 3145 1093 3183 cum
1128 3139 1299 3184 tamen
1342 3128 1780 3183 Montanistarum

267 3217 384 3273 illud
389 3221 498 3291 jam
520 3222 699 3294 {uisset
722 3219 1131 3292 extinctum.—§
1155 3222 1178 3276 1
1197 3222 1212 3276 l
1231 3262 1243 3275 .
1266 3219 1291 3274 l
1300 3230 1353 3274 ta
1368 3220 1600 3276 Asterius
1616 3218 1783 3275 Urba-

269 3327 373 3372 nus.
390 3311 975 3384 Epiphanius.—§12,l
986 3313 1039 3367 3.
1058 3311 1248 3366 Auctor
1259 3312 1500 3366 Actorum
1516 3309 1783 3384 Perpetua:

1943 2032 2122 2072 venum
2169 2025 2313 2069 erant
2366 2013 2609 2085 propriae.
2650 2011 2786 2084 -ξ
2848 2012 2939 2079 41,
2967 2012 3059 2067 42.
3116 2012 3254 2080 ραιίά
3280 2012 3346 2066 de
3373 2011 3478 2068 iliis

1944 2110 2261 2166 sentiendum
2292 2108 2378 2178 qui
2412 2109 2707 2179 praphetias
2747 2104 2867 2160 illas
2910 2107 3234 2170 antiquorum
3260 2102 3482 2161 ludibrio

1869 2196 1873 2199 ⁷
1946 2202 2234 2255 habuerint.

1947 2292 2041 2365 δι.
2068 2324 2132 2332 --
2148 2292 2262 2347 Non
2284 2290 2519 2361 estquod
2548 2290 2635 2345 hic
2657 2289 3027 2355 rabbinorum,
3048 2289 3366 2357 aliorumve,
3394 2292 3484 2363 qui

1875 2389 2159 2456 prophetia
2213 2393 2440 2455 egerunt
2482 2383 2891 2453 visionihusque
2918 2381 3285 2454 pt-Opheticis,
3333 2399 3489 2439 com-

1874 2479 2188 2550 pilationem
2230 2479 2397 2532 lector
2424 2486 2693 2546 expectet.
2726 2476 2834 2531 Nos
2860 2492 2923 2531 ea
2957 2485 3164 2531 tantum
3203 2478 3492 2545 seligemus

1874 2585 1996 2641 quze
2024 2570 2091 2623 ab
2116 2568 2343 2623 eruditis
2388 2568 2750 2638 praetermissa
2775 2609 2789 2634 ,
2845 2567 3155 2623 nondumve
3197 2568 3331 2623 satis
3376 2567 3496 2623 anl-

1877 2663 2156 2717 madversa
2208 2662 2355 2724 situt,
2388 2661 2762 2729 quodesciam,
2789 2676 2911 2730 qum
2944 2670 3122 2716 tamen
3153 2659 3221 2715 ad
3253 2659 3397 2716 illius
3424 2659 3495 2717 de

1878 2770 1986 2825 quo
2026 2755 2235 2825 agimus
2264 2753 2445 2809 surculi
2477 2751 2756 2807 historiam
2786 2751 2991 2823 aliquid
3037 2751 3364 2809 videbuntur
3392 2752 3515 2807 Ita-

1879 2845 2010 2901 bere
2038 2845 2322 2900 momenti.

1952 2937 2090 2992 Male
2117 2939 2295 3007 itaque
2325 2935 2527 2995 faciunt
2555 2935 2754 2990 eruditi
2783 2936 3016 3007 quiquae
3049 2936 3235 3008 legunt
3265 2937 3317 2991 in
3351 2936 3497 2993 illitis

1881 3028 2068 3084 smculi
2109 3026 2420 3081 auctoribus
2446 3026 2518 3081 de
2566 3027 2905 3093 visionibus,
2954 3042 3019 3083 ea
3068 3027 3133 3081 ad
3180 3028 3491 3084 Montanum

1882 3128 2107 3182 trahunt
2136 3133 2295 3194 atque
2324 3125 2702 3189 montanistas,
2732 3124 2887 3194 quasi
2916 3138 3045 3179 vero
3072 3124 3141 3179 ab
3172 3125 3303 3194 ipsis
3330 3141 3501 3196 usque

1882 3215 2254 3288 apostolorum
2291 3215 2622 3286 temporibus
2644 3216 2881 3271 visiones
2934 3216 2986 3270 in
3018 3214 3259 3271 Ecclesia
3288 3216 3507 3273 defece-

1886 3311 2016 3377 rint,
2059 3314 2348 3378 omnisque
2377 3323 2560 3362 earum
2602 3319 2895 3378 pra-textus
2925 3308 2976 3362 in
3007 3308 3239 3364 ecclesia
3270 3324 3497 3379 suspec-

269 3411 312 3456 et
335 3401 749 3476 Felicitatis.—§
770 3405 859 3459 η.
898 3402 1128 3459 Visiones
1145 3402 1355 3459 Natalis
1369 3414 1418 3459 et
1443 3403 1775 3473 Potamienae,
1811 3408 1858 3469 Β
1887 3414 1973 3460 tus
2000 3402 2161 3458 fuerit
2184 3413 2349 3473 atque
2379 3402 2737 3472 improbatus,
2768 3402 3011 3480 solisque
3039 3403 3384 3459 montanistis
3413 3418 3501 3460 reo

269 3499 410 3569 deque
443 3499 741 3556 Alexandro
785 3496 1291 3570 Hierosolymorum,
1337 3497 1572 3553 Fabiano
1603 3498 1784 3555 Roma

269 3592 611 3647 constituendis
642 3591 938 3661 Episcoiris.
956 3590 1076 3662 —-§
1107 3590 1196 3647 15.
1218 3590 1462 3663 Agnoscit
1490 3591 1784 3662 prophetias

272 3682 517 3753 Origenes.
539 3711 613 3722 —-
636 3681 665 3753 ς
691 3680 779 3736 l6.
833 3679 1131 3735 Declinatur
1173 3681 1515 3736 testimonium
1552 3680 1786 3755 Gregorii

271 3769 481 3843 Νεβεεηί
500 3773 564 3828 de
585 3772 647 3829 S.
676 3770 925 3843 Gregorio
949 3770 1442 3845 Thaumaturgo.-—
1472 3773 1605 3846 §l7.
1646 3773 1785 3831 Visio

274 3863 487 3937 Dionysii
530 3865 890 3920 Alexandrini.
923 3864 1045 3937 -θ
1082 3865 1167 3928 18.
1215 3865 1303 3930 19,
1340 3865 1432 3931 20,
1471 3867 1560 3922 21.
1617 3866 1786 3924 Visio-

272 3975 347 4013 nes
375 3961 534 4029 ipsius
579 3957 851 4030 Cypriani.
898 3957 1026 4029 -ς
1078 3958 1169 4013 22.
1224 3957 1360 4015 Visio
1391 3959 1498 4015 alia
1555 3960 1788 4034 Dionysii

271 4050 595 4106 Alexandrini
600 4081 690 4104 .——
703 4049 732 4122 ᾗ
745 4047 838 4104 23.
872 4047 1100 4105 Visiones
1125 4050 1298 4121 palam
1317 4052 1573 4107 enuntiari
1594 4055 1786 4123 solitaz,

275 4142 415 4213 idque
427 4155 544 4199 ante
573 4153 829 4199 eventum.
858 4173 929 4184 -—
956 4142 1095 4216 926.
1134 4143 1200 4200 Ut
1226 4146 1423 4214 fraudi,
1453 4146 1508 4200 in
1538 4147 1790 4202 visionum

274 4248 505 4302 praetextu
522 4280 537 4305 ,
576 4239 875 4293 subventum
913 4239 998 4293 sit.
1026 4268 1096 4280 —-
1116 4237 1145 4311 ᾗ
1162 4236 1256 4304 25,
1287 4238 1380 4302 26,
1408 4238 1500 4294 27.
1534 4239 1610 4295 De
1635 4258 1791 4313 argu-

273 4332 439 4385 mentis
462 4331 643 4402 quibus
655 4330 954 4401 probaretur
972 4330 1223 4385 visionum
1243 4331 1389 4400 fides,
1410 4334 1686 4403 priesertim
1707 4336 1790 4387 in-

274 4421 511 4478 trinsecis.
544 4422 753 4477 Donum
786 4422 1155 4495 cogitationum
1198 4422 1685 4495 potefaciendarum.
1722 4455 1792 4465 —

279 4512 408 4582 Q28,
436 4515 529 4582 29,
555 4515 647 4572 30.
694 4514 1009 4571 Futurorunt
1062 4515 1517 4586 prwdicendorum.
1568 4516 1790 4585 Futura,

274 4621 379 4673 qua:
428 4609 557 4663 uires
615 4608 808 4679 alioqui
878 4617 1075 4661 creatas
1126 4623 1227 4662 non
1256 4609 1571 4675 excederent,
1600 4610 1664 4664 ab
1690 4611 1794 4665 alio

280 4708 457 4767 tamen,
482 4711 823 4772 praterquam
852 4697 961 4754 Deo
987 4700 1222 4770 praedici,
1254 4717 1317 4759 ea:
1343 4701 1486 4756 illius
1527 4703 1622 4757 (eoi
1650 4705 1793 4773 prin-

1887 3496 2067 3551 lictus.
2098 3493 2241 3548 Nihil
2286 3504 2367 3550 est
2396 3494 2619 3549 omnino
2663 3509 2761 3549 cur
2807 3493 2879 3548 ita
2919 3496 3177 3551 sentiant.
3220 3494 3406 3550 Potius
3446 3497 3500 3552 lu

1887 3589 2033 3644 omni
2063 3588 2155 3642 illo
2184 3588 2488 3652 intervallo,
2519 3587 2591 3642 ab
2627 3588 2888 3657 apostolis
2936 3586 3003 3643 ad
3036 3588 3364 3660 Cyprianum
3409 3606 3502 3646 us-

1888 3698 2012 3754 que,
2055 3687 2350 3752 perpetuus
2390 3690 2504 3735 erat
2547 3680 2813 3735 visionum
2867 3696 3029 3748 usus,
3073 3696 3395 3753 semperque
3434 3685 3505 3740 ab

1893 3774 2133 3831 Ecclesia
2162 3774 2438 3844 probatus.
2471 3772 2584 3829 Sub
2599 3773 2755 3842 primi
2782 3774 2963 3829 smmtli
2997 3773 3156 3829 liticnt
3186 3777 3386 3846 scripta
3410 3777 3502 3833 illa

1891 3877 2002 3934 est,
2053 3882 2213 3937 quam
2265 3866 2525 3920 habemus
2569 3866 2959 3938 Apocalypsis,
2990 3867 3105 3922 sive
3134 3867 3200 3922 ab
3232 3869 3499 3938 apostolo,

1891 3974 1987 4015 seu
2018 3958 2154 4014 forte
2183 3974 2214 4012 ει
2250 3956 2459 4013 Joanne
2500 3959 2856 4030 presbytero,
2888 3974 3009 4029 qua:
3037 3969 3213 4015 tamen
3245 3961 3422 4017 omnis
3449 3964 3506 4019 in

1893 4051 2164 4106 visionum
2204 4058 2524 4121 argumento
2563 4062 2831 4105 versatur.
2883 4050 3086 4105 Eodem
3120 4052 3339 4107 circiter
3370 4064 3504 4110 tem-

1897 4158 2028 4215 pore
2055 4142 2336 4198 Pastorem
2365 4156 2521 4196 suum
2571 4142 2787 4211 scripsit
2820 4140 3069 4203 llcrntes.
3099 4143 3198 4198 sub
3224 4142 3505 4202 Clemente

1894 4238 2041 4291 enim
2070 4236 2356 4305 scripsisse
2377 4246 2590 4291 constat
2621 4253 2689 4292 ex
2716 4236 2854 4291 libro
2883 4235 3055 4307 primo
3087 4236 3289 4294 Vision.
3312 4282 3326 4304 ,
3358 4256 3414 4295 n.
3444 4240 3502 4295 2.

1895 4327 2008 4384 Nec
2047 4340 2132 4383 est
2157 4327 2301 4398 quod
2350 4343 2629 4383 moremur
2670 4330 2975 4384 recentiora
3018 4330 3107 4384 illa
3154 4328 3502 4401 Pontiﬁcalis,

1895 4422 2194 4477 carminum
2249 4420 2510 4477 adversus
2548 4420 2846 4478 Macionem
2885 4432 2976 4479 aut
3020 4440 3140 4495 qua:
3196 4424 3274 4479 Pii
3305 4442 3504 4484 nomen

1897 4514 2147 4571 feruntur
2180 4515 2531 4584 epistolarum
2581 4514 2647 4570 ad
2687 4514 2898 4571 Iustum
2945 4515 3328 4584 Vietnieinem,
3380 4520 3505 4577 lidei

1898 4608 2079 4662 omnia
2106 4616 2401 4675 suspectae,
2456 4607 2784 4663 testimonia.
2820 4609 2988 4678 llujus
3017 4625 3303 4679 opuscum
3334 4612 3508 4668 tribus

1899 4711 2112 4759 Constet
2155 4701 2328 4769 libris,
2377 4702 2583 4771 primus
2628 4703 2892 4758 visionum
2927 4704 3140 4759 titulum
3171 4720 3281 4774 pra:
3302 4721 3361 4759 se
3384 4704 3507 4771 l‘ert,

281 4792 443 4861 cipiis,
480 4811 581 4848 non
618 4803 869 4862 poterant.
922 4823 995 4834 —
1041 4792 1187 4863 §5L
1241 4793 1444 4854 Eodem
1478 4796 1648 4864 redit,
1697 4797 1800 4852 sive
1824 4798 1870 4862 C
1901 4802 2155 4863 totusque
2194 4802 2278 4847 est
2323 4793 2374 4847 in
2418 4808 2483 4848 eo
2515 4804 2853 4865 argumento.
2885 4794 2943 4850 In
2976 4795 3214 4851 secundo
3251 4798 3413 4852 etiam
3442 4798 3512 4854 de

282 4899 312 4935 a
350 4882 452 4939 Deo
490 4886 603 4953 ipso
641 4886 951 4948 immediate,
985 4886 1029 4939 si
1058 4887 1161 4940 sive
1209 4886 1376 4941 media
1421 4884 1596 4958 aliqua
1650 4904 1795 4942 crea-

289 4986 396 5031 tura
420 4982 638 5035 revelata
682 4980 892 5053 fuerint.
927 4979 1050 5052 —§
1104 4980 1194 5035 52.
1246 4979 1597 5052 Hypotheseos
1642 4982 1796 5053 hujus

283 5084 390 5123 cum
421 5072 765 5141 phenomenis
791 5074 1057 5127 consensio
1078 5074 1303 5128 ueritatis
1329 5085 1683 5146 argumentum
1700 5085 1793 5132 est.

1902 4888 2289 4959 prophetarum
2364 4887 2760 4957 spiritutttnque
2831 4904 3084 4946 vet-Orum
3147 4888 3514 4962 falsorumque

1901 4980 2247 5035 distinctione
2291 4980 2403 5049 agit
2447 4996 2515 5035 ex
2561 4981 2810 5047 professo
2864 4981 3180 5054 (Μαικία,
3228 4984 3313 5049 H,
3372 4984 3438 5038 12
3468 4983 3508 5055 ).

1902 5072 2172 5141 Quorsum
2231 5070 2385 5137 illud,
2427 5072 2526 5127 nisi
2574 5088 2827 5128 verorum
2869 5089 3085 5145 quoque
3130 5075 3513 5145 prophetarum

284 5192 348 5203 —
374 5165 401 5237 ᾗ
426 5166 512 5222 55.
542 5166 627 5223 Ea:
653 5167 872 5220 aliarum
905 5166 1293 5236 prophetiarum
1347 5168 1451 5237 ﬁde
1494 5178 1551 5223 ut
1580 5170 1800 5223 aliarum
1906 5163 2047 5220 dooa
2091 5178 2331 5232 eousque
2361 5164 2414 5235 in
2450 5163 2691 5220 Ecclesia
2742 5167 3109 5236 permansisse
3152 5170 3516 5225 credidisset?

287 5255 429 5322 ﬁdem
464 5259 829 5314 adstruxerim.
853 5287 927 5299 —-—
957 5258 985 5330 ς
1013 5260 1102 5314 δι.
1156 5257 1399 5313 Verorum
1439 5261 1801 5331 praphetarum
1912 5258 2065 5314 Hunc
2096 5256 2409 5313 Blondellus
2443 5258 2707 5313 larvatum
2739 5259 3061 5329 prOpItetam‘
3103 5262 3518 5317 somniatorctn-

290 5353 447 5405 omnia
468 5370 567 5407 non
589 5357 797 5425 fuerunt
823 5352 1267 5425 prophetica.—§
1295 5354 1384 5416 3S,
1415 5353 1613 5420 56,37.
1638 5353 1807 5423 Aliqui
1914 5368 2019 5423 que
2059 5350 2322 5422 appellat,
2371 5352 2873 5408 tnOntanisticarum
2911 5354 3356 5422 superstitionum
3395 5372 3519 5423 gur—

290 5446 631 5514 prOpltetarum
657 5461 853 5500 errores
889 5460 1006 5498 cum
1044 5460 1162 5499 vera
1194 5444 1460 5515 prophetia
1508 5448 1806 5517 consistunt,

287 5546 331 5590 et
370 5540 567 5611 quinam
595 5540 694 5594 illi.
719 5538 851 5611 -ς
887 5539 977 5593 58.
1009 5536 1301 5607 Prophetia:
1344 5539 1525 5594 veritas
1570 5556 1632 5594 ea:
1673 5557 1810 5596 como

1913 5448 2071 5517 git-3m
2101 5444 2343 5518 (Apolog.
2371 5461 2464 5515 pro
2490 5444 2635 5499 Sent.
2674 5443 3001 5517 Hieronym.,
3028 5464 3081 5516 p.
3114 5446 3202 5510 16,
3238 5448 3348 5517 i7).
3371 5448 3520 5503 ltlcm

1921 5550 2097 5595 tamen
2130 5538 2329 5593 ibidem
2369 5547 2579 5607 patrum
2610 5540 2768 5595 aliter
2804 5541 3154 5595 sentientium
3203 5542 3377 5612 elogia
3428 5557 3525 5612 pro

288 5632 527 5686 muaionis
553 5634 637 5687 cui
658 5649 713 5697 se
740 5632 1053 5701 adjunmerat
1081 5630 1349 5701 propheta.
1382 5631 1576 5685 unitate
1602 5632 1813 5703 probata
1920 5649 2070 5691 more
2116 5646 2216 5687 suo
2261 5633 2602 5688 coacervavit
2630 5631 2921 5688 admodum
2966 5634 3287 5699 honoriﬁca,
3327 5645 3381 5691 et
3408 5636 3525 5705 qui-

290 5732 375 5777 est.
412 5755 483 5766 -—
525 5724 555 5798 ᾗ
599 5723 690 5782 59.
742 5724 979 5792 Quorum
1047 5723 1329 5795 prophetia:
1381 5739 1554 5779 omnes
1600 5726 1816 5796 fuissent
1923 5729 2046 5786 dem
2091 5744 2120 5783 a
2184 5726 2579 5782 montanisticis
2640 5728 3116 5798 superstitionibus
3168 5727 3526 5782 alicnissimo~

286 5819 519 5889 obscuret,
550 5835 730 5876 eorum
761 5817 901 5889 ﬁdes
927 5817 1076 5872 aliter
1096 5816 1197 5873 nisi
1220 5834 1286 5873 ea:
1307 5818 1677 5873 communionis
1703 5820 1817 5875 uni-

507 5917 797 5983 PATROL.
840 5910 919 5972 V.

1927 5838 2066 5877 rum.
2112 5819 2187 5878 lta
2224 5818 2357 5875 nihil
2387 5820 2439 5876 in
2470 5834 2535 5877 eo
2578 5820 3015 5879 montanisticum
3068 5819 3307 5888 reperire
3341 5829 3528 5891 potuc-

3043 5915 3098 5974 1.
