3888 6388
235 425 289 481 i3
1371 431 1456 489 DE
1495 426 1877 490 VISIONIBUS
1913 428 2394 487 muraenas.
3456 454 3520 508 Η

287 539 312 609 §
336 538 600 594 'I.-ldem
625 539 698 597 de
731 542 858 608 illo,
883 543 938 599 id
965 550 1076 611 est,
1102 558 1220 610 suo,
1240 558 1449 615 quoque
1476 545 1686 628 szeculo.
1707 546 1812 600 lre-
1840 544 1891 602 A
1917 541 2087 608 milla,
2111 542 2410 598 Exoreistze
2433 543 2577 599 vices
2612 546 2764 601 obire
2794 546 2954 614 velle,
2997 564 3118 604 cum
3151 567 3211 606 ea
3247 563 3517 626 tamquam

215 649 355 689 nmus
396 633 585 701 (trem,
612 637 704 690 lib.
739 653 805 702 ιι,
842 655 889 694 c.
925 639 1050 709 58),
1079 639 1231 708 cujus
1265 640 1426 694 verba
1471 639 1628 695 nobis
1645 654 1816 708 graeca

213 729 436 780 servavit
463 728 738 784 Eusebius
775 749 790 785 :
823 734 884 787 Οἱ
910 731 966 788 δέ
1008 737 1094 788 καὶ
1137 735 1422 809 πρόγνωσιν
1465 733 1681 805 ἔχουσιν
1718 743 1818 789 τῶν

224 819 502 890 μελλόντων,
540 825 632 876 καὶ
678 823 948 887 ὀπτασίας·
975 829 1063 880 καὶ
1089 814 1263 899 βήσεις
1291 829 1615 904 προφητικὰς
1644 825 1818 896 (Apud

226 911 425 981 Euseb.,
461 914 597 970 Hist.
635 916 812 983 Eccl.,
845 935 900 986 v,
937 918 1018 990 7).
1049 919 1202 987 Quod
1234 919 1323 974 ille
1352 919 1652 988 argumenti
1697 919 1816 975 loco

230 1016 372 1076 urget
391 1006 650 1064 adversus
667 1009 980 1065 haereticos.
1014 1009 1162 1066 Idem
1191 1009 1466 1068 alibizvbi
1485 1009 1817 1077 Ecclesia,ibi

234 1109 275 1153 et
301 1097 534 1168 Spiritus,
564 1111 611 1153 et
637 1101 724 1154 ubi
746 1101 976 1173 Spiritus
1008 1101 1123 1166 Dei,
1151 1102 1261 1156 illic
1282 1101 1516 1157 Ecclesia
1535 1144 1550 1170 ,
1575 1112 1621 1156 ct
1649 1104 1815 1157 outnis

236 1191 579 1263 graua(lren.,
601 1196 638 1248 ι.
669 1211 751 1260 ιιι,
781 1214 827 1250 c.
859 1195 976 1268 40).
999 1196 1163 1267 Negat
1190 1212 1472 1253 numerum
1503 1197 1624 1251 iniri
1657 1212 1815 1268 posse

237 1283 473 1340 donorum
501 1302 619 1355 qua:
648 1302 750 1342 suo
803 1297 1046 1358 tempore
1095 1300 1316 1360 operam
1367 1298 1511 1344 esset
1550 1289 1810 1344 Ecclesia.

238 1382 329 1434 Οὐκ
351 1379 478 1437 ἴστιν
508 1382 715 1456 ἀριθμὸν
740 1391 841 1439 τῶν
868 1385 1233 1462 χαρισμάτων,
1260 1381 1326 1438 ὧν
1347 1386 1484 1440 κατά
1508 1388 1700 1447 παντὸς
1721 1390 1814 1440 τοῦ

239 1475 412 1547 κόσμου
438 1477 466 1533 ἠ
494 1477 730 1534 ἐκκλησία
767 1477 914 1546 παρά
951 1479 1064 1530 θεοῦ
1102 1477 1356 1549 λαβοῦσα,
1390 1479 1441 1530 ἐν
1483 1484 1557 1550 τῷ
1603 1477 1814 1548 ὀνόματι

238 1573 370 1625 ιι)σοῦ
395 1573 612 1642 Χριστοῦ
639 1574 732 1624 τοῦ
770 1569 1152 1646 σταυρωθέντος
1191 1572 1276 1622 ἐπὶ
1317 1571 1524 1623 Ποντίου
1569 1568 1810 1632 Πιλάτου,

240 1657 432 1718 ἑκάστης
454 1661 644 1734 ἡμέρας
673 1659 756 1714 ἐπ’
781 1662 1051 1737 εὐεργεσίᾳ
1075 1667 1174 1714 τῶν
1197 1661 1344 1713 ἐθνῶν
1365 1660 1585 1714 ἐπιτελεῖ
1613 1659 1808 1729 (lren.,

237 1749 311 1802 tib.
340 1765 393 1812 ιι,
417 1775 459 1802 ι.
483 1749 573 1813 58;
597 1767 683 1820 ap.
720 1749 1064 1822 Euseb.,ib.).
1095 1751 1170 1805 Ex
1190 1765 1299 1820 quo
1329 1750 1380 1804 id
1410 1767 1623 1821 quoque
1650 1752 1813 1806 intel-

235 1841 443 1912 ligimus,
481 1858 540 1898 ea
579 1859 739 1914 quam
788 1843 990 1898 fuerint
1029 1845 1291 1915 vulgaria.
1321 1844 1399 1899 Ne
1417 1861 1546 1900 vero
1570 1845 1678 1899 falli
1709 1860 1808 1916 po-

1924 634 2253 691 dtemouiaca
2300 651 2464 706 agere
2493 679 2506 700 ,
2561 638 2612 691 ni
2651 638 2719 692 ab
2741 639 2861 692 aliis
2886 640 3156 698 cohibitus
3183 645 3400 714 fuisset,
3448 655 3524 706 ait

1921 727 2248 798 Apollonius
2296 729 2418 800 (Ap.
2453 729 2664 797 Euseb,
2702 731 2842 787 llist.
2880 736 3030 800 ραι,
3062 754 3114 804 v,
3152 741 3262 809 18).
3299 743 3368 796 De
3395 744 3522 799 Sola

1921 817 2025 874 hoc
2071 819 2211 874 idem
2263 830 2491 875 testatur
2516 821 2692 878 Ailius
2731 823 2952 878 Publius
2980 827 3154 883 Julius
3185 831 3387 886 llevolli
3417 835 3524 889 (Iu-

1922 912 2082 966 loniaa
2125 911 2424 982 Episcopus
2469 914 2610 984 apud
2639 914 3014 982 Serapionem,
3051 937 3115 974 ex
3147 923 3346 978 Euseb.
3380 926 3522 981 llist.

1922 1004 2070 1070 (τοι,
2123 1004 2300 1071 lib.v,
2349 1020 2398 1061 c.
2427 1006 2514 1062 ‘19.
2550 1007 2624 1061 De
2667 1009 2925 1078 praedicto
2968 1012 3154 1068 Zotico
3199 1016 3527 1075 Comancnsi

1922 1096 2192 1167 Episcopo
2223 1107 2277 1153 et
2319 1098 2537 1154 Juliauo
2564 1099 2842 1170 Apameuo
2872 1106 3117 1160 Asterius
3150 1107 3396 1166 Urbanus
3425 1133 3516 1182 ap.

1921 1191 2142 1254 Euseb.,
2170 1191 2241 1246 ib.
2269 1235 2282 1257 ,
2327 1208 2379 1259 v,
2403 1193 2470 1246 16
2499 1193 2620 1264 (Ap.
2667 1194 2883 1260 Euseb.,
2934 1199 3002 1251 ib.
3026 1241 3047 1272 _,
3079 1217 3124 1253 c.
3153 1203 3243 1270 16,
3292 1206 3378 1270 17,
3409 1208 3523 1278 18).

1919 1281 1976 1336 ld
2013 1283 2268 1338 (atholici
2302 1299 2367 1340 ex
2400 1286 2594 1350 variis,
2640 1289 2836 1357 quibus
2879 1291 2993 1344 veri
3030 1306 3213 1347 essent
3251 1296 3526 1366 propheta:

1918 1376 1986 1429 ab
2034 1375 2398 1431 Euthusiastis
2429 1381 2791 1446 secernendi,
2841 1383 3166 1453 colligebant
3197 1405 3208 1439 :
3237 1389 3375 1456 quod
3402 1389 3525 1446 fuco

1918 1467 2201 1522 oculorum
2233 1471 2520 1539 supercilia
2563 1473 2898 1542 capillosque
2930 1476 3186 1532 illevissct
3214 1480 3520 1549 Mummius;

1918 1561 2061 1631 quod
2084 1562 2276 1616 salaria
2308 1564 2586 1634 prophetis
2612 1568 2724 1620 suis
2750 1580 3218 1643 mercaturamque
3237 1579 3521 1644 quatmlam

1917 1668 1982 1708 eo
2025 1664 2291 1723 praetextu
2321 1658 2722 1725 constituisset;
2755 1663 2897 1726 quod
2933 1665 3077 1719 viros
3111 1682 3238 1720 suos
3269 1670 3520 1739 reliquis-

1917 1755 2038 1800 sent
2065 1747 2183 1816 ejus
2215 1749 2548 1804 mulierculae
2591 1768 2712 1807 cum
2748 1755 3210 1823 prephetissarum
3241 1775 3436 1815 munus
3467 1764 3520 1817 in

1916 1853 1976 1892 se
2007 1839 2403 1909 susrepissent;
2453 1843 2596 1912 qttod
2621 1843 2726 1899 illa:
2747 1861 2961 1915 quoque
2988 1851 3228 1903 avaritia:
3260 1855 3521 1920 pecuniis-

235 1935 383 1990 tnisse
407 1934 486 1990 hic
512 1936 853 2006 suspfcemur
883 1937 1166 2001 Irenaeum,
1199 1935 1250 1990 id
1267 1952 1483 2009 quoque
1513 1938 1807 2000 addit,non
1838 1938 1886 1998 Β
1916 1948 2021 2003 que
2065 1935 2254 2004 quavis
2301 1935 2519 1990 tandem
2570 1949 2686 1992 arte
2716 1941 3064 1996 corradeudis
3095 1953 3220 1997 tuta"
3245 1945 3523 2002 incumbe-

235 2027 385 2083 aliena
412 2027 664 2084 duntaxat
688 2030 794 2085 fide
819 2044 880 2084 se
902 2045 964 2084 ea
991 2029 1260 2092 retulisse.
1294 2031 1389 2085 sed
1417 2047 1538 2102 qua:
1572 2033 1806 2100 propriis

235 2117 333 2189 ipse
353 2123 554 2176 auribus
583 2122 870 2177 hausisset.
899 2127 993 2178 Καὶ
1021 2124 1212 2179 πολλῶν
1233 2125 1485 2196 ἀκούομεν
1507 2122 1727 2197 ἀδελφῶν
1755 2127 1805 2178 ἐν

311 2214 529 2290 ἐκκλησίᾳ
551 2217 840 2294 προφητικὰ
876 2220 1190 2294 χαρίσματα
1218 2216 1468 2288 ἑχόντων,
1499 2219 1583 2270 καὶ
1614 2238 1802 2272 παντο-

233 2303 396 2368 δαπαῖς
428 2307 706 2362 λαλούντων
744 2305 827 2362 διὰ
868 2313 963 2363 τοῦ
1002 2310 1290 2381 πνεύματος
1318 2307 1599 2380 γλώσσαις,
1624 2310 1708 2362 καὶ
1737 2331 1804 2364 τα

231 2402 391 2474 κρύφια
412 2408 507 2454 τῶν
533 2401 806 2474 ἀνθρώπων
833 2403 906 2461 εἰς
943 2402 1153 2477 φανερὸν
1183 2401 1407 2473 ἀγόντων
1447 2402 1531 2454 ἐπὶ
1561 2408 1634 2472 τῷ
1665 2422 1799 2472 συμ-

229 2496 414 2566 φέροντι,
445 2497 527 2548 καὶ
569 2496 636 2550 τοὶ
671 2499 940 2572 μυστήρια
984 2499 1077 2548 τοῦ
1115 2496 1230 2547 θεοῦ
1259 2490 1645 2564 ἐκδιηγουμένον
1675 2491 1797 2564 (Ap.

228 2581 390 2638 Euseb.
419 2585 530 2654 ib.).
568 2586 661 2640 llis
686 2585 812 2655 quid
847 2585 954 2640 dici
984 2586 1157 2655 potuit
1185 2583 1559 2639 manifestius?

286 2675 310 2745 ᾗ
335 2676 380 2731 8.
404 2707 473 2718 —
495 2677 812 2733 Tertulliani
839 2678 1140 2732 testimonia
1171 2687 1459 2748 propterea
1492 2693 1597 2732 non
1620 2677 1798 2734 refero

225 2769 346 2838 quod
368 2769 505 2824 illum
529 2771 879 2826 montanismi
907 2781 1218 2841 suspectum
1241 2771 1366 2826 facit
1387 2771 1676 2842 Rigaltius,
1698 2786 1798 2828 nec

223 2879 360 2940 negat
398 2869 533 2939 apud
577 2887 701 2926 eum
747 2872 1186 2942 prepheticarum
1241 2873 1500 2928 visionum
1549 2873 1796 2943 exempla

222 2977 472 3020 occanere
496 2965 627 3020 satis
651 2965 975 3035 frequentia.
1006 2966 1104 3022 Est
1133 2976 1187 3022 et
1207 2967 1356 3021 aliud
1385 2981 1628 3022 comvum
1663 2967 1794 3022 Ter-

221 3055 420 3113 tulliano
461 3061 830 3114 testimonium
871 3063 1180 3132 neutiquam
1213 3077 1343 3116 sane
1369 3063 1790 3131 prartermitlen-

218 3150 326 3206 dum
351 3195 365 3219 ,
419 3165 658 3209 actorum
696 3155 982 3223 Perpetua;
1007 3166 1060 3210 et
1087 3155 1399 3211 Felicitatis.
1431 3155 1509 3211 Ibi
1554 3157 1791 3211 visiones

217 3241 450 3300 habemus
480 3245 761 3315 Perpetuus
778 3256 835 3302 et
867 3246 1046 3301 Saturi
1083 3264 1097 3313 ;
1128 3256 1182 3302 et
1215 3246 1433 3317 quidem
1481 3247 1614 3317 ipsis
1652 3248 1790 3303 Mar—

1913 2032 2061 2088 rent;
2087 2024 2230 2094 qUod
2252 2030 2396 2102 παρὰ
2422 2031 2480 2083 τὸ
2507 2032 2644 2085 κατὰ
2673 2031 2960 2106 παράδοσιν
2990 2037 3074 2088 καὶ
3103 2039 3235 2090 κατὰ
3262 2035 3521 2110 διαδοχήν

1911 2115 2092 2174 ἄνωθεν
2123 2129 2213 2181 τῆς
2243 2121 2512 2184 ἐκκλησίας
2538 2121 2647 2186 ἔθος
2671 2125 2983 2181 docuissent
3017 2144 3030 2192 ;
3063 2133 3362 2198 pncscrtiot
3391 2149 3523 2188 vero

1907 2215 2048 2282 quod
2081 2217 2130 2269 iu
2157 2217 2418 2272 insaniam
2444 2218 2565 2273 illos
2591 2220 2849 2290 profanus
2872 2224 2959 2277 ille
2981 2225 3202 2292 spiritus
3225 2227 3516 2297 adegisset,

1908 2305 2050 2374 qUod
2096 2307 2240 2362 veris
2285 2308 2565 2378 prophetis
2623 2328 2913 2382 numquam
2969 2316 3520 2372 credideruutcouti-

1905 2397 2050 2465 gisse
2101 2396 2388 2456 Catholici.
2449 2401 2563 2458 lloc
2593 2408 2826 2459 maxime
2854 2418 3231 2476 argumentum
3275 2414 3517 2465 occasio-

1905 2504 2028 2543 nem
2060 2489 2205 2544 dedit
2235 2491 2573 2549 Tertulliano
2598 2498 2875 2552 scribendi
2904 2498 2972 2554 de
3016 2499 3224 2554 Ecstasi
3253 2502 3516 2559 adversus

1903 2582 2271 2650 Apoll0uium.

1978 2674 2005 2745 δ
2031 2676 2201 2730 10.--
2226 2677 2331 2733 Sed
2354 2681 2536 2734 etalio
2565 2680 2676 2745 illo,
2703 2683 2845 2752 quod
2875 2683 3133 2752 diximus,
3194 2701 3515 2758 argumento

1901 2766 2164 2825 adversus
2213 2770 2333 2825 illos
2375 2775 2453 2827 usi
2483 2783 2608 2827 sunt
2653 2775 2926 2842 catholici,
2976 2778 3076 2833 hac
3117 2793 3330 2850 arrepta
3359 2801 3511 2839 ansa.

1901 2861 2193 2918 Maximilla
2229 2865 2296 2920 de
2335 2883 2395 2922 se
2445 2869 2786 2937 praedixerat,
2844 2883 2966 2940 post
3015 2892 3073 2928 se
3118 2877 3512 2944 prophetissam

1901 2954 2062 3008 aliam
2114 2974 2219 3011 non
2275 2958 2506 3014 futuram
2536 3003 2550 3027 ,
2599 2963 2692 3017 sed
2749 2969 3296 3022 consummationem.
3336 2971 3513 3026 Verba

1899 3052 2016 3119 ejus
2036 3053 2177 3120 apud
2209 3054 2569 3122 Epiphanium
2597 3057 2683 3110 illa
2705 3068 2829 3112 sunt
2856 3077 2868 3112 :
2900 3061 3017 3116 Μετ’
3042 3065 3128 3132 ἐμὲ
3156 3075 3405 3138 προφῆτις
3435 3069 3518 3120 οὐ·

1897 3146 2004 3199 κέτι
2033 3143 2202 3208 ἔσται,
2232 3147 2356 3202 ἀλλὰ
2387 3151 2651 3204 συντέλεια
2683 3149 2902 3222 (ΕρὶρΙι.
2932 3196 2945 3217 ,
2975 3152 3120 3206 Uter.
3159 3171 3345 3220 XLVIII,
3374 3156 3401 3228 §
3429 3159 3504 3228 9.}.

1895 3234 2024 3301 Quae
2069 3238 2197 3291 mihi
2244 3253 2375 3293 sane
2405 3241 2635 3297 suadent
2668 3254 2721 3296 ut
2747 3243 3012 3299 Bloudelli
3043 3249 3327 3303 sententia:
3352 3266 3508 3305 acce-

218 3347 368 3408 tyrum
396 3342 643 3396 maaibus
669 3341 903 3410 scriptas
929 3341 1295 3412 consignatas,
1331 3340 1612 3397 Africanas
1630 3344 1791 3397 etiam

1901 3327 2020 3382 dam
2051 3371 2066 3396 ,
2125 3346 2232 3384 non
2264 3331 2483 3403 quidem
2516 3336 2698 3389 omnia
2729 3336 2820 3390 illa
2848 3339 3065 3392 oracula
3101 3339 3359 3411 Sibyllina
3385 3359 3507 3412 qua:

216 3428 334 3495 illas,
364 3433 621 3502 planeque
655 3433 722 3487 ad
749 3432 1194 3505 Cyprianicarum
1217 3433 1441 3488 formam
1475 3445 1786 3508 conceptas.

214 3519 456 3580 Habemus
488 3526 652 3579 etiam
688 3526 859 3579 cowvi
885 3527 1120 3580 auctoris
1147 3525 1540 3595 prtefatiouem,
1570 3542 1673 3598 qua
1706 3526 1787 3580 vi-

212 3613 398 3670 sionum
447 3617 751 3672 istiusmodi
799 3631 953 3672 usum
996 3633 1027 3672 e
1066 3617 1237 3672 Joelis
1269 3617 1546 3688 prophetia
1597 3619 1785 3688 probat

213 3709 656 3780 commendatque.
687 3709 882 3765 Mirum
911 3718 993 3764 est
1015 3712 1158 3782 quod
1183 3711 1309 3765 hinc
1339 3714 1660 3782 scriptorem
1701 3714 1785 3782 ip-

211 3813 385 3867 sosque
425 3799 563 3856 adeo
610 3811 880 3872 martyres
922 3804 1265 3859 montanistis
1322 3802 1519 3859 favisse
1571 3803 1788 3874 colligat

210 3890 524 3948 doctissimus
569 3893 768 3949 editor.
801 3894 915 3949 Non
947 3905 1028 3950 est
1057 3897 1279 3951 omnino
1307 3897 1620 3963 verisimile,
1657 3897 1707 3951 id
1737 3898 1784 3952 si

210 3981 373 4041 fuisset
411 4003 597 4042 verum
618 4029 631 4052 ,
659 3987 777 4043 fore
804 3989 924 4044 illos
952 3990 1002 4044 iu
1046 4000 1341 4062 martyrum
1373 4007 1539 4047 censu
1588 4008 1781 4048 nume-

209 4077 408 4143 nudos,
437 4081 831 4150 colendarnque
872 4086 1031 4137 etiam
1075 4099 1262 4139 eorum
1312 4085 1364 4139 in
1401 4085 1645 4141 Ecclesia
1692 4102 1783 4141 ca-

211 4169 380 4227 tholica
427 4174 769 4229 memoriam.
801 4174 910 4229 Nec
936 4176 1079 4231 enim
1124 4192 1150 4230 a
1184 4178 1451 4250 Cypriane
1506 4179 1779 4234 inductam

210 4276 309 4316 esse
352 4264 493 4319 illam
559 4264 628 4320 de
673 4265 920 4337 negando
971 4267 1436 4324 schismaticorum
1511 4269 1771 4342 martyrio

210 4357 501 4412 sententiam
533 4401 549 4425 ,
601 4359 696 4413 sed
745 4359 958 4428 abipso
1005 4375 1174 4430 usque
1216 4359 1549 4416 Tertulliauo
1599 4362 1778 4416 Africa

210 4446 352 4506 fitisse
388 4463 682 4523 receptam,
714 4454 960 4524 probavit
989 4471 1057 4511 ex
1087 4455 1282 4511 eodem
1311 4456 1651 4514 Tertulliano
1689 4458 1776 4513 Cl.

211 4539 516 4599 Cestriensis.
552 4546 761 4603 Etvero
789 4557 975 4603 contra
1009 4551 1386 4616 montanistas,
1416 4551 1594 4620 potius
1617 4569 1775 4622 quant

213 4646 266 4686 ex
288 4650 460 4692 eorum
484 4641 750 4694 sententia
771 4683 784 4706 ,
819 4656 942 4697 esse
959 4653 1244 4714 concepta,
1273 4659 1392 4713 qua:
1423 4644 1527 4700 huc
1557 4645 1778 4701 trahunt

214 4727 291 4781 viri
315 4730 520 4797 eruditi,
550 4734 728 4787 statim
759 4735 1128 4791 ostendemus.

271 4821 294 4891 ᾗ
321 4821 621 4891 9.—Qubd
649 4828 790 4881 enim
820 4827 892 4881 illi
915 4829 1317 4898 prophetiarum
1339 4840 1658 4900 praetextum
1690 4847 1775 4886 rc-

215 4908 365 4970 lictum
414 4926 597 4986 putant
639 4920 980 4974 ruoutanistis
1016 4922 1084 4975 ah
1115 4921 1359 4977 Ecclesia
1384 4963 1399 4990 ,
1446 4939 1633 4978 "erum
1667 4940 1776 4980 non

216 5017 295 5061 est.
320 5009 422 5066 Nec
448 5013 589 5067 enim
625 5030 720 5084 pro
755 5016 899 5071 reris
926 5016 1205 5085 prephetis
1233 5028 1545 5073 moutamnu
1591 5021 1776 5090 ejusve

216 5103 528 5159 mulierculas
585 5107 884 5162 habuerant
947 5107 1224 5176 catholici,
1284 5127 1385 5166 nec
1440 5111 1772 5168 defecturam

217 5206 410 5265 unquam
451 5199 798 5256 crediderunt
848 5202 901 5255 in
952 5203 1191 5258 Ecclesia
1234 5205 1624 5274 prophetarum
1653 5223 1776 5263 suc‘

217 5290 498 5346 cessionem.
547 5291 735 5348 Utrum
762 5309 850 5362 (ue
877 5295 1178 5351 docuerant
1204 5307 1392 5352 contra
1418 5299 1775 5354 montanistas

216 5381 454 5450 catholici,
504 5398 838 5456 possuntque
880 5403 945 5441 ex
988 5403 1174 5441 eorum
1209 5389 1471 5442 alterutro
1503 5389 1531 5442 it
1565 5402 1772 5445 monta-

215 5474 432 5532 nistarutn
461 5481 818 5549 scriptoribus
856 5481 1106 5537 facillime
1131 5482 1408 5552 distingui.
1447 5483 1562 5538 Non
1590 5485 1730 5539 bono
1757 5527 1771 5550 ,

212 5566 282 5620 sed
326 5571 456 5625 malo
523 5573 738 5645 spiritui
789 5573 1099 5628 tribuebant
1153 5574 1271 5628 illas
1322 5579 1768 5631 montanistatum

211 5663 505 5732 prophetias,
561 5667 702 5723 unde
742 5667 834 5721 illa
864 5667 982 5736 ejus
1024 5669 1166 5738 apud
1212 5668 1504 5723 Eusebium
1542 5669 1765 5739 querela

209 5753 378 5822 (Euseb.
403 5804 419 5828 ,
460 5761 600 5818 Hist.
645 5762 807 5828 eccl.,
840 5778 893 5826 v,
923 5762 1008 5825 16,
1039 5781 1101 5817 ea'
1121 5763 1324 5818 Asteria
1345 5762 1578 5832 Urbano)
1608 5807 1622 5830 ,
1669 5779 1767 5833 pro

208 5849 298 5924 lupo
317 5872 384 5926 se,
416 5860 502 5930 qui
534 5867 724 5915 tamen
753 5871 928 5927 agnus
958 5869 1121 5926 esset,
1155 5857 1368 5914 haberi.
1403 5858 1635 5914 Proinde
1662 5860 1767 5915 Zo-

205 5946 322 6008 ticum
344 5996 358 6024 ,
406 5969 530 6012 cum
561 5969 627 6012 se
653 5953 991 6024 prophetare
1020 5953 1252 6022 prmium
1287 5953 1565 6012 siuutlarct
1596 5953 1763 6010 Masic

1893 3431 2080 3475 extant
2107 3422 2286 3491 hodie,
2329 3441 2358 3479 a
2390 3428 2734 3482 montanistis
2756 3445 2877 3483 esse
2907 3433 3157 3493 conficta,
3191 3434 3285 3487 sed
3317 3450 3506 3490 eorum

1893 3513 2082 3568 saltem
2129 3517 2329 3586 aliqua.
2390 3520 2465 3573 lbi
2517 3521 2659 3574 enim
2711 3521 2763 3575 iu
2807 3522 2967 3577 Marci
2998 3524 3278 3592 imperium
3320 3529 3506 3582 mundi

1891 3607 2006 3664 [nnc
2037 3613 2300 3667 συντέλεια
2330 3613 2446 3668 sive
2473 3616 2871 3668 consummatio
2912 3616 3177 3684 rejicitur.
3213 3619 3328 3673 Sub
3355 3621 3498 3676 illius

1891 3710 2072 3756 autem
2111 3703 2322 3772 imperii
2352 3705 2512 3760 finem
2545 3706 2916 3762 Mareellinam
2963 3711 3266 3765 excessisse
3312 3714 3502 3766 verisi-

1890 3795 2176 3850 millintmn
2222 3807 2327 3852 est.
2357 3797 2490 3854 Cum
2548 3801 2690 3854 enim
2743 3803 2810 3857 ab
2837 3802 2956 3870 ejus
2977 3819 3203 3858 excessu
3234 3805 3299 3857 ad
3341 3822 3496 3860 suunt

1889 3903 1997 3958 quo
2019 3889 2290 3946 scribebat
2311 3907 2532 3958 annum,
2558 3909 2730 3948 annos
2762 3911 2880 3962 xm,
2906 3896 3020 3950 sive
3046 3913 3160 3961 xw,
3185 3897 3497 3955 inchoatum

1887 3992 2136 4036 numeret
2164 3985 2409 4040 Αείριίυς
2442 3985 2692 4041 UrhauUs
2745 3987 2868 4060 (Ap.
2901 3988 3114 4056 Euscb.,
3154 3989 3292 4046 Hist.
3326 3995 3448 4046 εει-Ι.
3477 4037 3492 4062 ,

1886 4089 1940 4140 v,
1976 4073 2063 4138 16,
2098 4075 2209 4144 17),
2244 4092 2348 4131 non
2379 4078 2483 4132 alio
2508 4078 2594 4131 illa
2623 4095 2781 4147 quam
2814 4081 2880 4135 ad
2897 4080 3178 4136 Commodi
3209 4084 3494 4154 imperitun

1886 4166 2064 4235 aptius
2093 4166 2282 4222 referri
2301 4183 2460 4238 posse
2489 4171 2798 4226 existimant
2828 4175 3049 4228 eruditi.
3080 4173 3278 4230 Contra
3307 4178 3494 4234 catho—

1887 4259 1973 4313 lici
2006 4262 2088 4315 Vel
2134 4262 2260 4317 hinc
2296 4264 2415 4318 illos
2450 4264 2748 4335 prophetia:
2793 4279 3084 4335 prattcxtus
3123 4270 3242 4326 falsi
3271 4276 3494 4329 convin-

1885 4356 2086 4412 ceudos
2125 4367 2360 4427 putant,
2391 4357 2534 4428 quod
2587 4374 2698 4413 suae
2753 4361 3073 4430 prephetim,
3121 4365 3202 4418 vel
3247 4380 3313 4419 ex
3357 4383 3488 4422 con-

1886 4447 2062 4512 fesso,
2118 4451 2237 4506 linis
2269 4451 2406 4505 foret
2436 4451 2732 4522 aliquando
2762 4456 3101 4511 statuendus.
3135 4458 3334 4512 Verum
3363 4477 3486 4531 pro-

1884 4540 2119 4609 phetiam
2148 4553 2462 4614 perpetuam
2491 4545 2626 4608 fore,
2657 4557 2710 4601 et
2733 4547 2799 4602 ad
2827 4550 3008 4603 mundi
3039 4567 3207 4620 usque
3232 4569 3485 4609 consum-

1885 4633 2175 4687 mationem
2243 4651 2429 4690 revera
2482 4652 2913 4707 permansuram.
2977 4641 3048 4694 Ita
3118 4645 3489 4715 intelligchaut

1800 4737 1855 4796 D
1883 4723 2200 4794 Apostoium
2226 4728 2339 4790 illo,
2366 4731 2418 4782 ni
2447 4728 2606 4785 fallor
2631 4773 2644 4795 ,
2675 4732 3093 4804 loco(l£pli.,1v.
3128 4739 3212 4800 11,
3251 4739 3336 4806 12,
3375 4743 3483 4813 l3).

1884 4818 1956 4872 Ita
2005 4821 2312 4890 prephetas,
2350 4821 2514 4877 Joelis
2539 4866 2552 4889 ,
2589 4834 2645 4878 ιιι
2675 4826 2885 4894 opinor,
2913 4826 3062 4880 illum
3089 4830 3262 4884 locum
3296 4836 3487 4901 prmci-

1883 4927 1988 4980 pne
2019 4927 2175 4981 quem
2207 4913 2461 4971 diximus.
2495 4917 2608 4982 Qua
2639 4918 3050 4976 ratiocinatione
3083 4921 3154 4975 ita
3195 4923 3486 4981 ahfuerunt

1884 5019 1911 5057 a
1945 5006 2202 5075 negandis
2230 5022 2448 5062 suorum
2481 5019 2786 5079 temporum
2833 5014 3149 5082 prophetiis,
3186 5027 3242 5070 ut
3278 5018 3326 5071 in
3357 5037 3483 5088 qua-

1881 5114 2110 5167 cumque
2152 5099 2392 5155 Eeclesia
2428 5117 2534 5156 non
2579 5103 2804 5158 fuissent
2827 5109 3124 5176 propheta},
3158 5125 3218 5164 ea
3248 5128 3313 5166 ue
3340 5124 3484 5168 esset

1880 5195 2094 5264 quidem
2128 5212 2224 5264 pro
2256 5195 2494 5251 Ecclesia
2528 5195 2793 5252 habenda.

1953 5288 1978 5357 ᾗ
2014 5289 2182 5342 11.--
2205 5288 2278 5342 ita
2308 5301 2710 5358 argumentatus
2738 5301 2820 5346 est
2853 5294 3095 5348 ASIcrius
3130 5295 3394 5351 Urbanus.
3424 5307 3478 5355 ιςί

1873 5391 1971 5462 γὰρ
2004 5389 2134 5458 μετά
2167 5387 2416 5464 Κοδρὰτον
2452 5392 2541 5442 καὶ
2578 5398 2666 5447 τήν
2712 5392 2761 5441 ἐν
2799 5389 3116 5463 Φιλαδελᾳείᾳ
3157 5390 3385 5460 Ἀμφίαν,
3414 5400 3482 5456 ὡξ

1876 5486 2045 5554 φασὶν,
2077 5484 2128 5536 αἱ
2157 5486 2552 5556 7.;pih10‘tra~ao‘r
2590 5482 2871 5546 διεδέξαντο
2892 5491 3122 5555 γυναῖκες
3144 5489 3202 5538 τὸ
3233 5509 3479 5561 προῃτι-

1874 5579 1957 5631 κον
1988 5580 2252 5653 χαρίσμα,
2278 5582 2398 5638 τοὺς
2427 5580 2526 5632 ἀπὸ
2549 5585 2822 5641 Morava],
2849 5583 2933 5630 καὶ
2955 5587 3053 5632 τῶν
3078 5590 3325 5649 γυναικῶν
3350 5605 3480 5643 τινες

1879 5672 2000 5748 παρ’
2043 5674 2216 5732 αὐτοῖς
2262 5670 2542 5736 διεδέξαντο
2588 5671 2896 5736 δειξάτωσαν
2923 5689 2935 5703 ⁸
2967 5671 3066 5724 δεῖν
3110 5676 3208 5747 γάρ
3261 5681 3380 5728 iam
3420 5681 3478 5732 τὸ

1873 5767 2180 5842 προφητικὸν
2210 5769 2455 5841 χαρίσμα
2483 5768 2530 5818 ἐν
2558 5766 2701 5835 πάσῃ
2724 5775 2784 5835 τῇ
2817 5766 3055 5840 ἐκκλησία
3087 5770 3246 5840 μέχρι
3280 5778 3365 5827 7-2,;
3397 5792 3475 5823 τε-

1871 5859 2005 5920 λείας
2034 5861 2327 5932 παρουσίας
2355 5858 2381 5912 ὁ
2409 5857 2710 5917 ’Λπὸστολος
2745 5860 2873 5922 ἀξιοῖ
2901 5858 3017 5926 (Ap
3099 5857 3280 5912 Euseb.
3340 5860 3478 5914 Hist.

1871 5954 2021 6020 sect,
2050 5969 2104 6021 ν,
2148 5951 2206 6005 i7
2235 5951 2275 6016 ).
2310 5951 2384 6008 lta
2412 5948 2743 6020 Epiphanius
2785 5969 2795 6001 :
2831 5963 2880 6003 Ει
3055 5953 3122 6002 ’.ἵει
3180 5974 3371 6024 [ν
3401 5977 3482 6006 rx
