3888 6350
373 414 446 473 15
1333 402 1695 463 DODWELLI
1737 397 2184 463 DISSERTATIO
2228 393 2646 453 CYPRIANICA
3552 387 3660 448 .16

358 528 624 601 δέχεσθαι,
655 530 739 581 καὶ
781 524 858 582 δεῖ
906 528 956 581 ἐν
1001 525 1240 602 ἕκκὶησίᾳ
1270 529 1604 603 χαρίσματα,
1635 532 1743 585 πῶς
1790 523 1959 577 οὐκέτι

2072 518 2299 574 visiones
2348 522 2467 569 erat
2503 507 2922 582 complexurus;
2976 518 3281 580 quanquam
3332 511 3541 562 certum
3592 504 3664 560 sit

346 621 789 689 "(aediﬁcamus-2,
831 622 918 674 καὶ
943 618 1259 694 Πρίσκιυςαν,
1309 622 1395 671 καὶ
1439 617 1744 689 Maiis/tina?
1774 613 1964 687 ἔχουσι

358 716 625 787 προφήτας
650 728 665 777 ;
699 706 801 788 ἆρα
824 711 1042 787 ἧργησιν
1067 713 1097 769 ἠ
1124 712 1284 787 χάρις
1309 726 1322 773 ;
1354 712 1442 763 οὐκ
1470 712 1619 783 ἀργεῖ
1656 706 1709 762 δὲ
1747 710 1776 765 ἡ
1803 708 1964 780 χάρις·

361 806 413 858 ἐν
439 802 560 879 ἁγίᾳ
586 802 844 878 ἐκκλησίᾳ.
872 807 942 873 μὴ
966 803 1179 875 γένοιτο.
1211 803 1266 854 Εἰ
1290 798 1343 854 δέ
1373 800 1468 859 ἕως
1507 802 1640 859 τινὸς
1675 803 1961 874 προφῆτιν-

361 916 461 950 ora
486 894 533 949 οἱ
555 895 1023 971 προφητεύσαντες,
1057 897 1143 947 καὶ
1167 893 1334 946 οὐκέτι
1378 892 1784 967 προφητεύουσιν

361 987 479 1045 οὔτε
502 988 792 1065 Πρίσκιλλα,
820 985 939 1042 οὔτε
960 986 1239 1058 Μαξιμῦλα
1266 988 1626 1060 «paenitendae
1652 986 1782 1055 μετὰ
1807 985 1963 1053 (κατὰ

359 1082 525 1135 scrib.
558 1084 574 1149 )
619 1083 719 1141 ’τὰς
766 1080 1074 1155 προφητείας
1100 1083 1194 1138 τὰς
1215 1074 1300 1131 διὰ
1326 1085 1425 1132 τῶν
1468 1075 1623 1148 ἁγίων
1646 1075 1962 1131 ’Λποστόλων

356 1176 409 1227 ἐν
436 1171 651 1247 τῇίᾶγίᾳ
678 1172 923 1246 ἐκκλησίᾳ
950 1168 1347 1242 δοκιμασθείσας
1381 1166 1553 1238 (Hter.
1588 1184 1769 1230 XLVIII,
1807 1166 1835 1239 ᾗ
1860 1166 1895 1220 2

359 1264 526 1321 Plane
557 1265 671 1319 hac
700 1264 1075 1336 Epiphaniano
1103 1264 1301 1319 satculo
1341 1278 1446 1316 non
1479 1262 1826 1324 conveniunt,
1855 1274 1963 1330 quo

353 1358 464 1429 jam
512 1358 564 1412 in
609 1355 857 1413 confesso
894 1364 1011 1411 erat
1049 1354 1165 1409 haec
1216 1356 1528 1432 χαρίσματα
1578 1367 1815 1422 eousque
1852 1364 1960 1406 non

358 1465 730 1523 permanasse.
778 1449 1042 1504 Existimo
1101 1450 1265 1519 igitur
1322 1463 1389 1504 ex
1444 1446 1744 1517 antiquiore
1781 1444 1962 1515 aliquo

357 1545 626 1615 scriptore
670 1543 820 1598 illum
855 1543 968 1597 haec
1010 1542 1259 1611 imperite
1283 1540 1657 1611 descripsisse.

433 1636 460 1709 §
488 1635 730 1691 12.——Ad
754 1634 997 1690 eamdem
1018 1634 1244 1688 formam
1264 1642 1668 1705 argumentatur
1691 1639 1841 1686 vetus
1869 1629 1963 1685 illc

360 1740 569 1794 auctor,
603 1729 926 1799 quicumque
956 1727 1072 1793 fuit,
1102 1738 1399 1798 martyrum
1427 1738 1913 1793 contemporaneus
1943 1762 1958 1786 ,

358 1830 602 1876 actorum
630 1819 909 1889 Perpetua:
946 1829 999 1881 et
1031 1818 1347 1873 Felicitatis.
1390 1816 1437 1873 Is
1465 1818 1577 1883 ubi,
1605 1815 1768 1870 allato
1792 1814 1963 1871 Joelis

2068 610 2209 666 hanc
2236 604 2731 677 interpretationem
2759 601 2825 658 ad
2851 611 3085 657 mentem
3114 597 3425 656 Maximilla:
3444 613 3663 655 accom-

2068 702 2271 759 modari
2306 717 2409 755 non
2440 714 2620 771 posse.
2655 697 2785 767 Quzc
2814 698 2958 753 enim
2989 705 3109 767 post
3135 709 3196 751 se
3226 695 3517 751 συντέλειαν
3544 693 3665 749 fore

2068 796 2295 861 dixerat,
2319 810 2440 851 eam
2468 808 2682 849 omnem
2712 808 2933 864 prorsus
2966 791 3263 862 prophetiae
3292 805 3445 844 usum
3476 788 3668 844 exclu-

2067 906 2245 946 suratn
2275 903 2495 944 necesse
2530 896 2664 943 erat.
2719 887 2783 941 5ο
2824 885 2963 941 Cum
3010 884 3110 940 hac
3155 883 3269 953 ipsa
3316 889 3666 954 argumenta-

2069 980 2213 1036 tione
2234 1021 2250 1045 ,
2303 989 2429 1034 ante
2456 994 2629 1034 annos
2655 977 2722 1033 ad
2749 977 3030 1032 minimum
3059 974 3247 1045 decem
3271 1014 3289 1041 ,
3319 974 3371 1030 in
3399 983 3544 1029 secta
3573 971 3667 1029 illa

2064 1071 2355 1129 refellenda
2382 1087 2511 1128 usus
2542 1074 2715 1127 fuerat
2736 1070 2981 1127 Asterius
3013 1066 3301 1133 Urbanus;
3334 1064 3457 1137 quis
3477 1063 3669 1121 credat

2065 1164 2257 1220 eadem
2277 1160 2750 1235 argumentatione
2790 1158 3012 1215 usurum
3035 1166 3199 1214 sectae
3228 1164 3509 1228 patronum
3535 1154 3559 1209 ἲ
3598 1153 3667 1208 4°

2066 1255 2123 1311 Id
2162 1256 2323 1312 etiam
2374 1272 2441 1311 ex
2489 1253 2683 1310 eodem
2738 1250 2956 1311 Urbano
2984 1259 3196 1307 constat
3247 1248 3316 1305 de
3366 1246 3509 1304 facto
3542 1246 3669 1303 illos

2065 1362 2280 1403 omnem
2327 1362 2478 1401 suam
2531 1344 2914 1417 prophetarum
2962 1342 3363 1399 successionem
3406 1340 3459 1395 in
3500 1338 3669 1394 Maxi«

2064 1440 2211 1495 milla
2244 1437 2564 1494 terminasse
2586 1478 2602 1504 ,
2642 1451 2741 1492 nec
2781 1436 2945 1491 alium
2976 1434 3221 1506 quemvis
3242 1441 3364 1504 post
3391 1430 3539 1487 illam
3566 1429 3669 1487 ad-

2066 1530 2277 1585 misisse
2318 1544 2709 1586 successorem.
2768 1526 2971 1583 Eadem
3020 1526 3489 1598 argumentatione
3538 1538 3671 1579 usus

2066 1606 2399 1693 Epiphanius
2446 1620 2617 1695 (Har.
2664 1636 2867 1689 xtvnt,
2917 1619 3056 1692 δε),
3099 1628 3226 1691 post
3274 1618 3417 1674 illius
3461 1617 3672 1674 obitum

2068 1715 2333 1770 nemiuem
2361 1714 2523 1769 alium
2569 1732 2602 1770 a
2630 1714 2978 1769 montanistis
2997 1712 3066 1768 ad
3096 1727 3192 1768 sua
3224 1727 3394 1783 usque
3424 1722 3671 1780 tempora

2066 1813 2302 1881 agnitum
2360 1824 2481 1866 esse
2524 1811 2829 1866 confirmat.
2880 1805 3021 1862 Fieri
3062 1806 3223 1878 igitur
3261 1822 3369 1861 non
3407 1813 3585 1876 potest
3613 1810 3676 1860 ut

362 1915 501 1980 loco,
538 1912 841 1984 probasset,
875 1912 944 1965 ita
971 1924 1075 1965 non
1104 1911 1338 1966 deficere
1368 1926 1397 1965 a
1425 1910 1486 1966 V.
1511 1911 1574 1965 Τ.
1608 1910 1713 1965 illis
1741 1909 1802 1963 N.
1829 1909 1962 1964 Tes-
1992 1919 2039 1979 Β
2068 1901 2396 1956 moulanisla
2425 1901 2679 1959 Saturum
2707 1900 3137 1971 Perpetuamque
3182 1900 3234 1955 in
3273 1897 3672 1970 prophetarum

360 2004 587 2061 tatncnti
617 2005 925 2076 prepbetias
950 2046 964 2071 ,
999 2015 1054 2057 ttt
1076 2005 1185 2058 sint
1214 2004 1389 2075 potius
1414 2018 1483 2059 ex
1512 2003 1740 2058 adverso
1767 2001 1867 2057 sub
1894 2000 1957 2056 N.

360 2099 427 2155 Τ.
453 2099 690 2170 potiores
720 2097 1100 2169 expectandae;
1144 2095 1261 2152 lucc
1288 2096 1483 2151 deinde
1511 2094 1784 2166 subjungit
1808 2093 1860 2148 in
1893 2093 1962 2148 il-

361 2190 494 2257 lam,
516 2206 674 2260 quam
706 2190 842 2255 dixi,
872 2190 1227 2245 sententiam:
1256 2207 1273 2241 ‹
1308 2189 1491 2259 Itaque
1507 2198 1559 2245 et
1591 2203 1710 2254 nos,
1741 2187 1829 2257 qui
1850 2178 1965 2242 sic-

361 2292 421 2337 ut
450 2283 794 2353 prophetias,
844 2283 913 2336 ita
953 2289 1008 2335 et
1046 2282 1286 2337 visiones
1333 2297 1505 2337 novas
1531 2282 1736 2352 pariter
1772 2294 1963 2350 repro-

360 2375 555 2430 missas
600 2383 655 2429 et
693 2374 1035 2445 agnoscimus
1086 2385 1141 2428 et
1201 2374 1579 2441 Itonoramus;
1627 2386 1962 2451 exterasque

360 2468 591 2524 virtutes
638 2468 871 2539 Spiritus
914 2467 1094 2523 Sancti
1134 2467 1203 2523 ad
1245 2470 1661 2526 instrumentum
1702 2473 1963 2531 Ecclesiae

363 2571 678 2632 reputamus
705 2600 720 2624 .
770 2562 856 2615 cui
886 2571 936 2614 et
968 2558 1163 2613 missus
1208 2569 1292 2615 eSt
1320 2558 1462 2614 idem
1492 2563 1670 2616 omnia
1703 2547 1961 2621 donativa

358 2655 747 2713 administrans
775 2654 826 2707 in
870 2653 1115 2707 onmibns
1142 2693 1158 2719 ,
1192 2661 1350 2722 prout
1374 2654 1663 2724 unicuique
1690 2655 1964 2713 distribuit

361 2746 649 2813 Dominus,
679 2743 985 2800 necessario
1010 2754 1066 2798 et
1093 2743 1406 2814 digerimus,
1441 2753 1494 2798 ct
1524 2744 1589 2800 ad
1613 2746 1841 2817 gloriam
1870 2747 1961 2804 Dei

364 2840 598 2897 lectione
623 2837 982 2893 celebramus.
1025 2834 1091 2892 Ut
1132 2852 1199 2891 ne
1226 2852 1328 2908 qua
1362 2846 1452 2891 aut
1478 2838 1842 2905 imbecillitas,
1874 2850 1966 2896 aut

366 2915 828 3004 desperatio’fidei
857 2970 870 2995 ,
926 2928 1067 2999 apud
1110 2938 1326 2984 veteres
1349 2933 1813 2988 tantum'aéstimet
1842 2949 1967 3005 gra-

371 3025 501 3080 tiam
537 3021 845 3077 Divinitatis
875 3030 1248 3076 convcrsatam
1272 3062 1285 3086 ,
1331 3022 1444 3077 sive
1492 3034 1817 3096 martyrum,
1849 3026 1966 3082 sivo

366 3119 424 3175 in
465 3114 855 3173 revelationum
893 3114 1200 3184 dignatione
1231 3131 1245 3167 :
1279 3129 1401 3169 cum
1431 3130 1649 3186 semper
1672 3117 1814 3172 Deus
1834 3132 1967 3188 ope-

364 3219 520 3267 retur
548 3224 669 3279 quae
712 3206 1066 3277 repromisit,
1118 3220 1233 3262 non
1271 3206 1618 3263 credentibus
1644 3209 1695 3263 in
1720 3211 1967 3267 testimo—

2064 1994 2243 2050 album
2274 1995 2540 2052 retulerit.
2578 1994 2633 2050 Id
2662 1994 2854 2049 saltem
2884 2009 2950 2049 ex
2996 1993 3086 2048 illa
3118 1993 3350 2048 altorum
3377 2007 3673 2064 argumen-

2065 2090 2268 2146 tatione
2296 2088 2561 2146 concedat
2586 2088 2757 2145 lector
2778 2102 3002 2145 necesse
3025 2097 3144 2154 est,
3169 2088 3260 2159 qui
3294 2089 3368 2143 ita
3391 2102 3677 2160 argumen-

2067 2192 2207 2239 tetur
2240 2199 2350 2239 non
2392 2198 2514 2240 esse
2546 2197 2612 2239 eo
2646 2184 2865 2239 nomine
2896 2197 2993 2253 pro
3042 2182 3367 2237 montanista
3396 2181 3676 2237 aestiman-

2064 2275 2215 2331 dum.
2264 2274 2375 2331 Nec
2418 2285 2598 2331 tamen
2626 2274 2774 2331 aliud
2822 2275 3100 2345 proferunt
3126 2276 3217 2346 qui
3244 2272 3404 2329 aliter
3431 2271 3679 2328 sentiunt

2063 2368 2165 2423 viri
2192 2372 2323 2425 sane
2351 2367 2569 2423 eruditi.
2604 2367 2729 2424 Scio
2768 2366 3021 2440 equidem
3054 2367 3353 2440 lubeusque
3382 2365 3623 2423 concedo
3654 2406 3676 2435 ,

2065 2461 2119 2517 in
2149 2471 2256 2518 tota
2277 2462 2376 2517 hac
2405 2460 2475 2517 de
2502 2461 2910 2533 prophetiarutn
2943 2462 3303 2532 perpetuitate
3326 2470 3675 2533 argumenta-

2065 2554 2210 2609 tione
2250 2552 2605 2609 hallucinatos
2631 2569 2753 2610 esse
2775 2562 2989 2610 veteres
3014 2596 3030 2622 ,
3064 2569 3165 2609 nec
3185 2553 3251 2608 ad
3278 2569 3466 2609 eorum
3488 2562 3677 2610 aucto-

2065 2648 2278 2704 ritatem
2309 2648 2655 2704 minuendam
2686 2647 2835 2716 facit,
2866 2650 3008 2719 quod
3040 2649 3089 2704 id
3116 2664 3286 2719 genus
3306 2652 3509 2705 erroris
3534 2650 3677 2705 alios

2068 2739 2488 2812 frequentesque
2538 2755 2919 2813 agnoscamus.
2952 2739 3064 2796 Nec
3107 2742 3253 2796 enim
3288 2740 3430 2796 aliud
3472 2741 3678 2799 habue-

2067 2841 2195 2887 runt
2230 2834 2513 2888 sententiae
2544 2847 2657 2887 sua:
2696 2832 3102 2889 fundamentum
3130 2847 3288 2903 quam
3321 2841 3505 2889 textus
3548 2834 3676 2891 illos

2072 2939 2210 2993 quos
2259 2924 2519 2991 diximus,
2546 2925 2689 2980 unde
2721 2934 2941 2995 rectene
2964 2925 3327 2997 argumentati
3354 2936 3515 2994 sunt,
3562 2944 3677 2985 non

2066 3015 2135 3070 de
2160 3015 2473 3071 testimonio
2498 3031 2718 3083 eorum,
2772 3017 2866 3073 sed
2899 3033 3027 3074 vero
3070 3016 3140 3074 de
3173 3016 3379 3090 judicio
3412 3029 3493 3075 est
3522 3035 3679 3091 qna:-

2068 3110 2193 3176 stio,
2215 3112 2267 3165 in
2291 3125 2395 3181 qua
2422 3110 2625 3167 nullum
2653 3111 2852 3168 habent
2877 3127 2905 3167 a
2928 3126 3023 3168 sua
3046 3120 3312 3168 vetustate
3337 3112 3675 3184 prmsidium.

2070 3205 2223 3274 Quod
2265 3222 2400 3264 vero
2446 3207 2573 3264 inde
2600 3207 2775 3265 infero
2798 3249 2814 3275 ,
2858 3208 2928 3266 de
2976 3209 3121 3266 facto
3153 3210 3273 3266 illos
3299 3211 3586 3282 agnovisse
3616 3213 3684 3268 in

370 3300 518 3356 nium
550 3341 564 3365 ,
597 3297 943 3354 credentibus
988 3296 1040 3350 in
1072 3296 1387 3352 beneficium
1416 3297 1507 3369 (In
1535 3298 1801 3372 Parion).
1843 3322 1862 3355 ι
1891 3302 1970 3359 Eo
1996 3303 2041 3367 C
2073 3312 2173 3354 suo
2202 3315 2415 3372 quoque
2434 3304 2633 3358 saeculo
2658 3302 2988 3375 prophetiae,
3013 3304 3067 3361 id
3091 3306 3203 3375 jam
3236 3308 3290 3360 in
3322 3305 3463 3362 facto
3490 3322 3680 3363 versa-

367 3394 590 3449 omnino
615 3398 825 3461 spectat
851 3398 959 3443 tota
991 3404 1053 3444 ea
1081 3388 1373 3458 disputatio
1403 3406 1468 3445 ne
1500 3388 1674 3447 fraudi
1704 3404 1850 3449 esset
1874 3409 1964 3450 sc-

368 3484 578 3540 cnturis
607 3481 904 3536 visionibus
935 3478 1078 3549 quod
1107 3481 1311 3536 ultimis
1342 3481 1600 3538 Ecclesia:
1632 3487 1968 3556 temporibus

363 3574 486 3630 illas
519 3575 659 3629 Deus
684 3572 921 3627 revelare
952 3572 1199 3642 dignatus
1222 3574 1311 3629 sit.
1338 3573 1395 3628 Id
1424 3591 1490 3631 ne
1516 3577 1815 3643 esset,.ltoc
1865 3580 1966 3636 sibi

367 3673 706 3746 probandum
738 3671 985 3742 sumpsit,
1014 3670 1217 3726 ultimis
1246 3686 1367 3727 esse
1385 3672 1501 3728 illas
1530 3675 1798 3745 praecipue
1831 3686 1967 3733 temo

368 3766 613 3839 poribus,
643 3779 967 3833 semperque
1005 3767 1072 3817 ad
1099 3766 1623 3822 consummationem
1666 3784 1835 3839 usque
1863 3787 1966 3827 ex-

369 3857 686 3932 pectandus.
731 3856 985 3911 Poterant
1029 3870 1090 3910 ea
1137 3855 1380 3913 fortassis
1410 3858 1667 3916 adversus
1709 3862 1971 3920 Ethnicos

371 3953 515 4010 dicta
571 3949 738 4006 videri
771 3992 786 4015 ,
839 3957 1089 4020 poterant
1114 3949 1276 4004 etiam
1302 3950 1561 4008 adversus
1589 3958 1963 4014 montanistas.

370 4045 567 4103 Contra
610 4042 963 4098 montanistas
1015 4041 1192 4111 potius
1239 4042 1379 4099 dicta
1428 4046 1749 4104 crediderim
1777 4090 1793 4117 ,
1842 4052 1967 4122 quia

367 4160 487 4216 qua:
517 4142 724 4197 dixerat
749 4181 765 4204 ,
794 4155 854 4194 ea
884 4136 1282 4206 Scripturarutn
1317 4141 1623 4197 testimonio
1670 4145 1966 4205 confirma-

372 4238 470 4293 vit.
525 4234 579 4288 Id
633 4247 765 4289 sane
794 4229 1135 4285 manifestum
1155 4238 1243 4287 est
1267 4247 1388 4302 qua:
1416 4232 1502 4288 hic
1530 4236 1827 4305 protulerat
1850 4254 1970 4296 esse

374 4326 516 4400 apud
565 4339 691 4379 suos
746 4324 798 4377 in
845 4321 1132 4387 confesso,
1186 4324 1325 4394 quod
1357 4340 1387 4379 a
1431 4328 1756 4384 montanista
1808 4332 1970 4388 scribi

376 4421 600 4478 omnino
626 4432 733 4472 non
761 4424 988 4487 poterat.

451 4513 481 4586 §
511 4508 913 4569 i3.-——Notctnr
933 4509 1075 4564 enim
1107 4509 1351 4579 inprimis
1378 4513 1575 4582 scripta
1604 4527 1726 4570 esse
1748 4514 1816 4571 ab
1842 4530 1971 4573 auc-

2069 3390 2232 3460 bitur,
2264 3392 2333 3448 de
2358 3409 2464 3465 quo
2493 3396 2860 3451 testimonium
2893 3412 3081 3453 eorum
3105 3397 3207 3452 erit
3228 3412 3327 3468 pro
3351 3412 3451 3454 suo
3476 3401 3681 3456 smculo

2069 3486 2459 3568 certissimum.

2144 3577 2174 3651 §
2206 3578 2476 3636 H.—Sed
2507 3589 2565 3635 ut
2584 3594 2670 3646 eo,
2689 3580 2831 3637 unde
2850 3580 3090 3653 digressa
3118 3592 3223 3650 est,
3253 3582 3439 3639 redeat
3465 3584 3641 3640 oratio
3660 3626 3680 3650 ,

2069 3673 2256 3728 eadem
2286 3688 2387 3744 qua
2418 3688 2590 3744 passa:
2614 3685 2739 3729 sunt
2761 3675 3028 3745 Perpetua
3045 3684 3100 3729 et
3126 3675 3383 3732 Felicitas
3408 3716 3424 3743 ,
3479 3676 3681 3735 Severi

2070 3766 2469 3837 persecutione,
2513 3766 2876 3824 occurrebant
2924 3777 2980 3824 et
3024 3768 3129 3822 alia
3176 3767 3444 3823 visionum
3484 3783 3679 3825 exem-

2072 3860 2159 3929 pla
2198 3860 2414 3931 (Auctor
2443 3861 2736 3933 incognitas
2765 3862 2885 3918 adv.
2926 3862 3217 3917 Artemom'a
3271 3863 3490 3917 omnia
3515 3903 3530 3930 ,
3582 3878 3680 3933 ap.

2074 3950 2289 4020 Euseb.,
2312 3952 2453 4007 Hist.
2477 3954 2626 4019 eccl.,
2660 3969 2714 4019 v,
2741 3951 2857 4021 28).
2892 3952 3098 4009 Natalis
3123 3954 3367 4024 inprimis
3393 3954 3684 4011 confesso-

2070 4044 2147 4099 ris
2173 4044 2262 4101 illa
2291 4045 2392 4101 sub
2414 4060 2640 4101 romano
2671 4044 2925 4115 pontifice
2947 4045 3276 4118 Zephyrino,
3307 4062 3411 4117 qua
3426 4045 3495 4101 ab
3518 4048 3683 4103 Arte-

2070 4135 2247 4193 mouis
2279 4138 2473 4194 haeresi
2493 4138 2562 4194 ad
2591 4138 2916 4195 catholicam
2946 4139 3243 4195 Eccleslam
3274 4149 3561 4196 revocatus
3585 4150 3681 4197 est

2073 4228 2287 4296 (Euseb.
2324 4270 2340 4296 ,
2388 4228 2527 4286 Hist.
2554 4232 2706 4297 πει,
2736 4246 2812 4295 v1,
2842 4230 2923 4301 5).
2967 4229 3106 4286 Tum
3134 4230 3478 4288 Potamiantc
3504 4232 3628 4287 alite
3659 4274 3684 4303 ,,

2072 4323 2268 4395 quibus
2296 4340 2404 4380 non
2434 4324 2697 4381 Basilides
2722 4325 2907 4391 modo,
2940 4326 3037 4381 sed
3074 4336 3128 4381 et
3182 4326 3273 4382 alii
3319 4326 3683 4385 Alexandrini

2073 4416 2257 4487 plures
2282 4417 2349 4472 ad
2382 4416 2540 4473 fidem
2569 4417 2921 4475 christianam
2944 4418 3197 4477 conversi
3227 4429 3373 4475 sunt.
3396 4419 3679 4479 Praeterea

2076 4510 2435 4567 revelationes
2455 4511 2801 4583 visionesque
2840 4512 2992 4576 alite,
3030 4527 3258 4583 quarum
3291 4512 3463 4584 prima
3487 4513 3684 4584 jussus

378 4619 499 4665 tore
543 4618 685 4658 anno
738 4600 947 4656 Domini
986 4615 1108 4661 ccn.
1140 4601 1189 4655 id
1220 4614 1321 4667 est,
1351 4617 1496 4659 anno
1518 4605 1586 4659 ab
1616 4606 1762 4661 obitu
1807 4607 1974 4665 Maxi-
2075 4608 2162 4656 est
2187 4601 2493 4657 Alexander
2540 4618 2573 4658 e
2620 4600 2964 4673 Cappadocia
3007 4602 3147 4657 utin
3180 4601 3525 4659 Palaestinam
3572 4604 3684 4659 mi-

380 4696 547 4757 millac
576 4693 792 4748 circiter
819 4706 986 4753 xxnt;
1018 4691 1320 4748 decessisse
1350 4696 1493 4749 enim
1539 4697 1685 4752 illam
1733 4698 1978 4757 diximus
2002 4698 2054 4759 D
2080 4704 2261 4764 grate!
2299 4694 2536 4767 (Euseb,
2562 4696 2655 4763 5b.,
2686 4712 2732 4767 c_.
2759 4694 2872 4767 II),
2913 4696 3147 4751 secunda
3176 4704 3336 4767 atque.
3368 4697 3523 4753 tertia
3550 4712 3685 4756 cum

376 4802 519 4846 anno
545 4784 707 4839 Marci
734 4783 922 4837 ultimo
945 4824 960 4850 ,
991 4782 1169 4848 idest,
1209 4784 1357 4838 Dom.
1387 4801 1605 4841 cuxtx.
1638 4790 1799 4859 Atqui
1829 4806 1891 4847 ea
1922 4794 1969 4849 si

377 4894 509 4936 vera
544 4878 729 4931 fuisset
755 4874 1113 4945 prophetissa,
1133 4890 1239 4931 non
1265 4876 1374 4947 jam
1404 4878 1543 4935 altus
1566 4891 1683 4937 erat
1712 4884 1972 4956 propheta

376 4968 766 5056 expectandus.
799 4967 898 5035 Qui
927 4968 1086 5036 igitur
1112 4967 1250 5023 alios
1272 4972 1446 5026 adhuc
1472 4979 1798 5044 expectavit,
1826 4994 1972 5035 sem-

369 5079 471 5136 per
493 5059 855 5130 cXpectandos
885 5060 1233 5129 existimavit,
1261 5063 1373 5119 ﬁeri
1400 5080 1505 5121 non
1538 5078 1714 5137 potest
1746 5081 1802 5125 ut
1826 5072 1971 5129 illam

374 5174 477 5228 pro
516 5171 642 5211 vera
675 5153 1016 5227 prophetissa
1050 5153 1299 5211 habuerit
1326 5198 1341 5220 .
1372 5174 1470 5214 nec
1502 5162 1732 5233 proinde
1756 5176 1967 5223 moma-

374 5252 517 5307 nista
544 5263 666 5304 esse
693 5247 882 5315 potuit.
905 5246 1236 5317 Quamquam
1263 5250 1407 5305 enim
1439 5267 1500 5306 ea
1530 5252 1754 5311 haeresis
1784 5268 1970 5327 postea

378 5343 432 5401 in
461 5341 639 5395 varias
668 5338 863 5394 deinde
888 5350 1062 5395 sectas
1089 5340 1371 5396 distributa
1400 5342 1591 5409 fuerit;
1618 5346 1669 5401 in
1701 5363 1768 5404 eo
1794 5359 1973 5408 tamen

376 5446 570 5491 omnes
617 5430 1008 5484 conveniebant
1040 5471 1057 5498 ,
1103 5432 1305 5501 primus
1336 5434 1454 5490 illas
1479 5438 1842 5506 mulierculas,
1872 5460 1971 5514 pro

372 5520 734 5597 prophetissis
762 5518 926 5574 fuisse
948 5526 1341 5589 agnoscendus.
1365 5526 1591 5584 Netetur
1627 5530 1691 5585 2°
1720 5540 1778 5587 ut
1802 5547 1967 5591 sensu

368 5613 757 5685 benignissimo
804 5609 1107 5668 Maximillze
1136 5616 1301 5671 verba
1337 5620 1776 5691 interpretemur,
1817 5636 1871 5680 ct
1897 5628 1966 5682 de

364 5707 683 5765 mulieribus
733 5704 1091 5773 prephetissis
1120 5751 1131 5772 ,
1169 5726 1272 5764 non
1303 5711 1370 5766 de
1400 5715 1529 5769 viris
1571 5718 1851 5786 pr0phetis
1881 5723 1965 5776 in-

370 5803 671 5870 telligamus
705 5818 719 5853 :
752 5816 821 5853 ne
844 5802 913 5853 ita
945 5800 1163 5869 quidem
1197 5804 1334 5859 banc
1352 5808 1718 5875 przefationem
1758 5829 1784 5867 a
1811 5832 1965 5872 tuon-

373 5896 562 5954 tanista
601 5891 762 5950 scribi
806 5890 1065 5965 potuisse.
1110 5894 1388 5968 Per-petua:
1424 5901 1567 5957 enim
1610 5906 1961 5975 prophetissa:

2079 4802 2213 4842 Voce
2258 4765 2466 4843 ctelesti
2491 4804 2671 4872 quam
2712 4765 2786 4872 5P
2932 4789 3209 4859 appellant
3235 4765 3409 4845 Judaei
3429 4830 3447 4854 .
3480 4788 3684 4861 quibus

2077 4882 2269 4938 moniti
2295 4891 2421 4938 sunt
2445 4898 2567 4939 cum
2595 4883 2866 4955 Episcopo
2883 4898 2984 4939 suo
2995 4882 3497 4956 Hierosolymitani.
3525 4897 3685 4940 eum-

2075 4975 2197 5032 dem
2248 4977 2614 5033 Alexandrum
2655 4987 2714 5032 ut
2757 4978 2814 5032 in
2873 4977 3254 5049 Episcopatum
3302 4975 3683 5035 admitterent.

2075 5070 2189 5127 Sub
2237 5069 2526 5127 Maximino
2570 5071 2664 5126 vel
2706 5069 2985 5138 Gordiano
3023 5070 3298 5125 Fabianus
3340 5070 3683 5129 revelatione

2072 5161 2262 5217 Divina
2292 5160 2464 5218 factus
2491 5171 2573 5219 est
2605 5153 2904 5233 Episcopus
2934 5159 3150 5229 (Euseb.
3175 5201 3191 5226 ,
3217 5158 3359 5216 Hist.
3389 5159 3513 5214 εδει.
3533 5203 3548 5227 ,
3576 5175 3631 5217 νι
3658 5201 3679 5228 ,

2074 5254 2189 5326 29),
2240 5255 2335 5326 Sp.
2366 5257 2426 5309 ὃ.
2468 5255 2523 5309 in
2555 5253 2707 5308 illum
2737 5295 2755 5321 ,
2801 5253 3069 5315 columba:
3090 5252 3272 5322 specie
3300 5251 3528 5322 delapso
3550 5291 3569 5319 ,
3606 5252 3685 5308 ad

2074 5348 2321 5404 eamdem
2364 5348 2528 5419 plane
2573 5349 2802 5404 formam
2828 5363 2933 5419 qua
2968 5346 3023 5402 in
3053 5343 3389 5402 Salvatorem
3419 5344 3681 5416 delapsus

2074 5439 2270 5495 fuerat.

2152 5532 2179 5606 ς
2210 5533 2373 5589 15.--
2397 5531 2513 5589 Sub
2537 5532 2831 5599 Gordiano,
2857 5532 2939 5589 vel
2964 5531 3138 5603 potius
3171 5532 3397 5587 fortasse
3425 5528 3680 5601 Philippo

2075 5643 2205 5684 suos
2230 5628 2491 5684 adversus
2540 5627 2754 5684 Celsum
2789 5638 2965 5683 tomos
2995 5626 3279 5697 scripsisse
3308 5624 3521 5680 videtur
3548 5624 3678 5679 Ori-

2070 5738 2274 5793 genes;
2326 5738 2428 5779 nec
2475 5724 2618 5778 enim
2660 5725 2843 5783 στάσις
2878 5722 2963 5776 illa
2995 5726 3151 5790 cujus
3177 5720 3425 5774 meminit
3454 5733 3509 5788 p.
3545 5716 3671 5787 I20,

2070 5816 2137 5871 ad
2164 5832 2332 5887 remp.
2366 5816 2648 5872 referenda
2676 5826 2759 5871 est
2786 5815 2803 5884 (
2828 5812 2943 5869 Lib.
2966 5829 3041 5881 ut,
3072 5813 3189 5866 adv.
3224 5811 3407 5882 Gelo),
3439 5820 3495 5865 ut
3520 5820 3677 5881 puta-

2072 5912 2145 5967 vit
2200 5912 2511 5984 interpres,
2566 5910 2660 5968 sed
2709 5911 2773 5966 ad
2812 5920 2988 5968 sectas
3044 5908 3221 5979 potius
3249 5906 3667 5966 cltristianormu
