3888 6360
180 433 223 491 ii

1353 451 1440 513 DE
1476 444 1862 513 VISIONIBUS
1898 444 2370 509 PROPHETICIS.
3457 440 3526 502 18

185 549 268 613 ³⁸η
302 568 491 621 “itm
539 572 767 649 χρὸνῳ
835 576 1043 633 πλείονι
1085 571 1512 646 persecutionem
1546 567 1687 639 passi
1720 580 1813 620 non

1927 562 2037 634 jam
2089 574 2243 620 antea
2295 566 2527 624 futuram
2580 568 2935 626 intellexerat.
2987 570 3053 627 Et
3080 570 3300 644 quidem
3330 570 3420 628 illa
3460 571 3530 627 de

190 661 305 710 enat
338 655 665 720 christiani
697 705 719 727 .
775 682 961 739 quam
1015 668 1175 722 etiam
1227 665 1385 721 πάλαι
1455 661 1620 716 fuisse
1668 657 1819 715 dicit.

194 741 396 821 Longam
420 751 596 811 illam
631 771 861 828 pacem
890 760 1115 815 omnino
1141 758 1401 813 denatare
1432 753 1643 809 videtur
1669 750 1824 821 cujus

202 844 415 901 mittit
435 845 793 921 Cyprianus
825 851 924 924 (de
942 849 1162 922 Laps.);
1197 834 1535 905 intervallum
1568 844 1820 901 nimirum

212 951 239 993 ι
275 940 666 1009 persecutione
713 942 919 999 Severi
967 943 1034 999 ad
1070 943 1214 998 illam
1259 941 1429 997 Decii.
1478 938 1591 995 Hoc
1637 947 1818 993 autem

219 1038 441 1101 tempore
462 1032 807 1103 pmpbetica
836 1034 979 1091 dona
1010 1034 1147 1104 apud
1179 1033 1504 1089 christianos
1547 1030 1781 1102 viguisse
1804 1071 1820 1095 ,
1863 1092 1872 1098 _

232 1124 364 1181 testis
384 1124 501 1194 ipse
526 1136 615 1180 est
647 1124 723 1183 de
754 1141 861 1181 suo
882 1135 1127 1195 tempore
1153 1124 1255 1180 fide
1280 1123 1633 1195 dignissimus
1660 1163 1676 1188 ,
1728 1122 1820 1193 qui

234 1229 285 1275 et
344 1233 453 1274 rem
514 1232 741 1275 omnem
810 1218 1253 1290 propheticorum
1307 1218 1576 1272 donorum
1636 1213 1821 1284 paucis

240 1309 467 1366 absolvit.
496 1308 627 1368 Οὔτε
656 1319 761 1367 τῶν
789 1319 883 1372 τῆς
908 1313 1130 1371 πίστεως
1162 1310 1433 1386 ἀλλοτρίων
1460 1307 1821 1385 παραπλήσιόν

238 1430 285 1463 τι
307 1414 405 1468 τοῖς
439 1410 727 1483 προφήταις
772 1410 1105 1469 πεποιήκασι,
1134 1402 1249 1461 οὔτε
1294 1406 1531 1478 νεώτεροι
1571 1405 1659 1456 καί
1687 1402 1821 1473 μετά

237 1505 321 1560 τήν
344 1499 495 1560 Ἰησοῦ
523 1498 796 1574 ὶπιόημίαν
832 1501 1126 1575 ἱστόρηνται
1169 1501 1220 1555 ἐν
1244 1498 1504 1559 Ἰουδαίοις
1530 1500 1662 1557 τινες
1690 1518 1820 1572 προ-

236 1595 580 1667 φυτεύσαι-ντες.
610 1595 673 1649 τὸ
712 1594 813 1670 γὰρ
842 1591 983 1667 ἅγιον
1008 1598 1214 1665 πνεῦμα
1252 1592 1573 1665 ὡμολόγηται
1600 1593 1820 1650 insuaue

233 1687 631 1744 καταλιλοιπῦναι
673 1685 1033 1747 ἀσεϐήσαντας
1062 1688 1138 1748 εἰς
1175 1688 1263 1742 τὸν
1299 1686 1425 1750 Θεὸν,
1458 1687 1545 1738 καὶ
1573 1684 1659 1739 τὸν
1690 1702 1818 1756 προ-

231 1782 521 1856 φητςυθίντα
567 1781 671 1837 ὑπὸ
716 1788 818 1835 τῶν
854 1780 1176 1856 παρὐαὐτοῖς
1204 1784 1474 1858 προφητῶν
1508 1776 1525 1845 (
1558 1772 1673 1829 Lib.
1720 1788 1817 1838 VII,

227 1892 281 1942 ρ.
313 1867 451 1945 337)
473 1872 616 1927 idem
651 1887 812 1943 supra
835 1872 902 1927 de
930 1870 1135 1927 Judaais
1161 1870 1407 1925 Justinus
1434 1879 1655 1939 martyr.
1690 1867 1820 1923 Per-

1929 660 2296 715 unanimitatis
2320 659 2533 717 defectu
2563 660 2685 718 talis
2711 673 2825 718 erat
2845 664 3061 732 qualem
3084 663 3370 735 descripsit
3386 666 3423 718 Α
3436 678 3529 734 po-

1888 788 1894 795 -
1926 752 2119 817 stolns,
2142 770 2244 824 qua
2296 755 2408 826 ipsa
2457 770 2671 827 quoque
2698 756 2940 813 cordinm
2977 759 3186 815 occulta
3241 756 3524 814 manifesta

1926 844 2302 903 redderentur.
2334 848 2459 904 Erat
2490 858 2546 904 et
2593 849 2695 904 alia
2741 852 2999 905 revelatio
3047 868 3208 922 quam
3262 850 3328 905 ad
3362 851 3526 905 mini-

1927 953 2072 992 mum
2122 937 2375 994 famulum
2410 941 2492 1012 (se
2534 956 2597 997 ea
2629 942 2977 1011 proculdubio
3032 957 3169 997 voce
3222 943 3528 1015 denotarat)

1926 1028 2233 1084 mandatam
2279 1033 2375 1098 ait,
2408 1031 2496 1087 die
2538 1032 2637 1098 illi,
2665 1034 2856 1102 inquit,
2901 1048 3124 1090 securus
3152 1036 3242 1101 sit,
3268 1037 3389 1106 quia
3423 1050 3525 1104 pax

1927 1130 2148 1177 ventura
2181 1131 2283 1178 est.
2313 1122 2429 1178 iam
2454 1124 2612 1194 longe
2641 1124 2868 1180 aberant
2907 1141 2933 1179 a
2969 1127 3113 1196 pacis
3160 1142 3255 1199 spe
3286 1143 3405 1183 cum
3438 1129 3525 1182 illa
3569 1131 3578 1140 ‘

1925 1215 2186 1271 scriberet
2210 1214 2530 1288 Cyprianus.
2556 1216 2668 1274 Nec
2698 1229 2873 1274 tamen
2904 1220 3344 1276 dissimulandum
3371 1238 3531 1293 prop-

1926 1318 2075 1364 terea
2130 1310 2387 1374 credidit,
2439 1312 2567 1380 quin
2602 1312 2780 1380 potius
2826 1313 2995 1382 ipsam
3052 1312 3188 1368 lianc
3238 1313 3521 1384 epistolam

1927 1400 2090 1458 fuisse
2117 1401 2372 1459 fratribus
2392 1405 2694 1475 legendam.
2716 1405 2792 1460 Ita
2814 1416 3018 1463 certum
3044 1405 3111 1461 (le
3138 1419 3333 1461 eventu
3360 1406 3526 1462 fuisse

1924 1504 2158 1559 constat,
2194 1493 2307 1549 fore
2337 1496 2685 1553 nihilominus
2715 1497 2857 1568 quod
2887 1500 3211 1568 promissum
3239 1508 3375 1553 erat.

1995 1586 2123 1643 Orta
2146 1589 2519 1658 persecutione
2542 1592 2788 1646 secessit.
2806 1591 2863 1646 Id
2883 1606 3095 1663 quoque
3128 1603 3183 1647 ut
3212 1593 3521 1665 Dionysium

1926 1677 2117 1735 iecisse
2145 1680 2500 1748 ostendimus,
2528 1683 2607 1738 sic
2653 1685 2761 1737 Deo
2810 1686 3011 1752 pariter
3056 1696 3278 1741 auctore
3310 1696 3525 1740 constat

1924 1771 2116 1828 fecisse
2131 1772 2590 1846 Cyprianumuﬁt
2617 1776 2867 1845 audietis,
2888 1780 3080 1849 inquit,
3102 1776 3525 1849 munia,rpiaudo

1922 1863 1987 1919 ad
2018 1879 2112 1919 vos
2155 1866 2406 1921 reducem
2443 1883 2529 1923 me
2562 1870 2817 1924 Dominus
2848 1869 3054 1935 fecerit,
3085 1873 3173 1940 qui
3205 1882 3261 1924 ut
3289 1870 3517 1929 secede-

224 1966 298 2036 git
326 1974 496 2021 autem
527 1963 787 2033 Origenes
816 1981 831 2019 :
862 1973 1050 2035 Σημεῖα
1076 1962 1129 2020 δᾶ
1178 1972 1271 2021 τοῦ
1322 1964 1467 2038 ἁγίου
1518 1966 1812 2037 πνεύματος

1923 1971 2029 2013 rem
2055 1957 2214 2027 jussit
2242 1956 2368 2031 (Ep.
2405 1960 2481 2029 χ).
2530 1980 2549 2012 ι
2599 1959 2743 2016 Idem
2793 1964 2844 2016 in
2892 1977 2979 2031 ep.
3008 1978 3097 2025 xv,
3150 1962 3437 2033 multisque
3470 1962 3521 2015 itt

224 2059 337 2114 κατ’
374 2060 543 2137 ἀρχὰς
722 2068 814 2119 τῆς
838 2056 1005 2118 Ἰησοῦ
1056 2055 1411 2120 διδασκαλίας,
1447 2060 1578 2128 μετά
1624 2052 1678 2111 δὲ
1725 2060 1817 2114 τήν

488 2151 650 2207 αὐτοῦ
671 2151 878 2205 πλείονα
907 2148 1180 2211 ἄδιικνυτο,
1228 2148 1444 2224 ὕστερον
1472 2146 1525 2202 δὲ
1543 2148 1813 2204 λάττοντα.

222 2244 348 2302 πλήν
372 2247 454 2297 καὶ
472 2250 558 2297 νῦν
586 2243 661 2299 ἂι
687 2241 814 2315 ἴχνη
842 2245 983 2299 ἑστιν
1014 2245 1175 2299 αὐτοῦ
1200 2243 1325 2319 παρ’
1354 2244 1560 2317 ὀλίγοις,
1591 2244 1686 2303 τὰς
1714 2243 1815 2316 ψυ-

221 2338 327 2408 χάς
347 2343 418 2407 τῷ
441 2335 570 2409 λόγῳ
590 2338 677 2390 καὶ
700 2344 815 2396 ταῖς
842 2334 956 2392 κατ’
976 2337 1130 2391 αὐτὸν
1154 2337 1375 2411 πράξεσι
1401 2337 1810 2411 κικαθαρμὲνοις.

217 2426 370 2494 Quod
399 2441 494 2481 suo
523 2435 769 2496 tempore
800 2425 1024 2497 vestigia
1057 2425 1320 2479 duntaxat
1346 2438 1631 2494 superesse
1644 2424 1809 2492 dicat,

216 2520 282 2575 ad
327 2522 491 2591 prima
540 2520 627 2575 illa
649 2520 932 2575 christiani
981 2519 1158 2575 cultus
1184 2518 1476 2589 primordia
1524 2518 1575 2572 in
1617 2526 1814 2588 pente.

216 2621 364 2668 caste
390 2610 738 2682 proculdubio
790 2611 1050 2680 respexit,
1074 2619 1237 2681 utque
1266 2610 1435 2664 voluit
1476 2625 1599 2664 cum
1638 2609 1813 2665 chris-

216 2703 477 2757 tianorum
523 2701 784 2773 cujusque
828 2702 1037 2773 ordinis
1083 2703 1391 2757 communia
1437 2702 1565 2757 olim
1617 2702 1816 2759 fuerint

215 2795 316 2850 sub
341 2793 594 2866 apostolis
658 2793 787 2849 iona
818 2793 958 2861 lucc,
996 2809 1115 2865 qua:
1140 2795 1405 2862 diximus,
1460 2794 1773 2865 pr0phetica
1795 2838 1810 2860 ,

212 2888 321 2958 jam
351 2888 631 2944 illustrium
669 2886 934 2944 duntaxat
970 2886 1235 2959 primique
1278 2887 1453 2942 meriti
1484 2888 1810 2943 cltriStiano-

215 2994 333 3035 rum
365 2978 495 3036 facta
523 2968 647 3037 esse
675 2980 913 3051 pr0pria.

286 3072 315 3143 ᾗ
342 3070 910 3143 l8.—Benignumbic
924 3072 1192 3142 prmberet
1209 3082 1578 3142 argumentum
1600 3074 1682 3128 vel
1705 3088 1809 3128 una

217 3162 305 3218 illa
348 3162 586 3231 Gregorii
615 3162 1001 3235 Thautnaturgi
1022 3206 1037 3229 ,
1069 3163 1315 3233 Origenis
1345 3163 1612 3234 discipuli,
1649 3165 1755 3219 vita
1777 3180 1806 3218 a

214 3252 451 3327 Nysseno
470 3254 813 3324 conscripta:
838 3254 893 3309 ιιὶ
915 3253 964 3308 id
996 3265 1289 3310 metuerem
1313 3269 1380 3310 ne
1398 3239 1654 3311 certioris
1682 3254 1805 3310 fidei

1922 2045 2164 2127 ejujsdein
2210 2052 2315 2106 vita
2371 2052 2615 2110 Pontius.
2659 2054 2847 2125 Lapsis
2875 2070 3165 2125 pacem,eo
3194 2056 3520 2119 ineousultn,

1924 2153 2129 2199 temere
2158 2156 2538 2200 concesserant
2598 2146 2919 2219 presbyteri.
2951 2147 3024 2202 De
3074 2163 3141 2202 eo
3181 2148 3367 2211 etiam,
3396 2149 3521 2219 quid

1924 2237 2143 2303 faceret,
2194 2236 2358 2292 Deum
2394 2237 2588 2292 'ltabuit
2642 2240 2962 2293 monitorem
2998 2258 3010 2296 ε
3050 2259 3067 2292 t
3098 2239 3375 2309 Castigare
3423 2254 3525 2294 nos

1921 2329 2100 2400 itaque
2118 2329 2293 2384 divina
2309 2344 2538 2385 censura
2554 2345 2653 2387 nec
2676 2333 2922 2387 noctibus
2940 2336 3157 2399 desinit,
3181 2348 3281 2391 uec
3307 2334 3518 2391 diebus.

1923 2421 2128 2479 Practer
2184 2433 2476 2480 nocturnas
2520 2425 2662 2479 enim
2711 2426 2970 2492 visiones,
3025 2442 3120 2497 per
3166 2427 3281 2483 dies
3309 2442 3524 2497 quoque

1925 2516 2180 2586 impletttr
2207 2519 2347 2588 apud
2378 2535 2474 2573 nos
2497 2520 2699 2589 Spiritu
2728 2530 2913 2576 sancto
2942 2537 3229 2590 puerorum
3263 2522 3524 2576 innocens

1922 2618 2072 2677 astas,
2101 2625 2223 2681 qum
2251 2611 2304 2665 in
2322 2612 2496 2666 extasi
2529 2611 2670 2666 videt
2696 2614 2889 2680 oculis,
2922 2624 2977 2670 et
3002 2615 3169 2678 audit,
3204 2626 3259 2670 et
3288 2614 3527 2683 lnquitur

1919 2704 2117 2773 quibus
2152 2719 2249 2759 nos
2277 2704 2538 2760 Dominus
2570 2721 2791 2761 mouere
2818 2716 2872 2762 et
2919 2707 3183 2763 instruere
3209 2708 3515 2779 dignatur.-

1918 2799 2165 2868 Quinque
2214 2799 2514 2871 presbyteri
2544 2800 2820 2869 lapsorum
2870 2802 3112 2871 patroni,
3140 2817 3273 2873 quas
3307 2802 3382 2856 illi
3409 2810 3522 2857 tur-

1920 2892 2022 2948 bas
2068 2892 2339 2959 dederiut,
2367 2893 2567 2964 ubique
2598 2904 2808 2950 constat
2866 2910 2930 2950 ex
2962 2896 3204 2965 ejusdem
3254 2883 3519 2963 epistolis.

1916 2982 1973 3040 id
2005 2986 2166 3040 etiam
2195 2987 2244 3041 ei
2287 3002 2316 3040 a
2349 2987 2575 3041 Domino
2618 2988 2823 3043 caelesti
2872 2989 3077 3043 visione
3124 2999 3280 3043 antea
3312 2989 3519 3043 revela-

1919 3087 2031 3132 tum
2065 3087 2168 3133 est.
2210 3097 2229 3129 ι
2266 3078 2610 3145 Persecutio,
2655 3080 2849 3150 inquit,
2883 3091 2965 3137 est
2998 3082 3113 3137 Itmc
3162 3081 3285 3142 alia.
3319 3093 3375 3138 et
3414 3081 3520 3138 alia

1916 3170 2141 3225 tentatio
2167 3187 2183 3236 ;
2212 3179 2265 3225 et
2296 3172 2532 3241 quinque
2583 3172 2667 3226 isti
2719 3173 3017 3245 presbyteri
3052 3174 3184 3228 nihil
3217 3174 3361 3229 aliud
3394 3185 3524 3229 sunt

1916 3276 2075 3330 quam
2123 3263 2359 3332 quinque
2416 3268 2679 3331 primores
2729 3265 2829 3327 illi,
2862 3267 2951 3336 qui
2984 3266 3162 3320 edicto
3192 3282 3363 3337 nuper
3407 3284 3517 3321 ma.

215 3352 568 3406 monumentis
616 3350 776 3407 ﬁdem
832 3349 1195 3419 detralierem,
1218 3352 1261 3407 si
1309 3355 1593 3409 iaeertiora
1642 3354 1802 3409 etiam
1832 3354 1878 3417 ρ
1909 3354 2223 3424 gistratibus
2247 3354 2461 3411 fuerant
2489 3356 2720 3426 c0pulati
2750 3355 2879 3430 (Ep.
2910 3358 3022 3430 η).
3077 3378 3088 3411 ι
3133 3360 3206 3414 Ita
3258 3359 3522 3415 intellexit

213 3454 601 3498 coacervarem.
634 3442 822 3499 Hausit
844 3443 934 3499 illa
960 3443 1232 3514 Nysseuus
1262 3460 1364 3500 non
1405 3462 1436 3501 e
1466 3448 1662 3503 corevis
1690 3462 1805 3502 mo-

214 3535 499 3603 numentis,
556 3534 652 3590 sed
691 3549 837 3591 vero
871 3549 936 3590 ex
983 3535 1113 3591 orali
1152 3538 1471 3609 plerumque
1499 3539 1805 3606 traditione,

214 3642 312 3681 nec
336 3626 419 3681 illa
452 3628 673 3697 propius
716 3644 876 3697 quam
904 3644 969 3684 ex
1000 3630 1175 3699 unius,
1204 3631 1269 3685 ad
1298 3633 1604 3698 minimum,
1636 3634 1810 3688 (etatis

212 3720 494 3775 intervallo
517 3719 769 3775 deducta.
805 3720 876 3774 Ea
904 3722 949 3775 si
975 3736 1154 3776 coram
1194 3724 1524 3792 accepisset,
1560 3738 1658 3779 nec
1684 3738 1800 3779 rem

214 3820 411 3879 gestam
434 3813 590 3867 aliter
610 3827 769 3879 quam
797 3819 948 3880 gesta
973 3824 1076 3879 est,
1109 3814 1400 3870 ratiociniis
1428 3816 1678 3870 nimirum
1699 3816 1812 3872 suis

212 3904 638 3974 coniectumque
662 3913 895 3969 auctam,
920 3907 1148 3975 posteris
1194 3916 1635 3977 reprmsentasset
1656 3948 1671 3971 ,
1703 3922 1809 3963 non

213 3996 448 4052 viderem
463 4011 596 4052 sane
614 4011 713 4052 cur
730 3996 992 4070 Nysseno,
1008 4014 1102 4054 cur
1114 3999 1287 4054 cuivis
1304 3999 1538 4070 probatae
1558 4000 1679 4055 fidei
1694 4000 1811 4055 viro

210 4100 459 4144 assensus
504 4098 650 4144 esset
700 4090 1067 4160 denegandus.
1116 4090 1263 4146 Talia
1295 4104 1419 4147 sunt
1462 4104 1639 4146 autem
1693 4107 1811 4163 qua:

212 4178 470 4240 hactenus
500 4183 842 4253 protulimus,
871 4198 1098 4255 qumque
1149 4185 1403 4255 deinceps
1454 4184 1809 4254 proferemus.

283 4272 310 4345 ς
339 4275 430 4330 l7.
451 4306 524 4316 —
550 4275 729 4343 Quare
781 4275 1025 4345 suppleat
1050 4276 1165 4347 ejus
1202 4277 1378 4333 locum
1405 4277 1541 4332 alius
1568 4279 1686 4347 ejus
1713 4280 1813 4335 sub

208 4363 436 4434 Origene
487 4367 910 4437 condiscipulus,
954 4368 1237 4441 Dionysius
1267 4370 1690 4427 Alexandrinus.
1716 4372 1813 4428 Hic

208 4460 306 4513 sub
330 4460 496 4517 linem
532 4461 786 4533 Philippi,
812 4462 1093 4532 ingruente
1139 4463 1717 4535 Alexandri:e,'p0puli
1757 4466 1811 4522 in

207 4551 535 4609 christianos
587 4553 897 4610 ferocientis
946 4555 1168 4624 impetu,
1206 4558 1599 4625 persecutione,
1628 4558 1812 4615 divino

208 4646 414 4701 monitu
460 4650 647 4719 fugere
688 4648 871 4718 jussus
920 4658 1022 4713 est,
1051 4652 1135 4705 cui
1182 4660 1235 4705 et
1266 4650 1403 4721 fugae
1428 4652 1570 4706 viam
1618 4661 1812 4722 praeter

1915 3455 2189 3516 recteque,
2250 3455 2307 3502 ut
2344 3447 2575 3515 videtur,
2606 3448 2881 3505 Pamelius
2932 3469 2946 3505 :
2985 3469 3003 3501 ι
3042 3449 3263 3505 Videtur
3287 3450 3417 3505 milii
3444 3452 3523 3505 al-

1916 3536 2101 3593 ludere
2145 3538 2211 3593 ad
2273 3540 2535 3596 visionem
2586 3542 2892 3611 quampiam
2949 3544 3002 3596 i‘n
3052 3557 3157 3613 qua
3207 3543 3523 3613 apparuisse

1920 3634 2167 3689 videntur
2196 3649 2317 3689 cum
2368 3636 2772 3705 magistratibus
2812 3638 3047 3706 quinque
3111 3637 3397 3705 primores,
3432 3640 3522 3707 qui

1916 3727 2150 3784 edictuin
2175 3738 2362 3784 contra
2393 3731 2675 3801 episcopos
2704 3747 2807 3786 una
2841 3732 3196 3801 publicarent.
3234 3752 3252 3784 ι

1995 3818 2022 3889 §
2054 3819 2141 3874 19.
2160 3850 2230 3861 —-
2259 3820 2562 3876 Secundam
2592 3820 2739 3875 illam
2770 3822 2850 3877 sui
2884 3824 3141 3893 temporis
3163 3825 3264 3877 snli
3286 3823 3442 3891 Gallo,
3464 3838 3521 3881 et

1918 3909 2216 3966 Volusiano
2262 3913 2697 3983 persecutionem
2724 3915 2837 3985 jam
2886 3927 3041 3970 antea
3096 3932 3161 3971 ex
3190 3918 3519 3975 revelationc

1917 4001 2099 4057 divina
2131 4003 2451 4069 didicerant,
2479 4000 2657 4075 deque
2706 4022 2768 4061 ea
2798 4008 3051 4078 populum
3096 4009 3289 4064 litteris
3330 4011 3523 4065 etiam-

1919 4112 2046 4153 num
2096 4097 2410 4159 extantibus
2480 4098 2809 4155 monendum
2865 4101 3267 4157 existimarunt.
3322 4103 3396 4158 lta
3455 4102 3523 4158 ad

1920 4189 2133 4259 plebem
2178 4189 2585 4246 Thibaritanatn
2637 4190 2937 4264 Cyprianus
2986 4210 2999 4246 :
3037 4214 3056 4247 ι
3091 4194 3223 4249 Nam
3256 4210 3378 4250 cum
3416 4196 3523 4249 Do.

1919 4282 2051 4335 mini
2101 4283 2421 4337 iustruentis
2447 4282 2760 4353 dignatione
2800 4284 3119 4357 instigemur
3154 4289 3377 4358 saepius,
3403 4303 3523 4342 am-

1918 4374 2060 4445 plius
2088 4384 2142 4428 et
2168 4375 2578 4442 admoneamur,
2619 4377 2686 4432 ad
2713 4388 2948 4433 vestram
2990 4394 3205 4450 quoque
3234 4383 3524 4437 conscien-

1918 4467 2047 4522 tiam
2099 4468 2488 4526 admonitionis
2543 4482 2741 4527 nostrac
2792 4473 3210 4528 sollicitudinem
3277 4477 3523 4547 perferre

1916 4559 2198 4616 debemus.
2227 4560 2380 4618 Scire
2403 4562 2547 4617 enim
2575 4562 2783 4619 debetis
2824 4574 2876 4620 et
2902 4580 2999 4635 pro
3028 4574 3178 4621 certo
3208 4568 3433 4624 credere
3458 4583 3522 4624 ac

1918 4662 2127 4720 tenere,
2146 4668 2433 4724 praessurae
2458 4655 2598 4712 diem
2627 4673 2790 4729 super
2809 4669 2970 4730 caput
2992 4674 3111 4716 esse
3138 4664 3370 4732 cmpisse
3389 4662 3519 4735 (Ep.

208 4739 517 4806 Opinionem
546 4742 778 4809 aperuit.
806 4740 882 4796 Ita
910 4742 978 4799 de
1011 4759 1070 4798 se
1124 4745 1237 4815 ipse
1263 4747 1315 4800 in
1347 4760 1439 4802 sua
1471 4748 1537 4801 ad
1588 4748 1811 4805 Germa-
1834 4747 1890 4809 D
1917 4744 2045 4815 va),
2064 4746 2439 4813 etc.»Deinde,
2469 4742 2653 4820 paucis
2687 4752 3016 4822 interpositis
3047 4770 3061 4806 :
3092 4772 3110 4804 ι
3136 4753 3244 4808 Nec
3273 4765 3523 4823 putemus

210 4844 332 4887 (illm
358 4834 588 4904 epiuola
613 4850 630 4888 :
654 4838 984 4900 κιὶιύσαντὸς
1003 4860 1089 4911 μοι
1104 4848 1427 4912 utram-iacti
1444 4847 1538 4898 τοῦ
1557 4849 1708 4908 Θεοῦ,
1732 4845 1819 4899 καὶ

209 4929 520 5005 παραδόξως
547 4929 948 4994 ὁδοποιησαντος
974 4975 988 4999 ,
1031 4940 1135 4987 etc.
1184 4935 1362 5002 (Apud
1405 4933 1619 5002 Euseb.,
1671 4934 1814 4991 Hist.

207 5023 418 5089 cedem,
445 5039 522 5089 rt,
567 5023 688 5095 40).
723 5024 851 5081 Ha-c
891 5040 1018 5080 vera
1060 5040 1200 5088 esse,
1259 5027 1425 5082 Deum
1494 5028 1667 5099 ipsum
1704 5039 1813 5084 tes-

212 5125 314 5170 tem
360 5120 596 5190 appellat
622 5136 638 5175 :
677 5124 779 5193 ἐγὼ
824 5120 879 5177 δὲ
911 5125 997 5177 καὶ
1039 5125 1248 5179 ἐνώπιον
1274 5131 1367 5181 τοῦ
1396 5127 1530 5190 θεοῦ,
1546 5126 1698 5191 λαλῶ,
1730 5128 1817 5179 καὶ

210 5210 366 5273 αὐτὸς
411 5209 541 5269 οἶδεν
579 5210 660 5269 ὅτι
692 5216 754 5269 οὺ
802 5211 1056 5287 ψεύδομαι
1082 5230 1095 5243 '
1161 5214 1277 5271 οὐδὶ
1324 5220 1444 5289 μίαν
1484 5215 1573 5272 ἐπ’
1591 5220 1818 5289 ἱμαντοῦ

211 5303 536 5378 βαλλόμενος,
569 5309 703 5363 ἀθετὶ
740 5311 1023 5383 πεποίημαι
1066 5316 1156 5369 τήν
1181 5315 1359 5385 φυγήν.
1385 5309 1522 5376 Quid
1547 5311 1631 5365 hic
1657 5308 1819 5366 facie-

212 5410 330 5453 mus
348 5398 377 5453 ἲ
402 5397 531 5454 Viro
555 5400 901 5456 sanctissimo
945 5416 1013 5456 ne
1041 5403 1220 5470 jurato
1240 5402 1454 5473 quidem
1489 5404 1820 5460 credemus?

278 5487 309 5557 ς
332 5489 513 5546 18.-
536 5490 621 5547 Ad
647 5490 763 5562 ipsa
781 5492 895 5561 jam
925 5491 1179 5564 Cypriani
1211 5502 1451 5564 tempora
1475 5494 1812 5559 devenimus,

210 5582 367 5653 cuius
390 5586 434 5642 si
466 5586 627 5641 unius
671 5584 977 5641 testimonia
1019 5588 1383 5653 consulamus,
1414 5602 1514 5643 nec
1537 5588 1641 5643 erit
1684 5602 1817 5644 sane

210 5678 355 5747 quod
381 5679 713 5745 dubitemus,
744 5678 912 5734 fuisse
940 5679 1173 5735 visiones
1200 5680 1438 5751 aliasque
1478 5679 1809 5751 prophetias,

214 5784 311 5826 nec
343 5772 506 5829 fuisse
529 5773 696 5829 etiam
729 5772 851 5827 illas
872 5773 1265 5829 veracissimas.
1300 5771 1358 5827 In
1388 5773 1486 5827 hac
1514 5773 1627 5843 ipsa
1649 5786 1809 5843 quam

214 5878 501 5926 tractamus
521 5867 759 5943 epistola
810 5868 1054 5923 meminit
1081 5866 1303 5923 visionis
1334 5868 1480 5937 prius
1522 5866 1681 5936 longe
1720 5881 1813 5921 os-

210 5978 375 6022 tmre
393 5978 554 6037 quam
587 5970 893 6039 tempestas
919 5961 1180 6016 vastitatis
1204 5961 1345 6016 illius
1373 5960 1626 6028 oriretur,
1655 5974 1814 6031 quam

1920 4838 2046 4891 talia
2072 4852 2192 4895 esse
2209 4855 2329 4909 qua:
2358 4841 2604 4905 veniunt,
2626 4844 2800 4913 qualia
2833 4843 3047 4899 fuerunt
3074 4846 3159 4900 illa
3192 4863 3312 4915 qum
3346 4859 3521 4904 trans-

1918 4928 2116 4984 ierunt.
2170 4929 2395 4986 Gravior
2442 4949 2582 4989 nunc
2609 4944 2663 4989 et
2714 4934 2945 4990 ferocior
2996 4951 3167 5007 pugna
3219 4939 3518 5004 imminet,»

1918 5036 2025 5081 etc.
2046 5024 2259 5081 Rursus
2273 5026 2413 5081 idem
2427 5043 2548 5081 eum
2564 5028 2771 5100 synodo
2783 5028 3081 5101 Cyprianus
3094 5031 3157 5085 ad
3174 5032 3483 5088 Cornelium
3505 5050 3519 5086 :

1926 5135 1945 5169 ι
1982 5115 2087 5173 Sed
2119 5119 2262 5173 enim
2290 5133 2412 5173 cum
2440 5119 2715 5175 videamus
2755 5122 2896 5176 diem
2946 5138 3133 5177 rursus
3182 5125 3406 5180 alterius
3437 5126 3523 5181 in-

1918 5208 2226 5265 festationis
2268 5213 2698 5282 appropinquare
2744 5215 2996 5284 cmpissc,
3024 5224 3079 5270 et
3121 5216 3325 5270 crebris
3352 5227 3523 5288 atque

1922 5302 2154 5357 assiduis
2185 5304 2591 5359 ostensionibus
2620 5307 3031 5371 adm‘oneamur,
3066 5316 3121 5360 ut
3150 5306 3215 5361 ad
3245 5318 3524 5365 certamen

1918 5394 2061 5465 quod
2085 5395 2240 5450 nobis
2272 5396 2666 5463 hostisindicit,
2698 5400 2888 5454 armati
2916 5409 2968 5454 et
2990 5402 3160 5468 parati
3184 5402 3376 5466 simus,
3409 5403 3522 5471 ple-

1921 5486 2043 5543 bem
2068 5489 2228 5543 etiam
2255 5489 2410 5544 nobis
2427 5489 2497 5544 de
2513 5490 2690 5545 divina
2714 5492 3023 5562 dignatione
3037 5496 3405 5562 commissam,
3427 5512 3523 5552 ex-

1923 5579 2318 5638 hortationibus
2351 5584 2551 5638 nostris
2578 5599 2849 5655 paremus,
2864 5594 2969 5640 etc.
3005 5586 3131 5658 (Ep.
3165 5590 3331 5659 ιω.»
3366 5588 3523 5646 Post-

1923 5688 1984 5729 ea
2006 5691 2018 5726 :
2046 5692 2063 5725 ι
2077 5673 2565 5746 Obtemperandum
2585 5685 2669 5731 est
2690 5693 2919 5748 namque
2934 5682 3334 5735 ostensiouibns
3357 5692 3522 5752 atque

1921 5768 2375 5826 admonitionibus
2422 5771 2598 5839 justis,
2633 5782 2690 5825 ut
2734 5788 2762 5826 a
2797 5773 3101 5843 pastoribus
3130 5790 3257 5827 oves
3291 5776 3341 5829 in
3377 5782 3517 5843 peri-

1923 5863 2044 5919 culo
2075 5877 2179 5919 nou
2208 5864 2550 5931 deserantur,
2581 5876 2685 5920 etc.
2726 5884 2741 5916 ι
2780 5865 2988 5919 Rursus
3020 5882 3032 5917 :
3072 5866 3311 5921 «Placuit
3340 5868 3517 5933 nobis,

1925 5960 2128 6031 Spiritu
2184 5969 2369 6015 sancto
2418 5971 2740 6031 suggerente
2793 5968 2844 6016 et
2877 5959 3105 6015 Domino
3147 5974 3245 6031 per
3276 5960 3520 6018 visiones
