3888 6346
370 384 438 444 ιιι)
1341 376 1708 436 DODWELIJ
1744 376 2196 436 DISSERTA'I‘IO
2247 378 2656 439 CYPRIANICA
3432 448 3434 450 ,
3583 387 3656 442 20

366 499 666 556 ιηιιιιιιεχοι
693 494 1008 550 manifestas
1055 489 1382 546 admonente
1409 491 1533 562 quia
1585 491 1756 547 hostis
1808 491 1964 548 nobis
1991 496 2044 557 Α
2071 503 2194 565 post
2238 507 2490 552 exactum
2535 510 2735 553 annum
2783 501 3101 551 coronatum
3156 509 3280 553 esse
3316 496 3484 553 mai;
3516 497 3665 556 Ροη,

367 592 656 649 imminere
683 587 1075 660 prrenuntiatur
1103 593 1159 640 et
1191 582 1518 647 ostenditur,
1545 584 1806 654 colligere
1826 584 1965 640 intra

375 693 553 744 castra
581 683 782 739 milites
810 679 1010 736 Christi
1037 720 1052 743 ,
1078 687 1182 734 etc.
1224 695 1244 730 ι
1271 675 1388 732 Non
1442 673 1665 730 credent
1711 676 1827 732 hinc
1853 675 1966 733 for-

373 789 520 834 tasse
545 775 711 830 athei.
742 772 846 829 Sed
900 770 1031 843 quid
1079 768 1278 827 habent
1305 782 1410 840 quo
1436 769 1614 823 minus
1657 767 1764 824 fide
1807 768 1967 835 digna

374 885 498 926 esse
540 864 844 923 censeant?
887 863 1132 917 Visiones
1161 859 1250 915 hic
1304 860 1585 928 habemus,
1616 875 1722 914 non
1773 860 1970 918 multas

373 960 556 1025 modo,
598 957 695 1012 sed
737 967 792 1012 et
840 953 1186 1018 manifestas;
1219 967 1319 1006 nec
1369 952 1488 1008 illas
1541 961 1664 1023 post
1717 963 1968 1010 eventum

371 1051 654 1117 confictas,
685 1047 778 1104 sed
830 1061 960 1100 vero
1004 1053 1160 1100 antea
1220 1043 1626 1113 pramuntiatas,
1669 1057 1972 1116 eventuque

375 1145 753 1217 comprobatus
783 1157 798 1206 ;
831 1154 934 1195 nec
963 1138 1012 1193 id
1043 1139 1270 1193 obscura
1294 1136 1488 1206 privati
1517 1137 1815 1208 cujuspiam
1844 1139 1968 1211 fide,

371 1243 466 1298 sed
494 1237 684 1311 synodi
713 1233 876 1289 totius
895 1232 1268 1286 consentiente
1283 1229 1558 1298 suffragio,
1576 1233 1969 1304 mansuriSque,

373 1333 420 1388 si
465 1331 615 1386 falstn
663 1327 926 1390 fuissent,
960 1324 1012 1378 in
1052 1323 1130 1378 rei
1182 1323 1500 1377 memoriam
1528 1324 1750 1379 aeternis
1778 1340 1970 1380 monu-

377 1423 601 1489 mentis,
627 1421 950 1491 scriptisque
995 1415 1340 1487 consignatas
1364 1415 1502 1478 sole,
1533 1424 1593 1470 ut
1612 1415 1972 1488 Hieronymus

377 1520 472 1584 ait,
497 1513 852 1575 clarioribus;
885 1527 989 1565 non
1019 1507 1329 1579 videoquid
1363 1519 1622 1578 praeterea
1661 1507 1800 1563 velle
1843 1523 1972 1578 pos-

378 1618 499 1665 sent
527 1607 595 1662 ad
626 1621 736 1661 rem
771 1603 895 1660 facti
927 1600 1408 1672 comprobandum,
1439 1600 1484 1655 si
1514 1599 1674 1654 modo
1719 1615 1784 1656 ex
1816 1615 1972 1671 aequo

371 1701 618 1774 judicare
643 1697 866 1764 vellent,
899 1709 1000 1750 nec
1049 1694 1211 1748 fidem
1243 1707 1465 1764 prorsus
1493 1707 1708 1748 omnem
1740 1693 1972 1748 homini-

377 1794 480 1848 bus
501 1791 782 1858 derogare.

2073 588 2200 650 tius.
2224 605 2332 660 quo
2375 589 2476 645 hoc
2497 589 2572 644 illi
2597 598 2726 646 ante
2750 604 2952 646 annum
2980 587 3155 645 fuerat
3179 598 3459 646 ostensum
3479 589 3668 658 (Pent.

2069 679 2126 734 in
2162 678 2279 735 Vita
2305 678 2594 754 Cypriani).
2623 677 2762 748 Quid
2788 679 2877 734 hic
2911 678 3265 736 dubitamus?
3297 680 3373 737 De
3401 683 3617 738 somnio
3644 685 3668 738 ?

2076 774 2148 829 At
2167 789 2196 829 a
2229 773 2503 846 Cypriano
2534 775 2652 847 ipso
2691 774 2879 829 habuit
2902 773 3130 830 Pontius
3151 773 3482 830 domesticus
3510 785 3676 846 atque

2085 868 2234 922 exilii
2262 882 2467 923 comes.
2501 869 2576 923 De
2603 868 2832 924 Pontio?
2861 867 2931 923 At
2966 868 3077 940 jam
3109 879 3236 925 ante
3262 869 3504 941 martyrii
3531 869 3676 926 diem

2076 959 2330 1016 omnibus
2362 962 2694 1027 innotuerat,
2723 971 2782 1017 ut
2810 975 2879 1017 ne
2921 960 3049 1032 quid
3077 961 3306 1020 Pontius
3335 965 3682 1021 comminisci

2077 1066 2261 1124 posset
2285 1055 2330 1111 si
2361 1056 2446 1110 vel
2474 1055 2706 1112 maxime
2734 1054 3013 1123 voluisset.
3038 1075 3058 1108 ι
3091 1055 3272 1120 Medio
3285 1058 3454 1124 enim,
3483 1059 3680 1130 inquit,

2084 1155 2330 1216 tempore
2357 1148 2642 1203 imminens
2669 1147 2849 1218 passio
2885 1161 2983 1217 pro
3001 1157 3152 1204 certo
3174 1148 3243 1204 ab
3263 1149 3515 1206 omnibus
3541 1151 3686 1205 scie-

2075 1236 2236 1293 batur
2265 1238 2473 1311 (Pout.,
2507 1238 2622 1306 5b.).
2655 1257 2673 1291 ι
2701 1239 2839 1307 Quid
2889 1239 3034 1310 quod
3061 1239 3152 1294 illa
3184 1239 3417 1296 ediderit
3455 1241 3686 1296 Pontius

2082 1345 2193 1400 quo
2225 1338 2472 1401 tempore
2517 1331 2625 1400 jam
2672 1345 2864 1387 reCens
2910 1341 3024 1386 erat
3069 1331 3324 1403 Cypriani
3372 1335 3683 1400 memoria;

2077 1437 2186 1492 quo
2206 1423 2361 1478 multi
2383 1424 2560 1479 adhuc
2587 1432 2938 1494 superessent
2965 1423 3220 1495 Cypriani
3252 1426 3438 1481 hostes
3453 1426 3546 1497 qui
3581 1440 3684 1480 no-

2081 1513 2213 1568 mini
2241 1515 2358 1585 ejus
2389 1523 2572 1571 essent
2620 1514 2839 1579 infensi,
2864 1516 3116 1586 gentiles,
3140 1515 3297 1586 lapsi,
3326 1517 3530 1582 remuli,
3577 1517 3685 1586 ipsi

2078 1607 2240 1662 etiam
2297 1605 2559 1662 haeretici.
2596 1605 2779 1666 Hosne
2830 1607 2993 1677 igitur
3047 1607 3413 1674 iudorntiisse,
3446 1606 3694 1680 factique.

2102 1699 2379 1766 iistoriam,
2409 1700 2456 1755 si
2497 1701 2630 1756 falsa
2670 1709 2847 1768 esset,
2872 1709 2979 1755 tam
3007 1701 3240 1755 refutatu
3271 1699 3503 1764 facilem.
3529 1718 3678 1773 prrc-

2081 1793 2451 1860 termissuros,
2487 1801 2675 1861 putant
2705 1806 2826 1847 esse
2871 1792 3206 1848 verisimile?
3239 1793 3312 1849 De
3339 1795 3537 1850 somnii
3575 1796 3678 1849 ita-

453 1883 481 1955 ς
505 1881 847 1937 20.-Αι1ρο
874 1879 1169 1934 familiares
1186 1877 1459 1951 Cypriano
1481 1887 1637 1934 erant
1662 1877 1970 1947 hujnsmodi
2003 1888 2051 1950 Β
2077 1900 2182 1954 que
2209 1885 2314 1941 fide
2334 1885 2359 1938 ?
2377 1884 2540 1956 Atqui
2567 1886 2716 1940 illam
2759 1885 3234 1942 manifestissimus
3274 1888 3530 1958 omnique
3575 1903 3678 1944 ex-

373 1977 628 2042 visiones,
665 1985 720 2027 ut
751 1974 802 2026 in
848 1971 1149 2042 disciplina:
1193 1971 1357 2026 etiam
1400 1969 1784 2025 ecclesiastica:
1815 1985 1968 2024 exer-

371 2071 500 2126 citio
532 2071 650 2123 illas
704 2067 996 2136 acceperit,
1041 2066 1283 2136 aliasque
1339 2064 1600 2134 deinceps
1633 2072 1967 2133 expectaret.

375 2169 449 2218 tta
477 2163 567 2216 ille
595 2162 662 2216 de
690 2159 964 2214 Florentio
995 2156 1252 2226 Pupiauo,
1278 2157 1394 2211 fore
1421 2174 1440 2208 ι
1473 2155 1518 2210 si
1549 2155 1866 2224 plenissime
1887 2169 1972 2208 sa-

373 2253 658 2309 tisfecisset
706 2262 760 2304 ut
786 2247 1286 2304 communicationis
1335 2247 1451 2317 ejus
1498 2255 1719 2317 possent
1771 2246 1971 2302 habere

374 2349 636 2403 rationem
666 2351 919 2400 manente
943 2353 1142 2403 tamen,
1169 2340 1340 2411 inquit
1360 2339 1485 2411 (Ep.
1519 2338 1689 2411 ιλιι),
1714 2339 1854 2410 apud
1873 2356 1970 2394 nos

372 2442 566 2496 divina:
594 2453 840 2495 censurae
882 2445 1131 2504 respectu
1162 2444 1216 2488 et
1245 2443 1410 2497 metu;
1433 2442 1489 2487 ιιι
1512 2433 1661 2503 prius
1684 2433 1967 2488 Dominum

371 2548 551 2587 meum
579 2530 856 2584 conuilam
887 2543 953 2580 an
995 2525 1088 2579 tibi
1119 2539 1304 2593 pacem
1347 2523 1462 2577 dari
1489 2565 1502 2589 ,
1533 2532 1589 2578 et
1619 2532 1670 2578 te
1715 2523 1782 2578 ad
1810 2539 1962 2578 com-

372 2625 794 2679 municationem
844 2619 1100 2674 Ecclesia!
1137 2632 1247 2670 sua:
1275 2615 1486 2670 admitti
1536 2631 1631 2670 sua
1659 2617 1970 2673 ostensione

371 2728 426 2772 ct
479 2715 847 2771 admonitione
899 2711 1190 2782 p"l‘tltillai.
1242 2708 1455 2762 Memini
1513 2708 1814 2779 enimquid
1857 2709 1969 2779 jaut

375 2809 505 2864 mihi
535 2810 604 2862 sit
635 2819 936 2870 ostensum,
964 2805 1127 2857 immo
1151 2801 1274 2873 quid
1305 2816 1463 2855 servo
1481 2801 1797 2871 obsequenti
1817 2813 1872 2856 et
1900 2802 1968 2856 ti-

379 2899 542 2953 menti
576 2899 644 2952 de
675 2896 851 2948 divina
881 2903 933 2947 et
964 2891 1232 2946 dominica
1260 2892 1579 2945 auctoritate
1605 2901 1927 2960 pt'mceptum
1953 2909 1966 2954 ;

379 2997 468 3066 qui
505 2995 644 3047 inter
673 3003 867 3044 castora
909 3005 1029 3058 qua:
1060 2987 1348 3041 ostendere
1377 2996 1431 3039 ct
1462 2985 1699 3040 revelare
1722 2985 1971 3054 dignatus

369 3095 529 3140 estet
557 3085 670 3138 lta-c
690 3082 895 3136 addidit
919 3080 1106 3148 (verba
1130 3088 1286 3132 erant
1313 3077 1664 3148 proculdubio
1685 3077 1887 3132 Christi
1918 3079 1969 3133 in

373 3178 581 3232 visione
616 3193 737 3246 (ιιιιυ
768 3171 1061 3244 subjungit)
1095 3172 1272 3240 itaque
1305 3189 1392 3239 qui
1426 3171 1640 3226 Christo
1667 3188 1772 3226 non
1799 3173 1968 3227 credit

2079 1979 2327 2047 ceptione
2385 1977 2559 2047 major
2596 1977 2971 2048 comprobavit
3033 1989 3282 2033 eventus.
3335 1977 3677 2050 Quamquam

2081 2083 2209 2139 ergo
2228 2067 2532 2123 defuissent
2579 2067 2672 2122 illa
2695 2110 2709 2132 ,
2742 2083 2863 2138 qua
2903 2068 3135 2124 vidimus
3160 2069 3228 2124 de
3263 2069 3532 2124 visionum
3576 2086 3681 2126 usu

2089 2162 2178 2216 ilia
2215 2171 2320 2216 tam
2371 2163 2576 2218 diserta
2623 2162 2954 2225 testimonia,
2986 2163 3118 2232 ipsa:
3170 2173 3348 2218 tamen
3397 2164 3498 2219 sibi
3524 2179 3685 2219 com-

2081 2252 2377 2320 probandis
2403 2253 2487 2308 vel
2518 2253 2646 2306 sola:
2689 2252 3033 2309 suffecissent
3061 2255 3384 2326 cyprianicte
3405 2297 3420 2322 ,
3475 2257 3687 2327 totique

2082 2344 2220 2399 adeo
2249 2344 2427 2398 cultus
2454 2344 2731 2399 christiani
2756 2359 2934 2400 causa:
2964 2347 3428 2402 commendandae.

2149 2435 2176 2507 §
2205 2435 2295 2490 22.
2325 2467 2396 2477 -
2423 2435 2638 2492 Ultimis
2680 2435 2933 2510 Cypriani
2965 2439 3330 2508 temporibus,
3367 2441 3686 2511 pontificatu

2080 2532 2334 2585 nimirum
2390 2531 2544 2602 Xysti
2567 2572 2581 2594 ,
2608 2532 2698 2586 ille
2727 2535 2883 2602 cujus
2913 2547 3072 2604 supra
3106 2536 3451 2591 meminimus
3480 2537 3686 2609 Diony-

2081 2625 2194 2680 sius
2242 2625 2660 2690 Alexaudrinus,
2695 2628 2919 2682 visionis
2950 2630 3194 2683 meminit
3221 2645 3324 2700 qua
3371 2629 3568 2686 factum
3597 2633 3684 2688 di-

2077 2717 2152 2770 cit
2179 2726 2236 2770 ut
2263 2717 2315 2770 in
2358 2716 2743 2771 haereticorum
2773 2719 3032 2773 librorum
3061 2719 3292 2774 lectione
3323 2721 3684 2779 confirmare-

2080 2816 2187 2861 tur.
2221 2807 2294 2861 Ita
2325 2809 2468 2862 enim
2497 2809 2684 2862 scribit
2711 2809 2762 2863 in
2793 2810 3020 2879 epistola
3053 2811 3119 2864 ad
3153 2811 3528 2868 Philemonem
3579 2816 3686 2872 Ec-

2078 2893 2255 2946 clesi:c
2285 2909 2520 2948 romana:
2554 2895 2925 2966 presbyterum
2961 2912 2973 2948 :
3004 2895 3176 2973 ὅραμα
3202 2900 3519 2972 θεόπεμπτον
3549 2923 3684 2978 προ-

2076 2988 2245 3041 σελθὸν
2269 2988 2528 3062 ἐπέρῤωσέ
2556 3009 2641 3059 με,
2673 2991 2755 3042 καὶ
2798 2988 2942 3061 λὸγῡς
2981 2990 3109 3067 πρὸς
3145 3011 3207 3063 με
3232 2993 3515 3065 γενόμενος,
3547 3017 3682 3072 προ-

2075 3086 2253 3149 σέταξε
2283 3084 2557 3159 διαρρήδην
2586 3085 2755 3157 λέγων’
2791 3092 2949 3140 πᾶσιν
2991 3089 3278 3159 εἶν-τύγχανε
3304 3083 3376 3149 οἷς
3404 3084 3463 3143 ἂν
3489 3098 3684 3165 χεζοας

2075 3179 2268 3244 λάϐοις,
2298 3179 2564 3234 διευθύνειν
2603 3187 2704 3251 γὰρ
2736 3177 2930 3234 ἕκαστα
2965 3183 3050 3234 καὶ
3095 3179 3379 3252 δοκιμάζειν
3405 3183 3574 3243 ἱκανὸς
3613 3180 3682 3246 εἷ,

375 3270 709 3326 sacerdotem
745 3269 981 3327 facienti,
1014 3277 1194 3334 postea
1245 3265 1469 3319 credere
1512 3265 1697 3335 incipit
1722 3269 1967 3322 sacerdo-

2079 3275 2158 3323 καὶ
2187 3291 2268 3324 σοι
2293 3274 2463 3343 γέγθνε
2516 3277 2667 3326 τοῦτο
2707 3273 2758 3331 ἐς
2809 3275 2982 3342 ἀρχῆς
3034 3273 3119 3325 καὶ
3145 3280 3234 3331 τῆς
3263 3276 3488 3335 πίστεως
3516 3271 3683 3329 αἴτιον

373 3373 478 3415 ιυιιι
522 3361 830 3414 vindicanti.
875 3380 892 3410 ι
933 3359 1003 3412 ita
1054 3367 1207 3411 erant
1247 3357 1558 3428 frequentes
1584 3374 1644 3410 ea
1693 3368 1851 3413 mtate
1891 3361 1973 3414 di-

373 3455 512 3508 vinae
552 3452 929 3506 revelationes.
966 3459 1018 3503 ut
1047 3465 1112 3503 ne
1145 3449 1212 3503 de
1239 3449 1592 3518 resipi~centc
1622 3450 1837 3519 quidem
1871 3451 1975 3506 Pu-

380 3547 538 3614 piano
570 3543 808 3614 νυιιὶρυιί
837 3544 1062 3596 auderet
1090 3542 1216 3611 quid
1241 3551 1383 3594 ιιδειιι
1412 3551 1730 3608 statuturos,
1751 3544 1971 3598 uealiud

384 3642 611 3692 fortasse
641 3652 671 3688 τι
705 3635 812 3688 Deo
853 3635 1152 3704 jubcrctnr,
1189 3619 1242 3687 ut
1273 3633 1436 3686 Deum
1482 3635 1705 3702 proinde
1743 3638 1970 3705 primum

380 3731 627 3784 iunucret
659 3746 778 3781 tum:
807 3729 1221 3792 consulendum,
1255 3737 1313 3778 ιιι,
1341 3727 1554 3782 tandem
1587 3728 1678 3782 Dei
1711 3729 1763 3782 in
1792 3731 1972 3784 rebel-

373 3822 480 3877 icui
507 3837 722 3890 poenam
756 3830 1088 3888 expectaret,
1125 3819 1288 3872 talem
1320 3819 1472 3887 plane
1503 3826 1714 3890 (partem
1749 3835 1967 3893 aposto-

371 3916 599 3967 licarum
629 3925 982 3965 censui-arum
1021 3909 1274 3964 comitem
1321 3907 1484 3964 fuisse
1531 3912 1668 3982 apud
1696 3913 1886 3969 doctos
1918 3917 1971 3971 in

372 4004 630 4058 confesso
680 4011 780 4057 est.
819 4001 1017 4056 lterum
1075 3999 1143 4054 de
1176 4001 1506 4072 (rcsbytcris
1535 4004 1648 4072 qui,
1679 4023 1737 4059 se
1785 4007 1970 4061 incon-

375 4100 540 4161 sulto,
575 4095 735 4166 laps-is
790 4095 1328 4150 COtlllllllniCﬂVCl‘ﬂlll
1359 4138 1374 4161 ,
1440 4115 1458 4145 ι
1495 4106 1634 4163 utar,
1666 4097 1874 4170 inquit,
1907 4116 1970 4156 ea

372 4189 739 4243 admonitione
769 4228 784 4253 ,
823 4202 926 4256 qua
959 4201 1044 4240 me
1097 4187 1357 4240 Dominus
1406 4187 1599 4256 jubet,
1652 4199 1709 4243 ut
1755 4192 1967 4248 interim

378 4284 766 4356 prohibeantur
793 4282 1136 4347 oll’crrc,ctc.
1163 4278 1290 4350 (Ep.
1325 4279 1402 4351 ς).
1450 4297 1470 4332 ι

447 4377 475 4448 ς
503 4377 596 4429 “ll.
619 4404 688 4414 —
711 4372 783 4426 lta
815 4383 1026 4427 constat
1053 4371 1315 4442 gravimis
1338 4371 1596 4426 momenti
1619 4373 1818 4440 omnia,
1850 4391 1969 4446 qua-

372 4473 590 4544 quidem
639 4469 908 4540 publicum
958 4466 1214 4522 Ecclesia:
1263 4476 1462 4522 statum
1493 4468 1812 4538 attinerent,
1845 4485 1969 4526 esse

375 4561 679 4619 istiusmodi
737 4559 1029 4614 visionibus
1081 4557 1358 4628 praedicta.
1428 4560 1748 4629 Designatus
1806 4572 1890 4616 est
1939 4577 1968 4616 a

2082 3361 2203 3430 (Ap.
2231 3359 2448 3425 Eusrb.,
2485 3361 2619 3417 llist.
2654 3363 2858 3428 cretea,
2891 3377 2986 3426 vn,
3019 3363 3096 3432 7).
3143 3367 3223 3416 Ab
3252 3365 3442 3418 horum
3479 3367 3684 3438 Diony-

2077 3457 2141 3510 sii
2175 3465 2477 3526 temporum
2512 3455 2617 3510 tiue
2664 3471 2882 3511 suorum
2917 3466 3216 3526 temporum
3249 3458 3458 3512 inititnn
3484 3473 3679 3514 arces-

2078 3557 2147 3607 sit
2186 3555 2450 3609 Euschius
2478 3553 2642 3626 (Hist.
2673 3554 2879 3618 cretes,
2912 3569 3002 3616 vn,
3034 3551 3148 3624 59.).
3181 3552 3281 3618 Qui
3319 3546 3441 3608 enni
3491 3555 3594 3610 hoc
3624 3557 3678 3611 in

2077 3663 2172 3702 sua
2204 3649 2425 3702 liistm-ia
2454 3656 2637 3701 notatu
2681 3646 2897 3717 dignum
2931 3647 3166 3710 duxerit,
3197 3664 3475 3719 quousque
3504 3648 3681 3705 dono-

2079 3757 2194 3794 rum
2246 3741 2688 3812 prophcticorum
2747 3740 3021 3794 successio
3055 3740 3427 3809 permanavit;
3463 3741 3512 3794 id
3543 3756 3678 3798 sane

2077 3834 2250 3888 innuit
2289 3851 2388 3889 suo
2415 3835 2525 3904 jam
2572 3845 2815 3904 tempore
2839 3834 2982 3888 illam
3013 3833 3295 3890 defecisse.
3331 3837 3503 3905 Atque
3533 3836 3676 3893 adeo

2076 3937 2197 3998 post
2221 3927 2564 3984 Constantini
2600 3937 2840 3998 tempora
2871 3929 3104 3998 primum
3133 3945 3162 3982 a
3185 3929 3495 3984 doctoribus
3514 3947 3673 4002 qna:-

2075 4023 2178 4077 sita
2206 4032 2287 4077 est
2318 4021 2458 4076 illius
2485 4020 2727 4077 defectus
2753 4022 2890 4076 ratio
2915 4037 3236 4092 quamquam
3262 4039 3331 4079 ne
3359 4024 3426 4077 ita
3450 4027 3673 4094 quidem

2075 4115 2444 4169 omniumdam
2477 4130 2665 4169 eorum
2689 4113 3048 4169 defectionem
3078 4119 3410 4183 agnoverint.
3439 4118 3503 4170 At
3528 4115 3674 4172 Con-

2074 4209 2312 4263 stantino
2363 4207 2720 4276 antiquiorem
2779 4207 3051 4263 nemiuem
3112 4206 3277 4262 fuisse
3308 4216 3434 4275 puto
3463 4209 3554 4278 qui
3583 4209 3673 4265 illa

2073 4301 2339 4356 defecisse
2360 4299 2686 4362 crediderit;
2715 4297 2911 4353 nedum
2937 4307 2994 4352 ut
3019 4299 3085 4353 de
3114 4298 3433 4355 defectionis
3460 4302 3678 4358 ratione

2075 4393 2421 4447 laborandum
2452 4407 2576 4446 esse
2604 4402 2873 4447 censeret.

2149 4485 2176 4554 §
2204 4485 2294 4540 23.
2323 4514 2396 4526 α·-
2421 4483 2518 4538 Est
2547 4493 2601 4538 et
2625 4483 2752 4537 illud
2785 4482 3344 4547 animadvertendum,
3370 4483 3514 4554 quod
3541 4499 3678 4542 sane

2074 4577 2140 4631 ad
2161 4578 2420 4632 visionem
2452 4578 2595 4632 illius
2623 4576 2804 4631 sa‘culi
2831 4575 3356 4631 commendationem
3381 4576 3677 4646 plurimum

373 4659 645 4730 Cyprium
675 4655 844 4709 lccu’"
869 4651 1154 4707 Cc'erilms
1185 4651 1466 4707 00"f‘3550"
1495 4651 1622 4722 (Ερσ
1665 4653 1878 4725 “XM-
1914 4654 1964 4709 Ῐδ
1989 4665 2043 4725 D
2073 4669 2230 4731 facit,
2280 4684 2604 4740 quamquam
2672 4677 2830 4722 noctu
2905 4677 3089 4722 essent
3135 4667 3656 4738 dormientibusque,

374 4761 562 4806 Contra
595 4765 692 4819 pro
724 4745 1028 4800 humilitate
1069 4759 1164 4797 sua
1187 4759 1308 4797 cum
1354 4746 1662 4800 consentire
1693 4746 1966 4802 dubitaret

374 4844 652 4907 licclesite,
688 4841 778 4894 Dci
810 4840 975 4909 ipsius
1005 4837 1281 4891 admonitu
1308 4849 1361 4891 et
1393 4836 1611 4893 hortatu
1668 4839 1716 4891 in
1760 4840 1968 4895 visione

374 4954 471 5008 per
503 4945 714 4990 noctem
765 4933 1077 5002 compulsus
1115 4941 1197 4985 est
1245 4944 1312 4984 ne
1352 4939 1591 5001 negaret.
1634 4929 1746 4986 Nec
1781 4931 1969 4988 det-rat

371 5045 478 5099 quo
503 5028 571 5082 de
617 5026 871 5096 martyrio
899 5039 998 5078 suo
1041 5022 1276 5077 monitus
1330 5033 1412 5076 est
1458 5027 1539 5078 vir
1569 5026 1963 5093 sanctissimus,

372 5123 642 5175 somnium
699 5117 914 5187 quidem
963 5114 1114 5179 illud,
1164 5114 1257 5169 sed
1315 5115 1716 5185 propheticum,
1751 5127 1806 5172 et
1837 5135 1968 5174 sane

377 5211 894 5267 manifestissimum.
949 5208 1066 5272 Quo
1113 5206 1345 5276 primum
1377 5205 1465 5260 die
1517 5206 1569 5260 in
1622 5209 1767 5263 exilii
1797 5208 1963 5264 Cnrtt-

376 5305 541 5359 bitani
570 5307 687 5356 loco
722 5300 936 5365 mansit,
968 5314 1113 5352 mors
1141 5299 1260 5368 ejus
1285 5310 1338 5353 et
1364 5297 1581 5369 quidem
1613 5300 1788 5370 ipsutn
1821 5318 1966 5357 mar-

378 5397 500 5465 tyrii
534 5408 705 5465 genus
737 5393 1048 5460 prOphetico
1077 5389 1325 5461 symbolo
1381 5401 1762 5459 repraesentata
1817 5403 1962 5448 sunt.

374 5487 468 5541 llic
515 5483 828 5538 dilationem
877 5482 1033 5534 unius
1077 5481 1182 5536 diei
1219 5481 1368 5551 petiit
1423 5484 1758 5552 accepitque,
1791 5485 1964 5539 donec

374 5595 461 5633 res
502 5593 627 5630 suas
669 5574 904 5644 legitima
951 5571 1289 5628 ordimuionc
1338 5573 1672 5644 dispoiieret,
1706 5577 1963 5633 Ecclesnn

376 5668 620 5724 fortassis
650 5666 785 5719 illas.
821 5665 944 5718 Dies
996 5664 1086 5716 ille
1133 5679 1228 5734 pro
1260 5665 1512 5720 idiomate
1547 5667 1777 5721 Danielis
1803 5679 1963 5739 atque

371 5761 775 5833 ApocalypScos
829 5755 1145 5828 prophetico
1214 5771 1410 5811 annum
1446 5758 1800 5829 ‘d.signabat.
1856 5761 1962 5817 lic-

375 5855 697 5920 sponditmte
724 5862 948 5907 eventus
978 5848 1407 5905 accuratissime.
1458 5851 1537 5906 Eo
1567 5853 1709 5906 enim
1730 5852 1847 5921 ipso
1874 5855 1960 5911 die,

2078 4771 2135 4816 ut
2190 4761 2473 4830 plurimum
2507 4753 2725 4826 oblat-.c:
2755 4777 2860 4815 non
2917 4769 3096 4815 tamen
3141 4759 3281 4815 intra
3336 4761 3672 4830 privatorum

2075 4852 2337 4908 duntaxat
2386 4851 2661 4907 hominum
2707 4868 2901 4908 arcana
2929 4868 3049 4908 csse
3073 4862 3395 4919 rcservatas,
3424 4852 3517 4908 sed
3542 4870 3674 4910 vero

2076 4950 2250 5020 palam
2298 4957 2353 5004 et
2392 4948 2444 5002 in
2489 4949 2623 5002 facie
2656 4949 2930 5013 Ecclesia),
2959 4949 3127 5019 prima
3157 4963 3364 5018 quaque
3386 4947 3675 5005 occasione

2075 5042 2398 5096 enuntiatas.
2435 5037 2492 5094 Id
2534 5041 2601 5093 ab
2634 5041 2760 5111 ipsis
2794 5057 2960 5112 usque
3015 5042 3381 5113 apostolorum
3411 5043 3672 5110 tempori—

2073 5133 2172 5188 bus
2194 5133 2537 5187 observatum
2567 5146 2687 5188 esse
2711 5142 2939 5187 constat.
2971 5132 3274 5203 Prophctia:
3304 5132 3412 5185 illac
3433 5148 3663 5200 quarum

2075 5225 2318 5279 meminit
2368 5225 2595 5296 epistola
2646 5225 2712 5279 ad
2767 5224 3119 5291 Corinthios,
3170 5225 3662 5280 ccclesiastieoiutn

2073 5327 2227 5374 erant
2254 5316 2474 5371 omnino
2512 5325 2772 5372 ccetumn.
2805 5315 2936 5371 lude
2965 5327 3107 5370 tanta
3159 5325 3393 5370 coetuum
3444 5316 3664 5372 illorum

2074 5409 2344 5475 confusio,
2378 5411 2514 5480 quod
2560 5411 2721 5464 simul
2764 5411 2942 5479 plures
2984 5410 3353 5480 loquerentur,
3378 5423 3478 5463 nec
3501 5422 3668 5478 expe-

2070 5514 2280 5560 ctarent
2330 5504 2688 5573 prophetandi
2720 5503 2901 5567 vices;
2954 5502 3096 5570 quod
3147 5502 3287 5557 dona
3317 5502 3406 5554 illa
3445 5515 3667 5556 exerce-

2066 5610 2186 5653 rent
2232 5599 2428 5669 quibus
2476 5595 2721 5652 Ecclesia
2775 5597 3028 5651 :cdilicari
3072 5611 3179 5651 non
3231 5606 3433 5666 posset,
3489 5597 3663 5666 utqui

2066 5689 2210 5744 dono
2240 5689 2543 5760 linguarum
2575 5698 2854 5743 uterentur
2883 5691 3000 5744 sine
3047 5688 3190 5743 dono
3224 5688 3609 5757 interpretandi
3643 5707 3658 5758 ;

2065 5783 2208 5854 quod
2236 5783 2492 5837 mulieres
2536 5779 2723 5848 etiam,
2751 5780 3105 5850 pmphetissa:
3130 5779 3400 5845 nimirum,
3431 5779 3481 5833 in
3510 5780 3662 5833 creti-

2068 5875 2170 5929 hns
2211 5873 2449 5930 virorum
2495 5881 2692 5943 pr:cter
2729 5888 2891 5930 sexus
2937 5872 3215 5930 tlccornm.
3265 5872 3512 5942 quinique
3544 5873 3659 5920 sine
