3888 6344
175 399 230 456 !l
1307 397 1397 457 DE
1435 392 1828 456 VISIONIBUS
1861 393 2338 460 PROPHETICIS.
3407 405 3479 460 Si;

181 516 499 589 velis,paais
524 517 772 575 fortasse
800 519 1042 590 capillis,
1070 517 1148 575 ad
1167 516 1383 575 modum
1410 516 1763 590 Sibyllarum,
1793 516 1842 578 Α
1869 515 2000 572 dum
2027 518 2391 590 suspicionem
2408 518 2620 584 attinet.
2639 518 2969 576 alienissima
2982 528 3102 578 erat
3124 528 3257 578 tetas
3281 533 3481 593 puero-

185 614 569 688 prophetarcnt.
595 612 715 669 Nec
743 613 912 669 aliter
933 612 1149 684 Agahus
1201 613 1396 667 famem
1423 611 1572 666 illam
1620 623 1771 665 mcu-

187 707 423 765 meuicam
452 705 735 776 predixit,
768 722 893 778 quae
922 707 1222 779 imperante
1248 704 1475 762 Claudio
1500 701 1763 773 contigit;

193 822 278 878 qua
303 817 474 861 tamen
505 803 873 875 praedictione
911 803 1099 858 moniti
1135 802 1316 857 statim
1349 809 1637 870 antequam
1691 795 1769 850 fa-

200 913 298 954 mes
321 898 427 968 ipsa
473 896 784 961 evenisset,
834 895 1094 952 subsidiis
1117 893 1444 965 pecuniariis
1482 888 1769 946 subvenie-

202 989 326 1053 bant,
354 987 416 1042 ad
443 986 692 1043 eamdem
724 987 889 1057 plane
915 985 1148 1042 formam
1166 1001 1273 1057 qua
1292 984 1623 1058 Cyprianum
1651 981 1767 1051 jam

203 1081 406 1136 vidimus
446 1080 813 1151 persecutioui
863 1080 1114 1135 similiter
1158 1078 1430 1149 praedicta:
1472 1076 1769 1132 etiamnum

203 1174 367 1228 futura
385 1180 732 1229 occurentem
765 1172 907 1242 (Act.
937 1188 1016 1237 xt,
1041 1172 1130 1237 ΞΒ,
1152 1169 1246 1235 29,
1281 1169 1396 1242 '50).
1421 1169 1587 1224 Erant
1622 1168 1766 1224 enim

204 1268 404 1340 publicae
440 1278 495 1322 ut
538 1267 834 1337 plurimum
880 1265 1212 1321 calamitates
1259 1265 1664 1335 prOphetiarum
1693 1263 1766 1317 is-

206 1361 428 1416 tiusmodi
469 1369 871 1431 argumentum,
934 1359 1021 1414 vel
1050 1373 1404 1430 personarum
1445 1357 1635 1413 saltem
1667 1371 1769 1426 pu-

204 1453 454 1508 blicarum.
477 1451 583 1506 ista
612 1453 670 1508 S.
706 1451 859 1507 Pauli
883 1451 1092 1507 vincula
1120 1448 1626 1520 praedixitAgabus,
1644 1447 1768 1503 Act.

203 1563 303 1610 ιιι,
340 1546 419 1610 f0,
467 1547 552 1601 11.
574 1545 954 1601 Prmdixerunt
979 1555 1034 1600 et
1054 1544 1142 1599 alii
1168 1542 1442 1613 discipuli,
1473 1558 1526 1596 v.
1546 1543 1601 1605 4;
1628 1555 1768 1610 prae-

206 1639 321 1694 dixit
363 1647 554 1718 πνεῦμα
615 1641 754 1696 κατὰ
803 1640 969 1702 πόλιν,
1028 1652 1145 1708 cap.
1189 1653 1259 1691 xx
1289 1677 1304 1699 ,
1337 1634 1431 1701 25,
1485 1634 1538 1690 id
1583 1644 1688 1698 est,
1714 1641 1773 1689 ut

206 1745 292 1799 ego
337 1731 577 1797 arbitror,
619 1734 962 1806 πνευματικοὶ
1009 1728 1343 1799 singularum
1392 1725 1770 1792 ecclesiarum,

207 1836 314 1889 qua:
334 1837 392 1877 ea
427 1822 585 1876 etiam
631 1831 791 1876 amite
839 1819 1131 1877 secundum
1176 1819 1421 1874 civitates
1469 1816 1770 1872 distributae

1870 626 2011 676 rum,
2041 627 2177 683 quos
2203 613 2456 686 Cypriani
2481 614 2682 670 saeculo
2704 616 3057 686 prophetasse
3075 617 3188 686 jam
3218 614 3476 671 vidimus.

1943 704 1974 777 ᾗ
2005 706 2173 762 25.-
2196 707 2406 764 Fraude
2437 708 2617 778 itaque
2641 707 2986 774 remota,alia
3010 717 3191 766 tamen
3219 716 3479 780 suppete—

1871 797 2002 853 bant
2041 811 2359 870 argumenta
2417 801 2613 870 quibus
2656 816 2684 854 a
2739 801 2849 856 Deo
2874 811 3096 859 auctore
3153 801 3478 874 profluxisse

1872 889 2194 958 probaretur
2219 907 2282 947 ea
2312 891 2617 963 prephetia,
2649 894 2731 948 vel
2755 894 2900 948 enim
2948 894 3056 949 alio
3111 894 3259 950 edito
3307 895 3478 950 mira-

1872 981 1996 1038 culo
2023 998 2082 1038 se
2111 997 2139 1035 a
2169 983 2283 1039 Deo
2313 987 2537 1039 missum
2587 986 2851 1055 propheta
2886 985 3281 1052 confirmabat,
3334 985 3478 1057 quod

1871 1077 2084 1146 signum
2116 1076 2399 1148 prophetae
2431 1077 2634 1132 veteris
2677 1080 2987 1133 testamenti
3038 1079 3334 1150 scriptores
3384 1093 3486 1150 ap-

1874 1152 2230 1237 pellantfvel
2262 1169 2574 1222 intrinsecis
2605 1168 2903 1238 prophetia:
2945 1171 3279 1241 argumentis
3306 1184 3336 1224 a
3368 1169 3483 1225 Deo

1875 1261 2020 1317 illam
2046 1275 2333 1317 emanasse
2363 1261 2648 1331 probabat.
2695 1262 2751 1318 Si
2783 1263 3046 1317 miraculo
3091 1279 3151 1318 se
3196 1277 3484 1319 commen-

1875 1352 2006 1408 dare
2035 1354 2230 1420 vellet,
2256 1354 2401 1408 aliud
2433 1355 2636 1409 donum
2670 1353 2895 1411 haberet
2919 1370 3144 1412 necesse
3175 1356 3280 1411 erit
3299 1395 3314 1423 ,
3339 1360 3484 1425 quod

1874 1456 2054 1503 tamen
2078 1462 2184 1501 non
2213 1458 2317 1513 est,
2344 1462 2410 1503 ex
2437 1447 2710 1518 Evangelii
2734 1448 3064 1516 mconomia,
3086 1449 3483 1504 necessarium.

1874 1538 2294 1594 lntrinsecorum
2323 1550 2503 1593 autem
2529 1549 2972 1610 argumentorum
2995 1584 3009 1607 ,
3065 1556 3185 1611 qua:
3228 1557 3295 1596 eo
3347 1555 3487 1612 prte-

1875 1631 2034 1702 cipue
2062 1632 2379 1702 spectbant
2407 1640 2466 1686 ut
2509 1632 2898 1688 revelatiouem
2954 1635 3099 1688 illam
3154 1633 3483 1705 probarent,

1874 1733 2082 1779 naturae
2110 1727 2256 1780 vires
2285 1740 2579 1795 superam,
2621 1735 2938 1797 naturaeque
2992 1726 3220 1796 proinde
3276 1728 3485 1783 auctori

1876 1819 1979 1873 soli
2003 1818 2364 1886 tribuendam,
2388 1819 2494 1874 duo
2517 1829 2673 1875 erant
2699 1835 2917 1891 genera.
2942 1819 3040 1875 Vel
3061 1821 3204 1876 enim
3243 1822 3483 1878 occultas

206 1924 330 1969 sunt.
381 1914 447 1969 Ita
491 1914 725 1985 denique
793 1925 1190 1983 postremorum
1259 1919 1560 1982 temporum
1630 1925 1771 1980 pm-
1805 1909 2157 1970 Bhominum
2185 1913 2538 1982 cogitationes
2561 1912 2943 1983 proferebant,
2994 1915 3084 1969 vel
3116 1914 3294 1969 futura
3349 1928 3486 1970 con-

207 2005 316 2062 dicti
341 2015 453 2061 sunt
493 2021 708 2062 errores
759 2006 804 2078 (l
835 2005 996 2070 Tim.,
1028 2003 1101 2076 iv)
1135 2023 1148 2059 :
1176 2010 1381 2077 πνεῦμα
1432 2003 1592 2056 etiam
1626 2002 1680 2055 in
1706 2015 1774 2056 eo

210 2099 314 2153 loco
335 2098 395 2153 de
429 2107 794 2154 conventuum
837 2096 1117 2167 prophetis
1169 2095 1434 2165 intelligo,
1485 2107 1621 2164 quos
1649 2108 1772 2149 cum

209 2191 322 2245 dicit
359 2191 464 2246 bare
491 2192 659 2267 ῥητῶς
691 2189 1028 2259 prmdixisse,
1063 2189 1115 2244 id
1156 2204 1351 2257 nempe
1382 2188 1576 2254 innuit,
1604 2186 1775 2241 diser-

215 2283 273 2335 tis
297 2281 400 2336 hzec
427 2281 601 2337 verbis
648 2296 771 2336 esse
816 2282 1093 2352 praedicta,
1127 2289 1326 2351 praeter
1363 2279 1619 2333 usitatum
1651 2295 1778 2349 pro-

211 2371 480 2440 phetiamm
510 2389 718 2428 morem
750 2389 873 2443 quae
917 2371 1179 2442 symbolis
1217 2380 1273 2426 ttt
1303 2371 1590 2440 plurimum
1615 2371 1774 2426 intel-

210 2468 332 2522 lectu
345 2466 667 2523 difﬁcillimis
687 2479 845 2525 erant
878 2469 1153 2524 involutm.
1178 2468 1235 2524 ld
1255 2469 1447 2523 saltem
1479 2466 1776 2522 verisimil-

213 2559 372 2614 limum
391 2563 818 2631 estprivatorum
845 2562 1022 2616 nullas
1046 2571 1292 2632 receptas
1321 2576 1443 2617 esse
1466 2559 1777 2631 prophetias

216 2654 351 2722 quise
367 2654 568 2723 publico
584 2657 825 2710 examini
843 2670 950 2710 non
971 2657 1312 2726 probassent.
1333 2656 1411 2710 ita
1435 2665 1584 2712 certe
1612 2658 1664 2711 in
1682 2672 1779 2725 pu-

214 2746 334 2800 blico
359 2762 542 2802 munus
562 2763 722 2803 suum
753 2751 1066 2805 exercuisse
1093 2749 1329 2805 vidimus
1357 2749 1636 2820 lgnatium.
1668 2748 1778 2802 Pu-

213 2835 383 2893 blicum
427 2841 475 2894 in
528 2857 682 2895 usum
731 2841 1045 2911 prophetias
1073 2858 1199 2897 suas
1221 2843 1461 2898 scribere
1490 2842 1625 2911 jussi
1655 2851 1780 2896 sunt

211 2930 420 2998 ejusdem
434 2935 611 2988 stimuli
629 2933 928 3004 pr0phetzn.
958 2935 1017 2991 S.
1047 2935 1303 3002 Joannes,
1322 2934 1776 3004 pseudo-Esdras,

211 3022 288 3090 qui
322 3023 422 3076 veri
460 3023 737 3094 propheta:
781 3039 1064 3093 personam
1094 3027 1321 3087 induere
1342 3026 1531 3089 voluit,
1564 3035 1617 3080 et
1645 3024 1779 3079 Hero

209 3117 570 3188 mas.Cypriani
588 3118 750 3172 etiam
777 3128 1021 3189 tempore
1039 3120 1210 3189 palam
1227 3130 1278 3175 et
1295 3121 1348 3174 in
1365 3119 1500 3174 facie
1518 3117 1775 3173 Ecclesiae

211 3209 654 3264 communicabaut
682 3224 810 3264 suas
837 3211 1094 3266 visiones.
1129 3211 1403 3265 Visionem
1434 3210 1581 3264 illam
1613 3208 1780 3277 ipsius

1878 2005 2156 2075 tingentia.
2223 2005 2427 2060 Horum
2477 2016 2808 2076 utrumque,
2869 2020 2937 2061 ex
2988 2005 3131 2060 illius
3186 2006 3488 2076 praesertim

1880 2096 2061 2152 saeculi
2092 2097 2394 2170 principiis,
2417 2096 2518 2152 soli
2552 2097 2662 2152 Deo
2689 2097 2989 2168 proprium,
3012 2112 3308 2168 omnesque
3335 2111 3491 2153 crea-

1881 2199 2120 2244 turarum
2152 2189 2298 2244 vires
2349 2189 2658 2259 superabat.
2717 2187 2876 2243 Prius
2930 2189 3216 2259 equidem;
3263 2189 3390 2260 quia
3441 2188 3490 2244 is

1879 2281 2029 2336 solus
2059 2280 2498 2356 καρδιογνώστης,
2531 2297 2711 2336 rerum
2739 2289 2900 2351 atque
2926 2281 3169 2336 cordium
3197 2288 3489 2349 scrutator,

1880 2375 1966 2428 cui
1994 2377 2174 2429 omnia
2206 2384 2332 2430 sunt
2358 2375 2498 2429 nuda
2541 2385 2706 2445 atque
2731 2376 3207 2450 τετραχηλισμένα.
3258 2372 3493 2429 Proinde

1882 2482 2076 2524 arcana
2112 2468 2207 2523 Dei
2234 2483 2396 2524 nemo
2451 2469 2781 2538 investigare
2833 2478 3046 2539 pcterat
3100 2469 3202 2522 nisi
3259 2466 3492 2537 Spiritus

1884 2562 1983 2617 Dei
2026 2560 2069 2633 (ι
2122 2560 2268 2629 Con,
2311 2577 2380 2628 It,
2433 2560 2545 2632 ll).
2615 2561 2878 2630 Spiritum
2929 2561 3090 2614 etiam
3135 2559 3492 2614 discretorem

1883 2654 2274 2725 cogitationum
2302 2664 2356 2709 et
2385 2655 2748 2709 intentionum
2782 2652 2963 2707 cordis
2992 2651 3228 2721 appellat
3258 2653 3492 2720 Aposto-

1883 2747 1968 2802 lus
2001 2745 2186 2816 (Heb.,
2219 2763 2293 2813 ιν,
2321 2747 2436 2814 12).
2479 2747 2579 2815 Qui
2603 2762 2732 2818 ergo
2756 2747 2959 2801 alienas
2983 2745 3338 2816 cogitationes
3362 2759 3493 2816 ape-

1885 2853 2100 2910 ruerat,
2159 2842 2206 2896 is
2236 2842 2322 2897 ubi
2355 2841 2559 2896 fraudis
2608 2841 2786 2896 omnis
2809 2841 3048 2909 suspicio
3075 2849 3284 2895 remota
3340 2847 3491 2905 erat,

1886 2946 1993 2987 non
2024 2932 2133 2986 alio
2160 2947 2319 3001 quam
2348 2932 2534 2987 divino
2560 2932 2763 3002 Spiritu
2796 2929 3008 2985 amatus
3035 2931 3377 2986 credebatur.

1957 3023 1986 3094 θ
2017 3023 2106 3078 26.
2123 3053 2194 3064 —
2221 3024 2412 3078 Fuisse
2437 3035 2618 3079 autem
2647 3026 2787 3079 inter
2811 3026 3189 3096 πνενματικῶς
3229 3022 3490 3078 Ecclesia;

1884 3117 1974 3186 qui
1996 3131 2064 3171 eo
2087 3117 2247 3170 etiam
2277 3126 2458 3170 essent
2489 3118 2632 3170 dono
2665 3116 2907 3187 pnediti,
2955 3124 3169 3171 constat
3215 3131 3281 3170 ex
3340 3115 3494 3185 Apo-

1890 3207 2030 3262 stolo
2058 3223 2075 3262 ι
2103 3207 2256 3274 Con,
2301 3223 2417 3273 xlv,
2441 3208 2533 3274 ‘24,
2563 3207 2634 3263 25
2663 3228 2676 3263 :
2715 3227 2733 3260 ι
2774 3208 2829 3263 Si
2861 3218 3064 3275 autem,
3089 3207 3280 3276 inquit,
3305 3222 3496 3264 omnes

212 3302 258 3356 in
295 3304 447 3357 exilio
494 3305 746 3358 omnibus
797 3305 1098 3359 innotuisse
1147 3304 1257 3372 jam
1312 3302 1672 3367 ostendimus,
1705 3300 1781 3354 uti
1808 3299 1854 3362 Ο
1889 3300 2243 3370 prophetcnt,
2291 3302 2456 3356 intret
2485 3312 2663 3356 autem
2711 3303 2831 3372 quis
2874 3300 3104 3356 inlidelis
3148 3301 3232 3356 vel
3281 3302 3490 3357 idiota:

211 3395 350 3448 etiam
380 3405 430 3449 et
452 3396 566 3450 illas
591 3398 659 3451 de
690 3397 925 3451 instante
953 3397 1349 3466 persecutione.
1386 3394 1548 3463 idque
1577 3410 1641 3449 ex
1668 3394 1779 3463 ipsa

210 3487 448 3541 visionum
464 3490 744 3544 mentione
772 3505 905 3544 sane
925 3488 1329 3558 abruptissima,
1356 3488 1642 3557 colligitur,
1668 3496 1780 3541 tum

213 3579 258 3631 in
283 3578 372 3634 hac
401 3581 652 3650 epismla,
679 3592 790 3635 tum
823 3583 874 3635 in
907 3596 992 3651 ep.
1029 3598 1096 3635 xz.
1136 3581 1204 3636 de
1233 3582 1470 3651 quinque
1507 3578 1784 3650 presbyte-

212 3670 294 3735 ris,
318 3682 419 3726 tum
452 3675 502 3727 iu
533 3688 622 3743 ep.
656 3689 778 3729 ut:
812 3674 880 3728 de
911 3673 1185 3728 Florentio
1227 3674 1486 3742 Pupiano.
1519 3673 1593 3727 lla
1637 3683 1783 3727 certe

214 3767 540 3832 perstrinxit,
592 3783 695 3823 nec
750 3769 912 3822 ullam
972 3784 1224 3838 umquam
1279 3770 1486 3833 καθεξῆς
1541 3767 1782 3836 exponit,

215 3862 343 3925 quasi
371 3877 477 3915 rem
519 3874 976 3918 commemoraret
995 3865 1104 3933 jam
1136 3864 1388 3917 omnibus
1417 3861 1780 3927 notissimam,

215 3967 414 4024 quaeque
440 3955 575 4010 adeo
613 3958 927 4010 narratione
970 3973 1074 4010 non
1102 3957 1386 4026 indigeret.

274 4044 482 4116 §94.—
507 4047 661 4116 Quod
689 4063 810 4102 cum
843 4049 909 4102 ita
940 4063 998 4102 se
1018 4048 1260 4110 haberet,
1289 4048 1398 4116 jam
1429 4047 1633 4116 optime
1659 4059 1784 4100 cau-

219 4141 310 4188 lum
341 4138 619 4194 videbatur
642 4156 710 4194 ne
740 4140 832 4209 qui
866 4139 1202 4194 lalsariorum
1245 4139 1356 4194 doli
1401 4137 1648 4193 fidelibus
1680 4139 1785 4191 im-

218 4243 469 4298 ponerent.
522 4234 772 4304 lnprimis
821 4237 964 4289 enim
1012 4236 1140 4289 nulli
1198 4235 1264 4289 ad
1317 4236 1418 4289 hoc
1464 4249 1658 4288 nmnus
1688 4234 1785 4287 ad-

217 4323 335 4377 mitti
361 4335 643 4394 potuerunt
665 4329 767 4382 nisi
808 4344 1032 4398 quorum
1085 4330 1284 4397 optima
1332 4339 1474 4383 esset
1513 4328 1788 4383 exiStima-

219 4412 298 4476 tio,
329 4419 530 4486 vitaque
575 4419 643 4471 ab
688 4421 832 4472 omni
875 4421 1074 4474 lraudis
1112 4423 1427 4488 astutiarque
1478 4421 1785 4490 suspicione

217 4503 534 4562 alienissima.
567 4509 640 4562 lla
673 4509 866 4564 factum
897 4521 953 4565 ut
980 4512 1279 4582 prephettc,
1310 4515 1455 4567 onini
1483 4513 1789 4582 suspicione

220 4609 421 4666 remota,
441 4603 508 4656 de
536 4604 654 4672 ejus
681 4603 937 4658 duntaxat
961 4620 1081 4660 esse
1110 4606 1387 4676 prophetia
1412 4606 1782 4675 judicandum.

1887 3392 2227 3446 convincitur
2265 3393 2333 3447 ab
2384 3394 2668 3459 omnibus,
2717 3393 3046 3463 dijudicatur
3096 3395 3163 3447 ab
3217 3394 3491 3450 omnibus.

1887 3484 2109 3539 Occulta
2162 3486 2307 3540 enim
2360 3486 2541 3541 cordis
2594 3487 2712 3556 ejus
2761 3489 3044 3542 manifesta
3100 3485 3367 3542 ﬁunt:et
3418 3487 3491 3541 ita

1887 3576 2089 3631 cadens
2123 3576 2174 3630 in
2202 3576 2392 3634 faciem
2419 3579 2667 3634 adorabit
2713 3581 2882 3635 Deum
2905 3621 2918 3642 ,
2965 3580 3318 3648 pronuntians
3348 3579 3494 3650 quod

1888 3683 2014 3724 vere
2047 3669 2190 3725 Dens
2226 3671 2278 3725 in
2325 3672 2478 3726 vobis
2519 3677 2608 3726 sit.
2648 3692 2666 3725 ι
2702 3674 2758 3727 1η
2810 3673 2910 3727 hoc
2956 3673 3215 3728 Ιιιιὶίιοιίε-
3241 3673 3495 3741 exemplo

1888 3771 2096 3820 certum
2122 3776 2234 3820 erat
2262 3767 2393 3819 nihil
2415 3768 2498 3837 agi
2526 3766 2765 3836 potuisse
2793 3782 2857 3821 ex
2889 3767 3163 3833 condicto,
3183 3775 3243 3821 ut
3271 3765 3496 3836 proinde

1888 3858 2252 3913 certissimum
2284 3869 2464 3924 esset,
2509 3861 2597 3929 qui
2631 3861 2700 3913 ita
2748 3861 3106 3930 cogitationes
3156 3860 3274 3931 ejus
3317 3861 3495 3915 mani-

1891 3947 2145 4016 festaret,
2181 3966 2285 4004 non
2320 3952 2426 4006 alio
2459 3951 2576 4005 illas
2597 3994 2611 4018 ,
2637 3967 2795 4021 quam
2826 3953 3006 4006 divino
3039 3953 3242 4022 Spiritu
3274 3953 3492 4008 amanto

1889 4043 2167 4099 didicisse.
2222 4045 2389 4115 Hujus
2443 4045 2630 4116 gratia:
2677 4047 2931 4116 frequens
2977 4046 3036 4100 lit
3092 4047 3144 4100 in
3201 4046 3496 4102 Salvatoris

1890 4137 2114 4192 historia
2162 4141 2369 4194 mentio
2407 4140 2497 4210 (S.
2549 4140 2706 4207 Mat.,
2753 4157 2830 4206 ix,
2872 4141 2928 4207 Ξ,
2969 4142 3038 4208 4;
3071 4156 3171 4208 xu,
3197 4140 3303 4207 25;
3336 4140 3492 4207 Luc.,

1893 4249 1949 4299 v,
1982 4232 2087 4300 εἰς
2116 4249 2190 4300 νι,
2225 4234 2288 4300 8;
2320 4251 2396 4298 XI,
2429 4233 2546 4306 17),
2580 4250 2610 4288 a
2640 4251 2747 4306 quo
2774 4237 2935 4314 χάριν
2965 4237 3078 4292 ἀντὶ
3128 4237 3352 4314 χάριτος
3407 4249 3500 4290 ac-

1892 4331 2036 4400 cepit
2054 4329 2316 4385 Ecclesia.
2339 4329 2539 4384 Eadem
2563 4344 2690 4386 usus
2713 4340 2795 4384 est
2819 4332 2870 4383 in
2896 4331 3120 4384 Ananizc
3136 4339 3192 4384 et
3213 4328 3497 4399 Sapphirte

1894 4424 2031 4476 utin
2060 4422 2296 4477 Simonis
2324 4421 2484 4476 etiam
2534 4422 2672 4493 Magi
2697 4437 2860 4477 causa
2910 4422 2971 4478 S.
3023 4422 3237 4477 Petrus.
3291 4421 3367 4476 De
3411 4421 3498 4476 Si-

1892 4532 2054 4572 mone
2082 4517 2153 4571 ita
2188 4535 2200 4571 :
2232 4519 2262 4576 ἡ
2305 4515 2494 4596 καρδία
2522 4538 2618 4572 σου
2650 4518 2743 4571 οὐκ
2769 4515 2909 4573 ἔστιν
2947 4519 3110 4572 εὐθεῖα
3146 4518 3358 4571 ἐνώπιον
3403 4521 3500 4571 τοῦ

1891 4611 2004 4663 Θεοῦ
2033 4608 2195 4679 (Αειη
2227 4625 2342 4674 VIII,
2379 4609 2492 4679 21).
2539 4609 2747 4663 Rursus
2774 4628 2788 4666 :
2811 4612 2894 4670 Εἰς
2931 4611 3033 4683 γὰρ
3082 4609 3243 4681 χολήν
3293 4612 3504 4682 πικρίας

225 4685 321 4743 Hoc
349 4703 517 4746 autem
541 4693 817 4761 judicaudi
850 4711 1064 4761 munus,
1097 4707 1153 4750 ut
1193 4713 1351 4766 quam
1383 4698 1780 4752 accuratissime

1896 4706 1982 4757 καὶ
2006 4700 2292 4774 σύνδεσμον
2314 4700 2516 4763 ἀδικίας
2546 4701 2650 4777 ὁρῶ
2691 4723 2749 4756 σε
2787 4698 2930 4757 ὄντα.
2984 4700 3039 4755 ln
3096 4715 3258 4755 causa
3311 4701 3502 4754 Ellum

227 4793 567 4849 prmataretur,
599 4787 800 4855 Optima
834 4788 994 4840 etiam
1026 4799 1180 4842 crant
1203 4789 1253 4842 in
1279 4787 1492 4858 publico
1517 4789 1788 4858 prmsidia.

222 4871 432 4929 Aderant
458 4879 602 4931 enim
636 4886 691 4930 et
717 4877 812 4930 alii
843 4877 1140 4948 prophetae,
1165 4881 1390 4935 aderant
1414 4891 1465 4934 et
1491 4881 1785 4950 propheta-

223 4979 323 5019 nun
347 4969 566 5037 judices,
588 4969 682 5040 qui
710 4970 1049 5026 donocssent
1069 4972 1412 5028 discernendi
1438 4974 1669 5044 Spiritus
1700 4976 1790 5030 in.

228 5063 414 5129 structi,
455 5064 553 5133 ipsi
584 5064 749 5117 etiam
795 5061 952 5117 Luna:
1005 5065 1356 5133 proculdubio
1405 5066 1788 5135 integerriiuac.

227 5149 403 5209 llorum
443 5158 487 5211 si
519 5173 643 5212 cum
693 5157 878 5228 aliquo
927 5169 1188 5228 pugnaret
1217 5158 1337 5212 cum
1382 5159 1434 5216 id
1463 5160 1514 5213 in
1543 5159 1793 5214 confesso

231 5260 366 5316 esset,
395 5253 644 5307 eumdem
675 5251 768 5306 Dei
791 5251 1048 5321 Spiritum
1077 5253 1180 5307 sibi
1205 5267 1455 5308 essenon
1487 5268 1643 5323 posse
1674 5269 1798 5308 con.

231 5343 461 5410 «mium;
515 5349 674 5416 plane
719 5346 1050 5411 sequebatur
1092 5347 1202 5416 jam
1256 5348 1431 5401 locum
1462 5363 1582 5401 esse
1622 5347 1799 5416 suspi-

228 5436 370 5490 cioni.
417 5441 750 5509 Quamquam
798 5442 942 5494 cnim
994 5451 1202 5495 certum
1260 5451 1375 5496 erat
1404 5441 1582 5495 omnia
1630 5438 1800 5494 divini

229 5529 434 5599 Spiritus
459 5533 597 5589 dona
622 5549 745 5590 esse
776 5535 980 5604 pariter
1005 5535 1325 5599 iuiallibilia;
1357 5535 1406 5588 id
1434 5545 1611 5590 tamen
1635 5535 1794 5590 etiam

220 5633 426 5693 certum,
477 5629 654 5699 quoad
715 5629 1127 5695 credibilitatis,
1157 5645 1276 5699 qua:
1333 5639 1544 5691 vocant,
1577 5631 1798 5694 motiva,

219 5718 426 5774 certiora
446 5736 568 5777 csse
588 5729 917 5792 argumenta
949 5737 1045 5774 cur
1081 5736 1222 5776 unus
1249 5721 1565 5777 crederetur
1592 5720 1804 5776 afﬂatus

217 5827 355 5880 quam
380 5825 472 5870 cur
495 5815 606 5881 alii;
622 5817 947 5886 justumque
973 5829 1091 5870 esse
1120 5825 1179 5870 ut
1203 5816 1293 5886 qui
1328 5817 1505 5870 minus
1532 5825 1808 5872 essetcre-

1901 4795 2070 4865 magis
2111 4794 2170 4849 S.
2203 4795 2401 4848 Paulus
2433 4793 2572 4862 (Act.
2606 4809 2719 4860 xm,
2754 4794 2806 4860 9,
2839 4791 2953 4851 10).
3006 4791 3058 4847 Is
3113 4794 3257 4847 enim
3309 4793 3502 4863 plenus

1898 4887 1992 4958 Sp.
2040 4886 2273 4950 Sancto,
2324 4901 2430 4941 non
2485 4885 2615 4940 illud
2666 4885 2828 4940 modo
2878 4886 3082 4955 Elymte
3114 4884 3345 4950 factum,
3404 4885 3500 4940 sed

1901 4981 2147 5036 dolosam
2186 4981 2348 5035 etiam
2411 4979 2647 5034 indolem
2718 4978 3106 5048 reprehendit,
3175 4993 3504 5049 quamquam

1901 5083 2061 5127 antea
2091 5073 2279 5142 ignoti.
2331 5072 2499 5128 Usum
2541 5074 2705 5127 etiam
2763 5072 2994 5126 vidimus
3035 5071 3332 5142 lgnatium,
3378 5087 3503 5126 cum

1901 5164 2369 5218 schismaticorum
2421 5165 2632 5219 occulta
2686 5163 2913 5219 consilia
2970 5163 3174 5232 primus
3227 5165 3277 5218 in
3327 5164 3503 5218 lucem

1903 5255 2146 5326 protulit.
2177 5257 2243 5310 Et
2272 5256 2488 5325 quidem
2531 5257 2719 5311 nescio
2743 5271 2922 5311 annon
2953 5254 3054 5310 hoc
3083 5255 3313 5310 fortasse
3342 5255 3506 5310 fuerit

1903 5347 2102 5402 donum
2167 5346 2469 5418 διακρίσεως
2521 5351 2825 5422 πνευμάτων
2875 5349 3029 5418 cujus
3078 5349 3318 5403 meminit
3364 5358 3509 5417 Apo-

1907 5442 2098 5494 stolus.
2157 5440 2427 5495 Allinibus
2477 5452 2626 5498 certe
2675 5443 2855 5498 verbis
2906 5443 2987 5496 usi
3039 5452 3163 5496 sunt
3215 5441 3509 5511 scriptorcs

1905 5533 2043 5587 sacri
2073 5532 2123 5584 in
2151 5531 2255 5586 hoc
2281 5533 2400 5602 ipso
2444 5532 2678 5603 Spiritus
2725 5534 2962 5604 negotio.
3020 5533 3222 5588 Dicitur
3277 5537 3507 5610 κριτικὸς

1907 5626 2258 5697 ἐνθυμήσεων,
2306 5634 2413 5680 etc.
2445 5625 2598 5690 Heb.,
2646 5641 2715 5692 tv,
2772 5625 2884 5703 12⁵
2909 5628 3254 5700 ἀνακριτικός.
3309 5622 3511 5687 lCor.,

1913 5733 2023 5785 xw,
2049 5717 2140 5785 24,
2175 5726 2228 5772 et
2255 5731 2385 5772 vero
2427 5717 2658 5787 Spiritus
2709 5733 2808 5788 pro
2857 5717 3023 5771 corde
3067 5713 3510 5786 cogitationibus-

1913 5825 2018 5881 que
2048 5823 2178 5864 usus
2217 5809 2552 5882 frequentior
2581 5818 2667 5868 est
2708 5823 2868 5879 quam
2911 5817 2965 5865 ut
2992 5808 3060 5865 de
3099 5821 3166 5863 eo
3211 5805 3516 5862 monendus

217 5903 390 5976 dibilis,
413 5907 455 5968 is
483 5924 512 5966 a
539 5906 892 5966 credibiliori
923 5907 1205 5975 iudicetur.
1225 5907 1379 5976 Quod
1395 5910 1553 5966 etiam
1587 5909 1653 5965 ad
1674 5908 1814 5965 frau‘
1917 5904 1986 5958 sil
2012 5902 2204 5958 lector-
