3888 6346
362 392 430 445 Ξῧ
1361 388 1731 446 DODWELLI
1770 384 2222 445 DISSERTATIO
2270 388 2679 450 CYPRIANICA
3240 458 3241 461 η
3591 398 3667 456 24

437 505 656 577 §27.—
673 505 790 562 Duo
815 514 995 563 autem
1020 513 1173 561 erant
1200 505 1477 562 hominum
1516 520 1715 577 genera
1746 517 1972 575 quorum
2003 502 2052 564 Α
2079 515 2302 575 possent
2327 507 2432 563 nisi
2462 523 2527 563 ex
2555 508 2643 564 illa
2679 523 2841 566 causa
2877 510 3102 584 intelligi
3127 511 3291 569 futuri
3318 512 3403 570 cui
3437 512 3666 571 aliarum

359 600 716 667 cogitationes
758 600 830 656 ita
875 601 1216 672 patelierent.
1252 600 1342 655 Vel
1384 600 1526 655 enim
1552 599 1780 655 aliorum
1832 612 1961 669 pro-

356 692 647 765 phetarum
704 695 1057 763 cogitatiOnes
1082 694 1448 766 patefecerunt
1467 707 1589 748 cum
1620 692 1812 762 quibus
1835 689 1958 745 nul-

360 785 472 841 lum
519 787 617 853 ipsi
646 787 1029 842 commercium
1063 786 1363 850 habebant,
1407 800 1475 838 ex
1514 799 1622 854 quo
1644 799 1836 854 magna
1862 796 1957 839 ac—

364 882 530 936 cessit
557 880 635 935 rei
666 881 936 948 praedictze
961 878 1317 933 conﬁrmatio.
1344 878 1417 932 lla
1445 877 1513 931 de
1538 875 1823 931 Timotheo
1850 890 1956 931 non

360 986 468 1027 uua
526 982 641 1026 erat
688 973 784 1028 sed
822 971 1002 1026 multae
1033 971 1276 1040 interque
1311 985 1370 1025 se
1396 968 1797 1025 consentientes
1828 984 1956 1039 pro-

358 1063 560 1134 phetizn
588 1064 654 1120 de
687 1064 744 1123 S.
773 1064 935 1119 Paulo
964 1066 1267 1137 πνευμάτων
1294 1066 1429 1119 κατὰ
1456 1064 1646 1123 πόλεις.
1695 1071 1754 1117 ιιι
1796 1076 1954 1132 supra

360 1156 617 1211 vidimus.
646 1157 743 1212 His
768 1167 945 1212 autem
976 1156 1150 1227 major
1176 1167 1294 1212 erat
1317 1155 1622 1211 adhibenda
1651 1154 1783 1211 ﬂdes
1811 1153 1953 1224 quod

359 1248 848 1303 nonhumanornm
893 1249 1187 1315 duntaxat,
1247 1249 1339 1304 sed
1394 1248 1697 1306 divinorum
1742 1262 1956 1319 quoque

357 1354 677 1397 arcanorum
710 1342 912 1396 conscii
966 1340 1298 1397 viderentur.
1360 1342 1723 1397 Humanarum
1772 1350 1960 1395 autem

354 1434 738 1503 cogitatiomnn
786 1436 891 1488 duo
916 1443 1071 1489 erant
1092 1450 1287 1503 genera
1319 1450 1438 1506 qum
1469 1434 1569 1489 hoc
1596 1432 1739 1488 dono
1769 1442 1954 1489 essent

354 1525 774 1581 manifestatum.
836 1527 931 1582 Vel
975 1528 1120 1582 enim
1175 1528 1411 1583 fidelium
1467 1537 1618 1582 erant
1665 1527 1807 1593 ilhc,
1865 1526 1953 1581 vel

352 1616 672 1673 infidelium.
741 1619 1036 1674 lulidelium
1074 1620 1322 1690 equidem
1351 1626 1393 1674 sl
1435 1621 1557 1690 quis
1595 1619 1739 1677 malo
1768 1620 1952 1674 animo

349 1709 407 1763 in
434 1712 837 1765 ecclesiasticos
864 1720 1161 1767 conventus
1190 1713 1490 1782 irrepsisset
1514 1754 1528 1777 ,
1569 1712 1654 1765 vel
1686 1709 1949 1781 prodendi

352 1813 513 1857 causa
536 1841 551 1865 ,
589 1801 672 1855 vel
703 1802 935 1856 lttdibrio
966 1803 1308 1873 exponendi,
1337 1803 1421 1859 vel
1452 1814 1510 1857 ut
1553 1803 1826 1857 mundano
1856 1800 1943 1856 af-

2066 602 2306 658 omnium
2339 618 2622 660 causarum
2645 606 2957 677 complexio
2973 606 3041 665 de
3067 607 3207 665 l‘acto
3233 617 3378 667 esset
3398 609 3661 668 obnoxia.

2066 692 2199 749 Eam
2228 703 2407 750 autem
2446 711 2553 749 non
2584 696 2746 752 aliam
2772 698 3115 755 crediderunt
3143 698 3455 767 christiani,
3502 716 3668 775 quam

2064 789 2321 858 primum,
2351 791 2615 860 optimum
2650 793 3051 863 maximumque
3078 794 3270 850 Deum.

2136 880 2164 952 §
2188 879 2712 940 i9.—Crediderunt
2743 874 3006 955 imprimis
3033 901 3138 942 non
3166 903 3293 943 casu
3325 887 3521 943 factum
3543 902 3670 945 esse

2064 974 2359 1041 mundum,
2401 983 2461 1030 ut
2489 977 2741 1032 volebant
2776 977 3047 1048 epicurei,
3096 978 3191 1034 sed
3242 988 3389 1036 certa
3430 980 3665 1051 quadam

2064 1068 2425 1138 providentia,
2456 1069 2761 1141 factumque
2800 1072 3096 1126 etiamnum
3128 1071 3317 1129 eadem
3369 1073 3482 1145 regi
3531 1087 3667 1143 pro-

2066 1158 2303 1215 videntia
2329 1176 2431 1230 qua
2464 1160 2637 1217 factus
2662 1169 2764 1216 est.
2795 1160 3159 1218 Crediderunt
3198 1162 3395 1219 deinde
3426 1163 3662 1219 liberum

2061 1251 2345 1306 arbitrium
2378 1252 2508 1307 nulli
2550 1267 2672 1308 esse
2699 1266 2877 1308 causa:
2903 1253 3057 1309 alteri
3106 1254 3206 1308 nisi
3254 1254 3364 1309 Deo
3412 1254 3512 1308 soli
3556 1253 3664 1308 ob-

2064 1344 2309 1399 noxium.
2358 1343 2593 1399 Proinde
2635 1343 2727 1398 l'ati
2749 1359 2940 1399 omnes
2968 1344 3092 1399 illos
3119 1359 3312 1400 sensus
3352 1344 3665 1415 quiessent

2058 1450 2088 1489 a
2119 1437 2358 1507 supremi
2387 1437 2481 1492 Dei
2503 1437 2725 1492 decreto
2754 1435 2994 1492 distincti
3018 1478 3032 1501 ,
3067 1438 3280 1506 penitus
3308 1438 3658 1507 rejiciebaut,

2058 1526 2175 1583 sive
2221 1528 2598 1598 epicureorum
2632 1528 2783 1583 illum
2811 1543 2839 1581 a
2874 1528 3233 1583 materialium
3264 1543 3548 1583 causarum
3577 1527 3664 1583 in-

2058 1618 2273 1674 ﬂuentia
2303 1618 2548 1690 petitum,
2569 1620 2683 1674 sive
2710 1619 3104 1690 astrologorum
3130 1619 3278 1674 illum
3300 1634 3329 1673 a
3353 1619 3664 1675 caelestium

2055 1710 2291 1767 siderum
2321 1714 2435 1767 sive
2460 1703 2608 1766 motu
2639 1710 2955 1776 deductum,
2979 1712 3093 1765 sive
3120 1709 3285 1766 etiam
3317 1709 3659 1766 causalitate.

2054 1803 2108 1860 Si
2133 1818 2262 1875 ergo
2289 1805 2389 1860 soli
2422 1804 2531 1859 Deo
2574 1804 2803 1861 liberum
2834 1802 3116 1858 arbitrium
3165 1803 3460 1858 obnoxium
3508 1801 3663 1858 fece-

348 1894 514 1949 fectui
571 1894 989 1965 gratiﬁcaretur,
1074 1898 1125 1951 id
1178 1898 1349 1966 'psnm
1405 1896 1609 1969 Spiritu
1668 1896 1944 1953 revelante
1974 1895 2023 1956 B
2052 1897 2179 1965 rint,
2211 1899 2367 1969 plane
2397 1899 2643 1969 sequitur
2691 1908 2981 1955 eventuum
3034 1911 3222 1951 eorum
3271 1894 3661 1951 eertitudiuem

347 1984 714 2056 prodebatur;
768 1986 909 2041 unde
956 1986 1122 2042 ﬂebat
1175 1996 1233 2042 ut
1281 1988 1325 2042 si
1375 2004 1442 2043 ex
1499 2004 1686 2043 eorum
1724 2001 1948 2043 numero

342 2078 571 2143 fuisset,
621 2094 758 2150 quos
801 2079 974 2136 Graeci
1015 2084 1457 2155 εὐγνωμονοῦντας
1502 2082 1807 2153 appellant,
1838 2097 1945 2137 non

346 2179 459 2226 tam
491 2182 840 2228 suecenseret
869 2173 1254 2243 prodentibus,
1278 2191 1436 2244 quam
1466 2177 1517 2230 in
1547 2190 1735 2231 eorum
1768 2175 1947 2246 potius

345 2264 763 2321 admirationem
792 2276 1095 2335 raperetur,
1129 2276 1185 2321 ttt
1216 2268 1266 2322 in
1296 2268 1553 2336 praedicto
1598 2268 1719 2323 loco
1768 2252 1947 2325 innui-

343 2366 436 2413 tur
469 2357 724 2428 Epistola:
768 2360 833 2413 ad
883 2359 1211 2416 Corinthios.
1263 2360 1525 2416 Fidelium
1572 2371 1753 2416 autem
1801 2362 1947 2433 cogi-

346 2449 579 2506 tationes
619 2451 1009 2521 prodebantur,
1030 2452 1187 2521 siqui
1218 2464 1400 2508 essent
1424 2454 1475 2507 in
1506 2454 1710 2509 clerum
1736 2452 1942 2509 adscri-

346 2541 536 2607 bendi,
571 2554 626 2595 ιιι
672 2543 723 2597 in
752 2543 1003 2611 etcmplo
1024 2542 1332 2607 Timothei;
1382 2545 1467 2599 vel
1519 2546 1565 2600 si
1600 2561 1704 2616 qua
1754 2544 1943 2601 fraude

343 2634 427 2688 usi
476 2643 687 2698 essent,
744 2644 797 2687 ut
851 2635 905 2688 in
946 2634 1155 2689 Anania
1187 2644 1236 2689 et
1285 2635 1585 2705 Sapphira;
1643 2638 1727 2692 vel
1779 2637 1943 2693 etiam

344 2725 581 2790 insidiis,
604 2735 661 2779 ιιι
677 2725 867 2781 Jttdam
890 2726 1123 2797 prodidit
1152 2727 1491 2783 insidiantem
1516 2730 1629 2798 ipse
1652 2729 1939 2792 Dominus;

341 2817 428 2873 vel
452 2817 558 2872 alio
584 2818 817 2888 denique
845 2820 1075 2874 fortas>e
1120 2822 1311 2891 quovis
1353 2824 1566 2877 occulto
1618 2821 1843 2894 ﬂagitio.
1884 2822 1942 2877 ld

343 2909 489 2966 enim
553 2910 725 2979 ipsum
780 2912 1130 2980 reprehendit
1190 2914 1241 2968 in
1297 2914 1503 2969 Anania
1572 2924 1627 2971 et
1678 2915 1943 2984 Sapphira

344 3003 517 3074 (Ach,
544 3019 596 3068 v,
624 3007 674 3069 4,
711 3003 766 3074 9)
795 3005 853 3060 S.
884 3006 1075 3060 Petrus
1117 3006 1260 3078 quod
1300 3008 1417 3061 ausi
1464 3018 1648 3064 essent
1695 3023 1803 3063 non
1843 3008 1943 3064 ho-

342 3096 581 3151 minibus
625 3100 875 3165 mentiri,
927 3099 1022 3155 sed
1055 3101 1200 3166 Deo;
1252 3101 1393 3171 quod
1421 3101 1678 3172 Spiritum
1727 3103 1942 3159 Domini

340 3198 632 3245 tentarent.
683 3190 845 3259 Quasi
874 3191 925 3246 id
953 3193 1371 3261 exprobrasset,
1419 3195 1560 3263 quod
1604 3210 1724 3250 cum
1771 3195 1836 3249 iis
1882 3190 1957 3250 se'

2051 1992 2141 2062 qui
2171 1994 2254 2047 vel
2281 1992 2350 2047 ab
2375 1992 2492 2064 ipso
2520 1992 2693 2048 libero
2719 1991 2967 2056 arbitrio,
2985 1989 3115 2045 vela
3132 1988 3446 2045 conditione
3472 1987 3657 2059 aliqua

2052 2098 2148 2155 per
2194 2084 2423 2140 liberum
2472 2084 2753 2139 arbitrium
2793 2082 3043 2155 ponenda
3092 2081 3426 2151 penderent,
3477 2096 3509 2136 τι
3539 2080 3659 2137 Deo

2051 2175 2171 2230 solo
2211 2191 2333 2232 esse
2360 2177 2428 2233 de
2458 2176 2602 2232 l‘acto
2627 2176 3019 2232 deducendam.
3061 2174 3215 2245 Quod
3265 2188 3397 2229 vero
3434 2172 3502 2228 ad
3534 2188 3656 2228 ma-

2054 2270 2323 2324 terialium
2379 2285 2659 2326 causarum
2707 2279 2933 2325 eventus
2987 2268 3214 2334 attinet,
3268 2275 3520 2336 poterant
3571 2266 3653 2321 illi

2049 2374 2227 2419 motus
2258 2364 2579 2419 universalis
2606 2366 2713 2419 vim
2759 2364 2994 2433 aliquam
3027 2360 3395 2435 mechanieam
3442 2373 3649 2429 agnos.

2047 2470 2191 2510 cere.
2218 2454 2325 2511 Sed
2349 2470 2449 2510 nec
2471 2454 2542 2509 ita
2573 2455 2731 2509 talem
2759 2455 2904 2510 illam
2926 2460 3278 2523 agnoverunt,
3313 2459 3370 2505 ut
3399 2458 3657 2506 creatura

2047 2546 2258 2615 aliqua,
2291 2561 2411 2601 cum
2454 2562 2557 2616 qua
2590 2548 2745 2601 nobis
2794 2554 2876 2599 est
2925 2545 3345 2607 commercium,
3388 2543 3475 2597 vel
3534 2544 3656 2613 ipsa

2049 2639 2221 2707 possit
2274 2653 2340 2693 ex
2391 2637 2686 2693 universali
2746 2637 2835 2691 illo
2891 2644 3072 2691 motus
3124 2649 3430 2697 consensu.
3473 2634 3655 2691 futura

2049 2733 2415 2803 cnntingentia
2440 2748 2791 2803 cognoscere,
2815 2732 2898 2787 vel
2931 2731 3086 2787 nobis
3110 2732 3364 2787 indicare.
3402 2729 3654 2788 Indicare

2048 2835 2198 2881 certe
2224 2825 2369 2880 nulla
2400 2826 2576 2896 potuit
2607 2827 2706 2879 nisi
2736 2825 3112 2881 intellectualis
3132 2866 3145 2890 ,
3178 2840 3338 2895 quam
3372 2823 3655 2881 christiani

2049 2918 2298 2989 angelum
2351 2919 2707 2989 appellamus.
2764 2919 2835 2974 At
2878 2918 2969 2988 qui
2999 2933 3121 2985 eum
3156 2918 3314 2973 nobis
3366 2928 3657 2975 versantur

2047 3012 2288 3083 angelos,
2342 3027 2436 3067 eos
2482 3015 2646 3068 certis
2671 3022 3042 3068 creaturarum
3085 3012 3376 3082 provinciis
3404 3013 3654 3083 assigna-

2046 3103 2212 3169 bant,
2263 3106 2639 3161 universorum
2689 3105 3086 3175 provinciarum
3133 3106 3310 3178 λόγον,
3358 3109 3649 3174 ιιι-εεειιιθιῐι

2046 3198 2458 3265 existimabant,
2494 3207 2549 3251 ut
2578 3196 2800 3268 proinde
2829 3196 3164 3267 angelorum.
3196 3210 3333 3267 quos
3362 3195 3493 3259 dixi,
3521 3209 3652 3250 cum

343 3284 574 3341 cratibus
605 3284 1011 3353 adjuuxissent,
1065 3287 1117 3340 in
1164 3287 1358 3353 quibus
1408 3285 1642 3357 Spiritus
1668 3286 1807 3342 dona
1838 3279 2011 3365 ips/iaC
2046 3290 2202 3344 nobis
2252 3289 2622 3357 versantium,
2671 3289 2852 3344 nullus
2918 3288 3088 3342 motui
3137 3287 3427 3342 universali
3484 3285 3649 3343 fuerit

343 3387 714 3449 agnoverant;
748 3379 994 3447 interque
1023 3379 1125 3434 alia
1169 3380 1295 3434 illud
1325 3397 1539 3451 quoque
1585 3398 1691 3451 quo
1745 3376 1939 3449 arcana

340 3469 750 3532 revelarentur;
804 3470 903 3539 ipsi
960 3480 1137 3527 tamen
1168 3473 1381 3528 occulta
1412 3489 1506 3527 Sua
1540 3474 1739 3543 ﬂagitia
1773 3460 1941 3535 latere

341 3576 503 3633 posse
549 3564 852 3631 sperarint,
904 3578 1072 3634 seque
1122 3578 1182 3619 ea
1242 3565 1459 3632 impune
1506 3566 1728 3620 laturos.
1776 3560 1941 3636 quue

340 3656 517 3725 ipsum
538 3669 786 3725 maguum
808 3655 1158 3725 proculdubio
1180 3656 1403 3711 incussit
1420 3657 1752 3711 occultorum
1775 3658 1936 3713 etiam

338 3747 663 3818 ﬂagitiorum
695 3758 930 3812 metum,
956 3764 1076 3804 cum
1111 3750 1283 3804 nullas
1332 3749 1527 3805 deinde
1578 3750 1813 3805 latebras
1852 3759 1939 3807 se-

337 3855 501 3897 curas
530 3839 642 3895 iure
674 3839 1108 3906 intellexissent,
1140 3856 1195 3894 v.
1225 3842 1279 3897 5.
1330 3841 1438 3897 Nec
1476 3851 1558 3898 est
1582 3842 1725 3913 quod
1760 3843 1812 3898 in
1837 3844 1938 3900 hac

334 3932 453 4002 ipsa
484 3932 838 3987 ratiocinandi
869 3933 1041 3988 forma
1066 3931 1149 3988 vel
1174 3932 1275 4003 ipsi
1303 3933 1445 3988 athei
1469 3945 1720 4005 poterunt
1743 3936 1935 3992 merito

338 4024 769 4094 reprehendere.

414 4115 444 4188 ς
472 4115 971 4171 28.-—Erattamen
1000 4126 1054 4171 et
1072 4116 1216 4172 aliud
1238 4120 1933 4189 argumenttnn,etquidem

328 4210 439 4283 ipsi
471 4208 768 4279 prophetiae
796 4208 938 4263 dono
961 4208 1313 4264 intrinseeum
1336 4252 1352 4273 ,
1399 4226 1505 4279 quo
1536 4212 1934 4280 prophetiarum

334 4316 555 4357 suarum
614 4300 774 4356 iidem
847 4310 1059 4356 veteres
1126 4301 1551 4365 conﬁrmabant,
1631 4301 1931 4357 futurorum

332 4409 535 4466 nempe
557 4395 982 4465 contingentium
1013 4393 1311 4465 praedictio.
1362 4395 1495 4463 Quae
1520 4394 1736 4463 quidem
1787 4406 1931 4451 certa

334 4502 495 4551 esse,
538 4498 594 4542 et
640 4505 667 4542 a
723 4488 837 4543 Deo
883 4498 1102 4543 auctore
1147 4488 1311 4544 fuisse
1360 4488 1629 4544 intellecta
1672 4499 1784 4552 est,
1811 4505 1932 4545 cum

330 4581 506 4650 ipsam
534 4579 909 4634 conﬁrmasset
950 4589 1196 4635 eventus.
1225 4580 1459 4651 Eratque
1501 4578 1617 4635 lucc
1642 4594 1935 4650 argumen-

2044 3382 2327 3451 admotus,
2374 3393 2431 3438 ut
2470 3384 2639 3454 possit
2665 3399 2731 3439 ex
2759 3381 3072 3437 causalitate
3102 3397 3195 3435 sua
3242 3380 3310 3436 de
3346 3380 3652 3437 futurorum

2044 3478 2468 3547 contingentium
2527 3486 2722 3533 eventu
2769 3476 3033 3547 judicare.
3092 3472 3199 3529 Sed
3260 3488 3358 3528 nec
3410 3488 3506 3527 eos
3559 3472 3635 3527 ita

2044 3571 2398 3639 ineorporeos
2418 3577 2751 3642 agu0verunt
2777 3580 2833 3624 ut
2882 3576 3103 3638 possent
3141 3567 3320 3621 omnia
3360 3576 3538 3621 creata
3592 3566 3648 3621 in

2044 3656 2267 3726 speculo
2331 3656 2594 3711 creatoris
2644 3655 2862 3711 intueri.
2926 3653 3032 3709 Nec
3085 3653 3263 3707 omnia
3313 3661 3493 3707 creata
3541 3651 3652 3707 illis

2043 3750 2383 3807 innotescere
2408 3748 2777 3814 crediderunt,
2809 3748 2911 3802 nisi
2938 3762 3057 3817 qua:
3096 3747 3234 3800 Deus
3262 3746 3364 3800 illis
3394 3744 3643 3801 revelare

2041 3843 2294 3914 dignatus
2316 3852 2496 3907 esset,
2538 3857 2638 3898 nec
2686 3842 2849 3897 etiam
2898 3840 3079 3895 omnia
3135 3839 3240 3893 illis
3290 3839 3529 3893 revelare
3574 3838 3649 3895 de

2042 3934 2185 3991 l'acto
2210 3950 2332 3991 esse
2360 3935 2657 4007 dignatum.
2691 3932 3003 4005 Mysterinm
3032 3931 3099 3987 de
3155 3931 3525 3985 incarnatione
3570 3931 3643 3985 ab

2046 4027 2282 4084 Ecclesia
2304 4025 2555 4081 didicisse
2600 4026 2817 4096 angelos
2848 4024 2999 4079 testis
3024 4032 3107 4077 est
3148 4022 3436 4093 Apostolus
3470 4020 3641 4093 (ΕρΙι.

2040 4134 2118 4185 ιιι,
2154 4118 2275 4189 10).
2320 4119 2442 4173 Tria
2475 4119 2634 4173 etiam
2658 4160 2673 4185 ,
2716 4129 2843 4172 ante
2876 4116 3300 4171 incarnationem
3329 4115 3635 4172 daemonem

2042 4212 2263 4269 latuisse
2288 4255 2302 4279 ,
2336 4221 2611 4268 auctorem
2644 4212 2914 4268 habemus
2936 4211 3199 4282 Ignatium
3251 4208 3477 4284 (lgnm.,
3533 4210 3639 4281 Ep.

2039 4306 2106 4357 ad
2135 4302 2361 4373 Ephem,
2405 4304 2578 4376 §l9).
2606 4303 2711 4360 Sed
2765 4320 2869 4359 non
2919 4313 3073 4359 vacat
3118 4303 3265 4357 hisce
3317 4302 3641 4373 ut'siugulis

2040 4394 2409 4451 immorentur.

2113 4488 2141 4560 ᾗ
2174 4488 2340 4543 50.-
2360 4488 2553 4557 Liquet
2575 4488 2813 4552 interim,
2842 4488 2963 4541 data
2994 4486 3092 4542 hac
3120 4486 3427 4559 hypothesi,
3458 4488 3639 4545 futura

2039 4584 2404 4651 contingentia
2426 4623 2442 4648 ,
2472 4582 2585 4636 sive
2615 4597 2644 4636 a
2686 4582 2858 4637 libero
2885 4580 3142 4645 arbitrio,
3174 4582 3287 4635 sive
3316 4580 3385 4635 ab
3415 4581 3636 4636 univer-

330 4672 467 4727 tatio
525 4686 589 4727 ex
644 4669 1064 4726 Christianorum
1116 4670 1394 4742 principiis
1436 4670 1762 4726 certissima.
1811 4669 1932 4738 lose
1958 4673 2012 4733 D
2038 4675 2138 4729 sali
2186 4684 2369 4737 motu,
2418 4674 2741 4745 pendentia,
2782 4673 3051 4729 nemiuem
3076 4687 3266 4742 posse,
3300 4674 3400 4729 nisi
3424 4688 3639 4729 summo

328 4763 475 4822 Deus
507 4780 573 4820 eo
606 4773 861 4833 provocat
886 4764 1026 4833 apud
1076 4762 1269 4818 Isaiam
1312 4763 1475 4832 (130.,
1517 4779 1628 4827 xu,
1659 4762 1774 4836 23).
1822 4763 1935 4819 Nec

328 4873 467 4914 vero
517 4857 671 4913 alteri
723 4873 883 4925 quam
921 4857 1032 4912 Deo
1082 4856 1243 4912 tribui
1294 4857 1361 4912 de
1409 4857 1551 4911 iacto
1599 4858 1772 4927 potuit
1820 4857 1935 4913 btec

331 4949 638 5006 Iuturornm
686 4949 1114 5019 contingentium
1172 4950 1507 5018 prmscientia
1546 4965 1611 5005 ex
1656 4950 1935 5023 principiis

333 5044 777 5100 christianorum.
831 5042 901 5099 Ut
930 5042 1072 5097 enim
1103 5042 1294 5097 demus
1329 5043 1529 5098 multos
1554 5057 1678 5099 esse
1705 5052 1933 5099 eventus

331 5137 422 5207 qui
484 5138 625 5193 vires
672 5147 1044 5192 creaturarum
1098 5152 1205 5191 non
1256 5137 1618 5203 excederent;
1672 5151 1931 5192 concessa

334 5240 513 5285 tamen
562 5230 681 5296 illa,
716 5246 874 5301 quam
899 5229 1175 5285 christiani
1205 5230 1510 5296 tuebantur,
1543 5230 1885 5300 providentia
1912 5271 1928 5296 ,

332 5332 490 5377 erant
534 5322 884 5378 nihilominus
931 5323 1062 5377 certi
1112 5320 1326 5392 quidam
1360 5330 1585 5377 eventus
1614 5322 1701 5390 qtti
1730 5321 1929 5376 nullam

331 5415 611 5471 habebant
658 5430 874 5471 causam
920 5433 949 5470 a
978 5424 1167 5471 natura
1199 5416 1649 5481 determinatam,
1708 5432 1771 5471 ex
1825 5430 1930 5485 qua

329 5518 583 5579 poterant
614 5518 770 5562 antea
822 5510 1107 5578 cognosri;
1162 5518 1217 5564 et
1263 5522 1391 5565 vero
1446 5509 1535 5579 qui
1582 5525 1688 5563 non
1729 5525 1795 5565 ex
1824 5526 1929 5567 una

329 5600 508 5669 aliqua
529 5616 712 5666 causa,
747 5602 839 5654 sed
869 5616 933 5655 ex
964 5602 1201 5655 omnium
1232 5615 1502 5657 consensu
1528 5602 1925 5673 complexuque

328 5692 597 5747 orirentur
647 5692 882 5765 (quales
929 5702 1085 5747 erant
1140 5694 1227 5762 qui
1276 5694 1543 5764 publicum
1607 5697 1925 5765 spectabant

324 5784 615 5853 plerique),
660 5786 779 5840 illos
807 5785 887 5840 vel
920 5786 1075 5839 unius
1116 5800 1291 5839 causae
1327 5786 1592 5853 delectus,
1628 5790 1707 5843 vel
1755 5791 1915 5845 etiam

329 5878 485 5933 unius
532 5879 901 5951 interpositio.
938 5880 1172 5934 incertos
1202 5878 1363 5937 fecit.
1420 5890 1477 5936 ut
1530 5880 1753 5952 proinde
1808 5898 1912 5941 non

2042 4765 2132 4820 illo
2181 4764 2292 4819 Deo
2342 4766 2621 4823 revelaute
2668 4780 3013 4837 cognoscere.
3060 4764 3167 4820 Sed
3200 4780 3298 4820 nec
3328 4766 3373 4819 si
3428 4774 3636 4822 motum

2039 4858 2189 4913 illum
2222 4858 2580 4915 universalem
2610 4860 3021 4932 cognovissent,
3056 4860 3137 4915 vel
3184 4862 3255 4914 ita
3304 4869 3522 4928 possent
3565 4862 3636 4919 de

2038 4966 2326 5009 eventuum
2355 4953 2509 5009 istius
2532 4955 2675 5009 modi
2702 4953 3026 5010 eertitudine
3052 4952 3316 5022 judicare.
3348 4953 3458 5009 Nec
3485 4955 3634 5011 enim

2038 5046 2109 5101 ita
2149 5045 2409 5101 mundum
2457 5046 2764 5101 universum
2798 5044 3110 5101 mechanice
3138 5060 3165 5097 a
3200 5044 3311 5099 Deo
3358 5046 3468 5117 regi
3516 5060 3636 5101 cre-

2036 5137 2270 5203 debant,
2305 5148 2361 5193 ut
2397 5154 2503 5193 non
2534 5137 2823 5209 aliquando
2850 5147 3039 5194 contra
3070 5147 3273 5193 motum
3313 5138 3461 5194 illurn
3511 5140 3635 5194 uni-

2036 5230 2333 5295 versalem,
2389 5230 2587 5300 saepius
2632 5240 2812 5285 tamen
2839 5238 3035 5296 pneter
3063 5230 3213 5284 illum
3236 5273 3249 5295 ,
3297 5230 3437 5284 Deus
3467 5231 3633 5287 inter-

2033 5336 2238 5392 ponere
2284 5330 2339 5377 et
2389 5322 2550 5378 vellet
2605 5332 2660 5378 et
2701 5322 2936 5387 soleret;
2988 5335 3175 5377 contra
3229 5322 3519 5391 equidem,
3576 5324 3630 5380 in

2036 5414 2311 5469 miraculis
2343 5431 2355 5467 :
2388 5424 2583 5483 prreter
2631 5415 2779 5471 illum
2802 5458 2815 5479 ,
2849 5417 3061 5485 quoties
3108 5415 3273 5473 vellet
3325 5418 3631 5473 ordinarias

2034 5507 2197 5562 etiam
2264 5507 2559 5563 electorum
2611 5522 2801 5579 preces
2859 5508 3139 5563 exaudire.
3206 5506 3427 5563 Frustra
3482 5511 3627 5565 enim

2032 5608 2216 5656 essent
2245 5600 2451 5668 piorum
2481 5616 2667 5669 preces
2700 5612 2755 5655 ut
2795 5602 3115 5672 plurimum,
3150 5617 3247 5664 pro
3290 5603 3445 5656 bonis
3486 5617 3627 5672 prte-

2029 5694 2214 5749 sertim
2266 5694 2679 5761 temporalibus;
2730 5695 2773 5747 si
2823 5693 2956 5747 nihil
3006 5703 3187 5762 posset
3235 5693 3373 5747 Deus
3426 5704 3627 5762 praeter

2026 5789 2347 5844 universalis
2382 5797 2587 5841 natura),
2618 5804 2856 5855 cursum,
2889 5788 3004 5841 sine
3028 5786 3311 5852 miraculo,
3344 5798 3622 5855 praestare.

2020 5884 2205 5941 Toties
2236 5883 2380 5941 enim
2410 5882 2615 5938 edenda
2644 5893 2824 5939 essent
2847 5881 3146 5937 istiusmodi
3170 5881 3447 5950 miracula,
3481 5895 3622 5951 quo-
