3888 6368
3428 410 3504 465 9Ᾰῖ

190 426 251 481 9.5
1331 417 1414 474 DE
1456 413 1836 474 VISIONIBUS
1870 412 2345 473 PROPHETICIS.

196 540 287 597 lies
329 538 599 596 bonorum
655 546 855 595 essent
912 548 1100 608 preces
1146 532 1446 589 audieudze.
1526 529 1682 601 Quod
1748 529 1793 585 si
1820 531 1870 592 Λ
1898 529 2318 601 expectandum.
2361 527 2589 602 Quoque
2619 528 2820 599 sacpius
2864 528 3164 601 prophetiis
3192 525 3313 599 ejus
3335 538 3501 583 even-

204 639 381 705 przeter
436 630 815 686 universalem
865 628 1017 683 illttm
1064 634 1266 681 motum
1319 624 1480 680 multa
1539 625 1679 678 Deus
1737 631 1791 677 ct

208 723 325 778 velit
364 731 622 793 prmstare
670 720 1023 792 soleretque;
1067 718 1308 789 sequitur
1344 731 1407 772 ex
1450 714 1578 779 illo,
1610 715 1654 769 si
1707 713 1789 769 vel

214 816 433 872 maxime
449 815 780 869 innotuisset
798 856 813 879 ,
846 812 979 867 nihil
1005 824 1125 867 esse
1153 810 1220 865 de
1250 808 1443 864 futuris
1470 809 1788 877 contingen-

222 908 343 965 tibus
369 918 507 963 certo
537 905 1021 977 pronuntiandum.

285 1002 419 1075 §5l.
439 1030 510 1042 ——
535 1000 780 1069 Quodsi
823 998 971 1065 hmo,
1007 1006 1064 1052 ut
1086 1003 1297 1052 creatas
1328 993 1469 1050 vires
1496 1008 1561 1049 ex
1596 1002 1787 1048 natura

225 1110 307 1151 sua
333 1110 428 1149 nou
459 1101 811 1164 superarent,
843 1106 951 1146 non
982 1101 1160 1145 tamen
1195 1098 1416 1159 poSsent
1441 1102 1469 1140 ἔ)
1498 1098 1749 1142 creatura
1769 1127 1786 1153 ,

227 1190 318 1245 nisi
351 1192 451 1242 Deo
478 1189 793 1253 revelante,
826 1186 1115 1259 cognosci;
1148 1183 1201 1239 id
1230 1198 1395 1238 unum
1439 1181 1651 1237 abunde
1678 1180 1789 1236 suf-

226 1284 344 1351 ﬁcit,
375 1294 425 1337 ut
443 1283 656 1354 quoties
688 1280 997 1336 hominibus
1019 1280 1376 1334 innotuissent
1402 1319 1418 1344 ,
1467 1279 1578 1332 Deo
1609 1287 1786 1332 tamen

227 1391 413 1431 summo
438 1383 617 1430 essent
658 1374 856 1429 merito
889 1370 1190 1427 tribuenda.
1245 1368 1353 1425 Nec
1383 1369 1525 1424 enim
1557 1367 1609 1422 id
1637 1382 1789 1437 qua:-

224 1468 465 1531 reuduiu,
520 1467 729 1520 Deusne
781 1464 931 1534 ipse,
979 1478 1047 1517 an
1074 1460 1367 1534 ejus'jussu
1416 1461 1788 1531 permissuque

227 1569 446 1618 creatura
475 1560 681 1631 aliqua,
709 1560 761 1615 ei
793 1567 971 1614 tamen
1004 1556 1217 1613 subdita
1250 1555 1557 1611 hominibus
1588 1569 1651 1610 ea
1694 1568 1785 1610 re-

227 1656 445 1710 velaret?
472 1653 565 1710 sed
584 1695 600 1719 ,
631 1668 700 1707 an
718 1694 735 1720 ,
777 1666 845 1707 eo
869 1653 1089 1708 nolente
1110 1692 1125 1719 ,
1159 1651 1240 1705 vis
1264 1648 1438 1720 aliqua
1469 1647 1787 1705 contraria?

227 1748 276 1804 ln
304 1763 365 1805 eo
388 1748 523 1803 enim
568 1757 817 1803 versatur
846 1746 1049 1803 erroris
1075 1744 1391 1817 periculum.
1436 1744 1632 1813 Atqui,
1663 1741 1787 1798 data

228 1842 335 1909 bac,
360 1856 504 1913 quam
536 1840 1067 1911 repraesentavimus,
1117 1837 1439 1911 hypothesi;
1473 1837 1524 1892 id
1574 1847 1784 1893 certum

1896 631 1985 677 tus
2012 623 2450 696 respondissent,
2494 639 2561 679 eo
2608 623 2810 678 certius
2860 625 3143 679 constabat
3196 637 3303 677 non
3351 622 3503 677 casui

1896 717 2043 783 lucc,
2100 718 2197 772 sed
2253 733 2383 774 vero
2413 717 2577 774 certis
2607 718 2785 773 causis
2825 733 2946 774 esse
2992 715 3298 774 tribuenda.
3359 714 3498 771 Cum

1897 825 2026 864 vero
2054 808 2284 864 duorum
2310 819 2496 865 essent
2522 825 2783 881 generum
2819 810 3119 880 prophetia:
3141 853 3154 876 ,
3187 810 3309 864 alite
3336 808 3501 865 clara‘.

1894 901 2189 972 facilesque
2230 901 2545 969 intellectu,
2579 903 2631 957 itt
2660 904 2858 974 quibus
2890 903 3033 957 nulla
3066 918 3190 958 esse
3220 910 3403 973 posset
3433 901 3503 959 de

1893 1007 2024 1047 vero
2077 993 2360 1065 prophetae
2416 1008 2579 1050 sensu
2628 994 2928 1061 dubitatio;
2986 995 3109 1051 alia:
3166 1009 3353 1051 rursus
3404 1010 3503 1067 pro

1891 1088 2091 1140 usitato
2138 1086 2543 1158 prophetiarum
2588 1088 2875 1151 idiomate,
2927 1087 3191 1160 symbolis
3244 1091 3504 1159 aenigma-

1893 1178 2139 1251 tibusque
2186 1179 2445 1234 involuta:
2467 1221 2483 1247 ,
2514 1189 2569 1235 ut
2598 1195 2742 1253 :cgre
2772 1181 2997 1253 intelligi
3030 1190 3216 1252 posset
3244 1196 3498 1254 quamam

1892 1273 2171 1342 propheta:
2221 1282 2364 1328 esset
2396 1282 2490 1326 ant
2536 1274 2770 1327 numinis
2801 1274 3073 1329 sententia
3103 1292 3116 1327 :
3149 1288 3213 1329 ex
3250 1275 3491 1344 priorum

1893 1366 2123 1420 veritate
2179 1364 2249 1421 de
2299 1365 2697 1438 posterioribus
2726 1376 2844 1421 erat
2893 1366 3219 1422 solidissime
3242 1366 3499 1437 judican-

1890 1458 2039 1514 dum.
2072 1459 2129 1515 Si
2157 1475 2349 1516 omnes
2369 1460 2614 1516 obscura:
2644 1470 2845 1527 essent,
2884 1472 2940 1516 ut
2968 1462 3020 1516 in
3051 1462 3287 1518 oraculis
3331 1461 3498 1535 Apol-

1890 1550 2018 1607 linis
2076 1553 2294 1620 Loxize,
2357 1564 2775 1627 nostrorumque
2839 1553 3225 1611 hodiernorutn
3297 1555 3497 1612 enthu-

1891 1651 2177 1705 siastarum
2235 1648 2486 1713 deliriis;
2532 1650 2677 1703 nulla
2722 1648 2836 1720 jam
2867 1659 3023 1704 erant
3053 1649 3351 1706 intrinseca
3381 1666 3500 1706 creo

1890 1740 2170 1796 dibilitatis
2223 1750 2583 1812 argumenta,
2655 1750 2710 1795 ut
2767 1741 2870 1795 nisi
2936 1740 3075 1796 forte
3122 1757 3246 1797 eum
3312 1742 3495 1797 locum

1890 1834 2197 1891 extrinseca
2253 1833 2636 1904 supplessent,
2694 1834 3041 1903 quantumvis
3067 1849 3214 1890 vera:
3265 1843 3496 1892 essent:

230 1942 334 1989 erat
352 1933 642 2004 hujusmodi
690 1932 1055 1988 revelationes
1103 1945 1133 1986 a
1182 1931 1231 1984 vi
1286 1930 1462 2001 aliqua
1514 1929 1786 1984 contraria
1817 1934 1947 1993 Bat
2000 1926 2208 1981 nullum
2256 1934 2405 1981 certe
2456 1925 2728 1981 habebant
2781 1926 3059 1995 veritatis,
3106 1943 3211 1999 quo
3257 1942 3289 1983 a
3344 1927 3501 1985 falsis

227 2040 333 2082 esse
357 2041 455 2081 non
492 2040 670 2097 posse.
702 2023 817 2081 Nec
858 2025 1002 2080 enim
1051 2032 1167 2079 erat
1213 2031 1461 2079 creatura
1489 2038 1607 2094 qua:
1628 2063 1644 2089 ,
1678 2018 1790 2077 Deo

227 2119 450 2187 nolente,
477 2134 536 2173 ea
581 2128 766 2188 posset
794 2132 1153 2189 cognoscere;
1186 2132 1283 2172 nec
1314 2117 1609 2172 verisimile
1639 2127 1788 2183 erat,

225 2210 408 2280 angelis
430 2210 710 2267 contrariis
739 2220 793 2266 et
817 2212 930 2265 suis
958 2225 1283 2281 suorumque
1311 2208 1556 2264 hostibus
1610 2209 1787 2265 infen-

225 2305 449 2371 sissimis,
480 2305 643 2360 Deum
676 2318 739 2358 ea
769 2304 1152 2369 revelaturmu,
1184 2319 1302 2374 qua:
1331 2318 1436 2358 non
1460 2315 1642 2359 essent
1663 2302 1788 2358 illo-

226 2414 331 2453 rum
358 2411 550 2453 naturze
578 2398 761 2455 debita
784 2441 798 2466 ,
833 2414 933 2453 nec
960 2408 1214 2469 possent,
1250 2400 1351 2455 nisi
1391 2413 1458 2455 eo
1490 2399 1786 2466 revelante,

224 2508 539 2563 cognoscere.
574 2492 834 2563 Sequitur
858 2508 1022 2565 ergo,
1057 2502 1114 2548 ut
1140 2498 1454 2563 angelorum
1489 2494 1790 2549 ministerio

228 2585 275 2639 in
309 2584 618 2641 revelatione
646 2585 962 2641 hominibus
993 2585 1357 2655 patefacienda
1390 2596 1656 2650 uteretur,
1685 2586 1789 2642 nisi

225 2676 363 2732 bonis
390 2686 559 2732 tamen
591 2678 818 2732 minime
860 2693 1106 2731 usurum.
1136 2676 1245 2733 Nec
1277 2680 1623 2743 metuendum
1657 2680 1786 2749 quin

222 2768 289 2823 illi
333 2784 543 2824 munere
596 2768 703 2825 sibi
753 2768 1045 2824 commisso
1074 2768 1485 2840 diligentissime
1535 2771 1789 2828 ﬁdelissi-

220 2875 393 2931 meqne
440 2860 815 2933 fungerentur.
866 2860 944 2916 Ita
992 2864 1279 2917 constabat
1327 2878 1483 2917 veras
1523 2864 1683 2920 hasce
1722 2865 1789 2921 de

222 2951 396 3008 futuris
422 2955 861 3026 contingentibus
904 2954 1263 3011 revelationes
1302 2956 1406 3010 nisi
1452 2972 1483 3011 a
1519 2957 1627 3014 Deo
1661 2972 1789 3015 auc-

218 3053 322 3100 tore
343 3060 457 3101 esse
486 3061 589 3101 non
621 3061 801 3117 posse.

281 3137 482 3209 §32.—
494 3139 829 3211 Quamquam
854 3150 1035 3196 autem
1066 3140 1427 3211 hypotheseos
1449 3156 1666 3210 veritas,
1695 3158 1790 3199 cu-

211 3227 289 3299 jus
326 3232 489 3301 justas
519 3230 684 3287 hasce
713 3231 948 3287 diximus
974 3245 1094 3288 esse
1118 3242 1278 3304 atque
1303 3232 1570 3304 legitimas
1594 3250 1789 3293 conse-

1894 2021 2426 2085 internoscerentor,
2454 2019 2850 2087 characterem,
2907 2034 3008 2075 nec
3058 2021 3194 2075 alios
3247 2020 3496 2092 proinde,

1891 2122 1950 2167 ut
1977 2126 2103 2168 vera
2144 2112 2524 2178 crederentur,
2557 2111 2889 2187 obligabaut.
2942 2112 3034 2167 Sin
3095 2113 3290 2184 aliqua:
3334 2127 3499 2184 pers-

1893 2206 2107 2275 picum;
2148 2204 2260 2274 jam
2304 2205 2460 2260 facile
2493 2204 2759 2274 judicium
2808 2215 2958 2274 erat,
3007 2204 3077 2261 de
3118 2206 3342 2278 reliquis
3368 2206 3498 2279 quid

1894 2311 2041 2356 esset
2067 2299 2435 2355 statuendum.
2483 2300 2543 2355 Si
2583 2308 2811 2355 eventus
2854 2284 2941 2356 vel
2994 2301 3156 2355 unius
3201 2300 3500 2372 perspicua:

1896 2393 2203 2465 prophetia:
2234 2408 2340 2449 non
2369 2394 2774 2464 respondisset;
2826 2394 2987 2465 plane
3014 2393 3346 2465 sequebatur
3398 2408 3501 2450 nec

1895 2486 2123 2556 reliquis
2150 2500 2274 2542 esse
2299 2486 2573 2541 ﬁdentium
2595 2527 2612 2553 ,
2648 2487 2774 2555 quin
2804 2489 2981 2558 potius
3001 2488 3120 2543 illas
3146 2487 3233 2543 vel
3264 2488 3499 2543 naturali

1893 2577 2305 2647 enthusiasmo,
2367 2581 2445 2635 vel
2488 2579 2676 2646 alteri,
2731 2580 2910 2650 potius
2961 2579 3227 2635 diabolico
3283 2578 3498 2649 spiritui

1893 2687 2052 2743 quam
2082 2672 2279 2726 divino
2323 2686 2444 2727 esse
2494 2671 2831 2727 tribuendas.
2886 2672 2959 2726 Ita
3015 2672 3325 2727 Maximilla:
3375 2687 3503 2743 pro-

1893 2763 2107 2835 phetias
2136 2780 2196 2819 re
2220 2763 2336 2819 ellit
2367 2763 2616 2819 Asterius
2660 2762 2912 2819 Urbanus
2950 2764 3079 2836 (Ap.
3112 2763 3329 2831 Euseb.,
3359 2762 3499 2819 Hist.

1891 2855 2043 2919 εδει..
2078 2870 2135 2921 v,
2169 2854 2283 2926 16).
2326 2854 2664 2911 Prmdixerat
2710 2855 2802 2910 illa
2834 2856 3119 2911 imminere
3164 2857 3417 2931 πολέμους
3448 2865 3504 2912 el

1892 2951 2313 3015 ἀκαταστασίας,
2366 2962 2489 3003 cum
2516 2959 2693 3004 tamen
2722 2958 2843 3019 post
2870 2964 3069 3004 annum
3131 2952 3348 3005 tertium
3405 2950 3501 3005 dc-

1891 3043 2093 3097 cimum
2144 3042 2256 3114 jam
2312 3044 2592 3113 elapsum,
2640 3056 2741 3097 nec
2800 3042 3125 3112 particulare
3179 3042 3379 3098 bellum
3407 3051 3502 3097 aut

1891 3136 2197 3191 universale
2245 3135 2299 3191 in
2329 3136 2489 3192 terris
2535 3133 2756 3199 fuisset,
2804 3134 3120 3190 christianis
3175 3138 3339 3192 etiam
3397 3150 3499 3206 pax

1893 3230 2047 3285 ﬁrma
2078 3228 2393 3300 stabilisque
2421 3230 2828 3300 permansisset.
2859 3228 2989 3284 lmle
3016 3227 3296 3283 concludit
3335 3226 3498 3283 ﬁdem

214 3326 457 3393 quentias,
490 3340 556 3381 ex
585 3326 901 3381 docentium
926 3327 1247 3383 auctoritate
1280 3326 1501 3397 probata
1528 3337 1631 3395 est,
1664 3344 1785 3401 qua:
1812 3326 1857 3390 C
1890 3326 1938 3381 ei
1962 3339 2177 3379 omnem
2207 3337 2328 3379 esse
2356 3321 2748 3393 derogandum.
2776 3321 2930 3387 Quod
2958 3322 3003 3377 si
3031 3321 3342 3376 evenissent
3368 3335 3491 3392 quae

216 3426 263 3472 et
291 3419 399 3489 ipsa
419 3420 535 3474 aliis
559 3430 678 3476 erat
702 3419 979 3476 miraculis
1010 3420 1418 3487 commendata;
1452 3422 1576 3477 facit
1609 3432 1785 3478 tamen

215 3512 440 3569 nonnihil
468 3512 533 3567 ad
576 3515 981 3584 praemissarum
1012 3530 1226 3586 quoque
1254 3513 1532 3570 veritatem
1553 3558 1565 3581 ,
1596 3531 1788 3575 conse-

218 3606 536 3674 quentiarum
561 3622 782 3679 quoque
826 3607 940 3677 ipsa
979 3607 1362 3678 probabilitas,
1397 3618 1613 3678 tamque
1662 3619 1786 3682 apta

216 3698 339 3755 inter
362 3716 417 3757 se
435 3710 487 3757 et
512 3716 635 3757 cum
666 3702 1035 3773 phamomenis
1060 3706 1345 3759 connexio.
1365 3703 1496 3758 Nam
1518 3705 1569 3759 in
1593 3706 1784 3777 hujus-

217 3796 343 3851 modi
388 3800 559 3853 causis
607 3812 746 3869 quas
773 3798 919 3867 ipsas
960 3796 1103 3853 nulla
1136 3806 1319 3853 nostra
1346 3815 1374 3851 a
1420 3799 1583 3868 priori
1616 3800 1786 3855 ratio-

218 3889 395 3945 cinatio
418 3891 663 3962 attingit,
702 3889 755 3945 id
783 3906 949 3944 unum
996 3890 1213 3945 student
1244 3889 1524 3958 homines,
1578 3899 1638 3945 ut
1684 3892 1786 3947 sibi

217 3983 477 4055 quamdam
518 3984 725 4055 ﬁngant
755 3982 1080 4055 bypothesin
1109 3998 1229 4053 quae
1255 3997 1376 4038 cum
1416 3984 1788 4053 phamomenis

218 4087 325 4146 apte
349 4078 651 4141 conveniat,
678 4091 778 4133 nec
798 4077 957 4133 aliam
976 4084 1225 4146 quierunt
1244 4077 1363 4147 ejus
1392 4078 1785 4147 probationem,

217 4184 357 4241 quam
382 4184 557 4241 aptam
594 4170 743 4225 illam
774 4185 897 4226 cum
927 4168 1299 4239 phrenomenis
1328 4172 1787 4240 convenientiam,

217 4276 419 4336 eamque
463 4265 730 4320 veriorem
756 4264 996 4333 judicant
1026 4278 1147 4335 quae
1195 4263 1571 4334 phmnomenis
1622 4265 1791 4334 pluri-

217 4354 303 4409 bus
341 4358 620 4428 aptiusque
644 4356 957 4428 respondet.
1012 4354 1088 4412 Ita
1134 4356 1379 4425 judicant
1434 4356 1503 4411 de
1554 4358 1791 4421 moribus

217 4448 404 4504 orbium
437 4449 767 4515 caelestium,
820 4447 1047 4503 marium
1070 4490 1084 4513 ,
1117 4458 1546 4519 ventorumque:
1576 4449 1643 4504 de
1672 4464 1790 4503 ma-

217 4542 369 4611 ειδεώ
421 4540 612 4597 natura
668 4541 1005 4612 aliorumque
1061 4541 1113 4596 id
1162 4556 1333 4613 genus
1386 4542 1649 4596 omnium.
1683 4541 1833 4598 Nec:

223 4642 379 4693 tamen
408 4638 585 4693 minus
610 4647 695 4693 est
720 4652 749 4690 a
793 4636 950 4692 nobis
977 4637 1185 4692 occulta
1216 4636 1355 4693 ratio
1399 4635 1752 4707 providentia:
1774 4680 1790 4703 ,

1894 3416 2150 3489 przedicta
2180 3424 2327 3482 sunt,
2359 3430 2460 3487 pro
2482 3416 2669 3470 talium
2709 3423 3001 3471 eventuum
3028 3415 3327 3486 frequentia
3366 3428 3497 3485 pro-

1894 3509 2073 3581 pheta:
2102 3509 2238 3563 fides
2268 3509 2437 3577 magis
2485 3520 2602 3563 erat
2651 3508 2897 3563 minusve
2947 3506 3205 3562 stabilita.
3258 3505 3497 3563 Omnino

1891 3599 2223 3658 solidissima
2251 3608 2371 3654 erat
2403 3598 2713 3670 hujusmodi
2738 3599 3172 3669 argumentatio,
3207 3613 3307 3653 nec
3340 3596 3499 3654 video

1892 3694 2019 3764 quid
2082 3693 2135 3747 in
2192 3706 2256 3749 ea
2297 3690 2704 3762 reprehendere
2732 3695 2975 3764 possint.
3033 3690 3232 3745 nedum
3285 3689 3499 3757 ridere,

1892 3802 2095 3843 scurra:
2116 3786 2298 3855 athei;
2350 3800 2451 3841 nec
2476 3784 2602 3857 quid
2634 3786 2811 3841 simile
2843 3785 3139 3841 obtendere
3165 3784 3375 3856 possint
3405 3798 3503 3854 pro

1892 3881 2004 3935 suis
2027 3922 2042 3945 ,
2072 3894 2208 3950 quas
2231 3878 2389 3934 hodie
2416 3877 2693 3934 venditant
2740 3876 3062 3948 proplictiis,
3107 3876 3221 3932 heri
3278 3874 3502 3931 nudius-

1895 3974 2190 4044 tertiusque
2231 3973 2341 4027 nati
2384 3972 2637 4039 fanatici,
2687 3973 2801 4027 sive
2846 3986 3032 4028 eorum
3088 3972 3177 4043 qui
3223 3971 3499 4026 communi

1895 4067 2313 4137 protestantium
2346 4066 2609 4121 vocabulo
2638 4074 2952 4133 censentur,
2977 4066 3090 4121 sive
3121 4067 3281 4120 etiam
3312 4079 3501 4119 eorum

1895 4176 2033 4232 quos
2061 4162 2318 4233 mysticos
2344 4159 2620 4230 appellant
2660 4158 2940 4231 theologos
2981 4160 3261 4231 pontiﬁcii.
3316 4157 3499 4213 Neutri

1896 4252 2233 4323 argumentis
2289 4252 2613 4308 extrinsecis
2664 4262 2921 4320 utuntur,
2996 4253 3113 4307 sive
3181 4251 3499 4320 miraculis,

1896 4361 2077 4401 coram
2104 4356 2156 4401 et
2186 4346 2239 4400 itt
2270 4347 2583 4416 propatulo,
2631 4346 2793 4417 inque
2817 4344 3110 4400 infidelium
3144 4344 3279 4401 facie
3304 4344 3501 4411 editis,

1898 4441 2012 4495 sive
2043 4441 2297 4509 aliorum,
2330 4455 2359 4494 a
2390 4439 2547 4495 nobis
2572 4441 2735 4496 etiam
2768 4442 3072 4511 agnitorum
3108 4440 3500 4511 prephetarum

1899 4538 2249 4594 testimoniis.
2322 4536 2507 4593 Neutri
2576 4535 2901 4593 testimoniis
2968 4534 3315 4600 intrinsccis,
3389 4533 3504 4591 sive

1898 4632 2140 4688 cordium
2172 4629 2468 4687 infidelium
2497 4631 2775 4702 patefactis
2818 4630 3066 4695 occultis,
3117 4630 3233 4685 sive
3279 4628 3495 4684 futuro-

221 4742 358 4798 quam
382 4731 593 4786 orbium
616 4728 943 4786 cmlestium.
982 4727 1091 4784 Nec
1135 4730 1316 4783 minus
1362 4736 1488 4798 apte
1537 4727 1792 4782 convenit
1818 4724 1870 4785 D
1898 4741 2017 4780 rum
2048 4724 2479 4796 contingentium
2509 4723 2893 4793 praedictione,
2915 4720 3025 4793 jam
3056 4720 3146 4775 diu
3175 4732 3303 4776 ante
3331 4735 3501 4776 even-

220 4835 322 4880 οιαὶ
358 4823 729 4894 phzenomenis
755 4823 875 4881 haec
901 4822 1320 4886 christianorum
1349 4822 1419 4878 de
1447 4822 1789 4893 providentia

222 4916 538 4989 hypothesis,
577 4933 739 4989 quam
770 4917 1045 4973 Ptolemmi
1076 4917 1164 4972 illa
1189 4960 1202 4982 ,
1235 4918 1354 4972 sive
1390 4914 1552 4971 etiam
1582 4915 1787 4987 Ceper-

220 5009 341 5074 nici,
374 5012 486 5068 sive
520 5010 745 5067 alterius
787 5012 1024 5079 cujusvis
1049 5010 1362 5065 Astronomi
1386 5024 1509 5065 cum
1543 5017 1787 5063 motuum

222 5097 408 5158 illorum
446 5103 845 5175 pbmnomenis.
874 5101 1075 5158 Contra
1108 5105 1287 5172 potius
1331 5102 1490 5173 lOnge
1527 5102 1793 5157 certiores

220 5203 348 5248 erant
366 5193 784 5251 christianorum
809 5194 970 5250 etiam
999 5203 1205 5249 natura:
1230 5193 1784 5261 imperitissimorum,

221 5282 274 5340 de
318 5285 502 5343 futuris
552 5288 994 5359 contingentibus
1044 5287 1378 5357 prophetize,
1433 5302 1593 5358 quam
1639 5286 1785 5358 peri-

222 5377 518 5436 tissimorutn
578 5382 741 5435 etiam
793 5380 1193 5451 astrologorum
1251 5379 1473 5450 judicia.
1544 5380 1621 5435 Ex
1679 5395 1787 5451 quo

217 5470 259 5528 id
290 5474 439 5531 etiam
462 5480 799 5548 sequebatur
830 5475 988 5545 longe
1029 5489 1155 5529 esse
1192 5474 1539 5531 verisimilius
1559 5516 1573 5540 ,
1601 5489 1631 5527 a
1676 5474 1787 5529 Deo

214 5578 315 5624 esse
342 5568 472 5633 haec,
505 5585 668 5641 quam
697 5585 726 5623 a
757 5569 952 5639 quovis
983 5569 1305 5624 naturalium
1336 5582 1622 5622 causarum
1651 5580 1785 5621 con-

212 5673 349 5716 sensu
373 5662 682 5733 repetenda.

268 5752 700 5826 533.—Probata
728 5769 866 5826 ergo
884 5754 1281 5825 prophetiarum
1305 5754 1698 5825 praeteritarum
1719 5768 1786 5808 ex

212 5859 371 5904 eventu
401 5850 661 5916 veritate,
703 5849 781 5903 ita
810 5847 1007 5903 deinde
1035 5847 1313 5919 prepheta:
1358 5849 1654 5902 auctoritas
1702 5859 1790 5900 ac-

212 5946 339 6003 cessit
361 5945 427 6005 ad
456 5948 695 6005 aliarum
731 5942 1145 6017 prophetiarum
1197 5956 1506 6000 successum
1539 5940 1789 5997 similiter

1894 4830 2009 4874 tum
2041 4817 2352 4883 manifesta,
2386 4817 2762 4887 publicamque
2790 4815 2843 4870 in
2874 4816 3045 4869 lucem
3078 4813 3247 4869 edita.

1965 4910 2108 4982 §3i.
2142 4940 2214 4951 —
2244 4908 2495 4965 Monendi
2541 4918 2667 4964 sunt
2707 4906 2921 4962 interim
2964 4906 3196 4962 lectores
3242 4919 3347 4961 non
3379 4920 3501 4962 esse

1893 5015 2072 5061 tamen
2129 5004 2271 5077 quod
2324 5004 2709 5074 prophetarum
2770 5003 2952 5057 omnia
3014 5001 3336 5073 prophetico
3390 5003 3499 5057 sint

1893 5100 2107 5171 spiritui
2165 5096 2471 5156 tribuenda.
2520 5096 2599 5153 Ne
2643 5098 2745 5151 hoc
2790 5094 3010 5164 quidem
3050 5094 3224 5151 Judmi
3255 5094 3326 5151 de
3366 5095 3501 5161 suis,

1894 5212 1995 5252 nec
2039 5195 2110 5250 de
2142 5185 2351 5268 Pythiis
2378 5193 2553 5250 (ἔτωοί
2581 5236 2596 5258 ,
2653 5206 2752 5247 nec
2796 5192 2865 5247 de
2896 5191 3179 5262 prophetis
3210 5191 3322 5246 suis
3366 5206 3502 5261 gen-

1892 5293 2013 5348 tiles
2057 5288 2180 5355 alii,
2232 5290 2519 5346 Pltmnices
2557 5297 2717 5359 atque
2771 5286 3044 5358 Aigyptﬁ,
3092 5302 3193 5341 nec
3235 5285 3327 5354 qui
3374 5301 3501 5356 pro-

1889 5385 2081 5456 phetas
2129 5391 2502 5454 agnoverunt,
2546 5379 2686 5434 ttllos
2745 5379 2999 5434 docuisse
3063 5380 3320 5433 arbitror.
3388 5378 3501 5431 Eli-

1891 5491 2057 5531 sazum
2088 5475 2243 5529 latuit
2270 5470 2623 5531 Sunamitidis
2652 5470 3025 5526 infortunium.
3061 5470 3309 5525 Humano
3334 5467 3498 5523 etiam

1891 5569 2083 5638 Spiritu
2114 5568 2283 5623 edidit
2325 5566 2580 5621 nonnulla
2611 5564 2988 5619 sanctissimus
3017 5562 3336 5633 Apostolus.
3376 5558 3493 5615 Non

1891 5671 1973 5717 est
2025 5661 2186 5731 igitur
2240 5660 2517 5731 propheta:
2570 5657 2704 5712 ﬁdes
2751 5658 2801 5712 in
2836 5657 3055 5710 dubium
3109 5653 3387 5717 vocanda,
3451 5653 3497 5707 si

1892 5767 1996 5824 qua
2044 5752 2118 5806 illi
2179 5751 2488 5806 humanitus
2534 5751 2674 5804 dicta
2727 5748 3059 5813 exciderint,
3119 5747 3219 5799 hoc
3273 5751 3390 5805 est,
3443 5744 3498 5797 in

1894 5847 1959 5901 iis
2007 5862 2129 5916 quae
2186 5862 2283 5902 nec
2326 5848 2441 5916 ipSe
2490 5844 2714 5914 Spiritui
2771 5844 2893 5907 Dei,
2960 5844 3055 5897 sed
3112 5858 3209 5896 suo
3267 5837 3493 5905 potius,

1896 5941 2103 5995 tribuit.
2141 5940 2208 5997 Ut
2250 5941 2295 5996 si
2326 5938 2617 6011 Apostolus
2664 5937 2716 5990 in
2762 5936 2824 5988 iis
2864 5950 2984 6001 qua:
3035 5949 3121 5999 se,
3170 5944 3271 5983 non
3312 5926 3498 5979 Domi-
