3888 6382
341 391 412 448 27
1300 389 1672 451 DODWELLI
1710 389 2160 452 DISSER'I‘ATIO
2195 390 2610 450 CYPRIANICA
3568 397 3638 452 28

343 521 472 563 num
521 505 724 568 hortari
766 508 1008 577 monuit,
1073 519 1340 578 errasset;
1385 525 1496 568 non
1550 511 1738 568 debuit
1783 511 1837 568 id
1882 511 1936 566 in
1961 512 2016 573 Α
2041 507 2384 563 revelaverat
2425 508 2682 578 Spiritus.
2713 507 3053 582 Colligebant
3081 512 3262 583 potius
3288 526 3357 569 ex
3389 522 3500 569 tam
3530 513 3642 571 fre-

343 597 587 656 fraudem
650 601 848 660 cedere
910 604 1139 662 aliarum
1182 605 1301 677 ejus
1354 607 1776 676 prophetiarnm.
1834 605 1940 660 Ne-

344 708 452 764 que
477 709 609 750 vero
641 695 712 750 ita
744 697 949 752 incerta
978 708 1095 760 est.
1127 707 1188 754 ut
1216 699 1386 754 voluit
1424 698 1678 768 profanus
1702 697 1939 753 Theolo-

343 784 702 855 gico-Politici
769 798 988 856 auctor,
1040 791 1232 846 horum
1295 791 1572 862 utriusque
1638 789 1935 846 distinctio.

345 879 464 946 Quo
519 877 641 935 loco
698 882 1002 938 cautionem
1050 884 1489 954 interposuerant
1527 887 1668 938 sacri
1713 886 1941 956 scripto-

344 986 466 1038 res,
517 987 581 1027 ea
624 976 738 1043 ipsa
787 974 966 1034 cautio
1011 975 1223 1046 signum
1271 988 1416 1043 erat,
1463 978 1778 1046 excipienda
1819 995 1941 1034 esse

345 1065 462 1120 sola
512 1065 588 1128 de
629 1067 822 1136 quibus
882 1065 1065 1122 fuerat
1122 1078 1372 1135 cautum,
1450 1069 1655 1141 reliqua
1715 1071 1783 1126 de
1840 1071 1945 1126 alio

348 1173 470 1215 esse
514 1159 707 1230 spiritu
739 1159 1109 1231 intelligenda.
1143 1163 1212 1217 Ita
1245 1164 1366 1233 quia
1398 1163 1451 1217 in
1487 1165 1704 1232 scriptis
1744 1165 1945 1234 episto-

346 1252 443 1318 lis,
487 1253 533 1307 si
599 1268 703 1325 qua
761 1269 861 1310 suo
912 1255 1104 1325 spiritu
1155 1256 1469 1327 protulisset
1521 1257 1847 1328 Apostolus.
1893 1256 1943 1311 id

347 1350 523 1419 ipsum
597 1348 826 1403 duxerat
883 1363 1006 1404 esse
1067 1352 1431 1412 monendum.
1488 1353 1645 1419 plane
1702 1349 1946 1419 sequitur

348 1438 684 1510 reliquorum
749 1449 1023 1497 auctorem
1066 1441 1306 1497 divinum
1374 1444 1634 1509 Spiritum
1683 1455 1804 1496 esse
1844 1440 1944 1495 ha-

349 1529 607 1585 bendum.
666 1533 869 1587 Contra
896 1535 1019 1603 quia
1059 1534 1330 1604 lgnatius,
1369 1549 1489 1604 quae
1521 1533 1699 1588 divino
1743 1531 1944 1601 Spiritu

349 1631 569 1676 auctore
641 1622 843 1689 edidit,
903 1639 1090 1679 eorum
1161 1625 1379 1681 disertis
1439 1623 1617 1680 verbis
1686 1623 1944 1694 Spiritum

349 1723 623 1773 auctorem
654 1716 1010 1784 praeferebat,
1044 1717 1096 1771 id
1127 1732 1338 1787 quoque
1360 1718 1628 1787 sequitur,
1661 1718 1726 1770 iis
1748 1731 1948 1782 excep-

349 1805 448 1869 tis.
483 1805 689 1876 reliqua
733 1810 942 1876 privato
980 1823 1109 1862 esse
1147 1809 1334 1879 lguatii
1377 1809 1587 1879 spiritui
1639 1808 1943 1863 tribuenda.

2046 601 2234 668 quenti
2280 610 2648 656 extremorum
2683 611 2986 673 temporum
3029 605 3304 662 mentione
3330 607 3384 661 in
3425 606 3646 663 Veteris

2046 692 2379 750 Testamenti
2411 695 2744 765 prophetiis,
2782 697 2996 768 quoties
3023 698 3091 754 de
3118 698 3283 754 rebus
3321 701 3648 770 evangelicis

2047 787 2287 841 occurrit
2331 787 2538 842 mentio
2560 829 2576 854 ,
2606 803 2727 859 qua;
2759 798 2935 845 tamen
2968 790 3035 846 de
3071 791 3301 861 judaica:
3330 794 3649 848 oeconomia

2048 880 2246 934 ultimis
2289 881 2623 950 temporibus
2671 883 2804 937 satis
2851 885 3134 940 commode
3183 893 3431 954 poterant
3483 886 3647 941 intel-

2048 971 2160 1041 ligi.
2217 971 2454 1026 Omnino
2494 988 2706 1044 :equum
2741 989 2846 1029 non
2876 985 2960 1029 est
2997 986 3057 1030 ut
3099 975 3224 1031 illos
3253 978 3529 1032 hominum
3561 994 3649 1033 ero

2049 1077 2202 1117 rores
2253 1063 2476 1133 Spiritui
2532 1065 2860 1135 imputemus
2910 1081 3047 1136 quos
3099 1083 3201 1123 nec
3248 1061 3363 1138 ipse
3412 1068 3651 1137 Spiritus

2049 1166 2364 1226 susceperat
2391 1157 2772 1227 corrigendos;
2803 1174 2903 1213 nec
2931 1158 2981 1212 id
3010 1159 3182 1228 ipsum
3213 1161 3530 1216 asserebant
3555 1161 3650 1230 qui

2049 1250 2119 1306 ab
2162 1251 2253 1304 illo
2297 1249 2676 1319 spiritnafﬂati
2707 1261 2897 1317 erant,
2925 1267 3046 1308 esse
3072 1251 3123 1307 id
3153 1269 3183 1306 a
3230 1253 3420 1322 spiritu
3464 1266 3654 1308 susce-

2050 1350 2219 1410 ptum.
2276 1336 2610 1411 Suppete‘bat
2665 1343 2880 1397 interim
2935 1345 3067 1398 satis
3112 1350 3260 1398 certa
3309 1344 3434 1405 illa,
3485 1358 3652 1413 quam

2049 1431 2314 1496 diximus,
2366 1432 2645 1502 judicaudi
2679 1435 2836 1489 ratio.
2887 1435 2942 1491 Si
2974 1436 3116 1490 enim
3161 1436 3246 1490 vel
3276 1437 3489 1490 illorum
3523 1451 3650 1506 qua:

2053 1525 2333 1594 perspicua
2370 1535 2555 1589 erant,
2607 1541 2710 1581 nec
2767 1527 3256 1605 ullum‘habebant
3305 1528 3657 1582 obscuritatis

2051 1611 2301 1688 effugium
2329 1663 2343 1687 ,
2377 1633 2607 1690 qumque
2648 1622 2875 1690 spiritus
2929 1621 3146 1676 nomine
3191 1630 3374 1676 essent
3421 1635 3449 1673 a
3490 1641 3658 1676 πνευ-

2051 1722 2285 1785 ματικοῖς
2319 1713 2592 1768 venditata
2618 1755 2632 1778 ,
2674 1725 2938 1784 perpetuo
2969 1714 3255 1769 constabat
3287 1713 3421 1768 fides
3441 1755 3456 1778 ,
3491 1729 3592 1768 nec
3622 1727 3654 1767 a

2053 1820 2111 1860 se
2151 1806 2304 1859 ullibi
2337 1805 2666 1862 dissentiens
2690 1849 2705 1874 ,
2733 1807 2784 1860 id
2816 1808 2990 1877 ipsum
3018 1817 3338 1878 argumento
3363 1815 3482 1862 erat
3518 1807 3656 1862 satis

423 1897 452 1970 ς
492 1899 582 1954 55.
607 1899 802 1954 —Sed
835 1908 889 1954 et
915 1901 964 1954 id
994 1902 1306 1957 existimant
1330 1902 1594 1968 nonnulli,
1618 1915 1774 1956 veros
1798 1900 1950 1956 affla-
1978 1911 2026 1970 Β
2053 1895 2439 1952 manifestoet
2490 1899 2681 1967 spiritu
2723 1897 2937 1953 amatos
2977 1913 3100 1954 esse
3140 1899 3230 1967 qui
3261 1913 3322 1953 ea
3377 1897 3659 1967 praedixe-

349 2005 542 2061 tosque
586 1992 675 2048 Dei
707 1992 910 2062 Spiritu
949 1995 1277 2064 prophetas,
1324 1996 1375 2049 in
1427 1995 1786 2050 revelatornm
1829 2010 1945 2048 ma-

351 2081 699 2140 nifestatione
730 2101 829 2140 suo
855 2101 976 2142 esse
1007 2088 1218 2157 Spiritui
1253 2089 1579 2158 permissos,
1625 2099 1681 2142 ut
1721 2104 1816 2156 pro
1849 2104 1947 2143 suo

351 2185 510 2247 captu
555 2193 617 2233 ea
649 2179 769 2235 aliis
797 2181 1221 2247 ennuntiarent,
1273 2182 1362 2252 qui
1406 2181 1546 2235 alius
1593 2192 1709 2236 erat
1752 2182 1806 2236 in
1840 2182 1946 2236 alio

352 2269 616 2325 excultior
653 2279 815 2340 atque
843 2274 1178 2327 exornatior.
1220 2272 1276 2328 Si
1318 2273 1498 2343 itaque
1545 2274 1595 2326 in
1653 2275 1813 2327 rebus
1852 2273 1948 2326 ob-

351 2363 457 2417 iter
484 2361 737 2417 notandis
757 2405 772 2428 ,
797 2379 897 2419 nec
927 2364 995 2419 ad
1023 2364 1354 2434 praecipuum
1381 2365 1680 2434 prophetiae
1701 2381 1945 2435 scopum,

352 2455 636 2526 quicquam
699 2455 1054 2524 facientibus,
1107 2458 1220 2512 sive
1277 2471 1388 2511 sua:
1439 2458 1718 2514 memoriae
1758 2458 1944 2528 lapsu,

352 2547 466 2602 sive
502 2547 628 2602 dum
671 2564 731 2604 se
775 2548 1080 2604 auditorum
1108 2550 1351 2604 erroneis
1398 2550 1614 2620 quidem
1666 2551 1803 2614 illis,
1854 2550 1948 2605 sed

353 2640 591 2709 receptis
622 2650 801 2696 tamen
852 2642 1182 2712 praeiudiciis
1229 2643 1679 2710 accommodant,
1715 2658 1834 2710 qua:
1866 2652 1948 2697 ta-

356 2747 478 2787 men
517 2743 674 2788 erant
714 2737 1268 2804 argumentationibus
1289 2778 1303 2799 ,
1335 2751 1496 2807 quam
1539 2736 1650 2805 ipsa
1681 2737 1911 2790 revelata
1933 2778 1948 2801 ,

353 2828 523 2899 magis
569 2827 797 2895 idonea,
847 2831 971 2898 quia
1002 2828 1118 2885 haec
1170 2829 1443 2899 probanda
1474 2841 1664 2896 erant,
1721 2831 1823 2884 illis
1877 2830 1952 2884 uti

357 2928 603 2988 poterant
643 2930 700 2974 ut
755 2923 1026 2975 concessis
1085 2940 1097 2976 :
1149 2922 1194 2975 si
1244 2922 1294 2975 in
1343 2921 1428 2976 his
1463 2922 1676 2992 inquam
1729 2921 1954 2976 halluci-

355 3012 463 3067 nati
489 3023 704 3079 essent,
753 3030 823 3068 ne
875 3016 918 3070 is
949 3014 1168 3084 quidem
1195 3030 1350 3070 error
1381 3027 1525 3070 esset
1563 3016 1776 3086 spiritui
1827 3033 1952 3086 pro-

356 3102 573 3172 phetico
641 3105 1007 3176 imputandus.
1067 3107 1222 3172 Quod
1283 3108 1461 3177 itaque
1525 3124 1622 3178 pro
1695 3108 1956 3163 Zaeliaria

356 3195 642 3252 Jeremiam
673 3198 853 3253 laudat
880 3199 1222 3268 Evangelista
1247 3218 1260 3266 ;
1303 3200 1445 3268 quod
1470 3200 1578 3255 450
1609 3216 1778 3254 annos
1807 3200 1956 3255 Judi-

2052 1999 2204 2055 rant,
2238 2001 2292 2045 et
2317 1988 2534 2058 quidem
2559 1991 2909 2045 veracissimo
2936 1990 3028 2044 illo
3071 1999 3231 2059 atque
3269 1987 3407 2044 adeo
3433 1988 3656 2051 divino.

2051 2095 2110 2138 ιιι
2149 2086 2375 2153 proinde
2455 2094 2674 2150 essent,
2732 2086 2785 2138 in
2848 2084 2967 2138 aliis
3031 2099 3246 2154 quoque
3314 2082 3655 2148 manifestis,

2051 2177 2382 2246 spiritusque
2426 2178 2644 2230 nomine
2693 2174 2978 2231 nranifeSto
3021 2175 3347 2241 venditatis,
3402 2175 3660 2228 similiter

2049 2271 2330 2327 credendi.
2389 2271 2445 2325 Si
2494 2282 2684 2325 contra
2744 2272 3152 2340 perspicuornm
3187 2269 3370 2323 fidem
3427 2278 3660 2322 eventus

2050 2364 2358 2431 fefellisset,
2377 2366 2430 2420 id
2463 2367 2595 2420 satis
2614 2375 2733 2420 erat
2759 2367 2826 2420 ad
2845 2365 3103 2420 similium
3127 2359 3464 2435 reliquorum
3485 2363 3652 2418 fidem

2053 2459 2444 2530 abrogandam.

2124 2551 2152 2621 §
2182 2551 2272 2606 58.
2294 2582 2363 2592 —
2387 2552 2551 2607 Recte
2586 2552 2803 2621 quidem
2837 2552 3133 2621 hucusque,
3166 2553 3217 2605 ni
3250 2552 3426 2614 fallor,
3457 2551 3656 2606 obscu.

2053 2658 2232 2697 rarum
2266 2643 2666 2712 prophetiarum
2716 2643 2876 2696 fidem
2909 2660 2971 2698 ex
3017 2643 3316 2698 manifestis
3355 2643 3655 2698 confirma-

2053 2737 2228 2790 vimus
2246 2778 2259 2801 ,
2288 2751 2408 2790 cum
2431 2736 2675 2804 ejusdem
2701 2735 2979 2805 prophetae
3010 2736 3238 2800 fuissent
3264 2735 3511 2794 obscurae
3541 2735 3655 2789 illa:

2055 2831 2210 2897 cujus
2243 2829 2560 2885 manifestas.
2609 2828 2826 2895 Quaeret
2877 2839 3057 2884 autem
3103 2829 3332 2884 fortasse
3358 2871 3372 2894 ,
3412 2843 3514 2883 nec
3553 2828 3658 2882 im-

2056 2924 2282 2986 merito,
2316 2925 2508 2989 lector,
2537 2939 2658 2977 cum
2688 2923 2756 2977 ad
2784 2924 3031 2978 diversos
3060 2924 3163 2977 illa:
3203 2923 3501 2993 prophetiae
3532 2937 3660 2991 per-

2058 3016 2322 3079 tiuerent,
2367 3025 2423 3067 ut
2446 3015 2669 3068 alterius
2701 3013 3001 3068 manifestae
3059 3024 3276 3078 essent,
3309 3014 3532 3069 alterius
3560 3015 3663 3068 ob-

2059 3122 2230 3161 scura:
2261 3122 2448 3161 omnes
2469 3148 2483 3168 ,
2516 3107 2673 3160 nullze
2723 3108 3054 3171 manifesta-3,
3087 3120 3194 3175 quo
3227 3116 3384 3175 pacto
3424 3114 3654 3171 essent,

2061 3201 2113 3253 in
2157 3214 2223 3254 eo
2262 3214 2426 3265 casu,
2482 3200 2728 3254 obscura:
2782 3216 2810 3252 a
2847 3201 3146 3254 manifestis
3190 3199 3662 3269 comprobanda}?

358 3291 528 3357 cibus,
580 3291 651 3347 40
695 3291 842 3347 Sauli
895 3295 1091 3348 tribuat
1135 3294 1453 3362 Apostolus,
1500 3295 1642 3364 quod
1686 3294 1948 3349 incertum
1978 3301 2022 3362 C
2059 3293 2274 3346 Poterat
2301 3292 2516 3360 quidem
2549 3309 2614 3346 ex
2653 3293 2858 3346 indubii
2901 3292 3176 3360 pr0plietze
3209 3293 3518 3346 testimonio
3551 3290 3662 3345 du-

359 3382 650 3436 stadiorum
700 3398 980 3438 numerum
1023 3394 1288 3439 memorat
1329 3385 1384 3439 S.
1435 3385 1642 3447 Lucas.
1690 3387 1953 3440 incertum

360 3474 756 3545 Baptizatorum
812 3479 866 3533 S.
925 3479 1146 3544 Paulus;
1215 3480 1372 3548 plane
1449 3480 1676 3532 innuunt
1737 3479 1954 3532 relictas

360 3584 480 3624 esse
520 3573 839 3641 scriptormn
895 3572 1142 3627 humanis
1201 3573 1447 3642 eaptibus
1490 3573 1802 3638 huiusmodi
1853 3573 1954 3626 mi-

361 3662 566 3725 nutias,
611 3679 710 3719 nec
753 3680 873 3720 esse
914 3673 1193 3735 propterea
1236 3665 1378 3735 quod
1425 3665 1476 3718 in
1509 3663 1768 3735 Spiritum
1819 3664 1954 3718 divi-

361 3771 486 3810 num
526 3757 848 3812 referantur.

437 3849 464 3921 §
498 3849 662 3904 36.——
678 3849 772 3904 Est
800 3860 852 3904 et
879 3849 1021 3904 aliud
1052 3850 1354 3919 exemplum
1383 3851 1434 3904 in
1466 3866 1572 3920 quo
1602 3865 1706 3904 non
1741 3849 1953 3903 illorum

361 3943 524 3996 modo
578 3944 667 4012 qui
733 3943 1045 4014 proplietias
1086 3943 1394 4010 audissent,
1451 3943 1545 3997 sed
1601 3955 1655 3997 et
1717 3945 1953 4011 ipsorum

361 4052 576 4106 quoque
626 4041 1011 4107 preplietarum
1071 4037 1314 4106 irrepere
1363 4037 1566 4105 possint
1625 4051 1866 4101 errores,
1905 4037 1955 4089 in

363 4131 766 4201 proplietiarum
818 4131 1023 4184 scilicet
1073 4129 1424 4183 obscurarum
1495 4128 1952 4197 interpretatione.

366 4224 532 4278 Erant
562 4224 707 4278 enim
753 4222 1025 4276 nonnulla)
1058 4221 1354 4292 prophetiae.
1394 4230 1544 4274 certo
1570 4221 1801 4289 quodam
1842 4220 1958 4289 Spi-

365 4319 499 4372 ritus
545 4316 802 4382 c0usi|io,
868 4315 938 4369 ita
984 4315 1267 4377 obscurze,
1323 4321 1512 4367 utnon
1570 4324 1792 4382 possent
1846 4314 1962 4367 sine

365 4410 468 4465 alia
509 4409 838 4463 revelatione
890 4407 1144 4476 intelligi;
1197 4417 1252 4460 nt
1299 4407 1486 4475 prium:
1540 4422 1645 4460 non
1698 4404 1863 4458 alium
1910 4405 1961 4457 in

369 4502 527 4557 ﬁnem
572 4501 710 4555 datae
762 4499 1103 4567 viderentur,
1153 4515 1312 4570 quam
1368 4508 1422 4553 ut
1487 4507 1797 4552 sanctorum
1850 4511 1964 4567 pro-

368 4594 651 4664 phetarum
696 4593 1067 4648 curiositatem
1119 4591 1555 4662 diligentiamque
1585 4607 1682 4661 pro
1713 4591 1964 4645 secundis

2058 3386 2177 3440 bius
2205 3386 2596 3440 commendari.
2629 3386 2760 3440 Erat
2788 3396 2966 3440 tamen
2997 3397 3047 3440 et
3075 3385 3178 3438 alia
3225 3384 3488 3454 probandi
3521 3385 3663 3438 ratio

2057 3496 2083 3533 a
2110 3480 2383 3534 communi
2410 3481 2633 3547 spiritus
2665 3483 2873 3535 unitate
2901 3483 3089 3549 petita.
3135 3481 3212 3536 lla
3239 3482 3382 3534 enim
3417 3495 3481 3534 ex
3515 3480 3663 3533 illius

2056 3574 2154 3628 atri
2222 3574 2498 3644 principiis
2569 3574 2718 3628 licuit
2768 3574 3170 3644 argumentari,
3230 3575 3321 3644 qui
3377 3573 3445 3630 ad
3494 3589 3662 3627 unam

2058 3669 2408 3738 eamdemque
2434 3671 2870 3724 communionem
2893 3670 3255 3738 pertinerent,
3277 3684 3465 3724 eorum
3494 3685 3664 3722 untun

2059 3777 2180 3816 esse
2215 3763 2498 3830 Spiritum,
2533 3778 2596 3817 ex
2641 3763 2832 3816 iisdem
2874 3764 3261 3828 Sacramentis,
3317 3761 3507 3816 iisdem
3553 3749 3667 3816 Sci-

2060 3858 2184 3912 licet
2233 3858 2420 3928 gratiie
2446 3859 2754 3925 canalibus,
2789 3858 3141 3928 ejusdemque
3190 3857 3418 3910 instituti
3463 3857 3665 3910 virtute

2061 3950 2388 4006 derivatum.
2425 3951 2534 4006 Nec
2556 3967 2616 4006 ea
2653 3952 2934 4006 dumtaxat
2989 3951 3227 4020 generali
3275 3960 3485 4004 ratione
3524 3963 3664 4003 con-

2061 4046 2353 4100 cludebant
2383 4061 2546 4100 unum
2576 4061 2697 4100 esse
2738 4048 2897 4100 unius
2929 4045 3328 4099 communionis
3374 4043 3663 4112 spiritum,

2063 4141 2208 4210 quod
2248 4141 2360 4209 pari
2396 4141 2604 4194 ratione
2646 4141 2835 4194 fuisset
2881 4140 3070 4195 iisdem
3107 4139 3461 4192 sacramentis
3499 4135 3669 4190 colla-

2066 4247 2150 4289 tus
2171 4275 2185 4300 ,
2217 4249 2335 4304 qua:
2363 4249 2484 4289 cum
2518 4233 2762 4304 symbolo
2792 4243 2977 4289 essent
2998 4244 3273 4288 certorum
3301 4230 3666 4302 quorumdam

2065 4328 2426 4397 legaliumqne
2457 4338 2735 4396 pactorum
2758 4368 2774 4392 ,
2805 4326 2871 4382 de
2901 4328 3017 4396 ipso
3057 4326 3150 4379 illo
3178 4325 3431 4378 nimirum
3470 4322 3667 4391 spiritu

2068 4420 2432 4486 conferendo,
2466 4434 2571 4473 non
2602 4427 2850 4488 poterant
2885 4433 3016 4472 sane
3058 4417 3194 4471 alios
3225 4416 3463 4484 obligare
3501 4428 3668 4483 quam

2069 4527 2298 4580 quorum
2330 4512 2418 4565 illa
2461 4522 2645 4566 essent
2688 4510 2965 4581 symbola,
3006 4517 3063 4563 ut
3107 4525 3214 4563 non
3268 4508 3438 4578 possit
3491 4506 3670 4560 malus

2071 4606 2294 4674 spiritus
2340 4606 2392 4659 in
2440 4606 2688 4660 homines
2734 4605 2976 4671 irrepere
3024 4601 3127 4656 nisi
3159 4605 3247 4671 qui
3279 4601 3514 4655 vicissim
3542 4614 3670 4654 cum

369 4689 718 4759 impetrandis
744 4690 1063 4744 excitarent.
1194 4688 1435 4742 videmus
1480 4688 1530 4742 llt
1571 4686 1788 4741 Daniele
1829 4701 1965 4757 ['tl‘iB-
1990 4698 2042 4757 Ι)
2069 4714 2134 4752 eo
2163 4699 2298 4767 pacti
2330 4707 2542 4762 essent;
2587 4711 2686 4751 nec
2726 4711 2858 4750 vero
2883 4710 3007 4750 cum
3185 4693 3383 4759 pacisci
3415 4691 3670 4747 homines

371 4785 553 4852 cipue,
608 4784 660 4836 in
702 4799 807 4853 quo
847 4785 1102 4852 frequens
1152 4791 1234 4836 est
1279 4782 1634 4837 secundarum
1702 4783 1966 4836 visionum

373 4893 468 4947 pro
521 4878 812 4947 primarum
873 4878 1322 4947 interpretatione
1377 4878 1598 4931 mentio.
1661 4877 1714 4932 Si
1789 4879 1969 4947 itaque

372 4981 498 5027 ante
534 4972 800 5027 secundas
830 4972 1067 5026 visiones
1101 4972 1216 5042 ipse
1247 4972 1449 5041 primas
1476 4985 1637 5024 ausus
1669 4972 1857 5027 fui~set
1891 4974 1971 5026 in-

377 5064 693 5134 terprctari,
757 5063 994 5118 humano
1054 5064 1294 5128 ontnino,
1342 5078 1448 5116 non
1503 5062 1705 5129 divino,
1759 5065 1971 5133 Spiritui

377 5157 665 5215 tribuenda
709 5158 902 5212 fuisset
946 5157 1254 5211 istiusmodi
1300 5157 1712 5226 interpretatio,
1759 5168 1814 5210 ut
1845 5173 1970 5226 pro-

379 5250 502 5305 inde
526 5251 643 5320 ejus
674 5266 828 5304 error
849 5292 863 5313 ,
896 5250 940 5303 si
970 5250 1090 5319 quis
1113 5249 1304 5304 fuisset
1327 5289 1343 5314 ,
1373 5250 1711 5319 iniquissime
1743 5260 1887 5304 esset
1916 5251 1966 5304 in

381 5343 640 5412 Spiritum
664 5354 910 5398 sanctum
956 5342 1291 5398 referendus.

456 5437 485 5510 §
518 5436 842 5493 57.—ldem
873 5438 1184 5494 statuebant
1207 5447 1414 5493 veteres
1442 5438 1721 5492 christiani
1741 5437 1807 5492 de
1835 5438 1974 5492 scri-

379 5529 485 5600 ptis
531 5545 746 5600 quoque
793 5530 1132 5601 prophetiis,
1188 5531 1358 5585 sicubi
1406 5531 1634 5586 fuissent
1689 5533 1971 5599 obscuris,

380 5627 481 5679 nisi
511 5625 700 5680 eodem
728 5639 834 5696 quo
862 5625 1074 5679 dictata:
1119 5624 1346 5679 fuissent
1389 5627 1579 5694 spiritu
1610 5625 1676 5679 de
1720 5642 1860 5679 novo
1892 5643 1977 5682 te—

385 5718 604 5772 vclante
637 5720 944 5788 neutiquam
974 5735 1095 5774 esse
1138 5728 1287 5772 certo
1320 5719 1715 5790 intelligemlas.
1748 5720 1862 5775 Non
1897 5733 1979 5777 est

387 5813 565 5880 itaque
597 5814 737 5880 quod
780 5815 1038 5868 miremur
1081 5822 1324 5868 veterum
1368 5813 1434 5868 de
1467 5815 1767 5885 propinquo
1797 5815 1982 5870 nitntdi

391 5906 497 5960 fine
527 5904 999 5963 lialluriuationcs.
1036 5908 1141 5963 Nec
1191 5909 1333 5963 enim
1364 5909 1511 5964 illum
1559 5909 1774 5964 disertis
1805 5909 1987 5964 verbis

2073 4805 2169 4859 per
2215 4789 2514 4861 symbolaa
2567 4789 2711 4843 bono
2764 4790 2955 4857 spiritu
3013 4786 3339 4848 constituta;
3374 4782 3469 4839 sed
3521 4785 3668 4854 quod

2070 4882 2234 4936 etiam
2265 4883 2484 4951 spiritus
2513 4880 2684 4948 ipsum
2712 4888 2857 4934 esset
2883 4879 3101 4934 unitatis
3131 4877 3183 4931 in
3211 4876 3399 4932 eadem
3423 4891 3671 4931 commu-

2074 4974 2233 5028 nione
2266 4973 2556 5026 vinculum.
2600 4970 2670 5026 Ut
2711 4973 2870 5041 igitur
2899 4986 2965 5025 ex
2996 4971 3083 5024 illa
3129 4969 3382 5024 exteriori
3423 4983 3673 5023 Commu-

2076 5067 2237 5121 nione
2265 5075 2381 5120 erat
2411 5065 2478 5120 de
2501 5065 2710 5119 interna
2738 5067 2902 5120 etiam
2930 5063 3309 5118 communione
3335 5077 3668 5133 przesumen-

2076 5163 2234 5228 dum,
2271 5163 2340 5216 ita
2387 5164 2550 5216 etiam
2580 5163 2902 5232 sequebatur
2942 5164 3032 5232 qui
3081 5161 3397 5216 eorumdem
3444 5163 3674 5216 fniSSent

2077 5265 2542 5311 sacramentorum
2621 5257 2948 5326 participes,
3020 5254 3188 5309 fuisse
3261 5253 3420 5308 etiam
3472 5255 3673 5322 pariter

2079 5349 2238 5403 uaius
2268 5350 2617 5421 ejusdemque
2643 5349 2861 5418 spiritus
2887 5348 3199 5418 participes.
3224 5347 3351 5399 Data
3382 5359 3510 5415 ergo
3531 5359 3672 5413 prce-

2082 5443 2394 5496 ternaturali
2453 5442 2632 5511 aliqua
2690 5441 2954 5504 motione,
3007 5456 3127 5509 qua:
3174 5453 3273 5493 nec
3338 5455 3365 5489 a
3408 5451 3673 5505 corporeo

2080 5534 2261 5604 aliquo
2288 5533 2481 5589 affectu
2503 5577 2518 5601 ,
2562 5549 2660 5589 nec
2690 5549 2719 5587 a
2761 5533 2986 5585 naturali
3017 5531 3385 5585 enthusiasmo
3408 5528 3676 5598 proficisci

2084 5635 2325 5698 poterat,
2363 5626 2455 5680 sed
2483 5635 2625 5680 esset
2657 5625 2816 5694 plane
2844 5623 2893 5675 in
2924 5623 3170 5691 spiritum
3213 5620 3446 5691 aliquem
3481 5619 3674 5675 confe-

2084 5721 2280 5784 renda;
2336 5720 2385 5774 id
2437 5721 2678 5788 inprimis
2719 5717 3128 5789 Sttpponendttm
3172 5726 3308 5782 erat,
3350 5731 3454 5770 non
3510 5715 3672 5770 alium

2085 5829 2203 5868 esse
2245 5813 2393 5867 illum
2441 5813 2685 5882 spiritum
2731 5827 2888 5882 quam
2932 5811 3022 5880 qui
3055 5809 3106 5863 in
3163 5810 3383 5880 reliquis
3432 5809 3675 5878 ejusdem

2087 5906 2480 5963 communionis
2527 5906 2780 5960 membris
2808 5912 3142 5974 operaretur.
3173 5901 3249 5958 .lta
3280 5912 3426 5959 recte
3460 5901 3579 5964 quis
3611 5916 3675 5954 ex
