3888 6368
213 335 268 387 go
1346 329 1430 386 DE
1472 324 1856 384 VISIONIBUS
1894 325 2368 385 PROPHETICIS.
3450 337 3522 389 50

216 449 525 518 reliquorum
557 446 952 503 membrorum
981 445 1385 518 operationibus
1405 445 1517 502 sive
1544 447 1818 522 ἐνεργείαις
1846 448 1894 506 Λ
1922 445 2080 502 video
2118 446 2262 517 quod
2301 446 2448 504 athei
2498 445 2742 503 hodierni
2791 446 2914 518 jure
2964 448 3175 520 possint
3225 447 3522 520 reprehen-

220 542 280 598 de
311 540 467 611 hujus
490 555 718 611 quoque
762 542 1003 596 membri
1060 541 1250 611 spiritu
1292 540 1532 611 judicare
1581 548 1812 607 poterat.

227 635 277 691 Si
303 635 466 688 bonus
493 631 690 687 fuisset
720 634 775 687 in
826 633 983 700 aliis,
1017 633 1190 687 malus
1231 633 1412 702 utique
1460 633 1512 686 in
1563 632 1666 686 hoc
1695 645 1818 686 esse

233 742 327 782 non
366 723 552 794 potuit.
585 726 724 792 Quae
755 724 901 779 forte
945 726 1172 780 deerant
1219 725 1272 778 in
1309 724 1410 777 hoc
1447 723 1694 778 membro
1731 738 1817 777 ar-

235 830 459 891 gumenta
496 817 690 887 quibus
731 817 991 887 distingui
1055 824 1232 885 posset
1283 825 1541 870 utrumne
1595 814 1661 869 ad
1719 815 1818 867 ho-

247 932 416 972 norum
451 923 621 978 esset,
665 930 734 969 an
785 916 964 984 potius
997 915 1257 969 maiorum
1301 930 1523 969 censum
1570 915 1814 970 referen-

251 1010 370 1072 dus;
422 1023 482 1062 ea
533 1017 710 1060 tamen
764 1008 818 1062 in
865 1009 986 1062 aliis
1032 1007 1272 1076 ejusdem
1322 1005 1568 1076 corporis
1601 1007 1814 1078 mystici

251 1100 481 1157 membris
525 1115 630 1152 non
657 1100 906 1155 deerant.
943 1101 1016 1154 Ita
1059 1100 1272 1155 tandem
1305 1115 1372 1154 eo
1415 1098 1814 1154 deveniendum

249 1205 350 1250 erat
401 1203 455 1248 ut
505 1193 683 1246 omnia
741 1208 1097 1262 quarcuinque
1153 1193 1385 1248 aliorum
1446 1193 1813 1256 membrorum

248 1287 405 1352 dona,
436 1301 528 1341 nec
567 1285 707 1340 dona
751 1285 952 1350 modo,
1004 1286 1098 1341 sed
1144 1295 1199 1341 et
1234 1297 1582 1356 argumenta,
1623 1285 1817 1354 quibus

251 1381 344 1436 hoc
397 1381 558 1449 ipsum
614 1379 816 1432 dooum
881 1379 935 1432 in
985 1380 1106 1434 aliis
1150 1379 1556 1448 comprobattnn
1606 1378 1813 1442 fuerat;

249 1489 302 1528 ea
331 1489 526 1544 quoque
551 1472 616 1528 ad
647 1473 808 1541 hujus
848 1474 1013 1528 etiam
1061 1473 1219 1528 fidem
1277 1473 1559 1528 referenda
1593 1480 1811 1539 essent,

249 1579 507 1635 utcumque
536 1566 764 1636 pr0priis
798 1566 992 1620 fuisset
1021 1567 1346 1635 argumentis
1378 1565 1718 1620 destitutum.

308 1661 335 1730 ᾗ
360 1659 442 1715 39.
459 1658 589 1712 -—ld
619 1669 797 1714 tamen
815 1661 978 1713 etiam
997 1658 1340 1728 sequebatur,
1360 1660 1562 1713 nullum
1593 1673 1714 1712 esse
1737 1665 1813 1713 ta-

251 1752 364 1806 lium
389 1753 728 1807 obscurarum
760 1750 1168 1822 prOphetiarum
1197 1751 1299 1805 nisi
1329 1751 1382 1805 in
1413 1751 1670 1806 Ecclesia:
1697 1751 1814 1804 uni-

1920 540 2068 596 dere.

1993 632 2133 705 διο.
2162 663 2234 675 --
2261 634 2339 689 De
2369 635 2671 691 visionibus
2705 645 2882 691 tamen
2913 635 2964 691 id
2986 636 3163 692 obiter
3183 637 3526 694 animadver-

1919 725 2170 791 tendum,
2197 727 2382 781 nescio
2411 742 2479 782 an
2503 727 2571 780 ab
2597 727 2719 781 aliis
2756 727 3192 783 animadversum
3218 772 3233 795 ,
3262 729 3523 799 jnvenum

1920 818 2041 873 illas
2065 818 2230 874 fuisse
2252 820 2518 889 proprias.
2543 819 2597 874 ΙιΙ
2621 835 2653 876 e
2699 819 3057 876 celeberrimo
3083 820 3179 874 illo
3207 821 3373 877 Joelis
3399 823 3524 877 loco

1919 909 2116 980 colligo
2153 929 2166 964 :
2201 909 2589 980 Prop/telubunt
2608 913 2706 980 ﬁlii
2731 921 2778 965 et
2808 913 2932 981 ﬁlia:
2957 923 3175 979 vestras;
3205 929 3350 966 senes
3371 914 3522 968 uestri

1919 1002 2118 1055 somnia
2157 1003 2481 1057 somniabunt
2499 1044 2512 1064 ,
2548 1013 2595 1056 et
2615 1005 2830 1075 juvenes
2857 1004 3010 1057 restri
3036 1005 3254 1057 visiones
3282 1003 3522 1058 videbunt

1924 1093 2094 1166 (Jocl,
2126 1111 2196 1160 ιι,
2237 1094 2362 1163 28).
2415 1096 2579 1150 l‘lane
2621 1096 2846 1151 senibus
2878 1097 2948 1150 ita
2990 1097 3198 1150 somnia
3244 1106 3517 1167 aptantur,

1919 1199 1975 1243 ut
2003 1190 2291 1258 juvenibus
2323 1191 2586 1245 visiones.
2636 1189 2948 1244 Vehemens
2997 1190 3254 1245 nimirum
3287 1191 3374 1245 illa
3421 1189 3524 1245 hu-

1919 1294 2130 1335 moruin
2185 1283 2406 1351 agitatio
2462 1295 2568 1336 non
2622 1290 2740 1336 erat
2797 1283 2897 1336 nisi
2969 1282 3020 1336 in
3095 1284 3273 1338 relatis
3339 1283 3523 1354 vigore

1920 1375 2225 1430 toleranda.
2267 1375 2534 1430 Maximus
2578 1376 2722 1430 enim
2775 1375 3095 1430 imminebat
3129 1376 3182 1430 in
3226 1375 3526 1432 visionibus

1918 1482 1948 1521 a
1979 1467 2110 1520 visis
2140 1477 2342 1531 terror,
2378 1483 2536 1539 quem
2583 1469 2877 1522 etiamnum
2922 1480 3126 1523 tantum
3173 1470 3525 1538 experiuntur

1917 1558 2007 1628 qui
2035 1574 2146 1612 rem
2193 1559 2394 1613 habent
2443 1575 2564 1614 cum
2599 1561 3100 1630 plnnitasmatibns,
3126 1572 3185 1616 ut
3223 1562 3422 1616 macies
3457 1562 3524 1616 il-

1918 1653 1999 1709 los
2045 1665 2100 1710 et
2143 1655 2316 1725 pallor
2365 1666 2628 1727 occupet,
2662 1658 2971 1728 sensimque
3020 1660 3071 1712 in
3114 1659 3520 1716 vitiosissimam

1917 1748 2163 1816 corporis
2229 1747 2600 1804 habitudinem
2657 1751 2929 1820 conjiciat.
2999 1752 3224 1807 Accedit
3282 1763 3523 1825 κατοχῆς

249 1853 346 1898 tate
394 1843 712 1914 praesidium.
786 1843 854 1898 Ut
900 1845 1043 1898 enim
1089 1843 1196 1897 illa:
1251 1859 1350 1899 suo
1401 1844 1620 1898 nomine
1675 1844 1809 1898 nihil
1840 1842 1889 1901 B
1919 1839 2086 1909 ip5ius
2131 1841 2520 1915 violentissima
2567 1843 2853 1909 distortio,
2913 1844 3092 1898 vultus
3166 1855 3329 1909 trux,
3380 1845 3522 1900 oculi

249 1935 423 1991 habent
443 1977 458 2002 ,
499 1950 602 2006 quo
637 1936 1178 1996 commendarentur;
1209 1937 1278 1990 ita
1299 1978 1314 2001 ,
1347 1936 1547 1990 violata
1571 1935 1774 1990 unitate
1794 1979 1813 2000 ,

247 2028 364 2082 nihil
391 2029 450 2082 ad
478 2044 659 2083 earum
695 2029 855 2083 tidem
890 2031 1154 2084 faciebant
1179 2030 1480 2084 extrinscca
1509 2030 1626 2084 haec
1647 2071 1662 2095 ,
1695 2045 1814 2099 qua:

246 2123 341 2176 dixi
371 2165 384 2188 ,
431 2134 760 2193 argumenta.
795 2124 851 2178 Si
883 2139 1041 2193 quem
1082 2123 1244 2178 alium
1274 2124 1587 2193 prophetam
1621 2132 1810 2177 testem

245 2215 583 2280 adhibuisset,
618 2232 687 2270 ne
737 2217 854 2284 ipse
880 2215 1094 2284 quidem
1127 2218 1277 2270 testis
1302 2257 1316 2280 ,
1359 2226 1513 2269 extra
1553 2216 1811 2269 unitatem

247 2304 519 2360 habebatur
548 2305 796 2360 idoneus.
845 2306 998 2372 Quod
1029 2321 1156 2359 vero
1196 2306 1424 2359 aliorum
1471 2306 1610 2358 dona
1639 2305 1813 2358 mani-

246 2396 630 2466 l’estatioueSque
659 2398 887 2458 attinet,
918 2397 1052 2451 nihil
1078 2397 1167 2450 illa
1207 2396 1273 2450 ad
1310 2395 1630 2466 prolihetam
1658 2406 1813 2452 extra

246 2491 473 2543 unitatem
518 2490 845 2544 attinebant.
876 2490 1015 2558 Quin
1074 2491 1284 2559 potius,
1328 2506 1390 2543 ea
1436 2492 1549 2560 ipsa
1603 2490 1814 2546 ratione

249 2596 467 2652 suspecta
513 2594 663 2648 erat,
724 2600 792 2638 ex
853 2586 937 2639 his
992 2586 1305 2655 principiis,
1355 2584 1610 2654 qua-libet
1659 2595 1811 2641 extra

244 2675 504 2730 Ecclesiam
552 2678 874 2747 prophetia,
919 2693 948 2732 a
986 2679 1125 2732 bono
1152 2678 1345 2748 spiritu
1387 2694 1509 2734 esse
1559 2689 1806 2750 propter-

241 2784 294 2822 ea
324 2787 418 2824 non
449 2786 600 2840 posse
625 2772 770 2842 quod
809 2781 955 2826 esset
993 2784 1141 2827 extra
1175 2775 1461 2827 unitatem.
1499 2773 1633 2829 Cum
1665 2776 1809 2829 enim

241 2861 364 2917 Deus
398 2864 562 2919 media
617 2864 935 2920 conferendi
984 2866 1206 2934 spiritus
1251 2867 1570 2922 instituisset
1623 2883 1808 2922 saera-

239 2969 397 3011 menta
423 3001 437 3023 ,
487 2959 533 3012 id
568 2960 718 3013 illum
757 2961 999 3016 voluisse
1030 2975 1253 3015 necesse
1293 2973 1448 3025 erat,
1490 2962 1579 3030 qui
1629 2962 1805 3015 media

234 3066 260 3106 a
299 3070 350 3108 se
391 3056 621 3110 instituta
672 3057 935 3111 adhibere
983 3057 1149 3122 nolit,
1201 3071 1323 3110 eum
1369 3069 1469 3110 nec
1504 3055 1760 3109 beneficia
1787 3097 1803 3120 ,

235 3161 318 3211 per
341 3147 422 3201 illa
451 3148 624 3203 media
656 3149 978 3213 obtinenda,
1027 3159 1465 3202 consecuturum.
1520 3147 1573 3200 Id
1623 3150 1672 3200 ni
1704 3163 1802 3202 vo-

234 3241 428 3307 luisset,
457 3243 596 3294 uulla
643 3243 832 3295 fuisset
867 3242 1163 3296 int-diorum
1206 3241 1637 3296 adliibendorum
1670 3244 1805 3297 obli-
1833 3231 1877 3294 C

232 3333 376 3399 gatio.
422 3332 485 3386 Et
528 3348 649 3386 cunt
702 3335 794 3387 illa
845 3334 1018 3388 media
1051 3353 1076 3385 τι
1113 3335 1224 3388 ἰ)ρο
1259 3335 1534 3396 instituta,
1567 3351 1672 3388 non
1702 3336 1806 3390 alia

233 3425 323 3478 sint
365 3442 514 3495 quam
554 3427 779 3480 unitatis
807 3428 1048 3498 symbola
1081 3429 1171 3498 (in
1221 3443 1385 3479 unum
1417 3427 1561 3480 enim
1605 3443 1805 3497 corpus

231 3521 556 3588 baptizaiuur,
571 3521 746 3588 deque
766 3537 873 3574 uno
903 3521 993 3573 ilio
1015 3536 1150 3588 pane
1169 3519 1549 3590 participantcs
1569 3522 1622 3574 in
1641 3536 1804 3574 unum

232 3628 408 3681 corpus
453 3611 841 3681 coalescimus)
898 3613 948 3663 ιιι
1002 3611 1242 3664 innuisse
1297 3611 1512 3665 videtur
1562 3612 1702 3666 nolle
1746 3628 1805 3666 se

231 3703 333 3756 aliis
349 3705 584 3772 spiritum
605 3719 763 3757 suum
787 3703 1034 3758 conferre
1053 3704 1153 3756 nisi
1174 3705 1224 3757 in
1251 3703 1456 3758 unitate
1472 3705 1800 3759 constitutis.

237 3794 501 3868 [Itcumque
532 3798 583 3852 id
611 3809 821 3852 Certum
843 3841 856 3862 ,
889 3798 956 3853 de
988 3798 1128 3852 facto
1151 3797 1296 3851 illam
1325 3797 1625 3851 obtinuisse.
1662 3799 1800 3868 apud

235 3901 417 3943 vett-res
452 3892 774 3946 sententiam
799 3930 815 3954 ,
851 3905 958 3943 non
1008 3891 1239 3943 aliorum
1264 3903 1382 3943 esse
1416 3889 1506 3944 Dei
1542 3891 1799 3958 Spiritum

230 3995 368 4048 quam
394 3983 682 4037 uniterum.
732 3983 807 4036 lta
863 3985 913 4035 in
945 3982 1045 4037 hoc
1095 3985 1210 4052 ipso
1237 3982 1499 4037 donorum
1548 3985 1800 4053 spiritua-

232 4075 338 4128 lium
393 4087 708 4147 argumento
762 4077 1037 4143 inferunt,
1080 4093 1203 4129 eum
1257 4079 1345 4147 qui
1405 4078 1455 4130 in
1501 4091 1604 4132 non
1639 4079 1797 4133 unitis

228 4179 446 4223 versatur
487 4171 738 4241 spiritum
773 4187 877 4222 non
906 4185 1025 4223 esse
1073 4170 1223 4223 illum
1260 4171 1350 4224 Dei
1396 4171 1654 4238 Spiritum
1699 4171 1788 4240 qui

231 4264 422 4316 unitatis
472 4273 554 4318 est
617 4263 916 4318 vinculum.
960 4263 1050 4317 llla
1082 4265 1195 4333 ipsa
1239 4264 1444 4317 ratione
1479 4263 1794 4332 Apostolum

228 4367 360 4409 usum
386 4357 793 4411 observavimus
839 4358 888 4410 itt
933 4357 1166 4411 secunda
1197 4367 1380 4411 nostra
1409 4357 1476 4412 de
1504 4357 1796 4414 schismate

226 4461 355 4516 parte
383 4451 618 4505 nondum
660 4452 824 4506 edita.
861 4443 1222 4520 Baptismum,
1252 4469 1359 4522 quo
1385 4453 1619 4522 Spiritus
1665 4469 1794 4508 cou-

226 4539 391 4607 fertur,
449 4544 875 4614 regenerationis
925 4545 1198 4598 lavacrum
1252 4547 1543 4616 appellant.
1597 4547 1794 4615 Ecquis

225 4631 402 4689 dubitet
429 4638 627 4689 nullum
683 4651 803 4691 esse
835 4638 884 4689 in
933 4654 1035 4692 non
1077 4639 1279 4694 renatis
1325 4640 1624 4708 spiritualis
1675 4630 1876 4694 vitanD

229 4727 558 4800 principium?
607 4731 748 4798 Quin
795 4732 1128 4787 exorcismos
1183 4733 1520 4803 baptizandis
1567 4733 1792 4790 adhibe-

227 4821 328 4875 bant
367 4825 520 4892 paulo
564 4825 935 4890 recentiores,
967 4825 1018 4880 id
1063 4826 1222 4895 plane
1265 4841 1454 4879 rursus
1505 4827 1792 4881 innuentcs

225 4915 267 4967 in
294 4932 388 4971 non
415 4918 581 4972 unitis
609 4918 862 4986 spiritum
905 4932 1025 4972 esse
1074 4918 1234 4987 plane
1276 4918 1620 4975 diabolicutn.
1663 4920 1790 4974 llaec

226 5006 399 5063 utinam
428 5024 610 5065 secum
661 5013 804 5063 serio
846 5010 1178 5079 perpendant
1215 5011 1306 5080 qtti
1342 5010 1502 5066 lzodie
1550 5012 1619 5064 ita
1667 5027 1790 5066 sen-

223 5099 334 5154 tiunt
376 5103 658 5173 magnifice
712 5101 780 5156 de
818 5116 918 5156 suo
965 5111 1117 5157 extra
1163 5104 1425 5158 unitatem
1471 5105 1687 5174 spiritu.
1736 5105 1789 5159 Id

221 5195 378 5249 saltem
441 5196 688 5250 viderent
760 5211 864 5249 non
929 5211 1051 5250 esse
1119 5196 1266 5250 illam
1327 5211 1450 5250 cum
1516 5198 1787 5266 primmvis

221 5284 492 5341 christianis
536 5287 854 5342 affinitatem
887 5304 1045 5358 quam
1079 5297 1360 5353 tantopere
1402 5288 1606 5356 jactant
1652 5305 1782 5343 ven-

219 5377 497 5450 ditantque,
549 5383 601 5434 in
633 5382 746 5434 suis
793 5381 902 5435 illis
942 5380 1010 5436 de
1066 5381 1257 5448 spiritu
1287 5382 1654 5450 prtetextihns.
1684 5383 1785 5448 Qui

215 5473 313 5526 aliis
354 5483 567 5528 utuntur
596 5490 758 5545 quam
807 5491 835 5526 ιι
872 5475 982 5528 Deo
1025 5473 1295 5529 institutis
1327 5477 1562 5545 Spiritus
1602 5479 1786 5530 confe-

215 5567 337 5618 rendi
358 5566 564 5632 mediis,
587 5568 753 5621 alium
791 5567 899 5620 illis
925 5583 1045 5621 esse
1066 5583 1223 5638 quam
1251 5569 1488 5621 divinum
1522 5568 1780 5638 Spiritum

209 5659 322 5726 justa
369 5669 448 5714 est
497 5663 774 5731 suspicio,
847 5659 1227 5714 deficientibus
1276 5663 1576 5730 pt':esettitn
1638 5663 1778 5728 illis,

209 5771 304 5823 qua:
323 5755 441 5824 diti,
461 5757 802 5830 argumentis
824 5754 924 5824 ipsi
945 5758 1242 5826 prophetia:
1267 5757 1589 5810 intrinsecis.
1610 5757 1781 5824 Atque

211 5844 381 5903 “male
420 5859 662 5905 veterum
698 5845 1114 5915 Dropiwtiarum
1169 5845 1304 5916 fide;
1341 5847 1392 5900 in
1422 5847 1617 5905 quibus
1645 5847 1776 5901 nihil

1918 1933 2206 2000 ardentes,
2263 1951 2358 1990 ora
2406 1938 2753 2004 spumantia,
2802 1938 3179 2008 palpitantium
3237 1947 3520 2008 pectorum

1917 2027 2267 2094 gravissimus
2297 2029 2590 2085 anhelitus.
2621 2030 2697 2085 Ita
2728 2045 2787 2086 se
2817 2031 3037 2098 quidem
3070 2030 3258 2085 habuit
3305 2031 3356 2085 in
3389 2045 3520 2100 gen-

1918 2116 2050 2171 tium
2104 2119 2422 2189 prephetis,
2495 2132 2554 2176 ut
2603 2122 2895 2190 Tripodem
2963 2124 3285 2178 invitissima
3335 2139 3523 2181 acces-

1917 2209 2050 2264 serit
2093 2211 2233 2280 apud
2279 2211 2554 2268 Lucanum
2605 2213 2840 2286 Pythia,
2895 2225 2950 2270 et
2997 2216 3272 2272 nonnulla:
3323 2217 3523 2272 fuerint

1917 2301 2030 2370 ipsa
2059 2304 2369 2372 agitationis
2396 2307 2651 2363 violentia
2683 2308 2956 2363 extinctae.
2983 2307 3058 2363 Ita
3080 2309 3225 2364 enim
3269 2308 3522 2365 Lucanus

1917 2394 2074 2465 (Bell.
2106 2398 2201 2451 civ.
2227 2439 2242 2464 ,
2275 2398 2364 2452 lib.
2396 2415 2449 2467 v,
2471 2416 2520 2453 υ.
2552 2400 2680 2471 illi)
2715 2417 2729 2453 :

2068 2593 2080 2602 ἱ
2099 2533 2285 2602 Namsi
2311 2548 2404 2598 qua
2434 2533 2572 2586 Deus
2585 2538 2678 2586 sub
2701 2545 2900 2599 pectora
2923 2537 3079 2594 venit,

2041 2593 2370 2664 ﬁuminisaut
2395 2611 2537 2659 poena
2562 2607 2640 2649 est
2662 2593 2801 2664 mors,
2817 2593 3074 2664 immatura
3091 2601 3302 2664 recepti,

2039 2658 2139 2724 ᾼιιι
2158 2662 2369 2724 pretium
2397 2658 2409 2708 ὲ
2435 2664 2619 2724 quippe
2644 2663 2839 2712 stimulo
2863 2663 3115 2724 ﬂuctuque
3142 2658 3318 2716 luroris

2039 2677 2139 2708 Alli.
2158 2677 2369 2722 pretium
2397 2677 2409 2708 :
2435 2677 2554 2724 qtnp
2576 2677 2619 2711 ie
2644 2677 2839 2712 summo
2863 2677 3012 2711 noetu
3052 2677 3115 2712 ue
3142 2677 3244 2712 iuro

2038 2721 2535 2794 gentpagesbpmana
2558 2677 2707 2794 labat,
2732 2724 3001 2788 pulsusque
3016 2677 3244 2775 (lJeorum

2040 2781 2332 2833 Concutiunt
2351 2784 2555 2847 fragiles
2576 2781 2778 2837 annuas.

1986 2908 2053 2963 Et
2092 2909 2335 2965 Valerius
2374 2912 2638 2967 Maximus
2667 2915 2734 2969 de
2781 2916 3033 2986 delphico
3063 2917 3321 2973 oraculo:
3349 2937 3367 2970 ι
3399 2919 3515 2976 Un-

1913 2999 1982 3054 de
2035 3017 2093 3054 ttt
2152 3013 2316 3057 certa:
2377 3005 2788 3061 consulentibus
2859 3019 3033 3064 sortes
3093 3020 3385 3079 petuntur,
3443 3011 3519 3066 ita

1912 3095 2111 3148 nimius
2156 3095 2322 3151 divini
2369 3098 2601 3168 Spiritus
2646 3103 3255 3160 haustusreddentibus
3287 3104 3516 3174 pestifer

1911 3189 2091 3242 existit
2137 3189 2288 3260 (Lib.
2327 3207 2380 3255 ι,
2438 3209 2481 3245 c.
2525 3193 2589 3254 8.
2649 3193 2865 3263 lfxctnp.
2921 3214 3052 3251 rom.
3092 3199 3225 3266 10).
3265 3217 3283 3251 ι
3334 3199 3518 3270 Longe

1913 3282 2164 3347 equidem
2228 3283 2520 3339 violentior
2564 3298 2680 3341 erat
2735 3289 3362 3358 pseudo-priipbetarum
3415 3306 3512 3345 cn-

1916 3374 2410 3445 lbusiastarumque
2455 3387 2664 3447 motus,
2713 3389 2770 3432 ut
2821 3381 2922 3434 hoc
2973 3382 3089 3450 ipso
3137 3383 3391 3437 catholici
3427 3399 3516 3438 vc-

1912 3484 2002 3522 ros
2048 3485 2078 3522 a
2124 3473 2571 3528 montanistarum
2615 3475 2722 3529 illis
2767 3476 3178 3546 distinguendos
3222 3491 3342 3532 esse
3382 3492 3514 3532 cen-

1909 3565 2135 3617 suerint.
2193 3564 2350 3620 Nulla
2409 3578 2528 3620 erat
2598 3569 2648 3621 in
2711 3570 2854 3623 veris
2907 3569 3186 3638 prophetis
3259 3569 3508 3637 insania,

1909 3655 2054 3708 nulla
2124 3669 2360 3730 κατοχῆς
2431 3659 2520 3713 illa
2595 3669 2701 3713 tam
2768 3659 3064 3740 vehemens
3112 3661 3350 3730 jactatio.
3401 3661 3514 3716 Sibi

1909 3747 2040 3815 ipsis
2066 3753 2386 3804 consutbant
2435 3751 2612 3819 potius
2634 3794 2648 3818 ,
2679 3756 2971 3822 prudentes
2998 3755 3340 3824 Scientesquc
3373 3769 3512 3824 prte-

1907 3837 2132 3893 dicentla
2167 3840 2534 3910 proferebant.
2568 3845 2696 3898 Erat
2729 3855 2908 3900 tamen
2938 3847 3177 3900 visorum
3208 3857 3384 3901 terror
3414 3847 3513 3900 lut-

1907 3947 2084 3987 mante
2143 3948 2350 3990 natura:
2420 3938 2697 4008 fragilitati
2758 3937 2981 3995 difficile
3037 3939 3316 3994 ferendus.
3361 3938 3509 3993 llor-

1910 4026 2013 4079 ruit
2041 4025 2248 4083 Dauieli
2272 4031 2488 4098 spiritus
2531 4029 2722 4099 (Dum,
2752 4046 2847 4096 vn,
2878 4031 2985 4104 l5)
3024 4048 3037 4086 :
3067 4033 3326 4102 collapsus
3351 4043 3424 4087 est
3455 4033 3510 4088 in

1904 4129 2090 4174 tet-rum
2133 4123 2293 4192 (vm,
2349 4122 2484 4194 l9);
2534 4140 2637 4178 non
2679 4124 3086 4179 reutausitiueo
3117 4125 3510 4195 fortitudo,sed

1903 4223 1949 4267 ct
1980 4216 2170 4282 species
2215 4218 2326 4286 ejus
2373 4216 2642 4270 immutata
2682 4226 2756 4270 est
2787 4218 2838 4270 iu
2891 4233 2949 4271 eo
2971 4259 2986 4281 ,
3020 4229 3065 4271 et
3091 4219 3337 4270 emarcuit
3359 4257 3375 4280 ,
3418 4234 3508 4272 uec

1902 4305 2076 4360 [tabuit
2117 4310 2390 4377 quicquam
2428 4310 2611 4362 virium
2646 4312 2700 4378 (x
2728 4352 2743 4373 ,
2770 4309 2879 4381 8);
2919 4311 3087 4380 jacuit
3143 4319 3501 4363 consternatus

1898 4416 2054 4468 super
2071 4401 2250 4470 faciem
2276 4417 2420 4454 suum
2439 4413 2486 4455 et
2507 4401 2674 4455 vultus
2693 4404 2804 4474 ejus
2819 4403 3036 4456 Ittvrebat
3055 4400 3404 4473 tcrrw(lbitl.,
3424 4400 3507 4471 9);

1899 4494 2038 4546 stetit
2065 4503 2280 4548 tremens
2311 4493 2526 4566 (llu'd.,
2567 4497 2624 4549 ti
2650 4498 2708 4565 );
2749 4498 2800 4548 in
2845 4497 3036 4550 vis-ioue
3079 4497 3341 4548 dissoluta:
3389 4503 3506 4547 sunt

1907 4603 2180 4659 compages
2222 4591 2372 4660 ejus,
2421 4601 2466 4643 et
2510 4591 2641 4644 nihil
2693 4590 2746 4643 iu
2795 4606 2853 4644 eo
2899 4589 3141 4643 remansit
3177 4589 3385 4654 virium,
3414 4589 3504 4642 sed

1901 4693 1947 4736 et
1977 4683 2178 4736 habitus
2223 4685 2332 4753 ejus
2379 4685 2686 4738 interclusus
2711 4694 2784 4738 est
2821 4681 3153 4753 (Ibid.,l7).
3196 4681 3305 4736 Nec
3353 4682 3492 4734 alius

1898 4790 2059 4845 quam
2108 4776 2330 4831 visionis
2361 4777 2690 4847 prophetith
2721 4786 2895 4832 terror
2940 4777 2992 4829 in
3043 4775 3180 4830 Jobo
3211 4773 3380 4845 (100.,
3415 4788 3493 4842 tv,

1899 4871 2000 4934 15,
2033 4869 2123 4942 Η)
2150 4869 2506 4933 describitur,
2539 4883 2594 4925 et
2623 4872 2672 4924 in
2707 4871 3014 4924 Abrahamo
3059 4869 3209 4939 (Ceu.
3249 4883 3344 4934 xv,
3377 4867 3496 4937 12).

1895 4962 2011 5018 Non
2040 4972 2125 5017 est
2155 4964 2331 5032 itaque
2360 4964 2503 5033 quod
2549 4965 2808 5018 miremur
2851 4964 3142 5034 juvenibus
3184 4963 3300 5016 lizec
3336 4976 3495 5031 quam

1894 5057 2114 5110 senibus
2171 5055 2340 5110 fuisse
2396 5056 2782 5111 tolerabiliora.
2841 5056 3076 5111 Proinde
3139 5057 3300 5111 etiam
3348 5054 3493 5123 apud

1892 5149 2140 5201 ethnicos
2191 5147 2431 5202 Tiresias
2485 5148 2746 5216 juvcnum
2789 5163 2910 5203 esse
2940 5154 3174 5220 κατοχὴν
3209 5148 3385 5202 docet.
3420 5145 3494 5200 lta

1891 5242 2035 5296 enim
2075 5242 2216 5312 apud
2262 5241 2525 5296 Senecam
2568 5242 2659 5297 ille
2696 5241 2945 5312 ((Edip.,
2988 5258 3041 5296 υ.
3087 5242 3236 5312 29);

2266 5379 2317 5428 Si
2340 5379 2468 5429 foret
2496 5379 2658 5429 viridis
2681 5380 2870 5430 mihi....

2017 5440 2308 5504 Calidusque
2332 5445 2552 5502 sanguis,
2581 5451 2783 5504 pectore
2809 5449 3100 5490 excuterem
3123 5439 3299 5488 Deum.

1893 5566 2196 5640 Cyprianus
2240 5575 2423 5622 noster
2451 5583 2573 5622 cum
2626 5565 2964 5620 distinxisset
2993 5564 3231 5618 visiones
3262 5570 3484 5618 noctur-

1890 5639 2019 5727 narf,
2049 5679 2169 5732 qua:
2212 5671 2333 5716 sunt
2375 5661 2440 5714 ad
2483 5677 2674 5715 senum
2716 5662 2893 5728 potius
2923 5659 3132 5711 somnia
3166 5654 3483 5719 referenda,

1887 5773 1916 5811 a
1976 5755 2188 5810 diurnis
2245 5754 2575 5824 prepbetiis,
2645 5752 2917 5806 innocenti
2990 5763 3274 5818 puerorum
3339 5749 3485 5800 ινιτιιί

1889 5851 2052 5905 hasce
2098 5845 2283 5900 tribuit
2346 5845 2539 5904 (Epist.
2588 5841 2660 5910 κ)
2711 5861 2724 5898 :
2787 5846 3015 5903 νν·τ’τιλήἰ
3071 5837 3352 5894 nimirum.
3424 5835 3475 5886 εει
