3888 6332
334 296 396 351 3|
1286 291 1651 350 DODWELLI
1693 288 2143 349 DISSERTATIO
2180 287 2589 349 CYPRIANICA
3551 284 3621 347 59.

333 413 482 472 enim
523 412 754 472 lantiunt
800 410 919 482 ejus
966 410 1129 467 verba
1186 410 1434 481 superius
1470 408 1918 480 exscripta,Spi-
1952 411 1999 469 Α
2027 422 2150 463 esse
2212 408 2447 476 dicitur,
2496 425 2564 464 ne
2631 407 2774 464 illius
2840 408 3044 479 impetu
3118 406 3234 466 hac
3290 406 3406 465 fieri
3476 406 3624 465 dice-

335 504 443 560 ritu
486 513 681 561 saneto
751 502 999 574 impleri,
1057 513 1376 571 raptumque
1428 517 1458 556 ιι
1511 500 1791 567 sensibus,
1845 503 1931 569 qui

335 594 392 652 in
438 594 548 651 illis
597 595 861 652 Ecclesia:
917 603 1107 650 contra
1162 593 1516 649 ntontanistas
1556 592 1935 661 disputationi-

335 684 477 756 bus,
522 686 725 744 extasis
777 687 1101 757 appellatur.
1150 684 1217 741 Ut
1265 684 1426 756 igitur
1466 683 1742 757 Cypriano
1791 700 1936 741 som-

337 778 428 834 nia
456 778 561 835 sub
591 778 716 835 vita:
745 778 905 834 finem
937 777 1151 847 objecta
1176 790 1297 832 esse
1323 776 1581 832 discimus
1603 791 1671 833 es
1701 778 1894 834 Pontio
1920 821 1934 844 ,

337 867 412 924 ita
453 869 500 925 si
545 869 792 934 illarum,
841 884 1065 940 quarum
1104 868 1374 923 meminit.
1426 867 1689 925 visionum
1742 870 1936 942 aliqua:

340 959 446 1033 ipsi
499 961 753 1018 revelata:
802 960 1031 1026 fuerint,
1076 968 1334 1032 sequetur
1374 961 1531 1031 paulo
1583 971 1704 1033 post
1747 963 1939 1033 juven-

344 1059 515 1109 tutem
535 1093 552 1118 ,
580 1061 833 1123 vergente
874 1052 983 1122 jam
1017 1054 1070 1107 in
1100 1053 1310 1108 senium
1339 1063 1501 1109 :etate
1533 1068 1750 1125 passum
1782 1070 1935 1124 esse,

346 1143 488 1217 quod
513 1152 598 1201 est
621 1159 754 1201 sane
792 1144 1262 1201 verisimillimum.
1308 1145 1366 1201 Si
1405 1148 1551 1203 enim
1603 1157 1936 1205 senectutem

343 1244 658 1305 provectam
698 1237 995 1307 attigisset,
1044 1236 1160 1293 fieri
1208 1238 1291 1293 vix
1343 1238 1517 1309 potuit
1566 1249 1625 1295 ut
1674 1241 1781 1295 nan
1837 1240 1939 1312 ipsi

346 1324 681 1385 Tertulliano
720 1329 1051 1396 innotuerit,
1102 1344 1225 1386 cum
1274 1340 1451 1387 tamen
1500 1346 1764 1403 nusquam
1796 1332 1941 1406 lega-

347 1434 469 1476 mus
500 1421 604 1477 nisi
634 1422 686 1476 in
721 1421 874 1479 libris
904 1422 1021 1493 ejus
1051 1422 1218 1480 fuisse
1249 1435 1545 1481 versatum.

418 1510 448 1585 ς
475 1512 572 1570 st.
603 1544 673 1553 —
700 1512 897 1570 Fateor
946 1514 1195 1585 equidem
1244 1515 1411 1572 fuisse
1438 1516 1599 1572 etiam
1640 1527 1799 1575 aitate
1834 1515 1940 1592 Cy-

347 1605 547 1676 priani,
573 1606 665 1675 qui
690 1609 899 1663 somnia
920 1610 1263 1683 visionesque
1286 1610 1515 1668 ludibrio
1533 1610 1816 1671 haberent.
1837 1614 1943 1671 Sed

349 1697 538 1770 quales
576 1697 803 1755 fuissent
828 1700 941 1767 illi,
990 1702 1168 1773 prodit
1218 1704 1417 1774 ipsein
1450 1705 1678 1775 epistola
1716 1707 1784 1763 ad
1821 1706 1947 1764 Flo~

2040 512 2246 558 tentur.
2278 502 2600 573 Experimur
2650 511 2826 558 tamen
2879 501 3070 567 hodie,
3128 502 3182 558 in
3228 500 3389 558 simili
3438 499 3633 558 adver-

2039 594 2305 649 sariorum
2356 608 2585 665 genere.
2635 608 2797 665 quam
2851 593 3005 651 facile
3066 592 3445 650 ofﬁciariorum
3497 607 3630 650 con-

2044 698 2276 760 temptus
2345 686 2397 741 in
2467 696 2838 758 contemptum
2910 696 3152 742 vertatur
3202 684 3399 750 officii;
3464 700 3627 757 quam

2045 781 2198 837 facile
2243 780 2504 850 avideque
2556 781 2811 835 minutias
2865 779 3017 846 illas,
3068 779 3111 835 si
3158 794 3277 851 qua:
3320 778 3447 834 alibi
3489 793 3632 850 pra:-

2044 881 2126 929 ter
2153 872 2294 943 vulgi
2335 871 2616 942 opiniones
2646 880 2967 935 occurrant,
2997 870 3362 941 iniquissimas
3389 870 3635 939 profecto

2045 965 2154 1037 (ne
2200 963 2326 1036 quid
2382 964 2553 1019 dicam
2602 962 2886 1035 acerbius)
2933 963 3057 1018 boni
3112 963 3433 1033 honestique
3472 976 3633 1033 regu-

2044 1055 2160 1119 las,
2215 1054 2475 1123 arripiant
2522 1063 2699 1109 tamen
2752 1054 2819 1109 ad
2874 1063 3243 1123 contemptum
3286 1067 3635 1123 personarum

2042 1164 2272 1220 quorum
2328 1148 2687 1215 conscientias
2728 1147 2870 1203 male
2918 1147 3081 1203 habet
3115 1145 3279 1203 officii
3318 1146 3499 1202 debita
3544 1162 3639 1202 ve-

2046 1244 2283 1308 neratio;
2333 1256 2491 1313 quam
2540 1242 2667 1297 item
2721 1239 2878 1296 facile
2916 1240 2985 1295 ita
3039 1253 3099 1296 se
3145 1249 3513 1295 transversum
3553 1238 3642 1310 agi

2047 1336 2337 1406 patiantur,
2388 1341 2447 1387 ut
2502 1347 2571 1388 ne
2633 1347 2811 1388 causae
2861 1332 3029 1402 ipsius
3092 1331 3341 1386 meritum
3392 1345 3642 1402 quzeren-

2048 1428 2173 1482 dum
2227 1435 2443 1497 putent,
2492 1425 2538 1480 si
2580 1424 2795 1496 quando
2838 1424 2907 1479 de
2957 1423 3345 1496 prophetarum
3393 1423 3643 1494 personis

2051 1520 2227 1573 minus
2284 1517 2579 1573 honorifice
2620 1516 2907 1573 senserint.
2938 1514 3048 1571 Illis
3085 1526 3264 1572 autem
3307 1531 3490 1586 arquos
3520 1529 3646 1573 esse

2044 1610 2255 1683 iudices
2304 1624 2462 1666 nemo
2505 1609 2789 1667 concedet.

2125 1702 2153 1774 §
2182 1701 2527 1771 Ali—Quod
2551 1703 2593 1757 si
2615 1703 2827 1757 illorum
2851 1717 3066 1773 quoque
3096 1701 3479 1773 prephetarum
3512 1711 3649 1759 tem-

346 1793 583 1849 rentium
602 1787 981 1866 Pupianum/r
1019 1795 1378 1867 Quamquam,
1406 1797 1581 1871 inquit
1606 1798 1736 1873 (Ep.
1770 1799 1942 1873 uix),
1975 1806 2023 1865 Β
2052 1797 2273 1869 poribus
2310 1839 2324 1861 ,
2384 1798 2473 1867 qui
2532 1796 2834 1853 certissima
2899 1793 3197 1850 edidissent
3242 1793 3647 1866 prophetiarutn

350 1886 519 1941 sciam
568 1886 780 1942 somnia
830 1886 1058 1945 ridicula
1103 1901 1157 1946 et
1198 1890 1437 1947 visiones
1475 1891 1687 1963 ineptas
1723 1894 1949 1964 quibus-

349 1975 474 2032 dam
526 1976 734 2047 videri,
800 1978 895 2035 sed
957 1981 1143 2051 utique
1185 1981 1293 2039 illis
1340 1984 1433 2054 qui
1484 1984 1695 2041 malunt
1764 1995 1953 2043 contra

350 2069 667 2129 sacerdotes
695 2072 919 2129 credere
965 2088 1126 2146 quam
1179 2075 1471 2132 sacerdoti.
1511 2098 1531 2131 ι
1564 2079 1731 2135 Plane
1780 2081 1953 2145 innuit

351 2164 445 2236 qui
475 2164 549 2220 ita
579 2166 916 2233 sensissent,
959 2169 1141 2225 alieno
1187 2169 1352 2227 fuisse
1397 2170 1451 2226 in
1493 2172 1793 2231 Ecclesiam
1836 2175 1952 2231 ani-

352 2270 466 2312 mo.
538 2255 694 2325 Quod
743 2267 920 2314 autem
984 2260 1118 2315 tales
1172 2260 1243 2317 ita
1305 2263 1571 2320 sentirent
1593 2307 1610 2332 ,
1678 2280 1786 2321 non
1836 2275 1954 2322 erat

351 2349 542 2422 utique
570 2350 893 2407 mirandum.
926 2351 1166 2408 Fuerunt
1190 2354 1334 2410 enim
1382 2356 1481 2427 ipsi
1509 2354 1625 2413 fere
1653 2360 1952 2430 prophetiae

354 2442 563 2511 coavi,
612 2441 666 2499 id
718 2443 1001 2500 hominum
1048 2460 1220 2517 genus
1271 2461 1409 2518 quos
1465 2449 1741 2519 Scriptura
1812 2430 1955 2509 υπὸ

354 2535 630 2608 appellat,
677 2537 770 2610 qui
800 2536 944 2610 quod
991 2540 1325 2610 argumentis
1354 2556 1645 2614 numquam
1686 2544 1955 2603 conficere

361 2636 689 2699 potuerunt,
731 2629 783 2685 id
835 2632 946 2686 risu
996 2640 1172 2688 tamen
1217 2642 1381 2704 atque
1414 2633 1591 2704 iocis.
1639 2640 1954 2693 scommati-

366 2719 470 2776 bus
498 2728 660 2792 atque
709 2720 948 2777 dicteriis
990 2731 1319 2780 conarentur
1364 2735 1421 2780 ut
1464 2725 1780 2798 religionem
1818 2729 1957 2785 ludi-

360 2808 481 2866 brio
519 2822 874 2883 exponerent.
909 2813 974 2870 Et
1022 2830 1154 2872 vero
1198 2816 1253 2871 in
1283 2814 1558 2887 prophetis
1586 2828 1771 2890 gestus
1802 2832 1959 2878 erant

359 2902 432 2959 ab
465 2917 565 2959 usu
605 2902 886 2961 hominum
930 2908 1205 2964 communi
1270 2909 1517 2967 nonnihil
1570 2911 1772 2982 alieni,
1820 2929 1959 2985 quos

362 2995 524 3053 facile
571 3008 689 3054 erat
738 2998 976 3056 ridiculis
1028 2999 1340 3059 hominibus
1386 3014 1782 3075 repraesentare
1823 3015 1961 3061 tam-

364 3104 527 3160 quam
560 3090 708 3161 ipsos
753 3092 916 3147 etiam
952 3093 1233 3151 ridiculos.
1266 3093 1559 3166 Josephum
1592 3095 1789 3155 fratres
1816 3113 1963 3155 som-

2056 1906 2274 1948 suarum
2308 1889 2612 1945 testimonia
2639 1930 2653 1955 ,
2709 1888 2909 1944 fuerint
2955 1897 3132 1943 tamen
3164 1886 3319 1943 istius
3346 1888 3491 1945 modi
3521 1904 3653 1945 cen-

2057 1999 2252 2051 sorcs,
2305 1998 2412 2039 non
2458 1994 2546 2039 est
2596 1984 2780 2055 utique
2834 1981 3139 2039 mirandum
3190 1982 3235 2036 si
3290 1982 3342 2037 in
3390 1982 3650 2055 Cypriani

2056 2081 2220 2135 etiam
2279 2087 2521 2149 tempora
2584 2077 2908 2144 inciderint,
2962 2091 3085 2132 eum
3133 2077 3245 2146 jam
3300 2075 3656 2161 invaluissent

2062 2176 2206 2230 inter
2266 2170 2619 2243 philosotibos
2669 2169 2959 2242 Epicurei,
3019 2169 3109 2242 qui
3148 2178 3343 2241 praeter
3383 2170 3653 2226 naturalia

2059 2268 2241 2325 omnia
2294 2266 2528 2322 ludibrio
2575 2264 2879 2321 habuerint.
2929 2263 2985 2319 Id
3034 2279 3197 2320 unum
3234 2263 3366 2319 satis
3407 2269 3562 2327 erat,
3606 2260 3654 2315 si

2058 2361 2148 2433 qui
2182 2358 2528 2431 praphetias,
2570 2372 2707 2429 quos
2752 2356 2987 2412 diximus
3012 2399 3025 2419 .
3068 2355 3301 2427 penitius
3352 2352 3657 2409 intellexiso

2057 2463 2221 2521 sent,
2272 2466 2373 2508 nec
2430 2466 2619 2508 eorum
2664 2450 2922 2506 intererat
2970 2458 3027 2504 ut
3074 2446 3221 2503 falsas
3286 2445 3653 2511 haberentur,

2060 2563 2251 2604 eorum
2284 2560 2444 2601 nemo
2477 2544 2598 2599 illas
2645 2542 2697 2597 in
2728 2540 2956 2597 dubium
3005 2539 3231 2595 vocarit.
3281 2536 3529 2593 Vidimus
3555 2551 3656 2592 au-

2061 2650 2171 2696 tem
2230 2637 2505 2711 Cypriane
2556 2648 2770 2692 corcvos
2820 2630 3134 2703 prophetica
3184 2629 3325 2685 dona
3368 2628 3422 2684 in
3472 2628 3660 2685 Eccle-

2061 2733 2141 2787 sia
2189 2731 2508 2800 agnovisse.
2554 2726 2645 2797 qui
2696 2722 2911 2796 quidem
2943 2722 3089 2778 illius
3134 2720 3318 2776 saicnli
3347 2718 3651 2775 doctissimi

2064 2823 2392 2879 haberentur
2414 2864 2429 2886 ,
2460 2832 2747 2887 rerumque
2785 2813 3275 2871 ecclesiasticarum
3318 2811 3656 2881 peritissimi.

2064 2914 2249 2987 Neque
2291 2912 2588 2969 verisimile
2617 2919 2734 2966 erat
2767 2916 2874 2963 tam
2901 2920 3145 2962 severam
3178 2904 3232 2959 in
3270 2902 3511 2960 Euzlesia
3539 2902 3656 2958 dis-

2064 3010 2318 3082 ciplinam
2366 3008 2548 3078 vigere
2595 3003 2868 3074 potuisse,
2918 2999 3018 3055 nisi
3068 2998 3139 3054 de
3188 2995 3406 3051 numine
3451 2991 3505 3051 in
3555 2994 3665 3051 Ec-

2068 3103 2229 3157 clesia
2271 3098 2694 3171 prtescntz'ssimo
2750 3090 3203 3150 manifestissimis
3251 3097 3530 3145 constaret
3573 3089 3664 3144 in-

367 3180 635 3238 niatorem
700 3184 1047 3254 appellarunt
1100 3184 1120 3257 (
1141 3184 1273 3242 Gen.
1297 3228 1313 3252 ,
1370 3203 1584 3257 sxxvn,
1641 3189 1777 3261 l9),
1818 3192 1962 3262 quod
1990 3194 2036 3256 C
2071 3191 2246 3249 diciis.
2287 3189 2441 3260 Quod
2474 3188 2517 3243 si
2547 3188 2696 3243 illum
2729 3185 2952 3257 spiritus
2997 3180 3298 3253 pr0phetici
3337 3188 3665 3251 praetextum

370 3273 489 3345 ipse
525 3289 744 3347 quoque
789 3274 1109 3334 observarat
1154 3276 1478 3351 Cyprianus.
1532 3280 1858 3354 Prophetam
1906 3284 1967 3339 il-

368 3366 483 3424 lum
521 3369 616 3440 qui
663 3370 734 3425 ab
787 3368 989 3428 Elisaeo
1014 3372 1210 3428 missus
1252 3373 1391 3430 Jehu
1442 3390 1664 3447 regnum
1715 3377 1968 3434 israeliti-

375 3476 501 3517 cum
530 3462 893 3535 promiserat,
938 3466 1187 3520 insanum
1219 3478 1476 3523 vocarunt
1516 3468 1787 3540 principes
1809 3485 1968 3526 exere

370 3553 547 3624 citus,
597 3569 697 3611 nec
740 3564 920 3612 tamen
953 3558 1230 3613 oraculum
1268 3559 1340 3613 ab
1383 3574 1449 3614 eo
1484 3558 1690 3616 editum
1716 3562 1970 3633 neglexe-

374 3655 518 3702 runt.
569 3646 645 3701 Ita
691 3662 851 3717 quem
890 3648 1109 3704 nomine
1156 3658 1313 3704 tenus
1359 3649 1605 3706 insanum
1648 3662 1969 3716 vocassent.

375 3736 524 3793 serio
554 3749 733 3792 tamen
769 3753 866 3808 pro
894 3738 1085 3795 insano
1116 3742 1427 3813 neutiquam
1462 3743 1774 3800 habendum
1798 3745 1973 3803 duxe-

381 3836 524 3885 rant.
577 3828 647 3884 Et
691 3829 1005 3903 frequentes
1032 3832 1140 3887 illa:
1173 3836 1501 3905 temporibus
1543 3838 1703 3893 etiam
1750 3851 1973 3911 aposto-

378 3923 501 3980 licis
549 3923 772 3980 cautela:
815 3926 883 3981 de
930 3940 1034 3981 non
1072 3929 1479 3985 contemnendis
1530 3932 1976 4003 extinguendisve

378 4017 718 4088 prophetiis,
770 4017 822 4073 id
871 4020 1003 4075 satis
1050 4021 1323 4087 innuunt,
1380 4036 1540 4093 quam
1594 4026 1859 4093 proclives
1885 4040 1975 4081 es-

381 4121 505 4166 sent
554 4109 621 4165 ad
674 4110 726 4166 id
773 4112 1075 4169 faciendum
1105 4112 1356 4169 homines
1394 4114 1464 4170 de
1490 4131 1599 4187 quo
1625 4118 1783 4175 toties
1824 4129 1980 4175 erant

380 4202 690 4259 necessario
734 4203 1010 4260 monendi.
1055 4203 1167 4261 Nec
1194 4216 1312 4261 erat
1350 4220 1481 4262 sane
1508 4208 1652 4264 aliud
1688 4208 1797 4265 illis
1837 4218 1976 4267 tem-

379 4296 606 4368 poribus
648 4297 1041 4367 espectandum
1075 4299 1266 4369 quibus
1293 4300 1432 4355 adeo
1460 4311 1651 4357 essent
1698 4303 1979 4375 prophetae

383 4388 648 4444 cervicosi
700 4398 862 4457 atque
890 4389 1095 4445 ordinis
1125 4391 1323 4461 publici
1372 4392 1813 4463 perturbatores,
1858 4409 1981 4449 cum

386 4480 551 4535 simul
606 4481 787 4550 plures
826 4480 1176 4552 loquerentur
1196 4524 1211 4549 ,
1243 4499 1366 4540 cum
1392 4486 1752 4555 prophetissa:
1790 4486 1845 4541 in
1872 4501 1985 4541 cm-

2074 3292 2300 3355 possent
2340 3280 2591 3337 falsitatis
2656 3278 3012 3340 convincere,
3061 3275 3171 3345 jam
3214 3272 3513 3328 labasceret
3560 3288 3667 3328 una

2072 3378 2401 3448 reliquorum
2455 3374 2627 3438 fides,
2689 3374 2800 3442 jam
2860 3369 2991 3425 nihil
3037 3378 3156 3425 erat
3206 3366 3348 3439 quod
3407 3365 3670 3422 Ecclesia:

2072 3471 2506 3527 communionem
2550 3478 2626 3521 tot
2668 3480 2931 3521 annorum
2967 3462 3277 3537 pauitantia
3311 3470 3418 3516 tam
3462 3462 3668 3530 ingrata

2074 3564 2373 3627 ambirent;
2421 3576 2542 3615 cum
2577 3559 2872 3631 przesertim
2924 3558 3102 3612 nullus
3137 3564 3284 3611 esset
3325 3554 3672 3624 magistratus

2075 3658 2165 3729 qui
2219 3664 2471 3726 cogeret.
2536 3661 2681 3708 esset
2734 3661 2922 3707 contra
2979 3650 3068 3720 qui
3138 3647 3375 3704 rebelles
3426 3645 3669 3709 foveret,

2076 3753 2330 3819 omnique
2393 3762 2555 3820 opera
2626 3748 2678 3800 in
2735 3744 3085 3799 rebellionem
3150 3740 3448 3812 pelliceret.
3512 3738 3673 3807 Quod

2076 3853 2256 3899 autem
2307 3845 2374 3897 ad
2423 3840 2612 3896 atheos
2648 3839 2932 3910 epicureos
2959 3835 3181 3899 attinet,
3215 3831 3314 3888 fuit
3346 3848 3409 3887 ea
3453 3845 3677 3903 semper

2078 3945 2267 4007 estque
2318 3934 2479 3989 hodie
2526 3932 2739 3986 illorum
2791 3928 3031 3993 indoles,
3064 3936 3124 3982 ut
3163 3924 3508 3996 generalibus
3558 3922 3677 3976 suis

2081 4027 2471 4101 hypotbesibus
2501 4023 2771 4085 contenti,
2809 4021 2859 4075 in
2911 4019 3157 4090 exempla
3206 4013 3549 4088 particularia
3600 4028 3671 4067 nc

2080 4120 2294 4193 quidem
2342 4114 2717 4189 inquirendum
2776 4122 2985 4185 putent.
3037 4110 3207 4176 Quam
3252 4108 3327 4163 illi
3371 4105 3569 4161 fuerint
3616 4105 3671 4158 in

2083 4213 2243 4269 rebus
2273 4208 2651 4267 ecclesiasticis
2689 4206 2929 4275 hospites
2953 4246 2967 4269 ,
3012 4204 3091 4257 vel
3126 4203 3285 4256 unius
3316 4196 3456 4255 Celsi
3495 4212 3681 4253 exem-

2085 4306 2175 4377 plo
2224 4304 2565 4358 manifestum
2597 4310 2699 4355 est.
2742 4298 2842 4364 Qui
2896 4311 3017 4351 cum
3079 4296 3181 4349 sibi
3220 4292 3399 4348 omnia
3430 4304 3683 4361 comper-

2088 4399 2291 4453 tissima
2364 4410 2486 4450 esse
2530 4391 2890 4464 iactabundus
2935 4389 3197 4459 gloriatus
3250 4392 3426 4447 esset,
3479 4381 3533 4435 in
3590 4396 3681 4436 re-

2089 4492 2189 4547 bus
2234 4500 2414 4546 tainen
2462 4488 2721 4543 Ecclesiae
2768 4498 2892 4539 raro
2939 4496 3162 4554 scepnm
3209 4478 3442 4549 attingit.
3480 4473 3686 4545 Estque

387 4573 535 4631 tibus
574 4573 854 4643 virorum,
900 4576 1165 4647 Capitibus
1204 4580 1365 4633 etiam
1410 4579 1801 4651 discoopertis,
1848 4595 1988 4652 prm-
2014 4588 2064 4648 Ι)
2094 4586 2145 4641 id
2193 4587 2244 4638 in
2290 4598 2356 4639 eo
2406 4584 2516 4638 fere
2551 4592 2901 4652 perpetuum,
2937 4587 2994 4630 ut
3029 4590 3151 4630 cum
3190 4571 3478 4628 Ecclesia!“
3520 4564 3686 4621 ferire

386 4675 474 4723 ter
524 4682 686 4723 sexus
728 4669 1086 4735 modestiam,
1138 4672 1619 4735 concionarentur;
1670 4688 1794 4727 cum
1844 4670 1987 4727 dona

385 4773 484 4815 sua
534 4760 651 4815 sine
691 4762 841 4816 omni
896 4763 1270 4817 :cdilicationis
1322 4763 1680 4833 utilitatisque
1738 4774 1989 4833 respectu

390 4852 617 4909 ederent
664 4855 972 4927 prophetze.
1031 4869 1353 4928 essentque,
1399 4873 1467 4913 ne
1524 4859 1576 4913 in
1628 4858 1869 4913 futurum
1918 4860 1987 4913 ita

397 4943 657 5016 deinceps
739 4948 1011 5015 facerent,
1077 4950 1456 5006 Ecclesiastica
1539 4952 1753 5006 tandem
1828 4950 1991 5006 disci-

393 5035 537 5108 plina
567 5041 877 5097 coercendi.
909 5044 1077 5098 Erant
1104 5045 1354 5115 equidem
1380 5042 1496 5099 htec
1524 5043 1801 5114 prophetis
1832 5044 1984 5109 ipsis,

390 5147 500 5187 non
559 5132 718 5191 donis
789 5152 976 5193 eorum
1057 5139 1417 5210 propheticis,
1499 5139 1629 5193 vitio
1704 5138 1983 5193 vertenda.

390 5222 561 5292 Quem
609 5228 753 5284 enim
823 5230 1125 5289 habuerunt
1194 5232 1483 5304 spiritum,
1550 5232 1827 5302 subjectus
1879 5231 1987 5287 illis

2094 4681 2285 4745 vellet,
2343 4678 2435 4732 vix
2487 4688 2664 4731 tamen
2719 4674 2785 4729 ad
2840 4672 2975 4727 alios
3030 4684 3189 4739 quam
3242 4663 3525 4719 ltrereticos
3582 4659 3688 4730 Ec-

2092 4774 2273 4831 clesiae
2295 4784 2542 4828 extorres
2570 4770 2879 4840 pertineant
2903 4780 2964 4820 ea
2985 4806 2999 4828 ,
3045 4761 3239 4831 quibus
3281 4754 3534 4812 Ecclesia:
3559 4766 3691 4807 cau-

2093 4886 2207 4927 sam
2262 4862 2687 4921 labefactandatn
2733 4858 2980 4915 credidit.
3017 4852 3302 4923 Egregium
3354 4862 3482 4901 vero
3533 4845 3685 4899 illum

2094 4959 2351 5022 Ecclesiae
2375 4971 2656 5013 censorem
2676 4996 2690 5018 ,
2715 4954 2804 5023 qui
2835 4968 2900 5006 ne
2926 4949 3219 5005 Ecclesiani
3247 4941 3463 5013 quidem
3491 4938 3559 4992 ab
3582 4937 3691 4991 lue-

2094 5055 2387 5114 reticorum
2451 5050 2526 5105 illi
2570 5047 3053 5104 infensissimorum
3086 5037 3441 5096 conventibus
3473 5040 3689 5106 poterat

2092 5150 2417 5219 distinguere
2442 5146 2456 5198 ι
