3888 6338
370 272 432 329 3|
1322 284 1687 347 DODWELLI
1728 291 2178 355 DISSERTATIO
2215 296 2623 364 CYPRIANICA
3584 318 3656 381 59.

366 390 515 450 enim
557 391 788 453 lantiunt
834 395 953 467 ejus
1000 399 1161 456 verba
1220 404 1467 473 superius
1503 408 1803 478 exscripta,
1832 410 1952 483 Spi-
1985 416 2031 474 A
2060 428 2183 471 esse
2245 418 2479 489 dicitur,
2528 440 2597 479 ne
2664 424 2807 482 illius
2873 428 3077 501 impetu
3151 432 3267 493 lucc
3322 434 3439 495 fieri
3507 438 3658 498 dice-

368 480 475 537 ritu
518 494 712 542 sancto
783 487 1031 559 impleri,
1088 503 1409 564 raptumque
1460 513 1489 552 a
1542 500 1823 569 sensibus,
1876 480 1963 572 qui

366 569 423 628 in
468 572 579 630 illis
628 576 891 634 Ecclesiae
947 592 1138 638 contra
1194 588 1546 643 montanistas
1586 569 1965 660 disputationi-

364 660 505 734 bus,
551 668 753 725 extasis
805 673 1130 742 appellatur.
1178 674 1246 731 Ut
1293 676 1455 749 igitur
1496 679 1770 753 Cypriano
1819 692 1963 744 sum-

365 755 455 810 nia
484 756 589 813 sub
618 759 743 817 vita;
772 761 933 819 finem
964 764 1179 835 objecta
1203 781 1324 825 esse
1350 770 1608 829 discimus
1630 790 1697 831 ex
1727 778 1920 837 Pontio
1946 824 1961 848 ,

363 843 438 901 ita
479 848 525 904 si
570 848 817 918 illarum,
866 870 1090 925 quarum
1130 860 1401 916 meminit.
1452 863 1714 924 visionum
1767 871 1961 945 aliqua:

364 934 470 1009 ipsi
524 942 777 999 revelata:
825 944 1054 1015 fuerint,
1100 961 1358 1023 sequetur
1397 956 1555 1025 paulo
1606 970 1727 1031 post
1769 934 1962 1033 juven-

366 1035 537 1086 tutem
557 1073 574 1098 ,
602 1045 856 1105 vergente
896 1038 1005 1108 jam
1039 1042 1092 1096 in
1122 1044 1332 1100 senium
1360 1057 1524 1105 astate
1554 1065 1772 1122 passum
1803 1072 1956 1128 esse,

367 1121 509 1193 quod
534 1132 618 1181 est
641 1140 774 1183 sane
813 1131 1282 1193 verisimillimum.
1328 1138 1386 1195 Si
1425 1121 1572 1198 enim
1623 1121 1957 1206 senectutem

362 1223 677 1281 provectam
717 1220 1014 1291 attigisset,
1062 1224 1179 1282 fieri
1227 1229 1311 1285 vis
1362 1233 1535 1302 potuit
1585 1246 1643 1292 ut
1692 1240 1799 1297 nun
1855 1242 1957 1314 ipsi

364 1300 699 1367 Tertulliano
737 1311 1068 1385 innotuerit,
1119 1334 1242 1375 cum
1292 1300 1468 1381 tamen
1516 1344 1780 1401 nusquam
1812 1300 1958 1408 lega-

363 1410 485 1453 mus
516 1400 702 1458 nisi‘in
737 1404 890 1463 libris
920 1409 1037 1479 ejus
1067 1410 1234 1470 fuisse
1265 1430 1560 1476 versatum.

432 1487 462 1561 5
489 1490 586 1549 sl.
617 1524 689 1533 —
715 1495 912 1554 Fateor
960 1502 1209 1572 equidem
1258 1507 1425 1566 fuisse
1451 1512 1613 1568 etiam
1653 1527 1813 1576 astate
1847 1518 1953 1596 Cy-

359 1582 560 1651 priani,
585 1587 678 1655 qui
703 1593 911 1649 somnia
933 1597 1276 1674 visionesque
1298 1602 1528 1663 ludibrio
1544 1607 1827 1671 haberent.
1849 1582 1955 1674 sed

360 1675 549 1745 quales
586 1676 813 1739 fuissent
839 1685 952 1753 illi,
1000 1692 1179 1761 prodit
1228 1694 1346 1765 ipse
1374 1698 1427 1754 in
1460 1702 1687 1771 epistola
1726 1707 1793 1763 ad
1831 1708 1957 1767 Flo-

2072 519 2277 565 tentur.
2310 513 2632 585 Experimur
2682 527 2857 577 tamen
2910 523 3100 591 hodie,
3158 528 3213 584 in
3258 527 3420 588 simili
3468 532 3668 591 adver-

2068 601 2334 658 sariorum
2385 620 2615 676 genere,
2665 626 2827 682 quam
2880 614 3035 674 facile
3094 617 3475 679 ofﬁciariorum
3525 640 3664 683 con-

2071 706 2304 769 temptus
2374 697 2426 754 in
2495 711 2865 776 contemptum
2938 719 3180 767 vertatur
3229 712 3427 780 officii;
3490 732 3655 789 quam

2071 787 2224 845 facile
2269 791 2530 863 avideque
2582 797 2837 855 minutias
2891 800 3042 869 illas,
3094 804 3138 859 si
3184 820 3303 877 qua:
3347 806 3473 865 alibi
3510 787 3661 881 prm-

2069 887 2151 936 ter
2178 882 2319 952 vulgi
2360 884 2641 954 opiniones
2671 902 2991 958 occurrant,
3021 895 3387 965 iniqttissimas
3414 902 3662 969 profecto

2068 971 2177 1042 (ne
2222 974 2349 1045 quid
2405 976 2576 1032 dicam
2625 981 2908 1056 acerbius)
2955 984 3080 1041 boni
3136 989 3456 1063 honestique
3495 1008 3660 1067 regu-

2066 1060 2181 1127 las,
2236 1065 2496 1133 arripiant
2544 1077 2721 1125 tamen
2772 1073 2840 1128 ad
2895 1086 3264 1148 contemptum
3307 1060 3659 1151 personarum

2062 1171 2292 1226 quorum
2349 1162 2707 1231 conscientias
2748 1167 2889 1223 male
2938 1169 3101 1226 habet
3135 1171 3298 1230 officii
3338 1175 3518 1233 debita
3563 1194 3663 1236 ve-

2064 1252 2301 1318 neratio;
2351 1268 2509 1324 quam
2558 1256 2685 1313 item
2739 1257 2896 1317 facile
2933 1262 3004 1318 ita
3057 1278 3117 1321 se
3163 1275 3530 1324 transversum
3571 1272 3663 1344 agi

2064 1343 2353 1412 patiantur,
2404 1353 2463 1400 ut
2518 1361 2588 1403 ne
2650 1364 2828 1406 causa:
2877 1352 3045 1422 ipsius
3108 1358 3357 1414 meritum
3408 1343 3662 1433 qureren-

2063 1434 2189 1488 dum
2242 1446 2458 1506 putent,
2506 1439 2553 1494 si
2595 1443 2811 1511 quando
2852 1444 2923 1500 de
2973 1448 3359 1519 prophetarum
3408 1456 3660 1525 personis

2065 1527 2240 1582 minus
2297 1527 2593 1588 honorifice
2633 1535 2921 1591 senserint.
2952 1536 3061 1594 [llis
3098 1550 3277 1598 autem
3320 1560 3503 1616 (equos
3533 1563 3661 1607 esse

2055 1617 2267 1689 judices
2316 1636 2474 1677 nemo
2517 1626 2800 1684 concedet.

2135 1709 2163 1781 ξ
2192 1710 2536 1782 42.-Ουοὰ
2560 1718 2603 1772 si
2626 1719 2836 1777 illorum
2861 1738 3076 1794 quoque
3106 1727 3489 1797 prophetarum
3523 1742 3663 1791 tem-

356 1770 592 1828 tentiam
611 1772 930 1848 Pupianum.
952 1774 990 1835 ἐ
1028 1782 1387 1858 Quamquam,
1415 1791 1590 1867 inquit
1614 1797 1744 1871 (Ep.
1778 1803 1950 1877 uix),
1984 1810 2032 1870 Β
2061 1770 2282 1875 poribus
2318 1849 2332 1871 ,
2392 1770 2492 1880 qui
2540 1770 2843 1869 certissiiti-a
2864 1770 3222 1875 “edidissent.
3250 1770 3658 1894 prophetiatiit'n

1440 2072 1475 2127 i.
1514 2094 1534 2128 ι
1567 2076 1735 2135 Plane
1784 2082 1957 2147 innuit

353 2140 447 2212 qui
477 2142 552 2199 ita
581 2148 918 2219 sensissent,
961 2156 1143 2213 alieno
1189 2160 1354 2220 fuisse
1398 2165 1454 2221 in
1495 2168 1795 2231 Ecclesium
1838 2178 1954 2234 ani-

352 2246 467 2289 mo.
538 2234 695 2305 Quod
743 2251 921 2299 autem
984 2248 1119 2305 tales
1172 2250 1244 2307 ita
1306 2258 1610 2330 sentirem,
1678 2280 1786 2322 non
1836 2278 1955 2327 erat

351 2326 541 2430 utique
568 2331 892 2430 mirandum.
924 2337 1164 2398 Fuerunt
1189 2346 1332 2402 enim
1380 2350 1479 2421 ipsi
1507 2326 1624 2411 fere
1651 2360 1951 2430 prophetiae

352 2419 560 2516 coaevi,
609 2422 663 2479 id
715 2425 999 2487 hominum
1045 2448 1217 2505 genus
1268 2419 1412 2511 quos
1462 2419 1770 2516 Scriptura.
1809 2433 1951 2513 ωδ

350 2513 625 2585 appellat,
673 2519 765 2591 qui
796 2522 939 2593 quod
986 2532 1320 2599 argumentis
1349 2513 1641 2610 numquam
1681 2545 1949 2607 conficere

356 2613 683 2699 potuerunt,
725 2612 777 2668 id
829 2616 940 2672 risu
990 2628 1167 2677 tamen
1211 2634 1375 2697 atque
1407 2628 1585 2699 jocis.
1632 2643 1947 2697 soommati-

359 2694 462 2752 bus
490 2706 653 2771 atque
701 2702 941 2763 dicteriis
983 2694 1311 2772 conarentur
1356 2694 1425 2775 ut.
1456 2722 1771 2796 religionem
1811 2694 1949 2788 ludi-

352 2784 472 2842 brio
510 2804 865 2862 exponerent.
900 2798 965 2856 Et
1013 2818 1145 2860 vero
1189 2806 1244 2863 in
1273 2784 1761 2887 prophetis'gesttts
1792 2836 1949 2881 erant

349 2879 421 2987 ab
454 2895 554 2938 usu
594 2882 875 2946 hominum
919 2898 1195 2954 communi
1259 2879 1506 2964 nonnihil
1559 2879 1761 2982 alieni,
1809 2879 1947 2987 quos

351 2971 511 3031 facile
558 2988 676 3035 erat
726 2981 963 3040 ridiculis
1015 2986 1327 3051 hominibus
1374 2971 1769 3069 representare
1810 2971 1948 3065 t‘amo

350 3080 512 3160 quam
546 3069 694 3141 ipsos
738 3075 901 3132 etiam
938 3080 1218 3141 ridiculos.
1252 3084 1545 3160 Josephum
1577 3093 1774 3155 fratres
1802 3116 1949 3158 som-

1932 1927 1956 1940 -
2063 1913 2280 1955 suarum
2314 1902 2618 1959 testimonia
2645 1947 2660 1971 ,
2716 1905 2917 1964 fuerint
2962 1919 3139 1967 tamen
3171 1912 3325 1970 istius
3353 1918 3497 1975 modi
3528 1936 3663 1977 cen-

2062 2007 2257 2061 sores,
2310 2010 2417 2051 non
2463 2009 2552 2054 est
2601 2000 2786 2073 utique
2839 2004 3144 2062 mirandum
3194 2008 3240 2063 si
3295 2009 3347 2065 in
3395 2012 3657 2085 Cypriani

2060 2088 2223 2142 etiam
2282 2097 2524 2161 tempora
2587 2093 2911 2165 inciderint,
2966 2114 3087 2154 cum
3135 2102 3247 2171 jam
3303 2104 3663 2195 invaluissent

2064 2182 2208 2237 inter
2268 2184 2621 2257 philosophos
2670 2187 2961 2260 Epicurei,
3021 2193 3111 2265 qui
3150 2205 3345 2266 praeter
3385 2182 3658 2260 naturalia

2059 2276 2242 2332 Omnia
2294 2278 2528 2335 ludibrio
2575 2280 2879 2340 habuerint.
2928 2285 2985 2341 ld
3034 2303 3197 2353 unum
3234 2291 3366 2346 satis
3408 2301 3561 2359 erat,
3607 2294 3656 2349 si

2056 2368 2146 2439 qui
2181 2369 2526 2441 prophetias,
2568 2389 2705 2444 quos
2750 2375 3023 2443 diximus,
3066 2381 3299 2451 petiitius
3350 2383 3658 2441 intellexis-

2054 2470 2217 2530 sent,
2269 2478 2370 2519 nec
2426 2478 2615 2521 eorum
2661 2467 2919 2524 intererat
2967 2480 3024 2540 ut
3069 2470 3217 2528 falsa:
3282 2473 3651 2546 haberentur,

2054 2569 2246 2611 eorum
2278 2572 2439 2612 nemo
2473 2558 2593 2613 illas
2641 2558 2692 2613 in
2724 2558 2950 2617 dubium
2999 2565 3225 2622 vocarit.
3276 2565 3524 2625 Vidimus
3550 2584 3654 2625 au-

2055 2656 2164 2703 tem
2224 2648 2498 2721 Cypriano
2550 2666 2763 2707 eoazvos
2813 2652 3127 2724 prophetica
3177 2656 3318 2713 dona
3361 2658 3415 2714 in
3466 2660 3655 2717 Eccle-

2052 2740 2133 2793 sia
2180 2743 2500 2809 aguovisse,
2546 2742 2636 2812 qui
2688 2741 2903 2813 quidem
2934 2744 3081 2801 illius
3125 2747 3309 2803 muli
3339 2748 3644 2808 doctissimi

2054 2830 2383 2888 haberentttr
2403 2876 2419 2899 ,
2449 2848 2737 2904 rerumque
2775 2835 3271 2893 ecclesiasﬁcarum-
3309 2842 3647 2910 peritissimi.

2051 2921 2238 2994 Neque
2280 2924 2577 2981 verisimile
2606 2937 2721 2982 erat
2755 2935 2863 2983 tam
2890 2942 3133 2985 severam
3166 2930 3220 2986 in
3260 2930 3500 2990 Ecclesia
3528 2934 3646 2991 dis-

2051 3016 2305 3089 ciplinam
2353 3020 2535 3091 vigerc
2582 3020 2854 3090 potuisse.
2904 3022 3005 3077 nisi
3054 3022 3126 3079 de
3174 3023 3393 3081 numine
3438 3022 3492 3083 in
3542 3026 3653 3085 Ec-

2052 3110 2214 3165 clesia
2257 3113 2679 3182 prmsentissimo
2735 3112 3188 3171 manifestissimis
3236 3126 3515 3175 constaret
3558 3122 3650 3177 in-

352 3156 619 3218 ¹¹Ῐ³¹⁰⁹⁸¹⁰
684 3168 1031 3235 ³ΡΡε¹¹³¹⁹¹¹¹¹ί
1084 3174 1105 3246 (
1126 3174 1297 3244 (ἵεντο.
1353 3156 1568 3253 sum,
1624 3187 1760 3260 l9),
1801 3156 1946 3264 quod
1974 3200 2019 3261 C
2712 3156 2961 3275 spiritu:
2980 3206 3281 3277 prophetici
3322 3220 3650 3280 prattextum

354 3249 470 3280 εις-Α
511 3268 724 3280 -..ιι-η-
778 3258 898 3280 ,1.-,
925 3278 950 3280 η
985 3279 990 3280 ,
1072 3274 1085 3280 _
1142 3266 1177 3280 .-
1286 3271 1299 3280 .
1517 3277 1542 3280 _

353 3249 472 3353 ipse
508 3268 727 3328 quoque
771 3258 1091 3353 observarat
1137 3266 1459 3341 Cyprianus.
1514 3249 1840 3353 Propltelam
1888 3249 1950 3342 il;

349 3341 464 3401 lum
502 3349 596 3419 qui
643 3351 714 3407 ab
767 3352 969 3413 Elisazo
995 3360 1190 3419 missus
1232 3364 1372 3423 Jehu
1422 3341 1645 3443 regnum
1696 3341 1948 3436 israeliti-

354 3452 480 3495 cum
508 3444 872 3515 promiserat,
918 3451 1165 3509 insanum
1198 3472 1455 3518 vocarunt
1495 3465 1765 3539 principes
1787 3486 1947 3529 exer-

347 3530 524 3602 citus,
574 3550 675 3593 nec
717 3546 897 3597 tamen
930 3547 1208 3602 oraculum
1245 3551 1317 3605 ab
1360 3568 1426 3608 eo
1462 3530 1946 3633 editum-neglexe

350 3633 494 3679 runt.
544 3625 621 3681 lta
667 3644 826 3699 quem
865 3635 1085 3693 nomine
1133 3648 1289 3696 tenus
1334 3642 1581 3703 insanum
1624 3625 1944 3720 vocassent.

348 3714 498 3769 serio
528 3728 708 3774 tamen
743 3736 840 3791 pro
869 3724 1059 3783 insano
1091 3733 1402 3805 neutiquam
1435 3738 1747 3801 habendum
1772 3714 1947 3806 duxe;

354 3814 496 3862 rant.
550 3808 619 3865 Et
663 3811 977 3886 frequentes
1005 3820 1113 3876 illa:
1145 3830 1474 3897 temporibus
1516 3836 1676 3892 etiam
1722 3854 1945 3912 aposto-

349 3898 473 3957 licis
519 3905 744 3963 cautelae
786 3911 854 3966 de
900 3927 1005 3969 non
1043 3922 1450 3979 contemnendis
1500 3898 1946 4002 extinguendisve

348 3995 687 4066 prophetiis,
739 4000 792 4057 id
840 4006 972 4061 satis
1018 4008 1293 4080 innuunt,
1350 4030 1509 4087 quam
1564 3995 1827 4090 proclives
1853 4043 1943 4085 es-

348 4099 472 4143 sent
522 4090 589 4145 ad
642 4092 694 4147 id
741 4097 1042 4156 faciendum
1073 4101 1324 4161 homines
1361 4108 1431 4165 de
1458 4126 1567 4182 quo
1593 4117 1750 4175 toties
1791 4133 1947 4178 erant

346 4183 656 4239 necessario
701 4190 976 4248 monendi.
1020 4191 1132 4251 Nec
1160 4207 1278 4253 erat
1316 4213 1447 4256 sane
1473 4204 1618 4260 aliud
1654 4207 1763 4266 illis
1803 4220 1942 4270 tem-

347 4458 511 4513 simul
567 4461 747 4530 plures
787 4464 1172 4539 loquerentur,
1204 4490 1327 4533 cum
1352 4482 1713 4551 prophetissa:
1751 4487 1805 4542 in
1832 4503 1946 4545 cte-

347 4550 494 4608 tibus
534 4553 813 4626 virorum,
860 4562 1125 4633 Capitibus
1164 4571 1324 4626 etiam
1370 4573 1760 4647 discoopertis,
1806 4597 1946 4654 prat-
1972 4592 2022 4653 1)

345 4651 432 4699 ter
481 4661 643 4704 sexus
686 4653 1044 4723 modestiam,
1095 4663 1577 4733 concionarentur;
1627 4686 1751 4727 cum
1802 4651 1944 4729 dona

490 4738 608 4795 sine
647 4746 797 4799 omni
852 4748 1226 4807 tedilicatiouis
1279 4756 1636 4830 utilitatisque
1694 4777 1945 4834 respectu

344 4828 571 4887 ederent
618 4838 927 4909 prophetas,
985 4858 1307 4918 essentque,
1354 4856 1422 4907 ne
1478 4828 1823 4913 iuifuturum
1872 4862 1940 4916 ita

350 4920 611 4995 deinceps
691 4929 963 5001 facerent,
1030 4937 1409 4999 Eeclesiastica
1491 4949 1706 5004 tandem
1780 4951 1943 5009 disci-

344 5012 488 5085 plina
518 5024 827 5081 coerceudi.
859 5028 1028 5085 Erant
1055 5035 1305 5103 equidem
1331 5034 1447 5093 haec
1476 5040 1752 5111 prophetis
1784 5045 1935 5111 ipsis,

339 5123 449 5165 non
508 5111 667 5171 donis
738 5133 925 5177 eorum
1007 5129 1367 5199 propheticis,
1448 5135 1578 5188 vitio
1654 5140 1932 5195 vertenda.

338 5198 509 5267 Quem
557 5208 700 5265 enim
770 5212 1073 5275 habuerunt
1142 5223 1431 5294 spiritum,
1498 5229 1774 5299 subjectus
1828 5233 1935 5290 illis

2056 3302 2282 3362 possent
2322 3292 2573 3349 falsitatis
2638 3297 2994 3363 convincere,
3043 3298 3153 3369 jam
3196 3299 3495 3358 Iabasceret
3542 3321 3649 3363 una

2053 3385 2381 3457 reliquorum
2434 3387 2607 3454 fides,
2669 3391 2781 3459 jam
2840 3390 2972 3447 nihil
3018 3403 3136 3449 erat
3186 3394 3328 3466 qttod
3387 3395 3651 3455 Ecclesia:

2051 3482 2485 3537 communionem
2528 3494 2605 3537 tot
2647 3499 2909 3541 annorum
2945 3488 3255 3558 paenitentia
3290 3498 3397 3545 tam
3441 3493 3647 3562 ingrata

2051 3572 2350 3638 ambirent;
2398 3590 2519 3628 cum
2554 3578 2849 3647 prmserlim
2902 3579 3079 3636 nullus
3114 3591 3261 3637 esset
3302 3584 3649 3654 magistratus

2050 3666 2140 3735 qui
2194 3676 2446 3736 cogeret,
2511 3678 2657 3725 esset
2709 3681 2897 3727 contra
2955 3673 3044 3743 qui
3113 3673 3351 3732 rebelles
3402 3676 3644 3744 foveret,

2050 3760 2303 3828 omnique
2366 3775 2529 3832 opera
2598 3763 2652 3817 in
2709 3763 3059 3820 rebellionem
3122 3767 3421 3837 pelliceret.
3486 3769 3647 3839 Quod

2048 3860 2228 3906 autem
2279 3854 2346 3908 ad
2395 3853 2584 3911 athcos
2620 3856 2903 3927 cpicureos
2931 3858 3153 3925 attinet,
3188 3858 3286 3916 fuit
3318 3876 3381 3916 ea
3425 3877 3648 3935 semper

2048 3952 2237 4015 estque
2288 3945 2449 4001 hodie
2496 3946 2709 4001 illorum
2762 3948 3001 4016 indoles,
3034 3961 3094 4006 ut
3133 3953 3479 4021 generalibus
3529 3955 3647 4009 suis

2049 4035 2440 4108 hypotbesibus
2470 4040 2740 4103 contenti,
2777 4040 2828 4094 in
2880 4043 3126 4113 exempla
3174 4044 3518 4115 particularia
3568 4060 3640 4101 ne

2046 4128 2261 4199 quidem
2308 4130 2684 4201 inquirendum
2744 4144 2953 4203 putent.
3004 4133 3174 4199 Quam
3218 4135 3295 4189 illi
3338 4134 3535 4191 fuerint
3582 4137 3637 4191 in

2048 4220 2209 4275 rebus
2238 4221 2616 4279 ecclesiasticis
2655 4224 2896 4295 hospites
2919 4269 2932 4291 ,
2979 4228 3057 4282 vel
3092 4229 3250 4282 unius
3280 4226 3421 4284 Celsi
3461 4243 3646 4284 exem-

2049 4312 2138 4383 plo
2188 4315 2529 4370 manifestum
2561 4326 2663 4371 est.
2707 4316 2807 4383 Qui
2861 4334 2980 4372 cum
3042 4320 3143 4374 sibi
3183 4320 3362 4374 omnia
3392 4335 3647 4393 comper-

2050 4406 2252 4460 tissima
2325 4420 2449 4462 esse
2492 4408 2852 4479 iactabundus
2896 4412 3159 4481 gloriatus
3211 4419 3387 4476 esset,
3441 4412 3495 4466 in
3551 4428 3642 4469 re-

2050 4497 2150 4553 bus
2194 4508 2374 4557 tarnen
2422 4502 2681 4559 Ecclesiae
2729 4518 2853 4557 raro
2899 4519 3122 4577 scopum
3168 4505 3401 4577 attingit.
3440 4503 3645 4577 Estque

2053 4592 2103 4647 id
2152 4595 2202 4646 in
2248 4608 2314 4649 eo
2364 4595 2475 4651 fere
2511 4609 2859 4667 perpetuum,
2896 4608 2953 4652 ut
2987 4614 3109 4653 cum
3148 4599 3437 4653 Ecclesium
3478 4596 3644 4656 ferire

2051 4688 2242 4754 vellet,
2300 4690 2393 4743 vix
2445 4701 2621 4746 tamen
2676 4691 2742 4746 ad
2797 4692 2931 4748 alios
2987 4708 3145 4763 quam
3198 4692 3482 4747 litereticos
3538 4691 3644 4762 Ec-

2047 4782 2229 4839 clesia:
2250 4795 2499 4838 extorres
2527 4786 2834 4855 pertineant
2858 4801 2919 4842 ea
2940 4828 2953 4851 ,
3000 4786 3194 4855 quibus
3236 4784 3488 4840 Ecclesiae
3514 4798 3645 4839 cau-

2046 4893 2161 4934 sam
2215 4874 2642 4931 labefactandam
2687 4878 2933 4933 credidit.
2971 4877 3255 4948 Egregium
3307 4892 3436 4931 vero
3486 4876 3636 4931 iilutn

2046 4969 2304 5028 Ecclesia}
2328 4984 2609 5024 censorem
2628 5012 2642 5034 ,
2666 4972 2755 5040 qui
2788 4988 2852 5027 ne
2877 4972 3170 5027 Ecclesium
3199 4969 3415 5041 quidem
3442 4970 3510 5024 ah
3533 4969 3641 5024 iue-

2045 5063 2337 5120 reticorum
2401 5063 2477 5118 illi
2521 5063 3003 5121 infensissimorum
3036 5064 3391 5121 conventibus
3423 5073 3636 5135 poterat

2041 5156 2366 5228 distinguere
2391 5158 2404 5210 l
