3888 6340
361 308 431 362 55
1327 302 1696 361 DODWELLI
1729 300 2176 360 DISSERTATIO
2213 303 2636 361 CYPRIANICA
3594 312 3664 368 36

362 432 505 475 tores
536 426 655 475 sunt
675 418 1072 490 praedicationis
1088 418 1182 474 ﬁlii
1207 414 1320 474 Dei.
1347 439 1364 471 ι
1395 419 1585 472 Postea
1608 437 1621 472 :
1643 436 1662 467 ‹
1694 418 1761 471 Et
1786 416 1953 471 dixit:
1987 419 2034 477 A
2060 418 2312 473 eumdem
2344 420 2510 488 gratia
2561 418 2804 473 scientiae
2831 418 3088 476 donatum
3124 436 3244 479 esse
3267 425 3417 480 dicit.
3456 426 3665 483 Proba-

359 513 621 581 Quoniam
665 514 715 567 hi
744 513 974 583 apostoli
1003 521 1058 567 et
1111 514 1364 568 doctores
1410 512 1499 577 qui
1531 509 1961 579 praedicaverunt

359 621 554 661 nomen
582 607 672 660 lilii
702 606 823 672 Dei,
853 622 973 661 cum
999 606 1261 662 habentes
1290 605 1448 660 fidem
1491 605 1607 673 ejus
1637 614 1690 659 ct
1720 612 1957 674 potesta-

360 708 464 754 tem
490 699 724 755 defuncti
748 708 934 756 essent
959 700 1387 771 prtedicaverunt
1411 698 1495 753 his
1523 699 1613 768 qui
1642 707 1765 752 ante
1808 696 1959 754 obie~

357 804 502 848 runt.
530 811 549 845 ι
571 794 803 848 lterum:
838 811 856 844 ι
890 795 965 849 De
990 803 1178 847 octavo
1204 808 1332 847 vero
1354 802 1559 858 monte,
1594 792 1645 845 in
1685 805 1792 862 quo
1843 792 1960 860 plu-

359 888 480 943 rimi
514 899 669 943 erant
694 888 869 944 fontes
897 888 1161 957 inquibus
1192 887 1559 956 adaquabatnr
1588 901 1749 940 omne
1790 898 1961 955 genus

356 994 621 1036 creatura:
651 981 764 1043 Dei,
812 979 945 1034 tales
989 988 1114 1032 sunt
1155 979 1245 1047 qui
1287 977 1637 1033 crediderunt
1676 975 1953 1047 apostolis,

356 1089 491 1144 quos
531 1074 675 1128 misit
705 1071 959 1125 Dominus
992 1072 1045 1124 in
1072 1080 1241 1125 totum
1286 1070 1472 1125 orbem
1527 1070 1823 1140 praedicare
1859 1086 1873 1122 :
1905 1076 1960 1122 et.

356 1165 573 1234 quidam
597 1166 849 1219 duetores
881 1164 969 1233 qui
1001 1172 1149 1218 caste
1197 1171 1252 1218 et.
1273 1164 1482 1218 sincere
1533 1162 1960 1228 praedicaverunt

355 1266 408 1313 et
458 1260 774 1321 docuerunt,
826 1265 929 1312 etc.
968 1273 987 1307 ι
1026 1256 1100 1309 Ex
1151 1256 1349 1325 quibus
1401 1257 1651 1311 omnibus
1696 1256 1749 1310 id
1794 1254 1953 1310 etiam

353 1350 721 1420 intelligimus,
753 1364 998 1419 quamam
1024 1348 1115 1402 illa
1137 1347 1302 1402 fuerit
1331 1346 1575 1403 doctrina
1603 1346 1745 1403 unde
1771 1346 1956 1402 docto-

352 1457 471 1495 rum
513 1457 708 1497 nomen
738 1440 1061 1506 habuerunt,
1117 1454 1313 1495 munus
1354 1440 1484 1495 illttd
1515 1438 1867 1511 praedicandi,
1900 1447 1957 1494 ut

354 1534 592 1605 loquitur
653 1537 913 1603 Hermas,
966 1544 1277 1603 tantamque
1342 1534 1505 1588 etiam
1559 1534 1723 1588 fuisse
1768 1548 1955 1589 eorum

353 1626 692 1698 dignitatem,
729 1639 783 1683 ut
814 1643 935 1683 cum
984 1628 1265 1698 apostolis,
1300 1637 1356 1681 ut
1386 1625 1699 1696 plurimum,
1726 1626 1955 1697 conjun-

353 1732 569 1789 gantur.

2066 509 2240 563 vimus
2279 511 2422 565 enim
2458 510 2790 566 istiusmodi
2829 514 3059 581 Spiritus
3102 520 3416 591 χαρίσματα
3460 519 3525 573 ad
3557 520 3667 591 Cy-

2064 605 2235 672 priani
2260 606 2427 658 nostri
2455 614 2696 674 tempora
2745 607 3130 676 permansisse.
3178 610 3375 664 Fateor
3409 610 3665 681 equidem

2064 694 2150 748 illa
2181 702 2338 749 aetate
2369 694 2634 751 donorum
2667 697 3222 753 extraordinariorum
3246 714 3402 754 usum
3432 701 3486 755 in
3515 702 3669 757 ordi-

2063 790 2333 842 nariorum
2383 804 2595 859 quoque
2632 806 2915 845 munerum
2964 790 3432 849 administratione
3469 796 3665 852 fuisse.

2064 879 2169 934 Sed
2225 897 2352 936 vero
2394 899 2587 937 munus
2631 883 2734 938 hoc
2779 884 3066 939 doctorum
3108 904 3213 941 non
3270 890 3449 944 minus
3497 889 3667 946 fuisse

2059 989 2219 1044 qualn
2248 975 2447 1030 donum
2476 982 2648 1047 ipsum
2691 976 2954 1031 doctrina)
2982 980 3496 1049 extraordinarium,
3537 982 3669 1040 inde

2059 1067 2366 1136 colligimus
2394 1068 2539 1137 quod
2579 1068 2957 1124 deﬁcientibus
2989 1069 3295 1138 hujusmodi
3318 1073 3497 1137 donis,
3528 1089 3667 1144 pau-

2060 1156 2207 1212 latim
2230 1160 2403 1228 ipsum
2435 1174 2649 1230 quoque
2671 1176 2864 1216 munus
2895 1163 2946 1217 in
2986 1162 3397 1222 desuetudinem
3443 1166 3667 1222 abierit.

2057 1246 2219 1303 Nulla
2240 1251 2384 1304 enim
2417 1250 2533 1321 ejus
2571 1255 2809 1307 occurrit
2857 1253 2912 1307 in
2945 1256 3308 1324 posteriorum
3336 1258 3669 1313 smculorum

2056 1338 2354 1395 canonibus
2387 1342 2615 1401 mentio.
2642 1340 2753 1397 Nec
2794 1343 2958 1398 etiam
3012 1346 3159 1401 ullibi
3211 1362 3331 1402 cum
3372 1348 3671 1404 ordinariis

2058 1432 2319 1500 episcopi,
2356 1433 2659 1504 presbyteri
2695 1444 2788 1489 aut
2831 1434 3041 1490 diaconi
3071 1436 3267 1495 ofﬁciis
3320 1440 3672 1512 conjungitur

2057 1523 2112 1577 in
2136 1523 2199 1577 N.
2235 1524 2297 1578 Τ.
2333 1526 2426 1580 sed
2476 1541 2597 1581 cum
2630 1528 3077 1585 extraordinariis
3109 1530 3218 1586 illis
3273 1534 3668 1602 apostolorum,

2059 1617 2465 1686 prophetarum,
2490 1619 3005 1689 miraculorumque,
3030 1640 3149 1693 quae
3166 1626 3371 1694 jamdiu
3400 1626 3672 1684 defecisse

2058 1726 2251 1767 omnes
2294 1714 2643 1769 conﬁtentur.
2691 1714 2803 1771 Nec
2850 1728 3144 1787 suppetunt
3196 1721 3439 1789 patribus
3485 1720 3672 1791 quarti

428 1813 455 1885 ς
487 1814 617 1867 2,-
631 1813 1087 1883 Frequens-etiam
1113 1813 1352 1869 οςςιητίι
1376 1812 1567 1868 horum
1590 1811 1874 1867 ἀοςιοιιυω
1907 1812 1960 1866 in
1989 1820 2038 1880 Β
2066 1806 2248 1860 εωευιί
2277 1817 2331 1861 et
2362 1807 2621 1879 deinceps
2642 1809 2711 1864 de
2733 1825 2920 1864 eorum
2948 1811 3127 1866 officio
3152 1811 3296 1881 quod
3328 1812 3570 1868 scribant
3599 1829 3671 1869 ex

354 1907 535 1959 Sacris
568 1906 783 1960 Litteris
812 1908 1012 1961 mentio
1040 1924 1053 1959 :
1079 1906 1289 1971 Actor.,
1318 1922 1473 1971 χχιιι,
1507 1922 1542 1971 ι,
1568 1906 1953 1975 pr0phetarum

353 2010 407 2054 ct
435 1999 750 2063 doctorum;
777 1998 964 2066 lCor.,
992 2016 1085 2063 xu,
1113 2000 1288 2069 primo
1306 2001 1697 2069 ap0stolorutn,
1718 1992 1956 2054 secundo

356 2095 762 2159 prophetarum,
796 2092 955 2145 tertio
982 2091 1266 2145 doctorum
1318 2101 1443 2146 ante
1470 2092 1571 2144 alia
1603 2090 1836 2160 Spiritus
1860 2105 1956 2145 ex-

354 2180 708 2234 traordinaria
738 2184 1082 2255 χαρίσματα,
1109 2197 1162 2235 v.
1195 2180 1405 2246 28,29;
1429 2181 1591 2252 Eph.,
1624 2198 1694 2248 tv,
1738 2198 1796 2247 ιι,
1825 2196 1953 2249 apo-

352 2273 637 2339 stolorum,
665 2274 1072 2343 prophetarum,
1100 2276 1576 2344 evangelistarum,
1598 2285 1873 2344 pastorum
1901 2282 1957 2329 et

351 2370 658 2424 doctorum.
718 2368 1029 2423 Inseruntur
1064 2370 1149 2423 hic
1196 2369 1552 2439 Evangelistze
1582 2378 1637 2422 et
1674 2377 1951 2438 pastores;

347 2465 488 2519 dona
518 2465 579 2519 N.
621 2464 685 2519 Τ.
720 2465 959 2535 propria,
1006 2480 1107 2520 nec
1130 2481 1156 2517 a
1186 2464 1534 2528 Pentecoste,
1567 2478 1675 2532 quo
1709 2472 1954 2532 tempore

354 2558 585 2627 Spiritus
638 2556 842 2612 effusus
888 2566 990 2623 est,
1034 2556 1373 2613 deducenda.
1411 2556 1767 2625 Evangelistae
1809 2555 1953 2611 enim

352 2664 421 2703 eo
450 2660 695 2719 tempore
726 2648 1021 2705 necessarii
1042 2659 1197 2704 erant
1219 2665 1323 2720 quo
1354 2650 1690 2719 evangelium
1708 2648 1773 2703 ad
1805 2658 1956 2703 exte-

355 2756 445 2795 ros
475 2741 829 2797 derivaudum
861 2752 999 2808 erat,
1030 2741 1171 2811 quod
1216 2742 1397 2797 nescio
1446 2757 1513 2795 an
1558 2751 1683 2795 ante
1717 2738 1957 2795 Cornelii

357 2834 639 2889 historiam
669 2835 978 2904 contigerit,
1000 2834 1117 2889 ﬁeri
1145 2843 1293 2890 certe
1322 2836 1406 2887 vix
1438 2842 1614 2903 potest
1646 2844 1701 2887 ut
1728 2840 1954 2886 mortem

354 2926 615 2997 Stephani
666 2928 1042 2993 antecesserit,
1098 2926 1635 2996 persecutionemque
1692 2939 1755 2979 ea
1800 2939 1957 2978 occa-

350 3020 502 3072 sione
529 3019 838 3072 excitatam.
890 3018 1173 3073 Pastorum
1208 3034 1401 3072 munus
1432 3026 1557 3071 tunc
1588 3017 1955 3073 necessarium

351 3118 486 3175 erat,
535 3125 657 3165 cum
709 3110 970 3165 Ecclesia:
1013 3110 1372 3182 eleemosyna:
1418 3118 1573 3165 erant
1606 3109 1658 3163 in
1694 3122 1957 3179 pauperes

2060 1901 2141 1954 sui
2173 1902 2357 1955 saeculi
2384 1902 2617 1973 receptis
2648 1903 2889 1958 moribus
2917 1904 3002 1961 vel
3031 1906 3264 1960 evanida
3298 1908 3541 1977 vestigia,
3566 1910 3667 1964 sed

2061 1996 2285 2065 perinde
2307 2011 2369 2052 ac
2404 2013 2525 2060 nos.
2572 2013 2603 2052 e
2635 2006 2782 2052 textu
2828 1998 3002 2053 solum
3053 2012 3403 2069 veterumque
3445 2002 3665 2073 scriptis

2059 2087 2452 2156 eonjectantur.
2500 2088 2731 2143 Videant
2780 2091 2939 2160 igitur
2988 2091 3186 2146 fratres
3228 2093 3670 2165 Indepeodcntes

2058 2194 2163 2249 qua
2192 2181 2402 2235 ratione
2450 2180 2553 2235 hoc
2604 2180 2844 2235 officium
2899 2184 3321 2239 continuandum
3377 2196 3665 2255 censeant,

2060 2288 2182 2325 cum
2216 2282 2395 2326 tamen
2423 2271 2562 2327 dona
2592 2272 2705 2337 illa,
2755 2273 2950 2343 quibus
2998 2275 3243 2331 innixum
3294 2276 3666 2349 probavimus,

2058 2378 2162 2419 nec
2183 2364 2281 2433 ipsi
2312 2364 2573 2420 defecisse
2602 2365 2931 2420 iuﬁcientur.

2130 2456 2158 2528 ᾗ
2179 2457 2863 2514 4.-Λιιίιιιιιι1νθι1ιειιι1ιιιιι
2890 2468 3172 2529 przeterea,
3198 2476 3321 2516 cum
3342 2460 3409 2517 de
3428 2461 3667 2533 Presby—

2061 2553 2189 2607 teris
2216 2552 2531 2607 doctoribus
2563 2554 2808 2609 meminit
2837 2554 3157 2624 Cyprianus,
3194 2555 3247 2610 id
3271 2557 3432 2611 simul
3469 2562 3667 2612 innue-

2058 2660 2139 2710 re,
2167 2643 2330 2699 fuisse
2354 2646 2538 2715 utique
2565 2647 2703 2700 alios
2726 2664 2755 2701 e
2788 2647 3128 2716 presbyterio
3154 2649 3243 2717 qui
3293 2664 3398 2701 non
3430 2647 3665 2704 fuissent

2058 2735 2329 2791 doctores.
2364 2737 2473 2792 Nec
2497 2738 2640 2793 enim
2662 2753 2799 2807 opus
2820 2748 2935 2793 erat
2959 2747 3017 2793 ut
3039 2742 3385 2811 presbyteros
3411 2740 3669 2797 doctores

2059 2829 2127 2883 ab
2168 2828 2437 2899 episcOpis
2490 2829 2673 2884 itidem
2705 2831 3014 2886 doctoribus
3057 2844 3386 2901 secerneret,
3429 2835 3545 2905 ipse
3574 2836 3669 2907 qui

2062 2920 2175 2975 hzec
2203 2923 2465 2977 scriberet
2490 2924 2799 2993 episc0pus.
2844 2924 2954 2980 Nec
2986 2926 3161 2981 locum
3191 2927 3462 2984 habebant
3490 2930 3580 2985 alii
3609 2930 3667 2987 in

2062 3029 2247 3068 eorum
2282 3016 2600 3084 probatione
2627 3018 2717 3087 qui
2747 3020 2801 3072 in
2845 3020 3046 3073 clerum
3082 3022 3432 3089 promovendi
3459 3032 3665 3091 essent,

2062 3124 2223 3179 quam
2258 3111 2583 3182 presbyteri.
2608 3112 2753 3168 Idem
2788 3113 3034 3181 Saturus,
3055 3130 3177 3170 cum
3202 3116 3485 3185 Aspasium
3516 3132 3669 3185 pres-

350 3203 758 3259 distribueudm.
790 3203 887 3259 Est
907 3204 1052 3259 enim
1082 3218 1142 3259 ea
1169 3205 1282 3273 ipsa
1327 3203 1640 3258 distributio
1676 3205 1957 3277 ποιμαίνειν
1988 3212 2031 3273 C
2064 3201 2313 3274 bytcrum
2347 3204 2623 3260 doctorem
2653 3207 2911 3278 appellat.
2936 3208 3069 3262 Cum
3095 3209 3258 3277 igitur
3279 3210 3508 3267 docendi
3533 3212 3667 3269 illud

351 3294 366 3347 Ι
394 3296 533 3358 l’ct.,
554 3296 682 3363 νβ,
708 3296 857 3366 juxta
885 3312 946 3351 ea
974 3312 1094 3367 quae
1118 3312 1277 3366 supra
1309 3296 1721 3366 disputavimus.
1756 3298 1829 3351 lta
1865 3299 1955 3353 ﬁet

350 3398 407 3442 ut
466 3388 731 3443 donorttm
776 3388 1118 3459 originalium
1150 3389 1425 3457 proximus
1483 3400 1605 3461 post
1658 3390 1952 3461 prophetas

350 3480 502 3536 locus
531 3482 599 3537 sit
624 3482 936 3537 doctoribus
961 3482 1340 3554 assignandus.
1370 3483 1447 3537 Ex
1473 3484 1587 3553 ipsa
1616 3485 1759 3539 enim
1787 3500 1949 3555 syna-

350 3588 486 3643 goga
527 3572 827 3627 derivatum
883 3582 967 3629 est
1021 3573 1086 3628 ad
1152 3574 1448 3629 Ecclesiam
1500 3574 1657 3645 hujus
1713 3578 1953 3632 muneris

352 3666 681 3735 exemplum.
712 3666 987 3735 Siquidem
1019 3667 1095 3720 illi
1126 3683 1339 3737 quoque
1390 3678 1544 3721 erant
1592 3670 1673 3721 sui
1721 3668 1951 3723 Rabbini

352 3762 647 3834 κκθηγηταί,
662 3764 945 3823 συζητηταὶ
965 3766 1057 3815 τοῦ
1080 3763 1256 3820 αἰῶνος
1270 3764 1455 3817 τούτου
1467 3805 1478 3824 ,
1495 3761 1719 3826 Scriba),
1734 3766 1949 3835 νομικοὶ,

350 3849 805 3923 νομοδιδάσκαλοι(
824 3852 904 3905 his
932 3851 1077 3905 enim
1104 3852 1354 3906 omnibus
1374 3853 1542 3907 titulis
1569 3853 1950 3925 insigniuntur)

350 3944 437 4012 qui
467 3954 522 3999 et
548 3942 843 3999 διδάσκαλοι
863 3943 1181 4014 simpliciter
1211 3947 1569 4016 appellantur,
1590 3942 1745 4017 Luc.,
1771 3965 1828 4017 ιι,
1856 3950 1947 4005 46.

349 4040 541 4096 Fuisse
570 4042 733 4095 etiam
766 4042 910 4112 apud
961 4042 1106 4112 ipsos
1156 4059 1353 4099 munus
1384 4045 1672 4100 admodum
1723 4046 1948 4101 honori-

350 4132 509 4187 ﬁcum
537 4140 747 4187 constat
767 4148 797 4188 e
840 4132 1024 4199 Rom.,
1053 4149 1113 4201 ιι,
1147 4134 1233 4201 18,
1266 4134 1354 4197 19,
1386 4134 1480 4202 20,
1509 4135 1603 4190 21.
1629 4136 1697 4191 Ut
1726 4152 1950 4193 necesse

352 4235 497 4279 esset
544 4225 813 4279 Salvatori
864 4224 932 4279 de
972 4240 1039 4280 eo
1085 4226 1381 4297 discipulos
1405 4243 1533 4285 suos
1586 4244 1831 4293 monere,
1884 4247 1950 4286 ne

272 4362 277 4369 .
352 4315 501 4370 illum
523 4316 733 4370 titulum
758 4317 1044 4373 ambirent.
1072 4317 1243 4386 Quam
1263 4330 1463 4386 tamen,
1490 4336 1591 4376 una
1607 4336 1729 4377 cum
1746 4322 1946 4390 ofﬁcio,

350 4409 697 4464 ambitionem
727 4411 893 4466 etiam
919 4411 1227 4469 christianis
1259 4414 1545 4486 irrepsisse
1576 4418 1814 4487 suspicio
1843 4426 1947 4483 est,

440 4500 651 4564 Jacob.,
684 4517 762 4565 tu,
792 4519 827 4557 ι.

2058 3312 2257 3351 munus
2284 3314 2347 3351 ex
2369 3298 2567 3353 Herma
2591 3299 2731 3353 idem
2761 3300 2930 3357 fuisse
2956 3302 3326 3371 didicerimus,
3358 3306 3502 3377 quod
3523 3322 3667 3376 prae-

2055 3386 2291 3455 dicandi,
2308 3390 2465 3458 plane
2476 3393 2854 3462 sequitur,non
2878 3396 3115 3448 omnium
3138 3395 3303 3451 fuisse
3319 3398 3669 3469 presbytero-

2055 3495 2195 3542 rum,
2231 3494 2288 3535 ut
2313 3481 2365 3536 in
2392 3482 2631 3539 Ecclesia
2660 3487 3135 3553 concinnarcntur,
3168 3487 3367 3543 nedum
3396 3489 3466 3544 ita
3493 3488 3663 3547 fuisse

2055 3572 2233 3627 ofﬁcio
2254 3574 2601 3647 presbyterali
2630 3576 2937 3644 essentiale,
2972 3594 3131 3649 quam
3171 3590 3360 3648 putant
3383 3581 3659 3648 hodierni,

2054 3654 2467 3721 schismatici‘ut
2496 3668 2584 3737 qui
2618 3668 2748 3723 illud
2772 3686 2965 3724 munus
2996 3686 3101 3726 non
3145 3674 3479 3743 praestiterit,
3511 3674 3555 3729 is
3588 3689 3662 3731 ne

2055 3772 2154 3826 pro
2186 3758 2502 3829 presbytero
2529 3760 2805 3816 habendus
2834 3762 3155 3833 sitquidem.
3181 3765 3289 3821 Nec
3311 3781 3442 3823 vero
3458 3783 3659 3823 recen-

2056 3853 2255 3907 tiorum
2285 3852 2610 3907 saeculorum
2670 3854 2723 3909 id
2766 3856 2938 3911 errori
2972 3857 3310 3913 tribuendum
3339 3870 3478 3914 erat.
3508 3860 3657 3917 Idem

2054 3946 2213 4000 etiam
2239 3946 2339 4000 sub
2356 3947 2615 4016 apostolis
2635 3948 2933 4003 obtinuisse
2951 3961 3158 4005 constat
3175 3967 3239 4005 ex
3257 3951 3277 4005 l
3296 3950 3460 4019 'I'im.,
3483 3968 3537 4019 ν,
3562 3954 3657 4021 17,

2054 4054 2379 4108 quamquam
2404 4054 2688 4109 perperam
2710 4041 2969 4111 colligunt
2991 4052 3326 4116 προεστῶτας
3352 4044 3476 4099 illos
3502 4059 3658 4114 pres-

2052 4132 2293 4203 hytcros,
2316 4134 2405 4205 qui
2448 4134 2537 4188 alii
2559 4144 2790 4189 essenta
2840 4144 3085 4191 κοπιῶσιν
3125 4139 3176 4191 ἐν
3215 4138 3355 4212 λόγῳ
3390 4150 3477 4193 και
3508 4136 3657 4195 διδα-

2054 4229 2258 4302 σκαλία,
2287 4226 2450 4281 fuisse
2482 4226 2665 4282 Iaicos.
2699 4226 2808 4283 Cur
2830 4228 2901 4281 ita
2930 4228 3207 4297 colligunt,
3239 4230 3371 4283 nihil
3394 4230 3596 4286 habent
3621 4245 3655 4287 θ

2054 4330 2224 4385 textu,
2257 4320 2385 4374 nihil
2408 4336 2439 4375 e
2466 4321 2700 4391 receptis
2735 4320 2881 4374 illius
2908 4321 3088 4375 sreculi
3116 4322 3376 4387 moribus,
3401 4323 3652 4380 subsidii.

2046 4414 2307 4484 Sequitur
2322 4418 2496 4485 itaque
2513 4432 2579 4469 ne
2608 4416 2753 4485 ipsos
2780 4415 2994 4485 quidem
3010 4418 3282 4485 apostolos
3294 4418 3494 4472 donum
3520 4418 3652 4475 illud

2054 4507 2108 4561 in
2136 4508 2448 4563 ordinandis
2476 4510 2721 4579 exegiSse
2747 4512 3027 4579 ιιιίιενὶιιιιι.
3049 4526 3147 4567 nec
3168 4513 3308 4567 inter
3332 4517 3649 4590 χαρίσματα

422 4594 451 4668 §
477 4595 683 4651 5.-—Ut
709 4606 889 4651 autem
908 4598 1089 4654 omnia
1110 4598 1367 4655 Ecclesiae
1390 4617 1613 4656 munera
1630 4602 1823 4672 primis
1841 4601 1949 4656 illis
1974 4607 2027 4667 D
2054 4600 2165 4669 ipsa
2204 4619 2456 4656 manuum
2509 4605 2854 4673 impositionc
2886 4606 3080 4661 collata
3135 4612 3311 4663 locum
3363 4608 3646 4676 habuisse;

352 4688 651 4758 originibus
676 4691 1108 4747 extraordinario
1128 4693 1360 4762 Spiritus
1389 4694 1568 4750 Sancti
1611 4696 1808 4749 auxilio
1858 4694 1949 4750 ad-

353 4784 651 4838 ministrata
679 4794 837 4853 sunt;
876 4787 1016 4841 idem
1044 4798 1098 4843 et
1129 4789 1182 4841 in
1210 4788 1311 4844 hoc
1330 4804 1545 4860 qu0que
1562 4806 1783 4845 munere
1812 4806 1945 4846 con-

352 4876 534 4944 tigisse
564 4886 773 4932 certum
798 4890 902 4933 est.
937 4877 989 4935 Id
1020 4881 1196 4935 innuit
1224 4884 1441 4936 verbum
1475 4881 1633 4937 ἔδωκε
1668 4883 1830 4953 Eph,
1870 4901 1943 4949 tv,

354 4966 440 5031 ll,
473 4965 810 5023 referendum
842 4969 983 5024 enim
1016 4971 1081 5024 ad
1112 4970 1286 5025 locum
1335 4972 1420 5027 Ps.
1455 4990 1638 5039 vaut,
1682 4974 1767 5041 19,
1804 4991 1853 5029 v.
1886 4976 1939 5041 8,

352 5059 624 5115 laudatum
660 5079 673 5114 :
708 5048 881 5118 ἔδωκε
912 5062 1115 5136 δόματα
1153 5071 1260 5126 τοῖς
1314 5068 1617 5141 ἀνθρώποις.
1648 5066 1784 5121 Sunt
1815 5083 1943 5138 ergo

353 5155 511 5207 etiam
534 5154 791 5211 doctores
810 5157 919 5211 illis
945 5156 1162 5231 δόμοισιν
1184 5161 1527 5213 accensendi.
1559 5160 1789 5215 Proinde
1808 5162 1947 5217 inter

354 5246 583 5315 Spiritus
617 5252 929 5323 χαρίσματα
966 5252 1227 5307 habemus
1258 5250 1605 5318 διδασκαλίαν,
1637 5246 1819 5318 Βοιιι..
1850 5273 1943 5324 ιιι,

352 5340 403 5396 6.
433 5338 467 5389 7
490 5356 502 5393 ζ
531 5344 835 5413 προφητείαν
852 5354 903 5395 et
920 5341 1161 5415 διδαχὴν,
1185 5342 1373 5411 lCor.,
1398 5361 1508 5411 XIV,
1534 5346 1587 5413 6,
1618 5349 1681 5400 ad
1701 5349 1944 5404 eamdem

352 5432 511 5503 plane
536 5434 761 5487 formam
790 5451 892 5503 qua
932 5451 1090 5507 supra
1143 5440 1397 5509 coiijuugi
1427 5438 1654 5495 vidimus
1684 5448 1947 5519 προφήτας

351 5533 511 5594 atque
540 5522 899 5586 διδασκάλους.
924 5527 1151 5594 Rursus,
1178 5530 1329 5598 ibid.,
1358 5530 1604 5604 διδαχὴν,
1629 5551 1680 5588 v.
1712 5535 1747 5587 ἳ
1774 5560 1806 5587 ι.
1840 5536 1948 5591 Nec

352 5617 511 5672 aliam
544 5616 709 5673 fuisse
732 5617 1013 5675 doctorum
1056 5621 1418 5679 africauorum
1463 5630 1726 5683 rationem
1758 5638 1943 5685 osten-

356 5714 486 5766 dunt
538 5714 625 5768 illa
671 5730 790 5784 qua:
841 5716 1089 5785 superius
1140 5733 1170 5773 e
1213 5718 1546 5775 Tertulliano
1595 5722 1943 5792 produximus

358 5806 705 5879 {l’rwscript.,
725 5824 775 5865 c.
807 5806 929 5877 lli);
956 5810 1151 5880 quibus
1180 5829 1334 5883 quem
1365 5813 1639 5872 doctorem
1667 5817 1933 5888 appellat,

2050 4692 2145 4747 sed
2179 4709 2277 4748 nec
2304 4694 2469 4749 Deum
2518 4696 2717 4766 ipsum,
2751 4697 2906 4769 cujus
2937 4709 3068 4754 nutu
3114 4702 3295 4755 omnia
3341 4713 3463 4756 tunc
3494 4711 3647 4771 gesta

2051 4796 2195 4852 sunt,
2225 4787 2422 4857 quique
2454 4787 2711 4844 Ecclesia:
2737 4792 2789 4845 in
2813 4793 3133 4847 necessariis
3166 4809 3271 4849 non
3300 4795 3649 4864 eratprocul-

2050 4878 2213 4934 dubio
2234 4880 2537 4947 defuturus,
2568 4883 2673 4938 tale
2706 4884 2806 4938 ltoc
2837 4885 3075 4940 officium
3106 4887 3423 4956 instituisse,
3472 4898 3531 4942 ut
3578 4888 3648 4944 ad

2047 4976 2165 5043 ejus
2191 4975 2718 5033 administrationem
2750 4989 2893 5036 esset
2924 4980 3026 5036 hoc
3057 4981 3257 5037 donum
3288 4982 3513 5038 omnino
3544 4997 3646 5039 ne-

2046 5072 2363 5124 ccssarium.

2122 5163 2149 5233 ᾗ
2178 5164 2231 5217 5.
2257 5193 2326 5203 --
2353 5162 2487 5217 Cum
2521 5164 2682 5219 etiam
2711 5182 2774 5221 ex
2805 5167 3035 5236 receptis
3056 5170 3233 5223 aetatis
3263 5183 3375 5223 suae
3405 5168 3649 5227 moribus

2049 5272 2175 5311 suas
2225 5257 2539 5328 plerumque
2591 5260 3012 5316 consuetudines
3080 5273 3268 5317 mutuo
3337 5265 3650 5332 acceperint

2051 5348 2364 5414 christiani;
2394 5349 2479 5403 vix
2507 5360 2635 5421 puto
2654 5352 2819 5407 ullum
2854 5352 3022 5407 fuisse
3053 5356 3361 5424 exemplum
3400 5371 3506 5424 quo
3544 5354 3646 5411 do-

2052 5443 2205 5497 ccudi
2250 5460 2442 5499 munus
2468 5461 2589 5499 cum
2625 5448 2927 5502 sacerdotio
2971 5458 3113 5504 esset
3159 5449 3466 5504 necessario
3514 5464 3645 5505 con-

2047 5536 2316 5605 junctum.
2350 5538 2549 5594 Juduzls
2580 5540 2817 5595 diximus
2841 5542 3049 5597 scribas
3079 5542 3243 5599 fuisse
3273 5555 3435 5613 atque
3463 5542 3641 5598 rabbi-

2053 5644 2172 5692 nos,
2203 5645 2233 5683 e
2288 5629 2428 5684 tribu
2481 5634 2834 5703 proculdubio
2880 5635 3203 5689 sacerdotali
3261 5637 3404 5691 illos.
3456 5636 3641 5709 Longe

2048 5730 2235 5777 tamen
2256 5723 2447 5778 aberat
2474 5736 2531 5781 ut
2561 5738 2667 5781 tota
2699 5726 2899 5782 familia
2926 5730 3273 5786 sacerdotalis
3301 5730 3492 5786 scriba:
3525 5731 3639 5787 fuc-

2045 5819 2151 5873 t'iot
2172 5827 2261 5872 aut
2285 5819 2513 5877 rabbiui.
2544 5822 2850 5879 Scribarum
2877 5823 3119 5881 ordinem
3139 5824 3207 5883 ab
3233 5824 3496 5900 Egyptiis
3525 5824 3635 5880 fot-
