3888 6342
175 384 226 439 si
1245 386 1331 443 ne
1372 382 1845 443 PRESBYTERIS
1875 370 2320 442 noc'ronietis.
3357 380 3426 447 ss

178 505 304 559 lassis
327 505 840 576 acceperintJudrei.
864 505 975 562 Illis
989 505 1132 562 enim
1165 510 1241 561 sui
1264 515 1416 562 erant
1445 507 1735 586 ἰερογραμ-
1766 505 1812 564 Λ
1842 502 2108 556 communi
2138 500 2574 571 presbyterorum
2606 502 2836 558 consilio
2864 516 2957 557 sua
2993 505 3170 559 omnia
3197 520 3225 558 a
3256 507 3430 576 primo

177 607 324 666 ς.-ατεῑ;
362 599 453 653 viri
502 615 790 656 sacrorum
832 601 1146 670 peritissimi
1201 610 1358 671 atque
1408 602 1728 669 doctissimi,

179 700 221 741 ut
247 689 443 757 proinde
469 691 781 746 sacerdotes
813 692 982 746 fuisse
1012 692 1456 747 verisimillimurn
1491 694 1582 747 sit.
1622 692 1733 748 Nec

178 789 324 834 tamen
365 792 639 851 prepterea
687 784 1004 839 sacerdotes
1053 799 1235 838 omnes
1284 784 1732 861 ’Ῑὲρογραμματεῐς

176 880 319 934 erant.
361 877 480 942 quin
508 890 802 943 paucorum
837 876 1018 946 potius
1040 874 1206 931 fuisse
1240 877 1452 932 videtur
1488 878 1602 933 hinc
1653 878 1732 933 di-

173 966 337 1032 gnitas,
364 982 478 1021 cum
505 977 685 1020 tamen
719 969 875 1021 tertia
902 968 1080 1038 populi
1111 967 1343 1039 Egyptii
1393 983 1515 1037 pars
1552 983 1731 1023 sacer-

174 1057 339 1112 dotalis
363 1057 534 1112 fuerit.
568 1058 716 1112 Idem
739 1060 807 1113 de
828 1059 1237 1114 Atheniensium
1266 1060 1426 1114 etiam
1467 1060 1733 1130 gentium-

175 1165 260 1217 que
276 1151 489 1204 aliarum
515 1150 1012 1230 Ἱερογραμματεῦσι
1041 1162 1094 1207 et
1114 1151 1461 1226 Ἰερομνήμοσι
1488 1164 1727 1210 statuen-

175 1240 299 1307 dum,
327 1254 377 1294 ut
400 1242 514 1296 sine
543 1245 793 1311 exemplo
818 1242 990 1298 fuisse
1014 1260 1235 1300 necesse
1275 1250 1366 1309 sit,
1396 1246 1440 1299 si
1483 1246 1598 1301 haec
1624 1247 1731 1303 duo

176 1350 386 1400 munera,
413 1345 513 1389 tam
550 1336 691 1390 inter
710 1351 770 1390 se
796 1336 1030 1402 diversa,
1063 1337 1400 1392 censuissent
1421 1346 1598 1393 tamen
1628 1339 1731 1418 sibi

177 1425 370 1480 invicem
393 1428 558 1483 fuisse
585 1428 982 1498 coniungenda.
1019 1428 1188 1483 Erant
1221 1439 1398 1484 tamen
1440 1431 1729 1487 admodum

177 1532 335 1585 pauca,
365 1520 405 1572 si
431 1535 533 1588 qua
564 1521 672 1574 sint
696 1522 940 1588 omnino,
969 1537 1086 1590 qua:
1114 1535 1144 1576 a
1172 1521 1497 1577 Christianis
1515 1523 1731 1579 inducta

178 1620 281 1662 sunt
307 1612 412 1666 sine
440 1613 712 1682 exemplo.

237 1707 556 1776 §(i.—Cum
581 1710 760 1779 itaque
789 1710 1153 1781 probavimus,
1179 1727 1352 1782 neque
1377 1729 1442 1769 ex
1464 1713 1727 1778 instituto,

181 1817 328 1870 neque
384 1805 540 1858 etiam
589 1804 657 1859 de
708 1803 871 1871 facto,
929 1806 1274 1877 presbyteros
1330 1822 1518 1863 omnes
1571 1806 1733 1862 fuisse

1836 609 2002 663 uSque
2033 596 2372 664 episc0patus
2397 594 2641 660 exordio,
2681 606 2831 666 gesta
2863 612 2983 652 esse
3020 611 3428 664 commemorat,

1839 687 1971 741 utin
2003 688 2162 742 rebus
2192 687 2413 757 singulis
2446 689 2739 755 neminem,
2791 687 2875 742 ad
2905 707 3062 760 quem
3121 691 3334 761 quidem
3367 705 3430 746 ea

1841 793 1927 832 res
1980 779 2258 846 attineret,
2309 794 2337 833 a
2369 779 2595 834 consilio
2618 794 2718 833 suo
2772 780 3083 848 excluserit,
3135 797 3433 851 omnesque

1835 875 2019 941 etiam,
2044 889 2163 929 cum
2186 891 2273 929 res
2300 875 2536 928 omnium
2560 873 2868 941 interesset,
2902 873 3197 930 admiserit.
3225 875 3283 931 Id
3309 877 3429 946 qui-

1833 965 1955 1020 dein
1993 967 2239 1036 exigebat
2275 966 2571 1034 apostolica
2620 966 2705 1020 illa
2734 967 2800 1020 de
2831 966 2988 1021 donis
3018 967 3200 1037 regula
3241 965 3432 1039 (cujus

1835 1059 1995 1114 modo
2025 1061 2402 1130 meminimus)
2435 1069 2492 1114 ut
2517 1075 2623 1130 quo
2648 1059 2789 1113 dono
2819 1043 3046 1130 quisque
3077 1059 3266 1116 fuisset
3294 1075 3432 1132 prae—

1834 1151 1999 1218 ditus,
2034 1152 2152 1221 ejus
2173 1153 2432 1206 exercitio
2461 1153 2620 1206 unice
2652 1153 3005 1218 incumberet,
3061 1169 3158 1208 nec
3205 1169 3265 1209 se
3312 1155 3432 1210 aliis

1836 1245 2168 1302 immisceret
2211 1248 2278 1301 ad
2307 1246 2507 1301 donum
2541 1263 2697 1301 suum
2731 1247 2862 1301 nihil
2910 1248 3284 1304 attinenlibus.
3340 1248 3434 1305 Se-

1834 1341 2014 1409 quitur
2035 1342 2195 1395 etiam
2229 1341 2371 1395 idem
2410 1357 2533 1396 esse
2561 1340 2761 1396 donum
2815 1357 2920 1412 quo
2968 1343 3249 1400 audientes
3275 1351 3434 1413 atque

1836 1433 1967 1487 illud
2022 1450 2126 1504 quo
2185 1435 2369 1490 lidcles
2392 1431 2580 1490 essent
2620 1435 2868 1501 docendi,
2931 1437 3055 1506 quia
3105 1437 3156 1490 in
3209 1436 3434 1493 audien-

1840 1524 1970 1578 tium
2001 1524 2221 1581 doctore
2248 1525 2626 1582 constituendo
2657 1528 3003 1598 presbyteros
3034 1528 3285 1584 doctores
3306 1544 3435 1591 cou-

1836 1619 2018 1672 suluit.

1911 1711 1938 1783 ἐ
1963 1711 2264 1769 8.—Erant
2282 1714 2534 1786 equidem
2561 1715 2649 1770 alii
2677 1715 2958 1773 audientes
2977 1719 3029 1773 in
3055 1721 3431 1789 ptenitentium

1836 1817 2019 1870 censu,
2042 1805 2132 1874 qui
2156 1805 2243 1860 ubi
2261 1805 2567 1876 Seripturas
2585 1816 2746 1877 atque
2764 1806 3096 1866 διδασκαλίαν
3114 1811 3432 1881 audiiSsent,

179 1897 373 1952 ducendi
401 1898 545 1952 dono
572 1891 863 1967 praeditos;
900 1900 1054 1970 plane
1074 1901 1335 1970 sequitur,
1357 1900 1448 1970 qui
1473 1900 1616 1956 dono
1635 1900 1731 1955 illo
1760 1903 1808 1964 B
1835 1911 1865 1950 e
1889 1898 2183 1967 synaxibus
2203 1910 2356 1953 erant
2386 1900 2725 1954 excludendi.
2749 1901 2814 1955 Ει
2834 1903 3050 1972 quidem
3073 1906 3147 1960 illi
3167 1904 3437 1978 Cypriane

186 1993 469 2056 caruissent,
491 1994 560 2046 ita
590 2009 696 2046 non
726 1992 895 2048 fuisse
922 1993 1300 2050 addocendum
1327 1995 1641 2061 obstrictos,
1676 2003 1733 2050 ut

178 2089 327 2155 potius
348 2090 409 2140 ab
455 2104 521 2142 eo
548 2087 778 2141 docendi
823 2103 1045 2143 munere
1074 2099 1376 2157 temperare
1421 2088 1726 2144 debuerint.

179 2175 224 2230 ld
246 2181 368 2234 enim
396 2181 638 2235 hortatur
667 2181 976 2249 Apostolus,
1010 2193 1089 2244 ut,
1135 2197 1242 2251 quo
1272 2181 1416 2235 dono
1463 2181 1728 2251 quispiam

180 2273 334 2328 luisset
362 2277 670 2340 instructus,
715 2274 767 2329 ei
810 2275 964 2329 unice
1013 2275 1364 2339 incumberet,
1404 2275 1584 2338 Rom.,
1632 2289 1727 2339 xu,

179 2368 218 2426 ti.
245 2372 288 2431 7.
307 2372 358 2437 8,
381 2383 482 2428 etc.
507 2391 519 2424 :
552 2391 568 2422 ι
595 2373 800 2442 Sapere
827 2388 1150 2443 quemquam
1181 2372 1246 2426 ad
1276 2373 1644 2438 sobrietatem,
1679 2381 1733 2427 et

181 2466 427 2534 unicuique
477 2467 616 2520 sicut
666 2467 810 2520 Deus
839 2462 1019 2521 divisit
1067 2482 1371 2522 mensuram
1423 2467 1567 2534 ﬁdei,
1599 2485 1646 2520 v.
1674 2469 1728 2532 3;

180 2573 300 2614 certo
318 2562 539 2630 quodam
559 2563 786 2616 consilio
808 2561 877 2615 ita
902 2562 1241 2617 distribuisse
1274 2563 1460 2628 Deum,
1493 2572 1551 2616 ut
1574 2577 1732 2617 nemo

183 2655 294 2708 dona
323 2659 492 2711 omnia
528 2659 641 2727 ipse
670 2657 888 2723 habeat,
917 2658 1056 2712 alter
1082 2667 1260 2712 autem
1294 2668 1352 2712 ut
1390 2658 1614 2713 alterius
1639 2657 1733 2713 de-

181 2746 319 2802 lectus
340 2751 600 2819 suppleat,
622 2756 837 2818 sintque
868 2750 936 2802 ita
962 2750 1061 2802 sibi
1080 2749 1306 2803 invicem
1336 2765 1526 2804 omnes
1548 2759 1732 2804 mutuo

181 2841 455 2905 neceSsarii,
490 2851 548 2894 ut
580 2857 686 2894 non
705 2842 1010 2895 sitscnisult
1038 2841 1089 2894 in
1122 2856 1348 2910 corpore
1382 2842 1432 2914 (1
1456 2842 1598 2906 Con,
1633 2858 1728 2906 xu,

183 2931 252 2992 l8,
281 2933 361 2995 9.4,
390 2932 511 3005 9.5).
550 2954 569 2986 ι
603 2934 659 2989 Si
693 2935 871 3003 itaque
919 2948 1110 2988 omnes
1138 2934 1229 3004 qui
1285 2934 1426 2988 d0no
1479 2935 1729 3004 quopiam

180 3028 463 3091 caruissent,
514 3027 641 3082 illud
714 3043 780 3082 ne
843 3025 1058 3097 quidem
1117 3041 1373 3082 exercere
1414 3027 1729 3092 debuerint,

181 3121 390 3186 sequitur
414 3120 529 3172 illos
555 3119 750 3189 quibus
783 3128 1031 3188 negatum
1076 3127 1220 3174 esset
1250 3119 1476 3174 docendi
1507 3119 1728 3186 donum,

181 3225 236 3264 ne
269 3213 449 3267 ducere
477 3213 690 3281 quidem
745 3213 1068 3282 oportuisse.
1113 3214 1469 3283 Agnoscimus
1518 3213 1730 3268 interim

1839 2002 2022 2045 nostro
2047 1993 2236 2058 coa:vi,
2271 1994 2314 2046 si
2363 1993 2610 2064 Gregorii
2641 1993 3028 2067 'l‘liaumaturgi
3055 2000 3298 2067 epistola:
3343 2015 3438 2054 ca-

1837 2086 2044 2140 nonica:
2075 2087 2401 2142 credendum
2433 2088 2522 2142 sit.
2569 2088 2674 2144 Sed
2703 2089 2896 2145 horum
2927 2093 3131 2147 nullum
3165 2094 3217 2147 in
3248 2094 3434 2150 Eccle-

1836 2180 1915 2234 sia
1947 2180 2180 2234 africana
2205 2191 2369 2246 extat,
2399 2183 2542 2251 quod
2571 2183 2790 2252 quidem
2821 2186 3010 2249 sciam,
3042 2201 3106 2242 ea
3137 2187 3434 2256 praesertim

1837 2282 2014 2339 aetate,
2049 2275 2353 2344 veStiginm.
2381 2275 2491 2330 Nec
2519 2277 2657 2331 alios
2683 2276 2938 2333 doctores
2970 2280 3240 2336 habebant
3275 2296 3437 2350 quam

1839 2365 2047 2422 ﬁdeles.
2085 2368 2251 2421 Erant
2277 2370 2418 2422 enim
2447 2371 2686 2425 omnium
2713 2371 2952 2427 ﬁdelium
2971 2387 3285 2428 communes
3308 2373 3437 2442 illae,

1838 2461 2031 2530 quibus
2062 2463 2115 2515 lii
2149 2462 2463 2528 intererant,
2503 2464 2832 2520 auditiones.
2879 2466 3063 2535 Neque
3089 2482 3218 2521 vero
3244 2482 3310 2522 ex
3342 2481 3441 2522 usu

1840 2555 2101 2610 Ecclesiae
2131 2556 2385 2612 africanaa
2416 2558 2505 2612 alii
2551 2560 2832 2616 audientes
2876 2571 3032 2616 erant
3081 2577 3239 2633 quam
3296 2573 3441 2618 cate-

1838 2649 2108 2702 chumeni.
2142 2649 2261 2703 Jam
2290 2665 2449 2720 supra
2479 2649 2711 2705 vidimus
2732 2653 2822 2722 qui
2849 2635 3225 2709 catecliumeni
3257 2663 3444 2710 essent

1837 2740 1985 2794 clero
2007 2757 2250 2806 romano,
2273 2741 2371 2810 Ep.
2394 2758 2471 2808 ιιι,
2487 2744 3001 2802 eosdemaudientes
3013 2760 3133 2801 esse
3150 2748 3440 2818 Cypriano,

1837 2831 1936 2901 Ep.
1968 2848 2082 2886 xui.
2114 2835 2444 2904 Constatque
2484 2836 2647 2889 etiam
2686 2852 2716 2890 e
2762 2837 3114 2902 'l'ertulliano,
3150 2853 3255 2907 quo
3283 2853 3444 2892 nemo

1838 2927 2030 2978 melior
2054 2936 2137 2979 est
2163 2925 2418 2997 Cypriani
2452 2928 2742 2997 interpres.
2775 2929 2929 2999 Apud
2965 2930 3113 2984 illum
3161 2929 3443 2986 audientes

1837 3018 2075 3073 intinctis
2099 3033 2463 3089 opponuntur,
2498 3037 2605 3091 quo
2631 3037 2794 3077 sensu
2830 3026 2997 3095 tingui
3021 3025 3161 3094 apud
3191 3025 3440 3081 eumdem

1840 3109 1978 3163 idem
2029 3111 2173 3166 valet
2227 3113 2366 3180 quod
2425 3114 2683 3184 baptizari
2734 3115 2847 3182 (De
2890 3116 3110 3186 Pwnit.,
3144 3135 3190 3173 c.
3241 3119 3294 3188 6,
3349 3118 3436 3191 7).

1840 3202 2074 3258 Eosdem
2106 3204 2384 3260 auditores
2415 3207 2673 3276 appellat,
2705 3225 2932 3278 quorum
2961 3221 3016 3266 et
3048 3213 3309 3283 tyrocinia
3339 3229 3446 3268 me-

184 3317 236 3355 ει
260 3304 483 3372 Apostoli
508 3314 710 3367 mente,
736 3303 783 3357 si
808 3306 897 3374 qui
923 3305 1029 3358 sint
1060 3315 1294 3375 utroque
1318 3305 1463 3360 dono
1518 3306 1726 3375 praediti
1763 3297 1807 3359 C
1842 3308 2039 3364 morat,
2066 3314 2132 3353 ne
2163 3299 2283 3368 quis
2325 3299 2535 3356 dubitet
2566 3303 2701 3357 alios
2749 3318 2870 3360 esse
2912 3319 3070 3374 quam
3100 3305 3446 3382 catechume-

181 3406 223 3448 et
240 3402 541 3471 προστασίας
579 3407 632 3452 et
671 3395 1024 3461 διδασκαλίας,
1081 3397 1200 3451 illos
1227 3413 1347 3452 esse
1376 3397 1590 3462 merito,
1637 3397 1736 3451 du-

183 3487 284 3556 plici
310 3491 411 3554 illo,
444 3505 600 3560 quem
633 3489 786 3556 dicit,
818 3490 1025 3544 honore
1063 3490 1277 3560 dignos.
1301 3489 1490 3560 Neque
1540 3490 1655 3544 lucc
1704 3505 1733 3545 a

183 3587 311 3642 nobis
331 3604 392 3642 eo
418 3589 594 3643 animo
635 3589 905 3658 disputata
938 3597 1064 3642 sunt
1094 3599 1149 3643 ut
1177 3589 1401 3658 ignavia:
1431 3574 1741 3658 patrocine-i

185 3693 298 3742 mur,
321 3681 360 3734 si
383 3683 495 3752 quis
526 3697 628 3736 non
662 3684 733 3735 sit
762 3681 884 3734 aliis
915 3679 1170 3736 Ecclesia:
1200 3682 1517 3737 necessariis
1547 3698 1737 3736 mune-

184 3768 306 3823 ribus
330 3772 624 3828 obstrictus.
661 3772 771 3827 Nec
825 3772 876 3826 id
906 3773 1138 3827 voluisse
1177 3774 1495 3842 Apostoluin
1548 3774 1738 3829 existi-

186 3876 380 3929 mamus,
410 3863 808 3918 autEcclesiam
829 3863 1139 3934 primaevam
1184 3864 1367 3920 Potius
1390 3866 1733 3935 gaudendum

186 3955 510 4011 existimarem
531 3969 691 4026 atque
717 3957 1114 4028 gratulandum,
1145 3957 1190 4011 si
1213 3975 1314 4026 qua
1340 3957 1582 4013 Ecclesia
1607 3959 1739 4013 tales

189 4045 372 4103 haberet
393 4051 727 4120 presbyteros
757 4051 846 4119 qui
878 4065 1064 4104 omnes
1094 4049 1217 4104 huic
1270 4050 1504 4104 docendi
1531 4052 1736 4106 muneri

188 4137 243 4190 ita
265 4141 556 4198 satisfacere
586 4153 831 4212 possent,
855 4152 910 4196 ut
953 4158 1052 4196 nec
1091 4143 1219 4196 illud
1275 4143 1450 4212 ipsum
1483 4143 1741 4200 indecore

187 4248 576 4304 exequerentur,
633 4252 734 4291 nec
785 4236 888 4290 alia
945 4236 1298 4306 negligerent.
1358 4236 1511 4304 Quod
1562 4250 1738 4292 tamen

189 4327 452 4384 Schisuiatis
481 4341 794 4401 prmtextum
830 4330 1025 4385 faciant
1054 4330 1370 4396 adversarii,
1406 4332 1541 4400 siqui
1597 4332 1740 4386 dono

190 4418 272 4475 huc
298 4424 524 4479 destituti
569 4427 623 4480 in
656 4440 842 4480 sacros
886 4427 1103 4479 ordines
1151 4426 1521 4489 admittantur,
1552 4426 1740 4481 aliisve

192 4512 409 4573 Ecclesia:
451 4521 590 4575 curis
636 4522 837 4589 pariter
877 4521 1198 4574 necessariis
1227 4521 1605 4585 distineantur,
1633 4537 1738 4591 quo

191 4607 336 4663 minus
358 4613 469 4667 huic
498 4613 702 4682 possint
723 4629 868 4668 curae
894 4614 1051 4668 unice
1071 4613 1348 4683 invigilare
1368 4631 1382 4679 ;
1405 4614 1545 4684 quod
1575 4616 1736 4670 etiam

1842 3405 1959 3445 1105.

1916 3481 1941 3553 §
1967 3481 2020 3537 9.
2051 3514 2120 3521 —
2151 3483 2216 3538 Et
2245 3485 2460 3553 quidem
2511 3488 2684 3556 ipsum
2730 3486 2836 3544 hoc
2865 3488 3200 3545 audientium
3242 3505 3443 3547 nomen

1842 3572 2334 3645 frequentissimum
2360 3577 2527 3634 fuisse
2556 3579 2787 3636 videtur.
2813 3581 2923 3637 Nec
2943 3591 3120 3638 tamen
3145 3583 3357 3652 desunt,
3381 3600 3446 3640 ea

1843 3685 2056 3740 quoque
2087 3680 2267 3737 aetate,
2300 3672 2545 3741 exempla
2597 3675 2792 3742 quibus
2845 3667 3010 3730 iidem
3062 3675 3441 3732 catechumeui

1843 3761 2084 3828 audiunt,
2107 3772 2161 3817 et
2183 3763 2397 3834 quidem
2417 3765 2556 3833 apud
2580 3764 2777 3819 latinos
2798 3766 2961 3820 etiam
2986 3769 3299 3837 scriptores.
3327 3767 3446 3823 Jain

1845 3855 2078 3910 diximus
2120 3856 2222 3910 hoc
2268 3856 2785 3912 catechumenorum
2845 3861 3066 3916 nomine
3119 3877 3273 3916 usum
3323 3876 3448 3917 esse

1845 3949 2048 4004 clerum
2071 3966 2376 4009 romanum.
2413 3952 2554 4008 Usus
2581 3958 2741 4008 etiam
2767 3963 2851 4009 est
2899 3966 2952 4010 et
3001 3957 3116 4026 ipse
3134 3959 3447 4030 L‘yprianus

1846 4042 2073 4097 'l‘estini.
2107 4043 2200 4100 lib.
2232 4059 2306 4097 ιιι.
2337 4060 2456 4114 cap.
2489 4043 2590 4106 98;
2630 4055 2684 4099 et
2713 4044 3099 4116 Tertullianus,
3129 4050 3198 4106 de
3243 4049 3443 4106 Coron.

1847 4135 1958 4188 Mil.
1982 4148 2028 4190 c.
2062 4134 2118 4202 2;
2143 4145 2197 4189 et
2227 4136 2453 4192 Praescr.
2503 4154 2555 4194 c.
2585 4139 2673 4193 4|.
2701 4139 2858 4207 Quod
2889 4153 3082 4211 quarto
3134 4145 3349 4200 tandem
3385 4146 3444 4204 S.

1845 4230 2127 4300 Augustini
2155 4234 2354 4286 sazculo
2393 4243 2446 4287 et
2472 4233 2729 4306 deinceps
2781 4237 2958 4292 solum
3011 4238 3262 4294 obtinuit.
3290 4244 3446 4310 Quod

1845 4339 1972 4377 vero
1993 4323 2058 4377 ad
2088 4340 2302 4378 nomeni
2354 4325 2686 4382 audientium
2729 4330 2943 4395 attinet,
2999 4347 3029 4386 e
3073 4348 3228 4388 sacro
3259 4337 3444 4393 codice

1847 4418 2064 4471 omnino
2095 4417 2315 4472 ductum
2349 4429 2498 4488 puto,
2527 4435 2592 4475 ex
2623 4421 2730 4476 illis
2775 4424 3031 4478 nimirum
3079 4426 3213 4481 locis
3250 4429 3445 4497 quibus

1846 4508 1978 4563 ﬁdes
2001 4509 2116 4580 ipsa
2152 4510 2309 4566 toties
2349 4514 2474 4572 ἀκοὴ
2506 4512 2724 4580 dicitur,
2755 4530 2915 4585 quam
2962 4517 3204 4573 auditum
3257 4523 3441 4578 reddi-

1845 4604 2037 4659 derunt
2067 4606 2272 4676 antiqui
2299 4608 2457 4662 etiam
2485 4609 2829 4678 interpretes.
2853 4612 2949 4678 lta,
2987 4612 3119 4668 ﬁdes
3146 4629 3211 4670 ex
3239 4617 3445 4688 auditu,

195 4701 363 4769 reliqua
401 4707 688 4777 neapgam,
724 4722 912 4777 preces
949 4706 1190 4777 publicas
1219 4707 1581 4776 quolidianas,
1614 4707 1742 4761 visi-
1767 4700 1820 4759 D
1847 4697 2058 4754 auditus
2109 4709 2287 4754 autem
2322 4716 2415 4770 per
2461 4704 2704 4768 verbum,
2738 4702 2919 4771 Rom.,
2976 4721 3032 4770 x,
3067 4708 3166 4773 l7;
3217 4710 3448 4768 Auditus

195 4794 410 4851 tationem
460 4799 715 4864 lidelium,
766 4799 1154 4855 institutionem
1202 4799 1735 4866 eatechumenorum,

194 4900 610 4946 sacramentorum
654 4891 1096 4954 celebrationem,
1134 4892 1575 4948 nioribuudorum
1624 4895 1740 4948 via-

194 4980 298 5046 tica,
318 4988 442 5054 quod
465 4991 619 5044 unius
647 4989 804 5059 hujus
834 4989 1072 5044 muneris
1103 4999 1384 5058 praitextu,
1413 5007 1480 5046 ne
1531 5000 1742 5062 tempus

196 5076 373 5140 quidem
403 5081 498 5133 sibi
527 5097 752 5135 vacuum
809 5081 1115 5150 relinquant
1160 5082 1382 5152 reliquis
1429 5084 1742 5139 muneribus

195 5169 525 5236 expediendis:
556 5189 616 5228 ea
650 5189 779 5228 sane
810 5174 880 5228 ita
905 5190 1009 5228 non
1038 5183 1162 5229 sunt
1191 5176 1509 5244 apostolica,
1539 5176 1608 5230 ita
1636 5193 1742 5232 non

198 5262 427 5328 primum:
465 5269 843 5324 christiauitati
885 5267 1212 5337 conformia,
1243 5279 1300 5324 ut
1344 5286 1411 5326 ne
1468 5271 1741 5341 probanda

196 5352 285 5408 sint
305 5358 518 5426 quidem.

258 5445 282 5516 ᾗ
319 5451 366 5503 7.
387 5483 450 5492 -
475 5453 728 5509 Videmus
749 5471 910 5522 porro
939 5456 990 5509 in
1022 5455 1122 5510 hoc
1157 5456 1489 5512 audientium
1520 5455 1744 5511 doctore

200 5543 435 5608 probando
458 5565 560 5604 non
588 5550 727 5604 alios
753 5566 782 5604 a
805 5550 1079 5621 Cypriane
1107 5551 1449 5622 presbyteros
1472 5566 1629 5619 quam
1649 5550 1744 5603 do-

201 5645 348 5693 etores
367 5655 477 5698 esse
506 5643 797 5698 consultos.
833 5643 1092 5713 [denique
1119 5643 1186 5697 ab
1215 5659 1279 5698 eo
1306 5644 1356 5695 in
1385 5644 1502 5696 aliis
1530 5657 1742 5713 quoque

203 5733 348 5786 causis
372 5733 699 5791 observatum
719 5753 840 5794 esse
861 5749 946 5792 est
969 5751 1102 5792 sane
1115 5735 1400 5790 admodum
1423 5734 1740 5803 verisimile,

206 5832 252 5873 ut
271 5841 356 5895 qua
381 5828 427 5883 in
456 5846 512 5886 rc
538 5832 761 5904 quisque
791 5831 1135 5896 eminuisset,
1178 5831 1230 5886 in
1261 5845 1324 5886 ea
1355 5829 1504 5885 illum
1533 5828 1746 5886 duxerit

207 5925 300 5972 es»:
321 5922 701 5983 consulendum.
726 5925 972 5985 Proinde
1003 5923 1075 5979 ita
1104 5923 1482 5995 intelligendus
1506 5932 1591 5982 est
1621 5939 1743 5981 cum

1847 4790 1994 4857 ﬁdei,
2028 4793 2170 4858 Gal.,
2204 4811 2279 4858 ui,
2306 4795 2360 4861 2,
2395 4796 2462 4861 5;
2499 4795 2729 4852 Verbum
2781 4799 2993 4854 auditus
3024 4801 3140 4867 Dei,
3173 4801 3196 4857 Ι
3225 4803 3441 4873 Thess.,

1845 4888 2024 4952 11,15.
2067 4888 2143 4942 Ex
2177 4890 2344 4944 veteri
2370 4902 2552 4946 autem
2609 4891 2971 4948 Instrumento
3014 4895 3236 4953 deduxit
3293 4901 3445 4970 Apo-

1847 4981 2040 5047 stolus,
2071 4979 2194 5048 lsa.,
2231 4999 2340 5046 Lui,
2375 4984 2437 5038 1:
2465 4983 2594 5050 Quis
2625 4986 2854 5041 credidit
2890 4987 3092 5044 auditui
3119 4993 3339 5046 uestro?
3369 4992 3445 5049 Ita

1847 5074 1991 5127 enim
2021 5073 2195 5129 locmn
2251 5076 2396 5129 illum
2428 5077 2672 5146 legerunt
2701 5078 3016 5134 Tertulliani
3075 5098 3289 5152 quoque
3332 5083 3442 5156 Cy-

1847 5167 2126 5238 priauique
2159 5169 2498 5239 interpretes.
2528 5171 2610 5224 Ad
2656 5171 2802 5225 illum
2852 5183 3029 5227 autern
3064 5174 3217 5232 lsaite
3265 5177 3445 5236 locum

1849 5278 1948 5317 nos
1974 5262 2346 5319 disertissimis
2376 5265 2556 5320 verbis
2587 5267 2772 5321 retulit
2809 5267 3121 5338 Apostolus,
3171 5271 3353 5339 Rom.,
3386 5291 3445 5343 x,

1851 5357 1937 5412 16.
1970 5357 2113 5412 Nihil
2143 5359 2245 5414 huc
2275 5360 2476 5415 faciunt
2513 5362 2750 5433 vulgaria
2795 5366 3073 5434 gentilium
3115 5368 3444 5444 ἀκροάματα,

1848 5469 1965 5521 quae
1992 5452 2192 5506 ludicra
2229 5454 2544 5526 plerumque
2581 5468 2780 5511 essent.
2831 5457 3056 5514 Faciunt
3103 5464 3280 5517 tamen
3331 5462 3447 5518 for-

1851 5556 1993 5600 tasse
2026 5546 2465 5617 ρΙιίΙιιΒομΙιυιίιιιι
2499 5550 2584 5603 illa
2617 5566 2737 5620 qua}
2765 5567 2868 5604 non
2923 5552 3042 5607 aliis
3088 5556 3448 5615 crederentur

1850 5656 2008 5710 quam
2037 5640 2331 5711 initiandis,
2363 5643 2426 5696 ad
2455 5643 2679 5696 formam
2712 5645 3110 5715 mysteriorum.

1928 5734 1956 5803 §
1993 5732 2302 5788 lO.—lllam
2330 5742 2478 5789 certe
2496 5737 2874 5806 mysteriorum
2900 5735 3124 5793 formam
3147 5756 3446 5811 repraisen-

1853 5829 1997 5883 tabat
2027 5835 2134 5881 tota
2162 5827 2678 5884 catechumenorum
2708 5831 3124 5888 erudiendorum
3157 5835 3312 5890 ratio.
3359 5837 3446 5893 Vi-

1855 5922 2010 5979 vendi
2040 5936 2230 5978 novam
2263 5920 2489 5979 formam
2511 5925 2873 5986 suscipiebant
2912 5925 3152 5984 initiandi
3183 5927 3437 6004 (Meum,
