  <div class='ocr_page' id='page_1' title='image "/cluster/home/n/w/nwhite01/storage/ocr_20150623/5/uva.x000826532/031.png"; bbox 0 0 3888 6344; ppageno 0'>
   <div class='ocr_carea' id='block_1_1' title="bbox 398 369 3691 440">
    <p class='ocr_par' dir='ltr' id='par_1_1' title="bbox 398 369 3691 440">
     <span class='ocr_line' id='line_1_1' title="bbox 398 369 3691 440; baseline -0.005 -1"><span class='ocrx_word' id='word_1_1' title='bbox 398 381 469 440; x_wconf 77' lang='lat'><strong>&#39;59</strong></span> <span class='ocrx_word' id='word_1_2' title='bbox 1439 374 1802 432; x_wconf 87' lang='lat' dir='ltr'><strong>DODWELLI</strong></span> <span class='ocrx_word' id='word_1_3' title='bbox 1844 369 2295 430; x_wconf 78' lang='lat' dir='ltr'><strong>DlSSERTATlO</strong></span> <span class='ocrx_word' id='word_1_4' title='bbox 2333 369 2742 428; x_wconf 70' lang='lat' dir='ltr'><strong>CYPRIANICA</strong></span> <span class='ocrx_word' id='word_1_5' title='bbox 3615 379 3691 431; x_wconf 64' lang='lat'><strong>.50</strong></span> 
     </span>
    </p>
   </div>
   <div class='ocr_carea' id='block_1_2' title="bbox 401 486 3693 564">
    <p class='ocr_par' dir='ltr' id='par_1_2' title="bbox 401 486 3693 564">
     <span class='ocr_line' id='line_1_2' title="bbox 401 486 3693 564; baseline 0.001 -21"><span class='ocrx_word' id='word_1_6' title='bbox 401 489 658 553; x_wconf 76' lang='lat' dir='ltr'><strong>E1cusitt.,</strong></span> <span class='ocrx_word' id='word_1_7' title='bbox 710 505 754 543; x_wconf 84' lang='lat' dir='ltr'><strong>c.</strong></span> <span class='ocrx_word' id='word_1_8' title='bbox 789 487 900 560; x_wconf 86' lang='lat' dir='ltr'><strong>l7).</strong></span> <span class='ocrx_word' id='word_1_9' title='bbox 935 488 1004 544; x_wconf 87' lang='lat' dir='ltr'><strong>Et</strong></span> <span class='ocrx_word' id='word_1_10' title='bbox 1024 486 1237 559; x_wconf 91' lang='lat' dir='ltr'><strong>quidem</strong></span> <span class='ocrx_word' id='word_1_11' title='bbox 1269 487 1320 542; x_wconf 87' lang='lat' dir='ltr'><strong>in</strong></span> <span class='ocrx_word' id='word_1_12' title='bbox 1352 501 1413 542; x_wconf 90' lang='lat' dir='ltr'><strong>ea</strong></span> <span class='ocrx_word' id='word_1_13' title='bbox 1446 497 1595 564; x_wconf 28' lang='lat' dir='ltr'><strong>torus.</strong></span> <span class='ocrx_word' id='word_1_14' title='bbox 1627 497 1710 543; x_wconf 93' lang='lat' dir='ltr'><strong>est</strong></span> <span class='ocrx_word' id='word_1_15' title='bbox 1739 489 1987 543; x_wconf 72' lang='lat' dir='ltr'><strong>Clemens</strong></span> <span class='ocrx_word' id='word_1_16' title='bbox 2016 491 2058 548; x_wconf 72' lang='grc' dir='ltr'>Α</span> <span class='ocrx_word' id='word_1_17' title='bbox 2093 502 2209 541; x_wconf 83' lang='lat' dir='ltr'><strong>mus</strong></span> <span class='ocrx_word' id='word_1_18' title='bbox 2243 502 2335 541; x_wconf 86' lang='lat' dir='ltr'><strong>vos</strong></span> <span class='ocrx_word' id='word_1_19' title='bbox 2364 497 2488 542; x_wconf 89' lang='lat' dir='ltr'><strong>aute</strong></span> <span class='ocrx_word' id='word_1_20' title='bbox 2535 487 2838 553; x_wconf 89' lang='lat' dir='ltr'><strong>consulere,</strong></span> <span class='ocrx_word' id='word_1_21' title='bbox 2865 495 2970 541; x_wconf 91' lang='lat' dir='ltr'><strong>etc.</strong></span> <span class='ocrx_word' id='word_1_22' title='bbox 3001 504 3018 538; x_wconf 74' lang='grc' dir='ltr'><strong>ι</strong></span> <span class='ocrx_word' id='word_1_23' title='bbox 3055 486 3195 558; x_wconf 86' lang='lat' dir='ltr'><strong>Ergo</strong></span> <span class='ocrx_word' id='word_1_24' title='bbox 3226 489 3280 541; x_wconf 87' lang='lat' dir='ltr'><strong>et</strong></span> <span class='ocrx_word' id='word_1_25' title='bbox 3310 487 3538 544; x_wconf 82' lang='lat' dir='ltr'><strong>clericus</strong></span> <span class='ocrx_word' id='word_1_26' title='bbox 3571 501 3693 546; x_wconf 87' lang='lat' dir='ltr'><strong>erat</strong></span> 
     </span>
    </p>
   </div>
   <div class='ocr_carea' id='block_1_3' title="bbox 399 580 1992 650">
    <p class='ocr_par' dir='ltr' id='par_1_3' title="bbox 399 580 1992 650">
     <span class='ocr_line' id='line_1_3' title="bbox 399 580 1992 650; baseline -0.002 -14"><span class='ocrx_word' id='word_1_27' title='bbox 399 580 815 646; x_wconf 72' lang='lat' dir='ltr'><strong>Alexandrinus,</strong></span> <span class='ocrx_word' id='word_1_28' title='bbox 853 583 903 634; x_wconf 91' lang='lat' dir='ltr'><strong>in</strong></span> <span class='ocrx_word' id='word_1_29' title='bbox 931 581 1305 650; x_wconf 86' lang='lat' dir='ltr'><strong>antiquissimo</strong></span> <span class='ocrx_word' id='word_1_30' title='bbox 1346 581 1484 649; x_wconf 86' lang='lat' dir='ltr'><strong>ejus,</strong></span> <span class='ocrx_word' id='word_1_31' title='bbox 1541 581 1680 650; x_wconf 89' lang='lat' dir='ltr'><strong>quod</strong></span> <span class='ocrx_word' id='word_1_32' title='bbox 1733 581 1992 634; x_wconf 77' lang='lat' dir='ltr'><strong>habemus</strong></span> 
     </span>
    </p>
   </div>
   <div class='ocr_carea' id='block_1_4' title="bbox 400 673 1994 743">
    <p class='ocr_par' dir='ltr' id='par_1_4' title="bbox 400 673 1994 743">
     <span class='ocr_line' id='line_1_4' title="bbox 400 673 1994 743; baseline -0.002 -14"><span class='ocrx_word' id='word_1_33' title='bbox 400 675 577 740; x_wconf 90' lang='lat' dir='ltr'><strong>hodie,</strong></span> <span class='ocrx_word' id='word_1_34' title='bbox 613 691 777 742; x_wconf 83' lang='lat' dir='ltr'><strong>onere</strong></span> <span class='ocrx_word' id='word_1_35' title='bbox 807 675 1159 739; x_wconf 83' lang='lat' dir='ltr'><strong>catechetico,</strong></span> <span class='ocrx_word' id='word_1_36' title='bbox 1180 673 1480 743; x_wconf 67' lang='lat' dir='ltr'><strong>Paedagogo</strong></span> <span class='ocrx_word' id='word_1_37' title='bbox 1510 674 1791 727; x_wconf 95' lang='lat' dir='ltr'><strong>videlicet.</strong></span> <span class='ocrx_word' id='word_1_38' title='bbox 1825 674 1994 727; x_wconf 86' lang='lat' dir='ltr'><strong>Erant</strong></span> 
     </span>
    </p>
   </div>
   <div class='ocr_carea' id='block_1_5' title="bbox 398 766 1992 836">
    <p class='ocr_par' dir='ltr' id='par_1_5' title="bbox 398 766 1992 836">
     <span class='ocr_line' id='line_1_5' title="bbox 398 766 1992 836; baseline -0.002 -14"><span class='ocrx_word' id='word_1_39' title='bbox 398 770 556 822; x_wconf 88' lang='lat' dir='ltr'><strong>etiam</strong></span> <span class='ocrx_word' id='word_1_40' title='bbox 574 768 623 821; x_wconf 90' lang='lat' dir='ltr'><strong>in</strong></span> <span class='ocrx_word' id='word_1_41' title='bbox 643 768 951 822; x_wconf 84' lang='lat' dir='ltr'><strong>Petromate</strong></span> <span class='ocrx_word' id='word_1_42' title='bbox 970 768 1087 822; x_wconf 81' lang='lat' dir='ltr'><strong>libri</strong></span> <span class='ocrx_word' id='word_1_43' title='bbox 1109 767 1328 821; x_wconf 91' lang='lat' dir='ltr'><strong>rituales</strong></span> <span class='ocrx_word' id='word_1_44' title='bbox 1350 767 1620 820; x_wconf 86' lang='lat' dir='ltr'><strong>initiandis</strong></span> <span class='ocrx_word' id='word_1_45' title='bbox 1647 766 1856 836; x_wconf 77' lang='lat' dir='ltr'><strong>legendi</strong></span> <span class='ocrx_word' id='word_1_46' title='bbox 1886 767 1992 835; x_wconf 83' lang='lat' dir='ltr'><strong>pri-</strong></span> 
     </span>
    </p>
   </div>
   <div class='ocr_carea' id='block_1_6' title="bbox 399 857 1993 930">
    <p class='ocr_par' dir='ltr' id='par_1_6' title="bbox 399 857 1993 930">
     <span class='ocr_line' id='line_1_6' title="bbox 399 857 1993 930; baseline 0 -16"><span class='ocrx_word' id='word_1_47' title='bbox 399 876 563 926; x_wconf 91' lang='lat' dir='ltr'><strong>mum,</strong></span> <span class='ocrx_word' id='word_1_48' title='bbox 581 860 774 914; x_wconf 75' lang='lat' dir='ltr'><strong>deinde</strong></span> <span class='ocrx_word' id='word_1_49' title='bbox 788 859 1124 916; x_wconf 88' lang='lat' dir='ltr'><strong>describendi</strong></span> <span class='ocrx_word' id='word_1_50' title='bbox 1143 857 1275 930; x_wconf 79' lang='lat' dir='ltr'><strong>(ld.,</strong></span> <span class='ocrx_word' id='word_1_51' title='bbox 1294 860 1362 912; x_wconf 84' lang='lat' dir='ltr'><strong>ib.</strong></span> <span class='ocrx_word' id='word_1_52' title='bbox 1379 900 1391 915; x_wconf 88' lang='lat'><strong>.</strong></span> <span class='ocrx_word' id='word_1_53' title='bbox 1411 860 1588 927; x_wconf 73' lang='lat' dir='ltr'><strong>c.10).</strong></span> <span class='ocrx_word' id='word_1_54' title='bbox 1611 859 1672 912; x_wconf 88' lang='lat' dir='ltr'><strong>Et</strong></span> <span class='ocrx_word' id='word_1_55' title='bbox 1695 859 1993 929; x_wconf 89' lang='lat' dir='ltr'><strong>quidemde</strong></span> 
     </span>
    </p>
   </div>
   <div class='ocr_carea' id='block_1_7' title="bbox 396 954 1994 1021">
    <p class='ocr_par' dir='ltr' id='par_1_7' title="bbox 396 954 1994 1021">
     <span class='ocr_line' id='line_1_7' title="bbox 396 954 1994 1021; baseline 0 -14"><span class='ocrx_word' id='word_1_56' title='bbox 396 955 642 1021; x_wconf 79' lang='lat' dir='ltr'><strong>baptismi</strong></span> <span class='ocrx_word' id='word_1_57' title='bbox 669 954 881 1019; x_wconf 91' lang='lat' dir='ltr'><strong>ritibus,</strong></span> <span class='ocrx_word' id='word_1_58' title='bbox 914 954 980 1008; x_wconf 89' lang='lat' dir='ltr'><strong>de</strong></span> <span class='ocrx_word' id='word_1_59' title='bbox 1011 955 1248 1018; x_wconf 80' lang='grc' dir='ltr'><strong>συντάξει</strong></span> <span class='ocrx_word' id='word_1_60' title='bbox 1274 961 1327 1007; x_wconf 91' lang='lat' dir='ltr'><strong>et</strong></span> <span class='ocrx_word' id='word_1_61' title='bbox 1355 954 1620 1016; x_wconf 81' lang='grc' dir='ltr'><strong>ἀποτάξη,</strong></span> <span class='ocrx_word' id='word_1_62' title='bbox 1641 954 1994 1007; x_wconf 89' lang='lat' dir='ltr'><strong>conversione</strong></span> 
     </span>
    </p>
   </div>
   <div class='ocr_carea' id='block_1_8' title="bbox 394 1043 1991 1114">
    <p class='ocr_par' dir='ltr' id='par_1_8' title="bbox 394 1043 1991 1114">
     <span class='ocr_line' id='line_1_8' title="bbox 394 1043 1991 1114; baseline 0.001 -18"><span class='ocrx_word' id='word_1_63' title='bbox 394 1043 457 1097; x_wconf 89' lang='lat' dir='ltr'><strong>ad</strong></span> <span class='ocrx_word' id='word_1_64' title='bbox 482 1045 742 1099; x_wconf 74' lang='lat' dir='ltr'><strong>orientem</strong></span> <span class='ocrx_word' id='word_1_65' title='bbox 766 1043 1224 1114; x_wconf 89' lang='lat' dir='ltr'><strong>occidentemque,</strong></span> <span class='ocrx_word' id='word_1_66' title='bbox 1247 1054 1348 1099; x_wconf 86' lang='lat' dir='ltr'><strong>etc.</strong></span> <span class='ocrx_word' id='word_1_67' title='bbox 1365 1087 1377 1110; x_wconf 94' lang='lat'><strong>,</strong></span> <span class='ocrx_word' id='word_1_68' title='bbox 1399 1046 1505 1114; x_wconf 83' lang='lat' dir='ltr'><strong>agit</strong></span> <span class='ocrx_word' id='word_1_69' title='bbox 1533 1047 1585 1098; x_wconf 91' lang='lat' dir='ltr'><strong>in</strong></span> <span class='ocrx_word' id='word_1_70' title='bbox 1608 1043 1991 1099; x_wconf 87' lang='lat' dir='ltr'><strong>Catcchesibus</strong></span> 
     </span>
    </p>
   </div>
   <div class='ocr_carea' id='block_1_9' title="bbox 391 1138 1558 1212">
    <p class='ocr_par' dir='ltr' id='par_1_9' title="bbox 391 1138 1558 1212">
     <span class='ocr_line' id='line_1_9' title="bbox 391 1138 1558 1212; baseline 0.001 -20"><span class='ocrx_word' id='word_1_71' title='bbox 391 1139 504 1192; x_wconf 83' lang='lat' dir='ltr'><strong>suis</strong></span> <span class='ocrx_word' id='word_1_72' title='bbox 533 1138 767 1212; x_wconf 79' lang='lat' dir='ltr'><strong>Cyrillus</strong></span> <span class='ocrx_word' id='word_1_73' title='bbox 795 1139 1314 1210; x_wconf 84' lang='lat' dir='ltr'><strong>Hierosolymitauus</strong></span> <span class='ocrx_word' id='word_1_74' title='bbox 1342 1139 1558 1206; x_wconf 87' lang='lat' dir='ltr'><strong>aliique.</strong></span> 
     </span>
    </p>
   </div>
   <div class='ocr_carea' id='block_1_10' title="bbox 467 1229 1990 1302">
    <p class='ocr_par' dir='ltr' id='par_1_10' title="bbox 467 1229 1990 1302">
     <span class='ocr_line' id='line_1_10' title="bbox 467 1229 1990 1302; baseline -0.002 -18"><span class='ocrx_word' id='word_1_75' title='bbox 467 1231 600 1302; x_wconf 83' lang='lat' dir='ltr'><strong>§ll.</strong></span> <span class='ocrx_word' id='word_1_76' title='bbox 636 1261 705 1270; x_wconf 90' lang='lat'><strong>-—</strong></span> <span class='ocrx_word' id='word_1_77' title='bbox 732 1229 1139 1285; x_wconf 82' lang='lat' dir='ltr'><strong>Observandum</strong></span> <span class='ocrx_word' id='word_1_78' title='bbox 1169 1229 1402 1300; x_wconf 87' lang='lat' dir='ltr'><strong>denique</strong></span> <span class='ocrx_word' id='word_1_79' title='bbox 1447 1230 1509 1284; x_wconf 89' lang='lat' dir='ltr'><strong>ad</strong></span> <span class='ocrx_word' id='word_1_80' title='bbox 1542 1230 1776 1284; x_wconf 83' lang='lat' dir='ltr'><strong>officium</strong></span> <span class='ocrx_word' id='word_1_81' title='bbox 1823 1229 1990 1301; x_wconf 86' lang='lat' dir='ltr'><strong>hypo-</strong></span> 
     </span>
    </p>
   </div>
   <div class='ocr_carea' id='block_1_11' title="bbox 393 1323 1985 1393">
    <p class='ocr_par' dir='ltr' id='par_1_11' title="bbox 393 1323 1985 1393">
     <span class='ocr_line' id='line_1_11' title="bbox 393 1323 1985 1393; baseline -0.001 -15"><span class='ocrx_word' id='word_1_82' title='bbox 393 1323 712 1378; x_wconf 90' lang='lat' dir='ltr'><strong>diaconatus</strong></span> <span class='ocrx_word' id='word_1_83' title='bbox 757 1334 1031 1393; x_wconf 82' lang='lat' dir='ltr'><strong>spectasse</strong></span> <span class='ocrx_word' id='word_1_84' title='bbox 1081 1323 1228 1377; x_wconf 94' lang='lat' dir='ltr'><strong>illum</strong></span> <span class='ocrx_word' id='word_1_85' title='bbox 1262 1323 1592 1378; x_wconf 89' lang='lat' dir='ltr'><strong>audientium</strong></span> <span class='ocrx_word' id='word_1_86' title='bbox 1629 1324 1985 1377; x_wconf 85' lang='lat' dir='ltr'><strong>doctoratum.</strong></span> 
     </span>
    </p>
   </div>
   <div class='ocr_carea' id='block_1_12' title="bbox 394 1412 1988 1485">
    <p class='ocr_par' dir='ltr' id='par_1_12' title="bbox 394 1412 1988 1485">
     <span class='ocr_line' id='line_1_12' title="bbox 394 1412 1988 1485; baseline 0.001 -17"><span class='ocrx_word' id='word_1_87' title='bbox 394 1412 536 1469; x_wconf 91' lang='lat' dir='ltr'><strong>ldem</strong></span> <span class='ocrx_word' id='word_1_88' title='bbox 583 1414 774 1485; x_wconf 89' lang='lat' dir='ltr'><strong>Optato</strong></span> <span class='ocrx_word' id='word_1_89' title='bbox 830 1415 1141 1469; x_wconf 85' lang='lat' dir='ltr'><strong>doctoratus</strong></span> <span class='ocrx_word' id='word_1_90' title='bbox 1194 1415 1551 1479; x_wconf 91' lang='lat' dir='ltr'><strong>audientium,</strong></span> <span class='ocrx_word' id='word_1_91' title='bbox 1629 1414 1767 1483; x_wconf 88' lang='lat' dir='ltr'><strong>quod</strong></span> <span class='ocrx_word' id='word_1_92' title='bbox 1828 1415 1988 1469; x_wconf 84' lang='lat' dir='ltr'><strong>lcetio</strong></span> 
     </span>
    </p>
   </div>
   <div class='ocr_carea' id='block_1_13' title="bbox 397 1506 1988 1580">
    <p class='ocr_par' dir='ltr' id='par_1_13' title="bbox 397 1506 1988 1580">
     <span class='ocr_line' id='line_1_13' title="bbox 397 1506 1988 1580; baseline 0 -16"><span class='ocrx_word' id='word_1_93' title='bbox 397 1510 589 1564; x_wconf 72' lang='lat' dir='ltr'><strong>Saturo</strong></span> <span class='ocrx_word' id='word_1_94' title='bbox 611 1509 677 1563; x_wconf 89' lang='lat' dir='ltr'><strong>ad</strong></span> <span class='ocrx_word' id='word_1_95' title='bbox 695 1511 918 1580; x_wconf 90' lang='lat' dir='ltr'><strong>gradum</strong></span> <span class='ocrx_word' id='word_1_96' title='bbox 941 1509 1158 1564; x_wconf 85' lang='lat' dir='ltr'><strong>lectoris</strong></span> <span class='ocrx_word' id='word_1_97' title='bbox 1184 1509 1573 1579; x_wconf 88' lang='lat' dir='ltr'><strong>promovendo,</strong></span> <span class='ocrx_word' id='word_1_98' title='bbox 1601 1506 1762 1563; x_wconf 93' lang='lat' dir='ltr'><strong>futuri</strong></span> <span class='ocrx_word' id='word_1_99' title='bbox 1795 1523 1988 1578; x_wconf 92' lang='lat' dir='ltr'><strong>nempe</strong></span> 
     </span>
    </p>
   </div>
   <div class='ocr_carea' id='block_1_14' title="bbox 393 1602 1988 1673">
    <p class='ocr_par' dir='ltr' id='par_1_14' title="bbox 393 1602 1988 1673">
     <span class='ocr_line' id='line_1_14' title="bbox 393 1602 1988 1673; baseline 0.001 -16"><span class='ocrx_word' id='word_1_100' title='bbox 393 1605 552 1658; x_wconf 70' lang='lat' dir='ltr'><strong>oftit-ii</strong></span> <span class='ocrx_word' id='word_1_101' title='bbox 586 1605 847 1673; x_wconf 66' lang='lat' dir='ltr'><strong>praevium</strong></span> <span class='ocrx_word' id='word_1_102' title='bbox 877 1605 1327 1672; x_wconf 76' lang='lat' dir='ltr'><strong>experimentum.</strong></span> <span class='ocrx_word' id='word_1_103' title='bbox 1354 1603 1408 1656; x_wconf 88' lang='lat' dir='ltr'><strong>In</strong></span> <span class='ocrx_word' id='word_1_104' title='bbox 1459 1602 1819 1657; x_wconf 76' lang='lat' dir='ltr'><strong>Alexandrino</strong></span> <span class='ocrx_word' id='word_1_105' title='bbox 1862 1626 1988 1658; x_wconf 83' lang='grc' dir='ltr'><strong>κατ·</strong></span> 
     </span>
    </p>
   </div>
   <div class='ocr_carea' id='block_1_15' title="bbox 395 1695 1988 1776">
    <p class='ocr_par' dir='ltr' id='par_1_15' title="bbox 395 1695 1988 1776">
     <span class='ocr_line' id='line_1_15' title="bbox 395 1695 1988 1776; baseline -0.005 -18"><span class='ocrx_word' id='word_1_106' title='bbox 395 1705 658 1771; x_wconf 73' lang='grc' dir='ltr'><strong>ηχήσεως,</strong></span> <span class='ocrx_word' id='word_1_107' title='bbox 701 1698 813 1752; x_wconf 89' lang='lat' dir='ltr'><strong>sive</strong></span> <span class='ocrx_word' id='word_1_108' title='bbox 853 1699 996 1776; x_wconf 78' lang='grc' dir='ltr'><strong>ἱερῶν</strong></span> <span class='ocrx_word' id='word_1_109' title='bbox 1021 1699 1200 1770; x_wconf 65' lang='grc' dir='ltr'><strong>λόγων,</strong></span> <span class='ocrx_word' id='word_1_110' title='bbox 1230 1696 1564 1766; x_wconf 76' lang='grc' dir='ltr'><strong>διδασκαλείῳ</strong></span> <span class='ocrx_word' id='word_1_111' title='bbox 1616 1695 1754 1750; x_wconf 92' lang='lat' dir='ltr'><strong>idem</strong></span> <span class='ocrx_word' id='word_1_112' title='bbox 1797 1711 1988 1750; x_wconf 88' lang='lat' dir='ltr'><strong>munus</strong></span> 
     </span>
    </p>
   </div>
   <div class='ocr_carea' id='block_1_16' title="bbox 397 1786 1988 1862">
    <p class='ocr_par' dir='ltr' id='par_1_16' title="bbox 397 1786 1988 1862">
     <span class='ocr_line' id='line_1_16' title="bbox 397 1786 1988 1862; baseline -0.004 -16"><span class='ocrx_word' id='word_1_113' title='bbox 397 1791 729 1862; x_wconf 78' lang='lat' dir='ltr'><strong>presbyteris</strong></span> <span class='ocrx_word' id='word_1_114' title='bbox 757 1788 990 1843; x_wconf 84' lang='lat' dir='ltr'><strong>fortasse</strong></span> <span class='ocrx_word' id='word_1_115' title='bbox 1031 1803 1412 1858; x_wconf 87' lang='lat' dir='ltr'><strong>nonnunquam</strong></span> <span class='ocrx_word' id='word_1_116' title='bbox 1446 1789 1794 1857; x_wconf 88' lang='lat' dir='ltr'><strong>assignauun.</strong></span> <span class='ocrx_word' id='word_1_117' title='bbox 1850 1786 1988 1841; x_wconf 86' lang='lat' dir='ltr'><strong>Pan-</strong></span> 
     </span>
    </p>
   </div>
   <div class='ocr_carea' id='block_1_17' title="bbox 2099 579 3694 648">
    <p class='ocr_par' dir='ltr' id='par_1_17' title="bbox 2099 579 3694 648">
     <span class='ocr_line' id='line_1_17' title="bbox 2099 579 3694 648; baseline 0.003 -15"><span class='ocrx_word' id='word_1_118' title='bbox 2099 580 2345 634; x_wconf 82' lang='lat' dir='ltr'><strong>Aurelius</strong></span> <span class='ocrx_word' id='word_1_119' title='bbox 2373 590 2422 634; x_wconf 91' lang='lat' dir='ltr'><strong>et</strong></span> <span class='ocrx_word' id='word_1_120' title='bbox 2454 581 2754 634; x_wconf 84' lang='lat' dir='ltr'><strong>ordinatus.</strong></span> <span class='ocrx_word' id='word_1_121' title='bbox 2793 598 2812 630; x_wconf 74' lang='grc' dir='ltr'><strong>ι</strong></span> <span class='ocrx_word' id='word_1_122' title='bbox 2840 579 3160 646; x_wconf 85' lang='lat' dir='ltr'><strong>Merebatur,</strong></span> <span class='ocrx_word' id='word_1_123' title='bbox 3197 581 3388 648; x_wconf 80' lang='lat' dir='ltr'><strong>inquit,</strong></span> <span class='ocrx_word' id='word_1_124' title='bbox 3429 583 3550 638; x_wconf 89' lang='lat' dir='ltr'><strong>talis</strong></span> <span class='ocrx_word' id='word_1_125' title='bbox 3580 584 3694 638; x_wconf 87' lang='lat' dir='ltr'><strong>cle-</strong></span> 
     </span>
    </p>
   </div>
   <div class='ocr_carea' id='block_1_18' title="bbox 2104 673 3698 745">
    <p class='ocr_par' dir='ltr' id='par_1_18' title="bbox 2104 673 3698 745">
     <span class='ocr_line' id='line_1_18' title="bbox 2104 673 3698 745; baseline 0.001 -17"><span class='ocrx_word' id='word_1_126' title='bbox 2104 676 2226 728; x_wconf 77' lang='lat' dir='ltr'><strong>riczn</strong></span> <span class='ocrx_word' id='word_1_127' title='bbox 2259 673 2912 728; x_wconf 87' lang='lat' dir='ltr'><strong>ordinationisinferiores</strong></span> <span class='ocrx_word' id='word_1_128' title='bbox 2955 673 3169 743; x_wconf 84' lang='lat' dir='ltr'><strong>gradus.</strong></span> <span class='ocrx_word' id='word_1_129' title='bbox 3199 692 3216 724; x_wconf 75' lang='grc' dir='ltr'><strong>ι</strong></span> <span class='ocrx_word' id='word_1_130' title='bbox 3254 673 3382 728; x_wconf 87' lang='lat' dir='ltr'><strong>Erat</strong></span> <span class='ocrx_word' id='word_1_131' title='bbox 3431 676 3590 745; x_wconf 82' lang='lat' dir='ltr'><strong>igitur</strong></span> <span class='ocrx_word' id='word_1_132' title='bbox 3639 685 3698 732; x_wconf 88' lang='lat' dir='ltr'><strong>et</strong></span> 
     </span>
    </p>
   </div>
   <div class='ocr_carea' id='block_1_19' title="bbox 2099 763 3691 834">
    <p class='ocr_par' dir='ltr' id='par_1_19' title="bbox 2099 763 3691 834">
     <span class='ocr_line' id='line_1_19' title="bbox 2099 763 3691 834; baseline 0.003 -16"><span class='ocrx_word' id='word_1_133' title='bbox 2099 763 2184 818; x_wconf 93' lang='lat' dir='ltr'><strong>hic</strong></span> <span class='ocrx_word' id='word_1_134' title='bbox 2241 765 2455 834; x_wconf 89' lang='lat' dir='ltr'><strong>quidam</strong></span> <span class='ocrx_word' id='word_1_135' title='bbox 2502 765 2697 834; x_wconf 87' lang='lat' dir='ltr'><strong>gradus</strong></span> <span class='ocrx_word' id='word_1_136' title='bbox 2745 766 2953 820; x_wconf 75' lang='lat' dir='ltr'><strong>clerica:</strong></span> <span class='ocrx_word' id='word_1_137' title='bbox 3008 765 3378 820; x_wconf 87' lang='lat' dir='ltr'><strong>ordinationis.</strong></span> <span class='ocrx_word' id='word_1_138' title='bbox 3435 767 3691 822; x_wconf 85' lang='lat' dir='ltr'><strong>Rursus:</strong></span> 
     </span>
    </p>
   </div>
   <div class='ocr_carea' id='block_1_20' title="bbox 2102 855 3695 930">
    <p class='ocr_par' dir='ltr' id='par_1_20' title="bbox 2102 855 3695 930">
     <span class='ocr_line' id='line_1_20' title="bbox 2102 855 3695 930; baseline 0.006 -24"><span class='ocrx_word' id='word_1_139' title='bbox 2102 874 2118 906; x_wconf 74' lang='grc' dir='ltr'>ε</span> <span class='ocrx_word' id='word_1_140' title='bbox 2145 855 2294 910; x_wconf 88' lang='lat' dir='ltr'><strong>Hunc</strong></span> <span class='ocrx_word' id='word_1_141' title='bbox 2327 855 2508 926; x_wconf 80' lang='lat' dir='ltr'><strong>igitur,</strong></span> <span class='ocrx_word' id='word_1_142' title='bbox 2544 859 2735 912; x_wconf 78' lang='lat' dir='ltr'><strong>fratres</strong></span> <span class='ocrx_word' id='word_1_143' title='bbox 2756 857 3089 913; x_wconf 78' lang='lat' dir='ltr'><strong>dilectissimi</strong></span> <span class='ocrx_word' id='word_1_144' title='bbox 3122 900 3136 924; x_wconf 96' lang='lat'><strong>,</strong></span> <span class='ocrx_word' id='word_1_145' title='bbox 3164 874 3192 912; x_wconf 94' lang='lat' dir='ltr'><strong>a</strong></span> <span class='ocrx_word' id='word_1_146' title='bbox 3218 873 3302 913; x_wconf 92' lang='lat' dir='ltr'><strong>me</strong></span> <span class='ocrx_word' id='word_1_147' title='bbox 3324 871 3377 913; x_wconf 90' lang='lat' dir='ltr'><strong>et</strong></span> <span class='ocrx_word' id='word_1_148' title='bbox 3406 873 3434 912; x_wconf 91' lang='lat' dir='ltr'><strong>a</strong></span> <span class='ocrx_word' id='word_1_149' title='bbox 3465 860 3695 930; x_wconf 78' lang='lat' dir='ltr'><strong>collegis</strong></span> 
     </span>
    </p>
   </div>
   <div class='ocr_carea' id='block_1_21' title="bbox 2094 949 3696 1022">
    <p class='ocr_par' dir='ltr' id='par_1_21' title="bbox 2094 949 3696 1022">
     <span class='ocr_line' id='line_1_21' title="bbox 2094 949 3696 1022; baseline 0.004 -21"><span class='ocrx_word' id='word_1_150' title='bbox 2094 951 2181 1018; x_wconf 90' lang='lat' dir='ltr'><strong>qui</strong></span> <span class='ocrx_word' id='word_1_151' title='bbox 2217 959 2510 1019; x_wconf 68' lang='lat' dir='ltr'><strong>prtescnlcs</strong></span> <span class='ocrx_word' id='word_1_152' title='bbox 2541 951 2785 1014; x_wconf 88' lang='lat' dir='ltr'><strong>aderant,</strong></span> <span class='ocrx_word' id='word_1_153' title='bbox 2828 949 3132 1004; x_wconf 80' lang='lat' dir='ltr'><strong>ordinatura</strong></span> <span class='ocrx_word' id='word_1_154' title='bbox 3165 951 3376 1016; x_wconf 85' lang='lat' dir='ltr'><strong>sciatis;</strong></span> <span class='ocrx_word' id='word_1_155' title='bbox 3406 951 3547 1022; x_wconf 91' lang='lat' dir='ltr'><strong>quod</strong></span> <span class='ocrx_word' id='word_1_156' title='bbox 3594 968 3696 1008; x_wconf 88' lang='lat' dir='ltr'><strong>vos</strong></span> 
     </span>
    </p>
   </div>
   <div class='ocr_carea' id='block_1_22' title="bbox 2095 1043 3692 1114">
    <p class='ocr_par' dir='ltr' id='par_1_22' title="bbox 2095 1043 3692 1114">
     <span class='ocr_line' id='line_1_22' title="bbox 2095 1043 3692 1114; baseline 0.004 -19"><span class='ocrx_word' id='word_1_157' title='bbox 2095 1045 2205 1096; x_wconf 91' lang='lat' dir='ltr'><strong>scio</strong></span> <span class='ocrx_word' id='word_1_158' title='bbox 2232 1053 2285 1097; x_wconf 88' lang='lat' dir='ltr'><strong>et</strong></span> <span class='ocrx_word' id='word_1_159' title='bbox 2315 1043 2545 1097; x_wconf 77' lang='lat' dir='ltr'><strong>libenter</strong></span> <span class='ocrx_word' id='word_1_160' title='bbox 2572 1044 2844 1113; x_wconf 64' lang='lat' dir='ltr'><strong>amplecai,</strong></span> <span class='ocrx_word' id='word_1_161' title='bbox 2874 1055 2927 1098; x_wconf 92' lang='lat' dir='ltr'><strong>et</strong></span> <span class='ocrx_word' id='word_1_162' title='bbox 2961 1053 3146 1114; x_wconf 89' lang='lat' dir='ltr'><strong>optare</strong></span> <span class='ocrx_word' id='word_1_163' title='bbox 3185 1046 3318 1099; x_wconf 87' lang='lat' dir='ltr'><strong>tales</strong></span> <span class='ocrx_word' id='word_1_164' title='bbox 3351 1047 3399 1099; x_wconf 93' lang='lat' dir='ltr'><strong>in</strong></span> <span class='ocrx_word' id='word_1_165' title='bbox 3444 1045 3692 1102; x_wconf 86' lang='lat' dir='ltr'><strong>Ecclesia</strong></span> 
     </span>
    </p>
   </div>
   <div class='ocr_carea' id='block_1_23' title="bbox 2095 1134 3691 1209">
    <p class='ocr_par' dir='ltr' id='par_1_23' title="bbox 2095 1134 3691 1209">
     <span class='ocr_line' id='line_1_23' title="bbox 2095 1134 3691 1209; baseline 0.005 -23"><span class='ocrx_word' id='word_1_166' title='bbox 2095 1142 2275 1187; x_wconf 88' lang='lat' dir='ltr'><strong>nostra</strong></span> <span class='ocrx_word' id='word_1_167' title='bbox 2295 1135 2554 1204; x_wconf 90' lang='lat' dir='ltr'><strong>plurimos</strong></span> <span class='ocrx_word' id='word_1_168' title='bbox 2573 1134 2832 1190; x_wconf 91' lang='lat' dir='ltr'><strong>ordinari.</strong></span> <span class='ocrx_word' id='word_1_169' title='bbox 2863 1156 2880 1187; x_wconf 75' lang='grc' dir='ltr'><strong>ι</strong></span> <span class='ocrx_word' id='word_1_170' title='bbox 2909 1138 2980 1190; x_wconf 92' lang='lat' dir='ltr'><strong>De</strong></span> <span class='ocrx_word' id='word_1_171' title='bbox 3001 1135 3249 1193; x_wconf 90' lang='lat' dir='ltr'><strong>Celeriuo</strong></span> <span class='ocrx_word' id='word_1_172' title='bbox 3268 1138 3338 1191; x_wconf 89' lang='lat' dir='ltr'><strong>ita</strong></span> <span class='ocrx_word' id='word_1_173' title='bbox 3364 1138 3462 1209; x_wconf 87' lang='lat' dir='ltr'><strong>Ep.</strong></span> <span class='ocrx_word' id='word_1_174' title='bbox 3486 1155 3691 1206; x_wconf 82' lang='lat' dir='ltr'><strong>xxxw,</strong></span> 
     </span>
    </p>
   </div>
   <div class='ocr_carea' id='block_1_24' title="bbox 2093 1223 3694 1299">
    <p class='ocr_par' dir='ltr' id='par_1_24' title="bbox 2093 1223 3694 1299">
     <span class='ocr_line' id='line_1_24' title="bbox 2093 1223 3694 1299; baseline 0.008 -22"><span class='ocrx_word' id='word_1_175' title='bbox 2093 1223 2312 1295; x_wconf 88' lang='lat' dir='ltr'><strong>dignum</strong></span> <span class='ocrx_word' id='word_1_176' title='bbox 2379 1241 2499 1282; x_wconf 89' lang='lat' dir='ltr'><strong>esse</strong></span> <span class='ocrx_word' id='word_1_177' title='bbox 2542 1226 2702 1281; x_wconf 89' lang='lat' dir='ltr'><strong>dicit:</strong></span> <span class='ocrx_word' id='word_1_178' title='bbox 2737 1245 2754 1278; x_wconf 74' lang='grc' dir='ltr'><strong>ι</strong></span> <span class='ocrx_word' id='word_1_179' title='bbox 2813 1227 2880 1284; x_wconf 88' lang='lat' dir='ltr'><strong>Ut</strong></span> <span class='ocrx_word' id='word_1_180' title='bbox 2923 1229 3011 1299; x_wconf 89' lang='lat' dir='ltr'><strong>qui</strong></span> <span class='ocrx_word' id='word_1_181' title='bbox 3058 1229 3360 1286; x_wconf 88' lang='lat' dir='ltr'><strong>sublimiter</strong></span> <span class='ocrx_word' id='word_1_182' title='bbox 3409 1231 3694 1290; x_wconf 78' lang='lat' dir='ltr'><strong>Christum</strong></span> 
     </span>
    </p>
   </div>
   <div class='ocr_carea' id='block_1_25' title="bbox 2092 1319 3692 1391">
    <p class='ocr_par' dir='ltr' id='par_1_25' title="bbox 2092 1319 3692 1391">
     <span class='ocr_line' id='line_1_25' title="bbox 2092 1319 3692 1391; baseline 0.007 -19"><span class='ocrx_word' id='word_1_183' title='bbox 2092 1319 2375 1374; x_wconf 90' lang='lat' dir='ltr'><strong>confessus</strong></span> <span class='ocrx_word' id='word_1_184' title='bbox 2397 1329 2559 1385; x_wconf 88' lang='lat' dir='ltr'><strong>esset,</strong></span> <span class='ocrx_word' id='word_1_185' title='bbox 2589 1320 2794 1376; x_wconf 89' lang='lat' dir='ltr'><strong>clerum</strong></span> <span class='ocrx_word' id='word_1_186' title='bbox 2821 1321 3164 1391; x_wconf 85' lang='lat' dir='ltr'><strong>postmodum</strong></span> <span class='ocrx_word' id='word_1_187' title='bbox 3202 1320 3402 1378; x_wconf 81' lang='lat' dir='ltr'><strong>Christi</strong></span> <span class='ocrx_word' id='word_1_188' title='bbox 3439 1325 3692 1383; x_wconf 87' lang='lat' dir='ltr'><strong>ministe-</strong></span> 
     </span>
    </p>
   </div>
   <div class='ocr_carea' id='block_1_26' title="bbox 2092 1412 3683 1476">
    <p class='ocr_par' dir='ltr' id='par_1_26' title="bbox 2092 1412 3683 1476">
     <span class='ocr_line' id='line_1_26' title="bbox 2092 1412 3683 1476; baseline 0.007 -11"><span class='ocrx_word' id='word_1_189' title='bbox 2092 1412 2186 1466; x_wconf 91' lang='lat' dir='ltr'><strong>riis</strong></span> <span class='ocrx_word' id='word_1_190' title='bbox 2207 1413 2587 1468; x_wconf 85' lang='lat' dir='ltr'><strong>ecclesiasticis</strong></span> <span class='ocrx_word' id='word_1_191' title='bbox 2610 1414 2915 1470; x_wconf 88' lang='lat' dir='ltr'><strong>adornaret.</strong></span> <span class='ocrx_word' id='word_1_192' title='bbox 2945 1433 2963 1467; x_wconf 74' lang='grc' dir='ltr'><strong>ι</strong></span> <span class='ocrx_word' id='word_1_193' title='bbox 2990 1415 3196 1471; x_wconf 82' lang='lat' dir='ltr'><strong>Rursus</strong></span> <span class='ocrx_word' id='word_1_194' title='bbox 3218 1417 3464 1472; x_wconf 90' lang='lat' dir='ltr'><strong>eumdem</strong></span> <span class='ocrx_word' id='word_1_195' title='bbox 3490 1438 3506 1470; x_wconf 75' lang='grc' dir='ltr'><strong>ι</strong></span> <span class='ocrx_word' id='word_1_196' title='bbox 3529 1417 3683 1476; x_wconf 80' lang='lat' dir='ltr'><strong>Cele-</strong></span> 
     </span>
    </p>
   </div>
   <div class='ocr_carea' id='block_1_27' title="bbox 2092 1506 3694 1582">
    <p class='ocr_par' dir='ltr' id='par_1_27' title="bbox 2092 1506 3694 1582">
     <span class='ocr_line' id='line_1_27' title="bbox 2092 1506 3694 1582; baseline 0.006 -22"><span class='ocrx_word' id='word_1_197' title='bbox 2092 1506 2270 1562; x_wconf 89' lang='lat' dir='ltr'><strong>rinum</strong></span> <span class='ocrx_word' id='word_1_198' title='bbox 2303 1506 2543 1574; x_wconf 82' lang='lat' dir='ltr'><strong>fratrem,</strong></span> <span class='ocrx_word' id='word_1_199' title='bbox 2579 1510 2771 1581; x_wconf 90' lang='lat' dir='ltr'><strong>inquit,</strong></span> <span class='ocrx_word' id='word_1_200' title='bbox 2806 1520 3070 1577; x_wconf 90' lang='lat' dir='ltr'><strong>nostrum,</strong></span> <span class='ocrx_word' id='word_1_201' title='bbox 3103 1511 3390 1568; x_wconf 76' lang='lat' dir='ltr'><strong>virtutibus</strong></span> <span class='ocrx_word' id='word_1_202' title='bbox 3415 1513 3614 1582; x_wconf 90' lang='lat' dir='ltr'><strong>pariter</strong></span> <span class='ocrx_word' id='word_1_203' title='bbox 3633 1522 3694 1571; x_wconf 84' lang='lat' dir='ltr'><strong>et</strong></span> 
     </span>
    </p>
   </div>
   <div class='ocr_carea' id='block_1_28' title="bbox 2091 1600 3691 1671">
    <p class='ocr_par' dir='ltr' id='par_1_28' title="bbox 2091 1600 3691 1671">
     <span class='ocr_line' id='line_1_28' title="bbox 2091 1600 3691 1671; baseline 0.005 -19"><span class='ocrx_word' id='word_1_204' title='bbox 2091 1600 2330 1655; x_wconf 86' lang='lat' dir='ltr'><strong>moribus</strong></span> <span class='ocrx_word' id='word_1_205' title='bbox 2360 1601 2677 1671; x_wconf 88' lang='lat' dir='ltr'><strong>gloriosum,</strong></span> <span class='ocrx_word' id='word_1_206' title='bbox 2701 1603 2847 1658; x_wconf 90' lang='lat' dir='ltr'><strong>clero</strong></span> <span class='ocrx_word' id='word_1_207' title='bbox 2865 1612 3052 1658; x_wconf 91' lang='lat' dir='ltr'><strong>nostro</strong></span> <span class='ocrx_word' id='word_1_208' title='bbox 3078 1617 3184 1657; x_wconf 92' lang='lat' dir='ltr'><strong>non</strong></span> <span class='ocrx_word' id='word_1_209' title='bbox 3231 1605 3462 1658; x_wconf 87' lang='lat' dir='ltr'><strong>humana</strong></span> <span class='ocrx_word' id='word_1_210' title='bbox 3485 1604 3691 1659; x_wconf 75' lang='lat' dir='ltr'><strong>suffra-</strong></span> 
     </span>
    </p>
   </div>
   <div class='ocr_carea' id='block_1_29' title="bbox 2089 1693 3691 1766">
    <p class='ocr_par' dir='ltr' id='par_1_29' title="bbox 2089 1693 3691 1766">
     <span class='ocr_line' id='line_1_29' title="bbox 2089 1693 3691 1766; baseline 0.006 -22"><span class='ocrx_word' id='word_1_211' title='bbox 2089 1693 2322 1762; x_wconf 84' lang='lat' dir='ltr'><strong>gatione,</strong></span> <span class='ocrx_word' id='word_1_212' title='bbox 2371 1693 2464 1749; x_wconf 89' lang='lat' dir='ltr'><strong>sed</strong></span> <span class='ocrx_word' id='word_1_213' title='bbox 2495 1693 2675 1750; x_wconf 89' lang='lat' dir='ltr'><strong>divina</strong></span> <span class='ocrx_word' id='word_1_214' title='bbox 2734 1694 3043 1765; x_wconf 80' lang='lat' dir='ltr'><strong>dignatione</strong></span> <span class='ocrx_word' id='word_1_215' title='bbox 3088 1695 3455 1766; x_wconf 90' lang='lat' dir='ltr'><strong>conjunctum.</strong></span> <span class='ocrx_word' id='word_1_216' title='bbox 3486 1716 3503 1749; x_wconf 79' lang='grc' dir='ltr'><strong>ι</strong></span> <span class='ocrx_word' id='word_1_217' title='bbox 3537 1697 3691 1754; x_wconf 86' lang='lat' dir='ltr'><strong>Idem</strong></span> 
     </span>
    </p>
   </div>
   <div class='ocr_carea' id='block_1_30' title="bbox 2091 1789 3688 1866">
    <p class='ocr_par' dir='ltr' id='par_1_30' title="bbox 2091 1789 3688 1866">
     <span class='ocr_line' id='line_1_30' title="bbox 2091 1789 3688 1866; baseline 0.003 -21"><span class='ocrx_word' id='word_1_218' title='bbox 2091 1799 2267 1845; x_wconf 89' lang='lat' dir='ltr'><strong>tamen</strong></span> <span class='ocrx_word' id='word_1_219' title='bbox 2293 1789 2393 1846; x_wconf 87' lang='lat' dir='ltr'><strong>hac</strong></span> <span class='ocrx_word' id='word_1_220' title='bbox 2422 1791 2556 1862; x_wconf 91' lang='lat' dir='ltr'><strong>ipsa,</strong></span> <span class='ocrx_word' id='word_1_221' title='bbox 2582 1809 2740 1862; x_wconf 92' lang='lat' dir='ltr'><strong>quam</strong></span> <span class='ocrx_word' id='word_1_222' title='bbox 2765 1793 2817 1848; x_wconf 93' lang='lat' dir='ltr'><strong>in</strong></span> <span class='ocrx_word' id='word_1_223' title='bbox 2842 1793 3090 1849; x_wconf 87' lang='lat' dir='ltr'><strong>manibus</strong></span> <span class='ocrx_word' id='word_1_224' title='bbox 3117 1792 3398 1861; x_wconf 85' lang='lat' dir='ltr'><strong>habemus,</strong></span> <span class='ocrx_word' id='word_1_225' title='bbox 3428 1795 3688 1866; x_wconf 88' lang='lat' dir='ltr'><strong>epistola,</strong></span> 
     </span>
    </p>
   </div>
   <div class='ocr_carea' id='block_1_31' title="bbox 391 1878 3689 1958">
    <p class='ocr_par' dir='ltr' id='par_1_31' title="bbox 391 1878 3689 1958">
     <span class='ocr_line' id='line_1_31' title="bbox 391 1878 3689 1958; baseline 0.002 -20"><span class='ocrx_word' id='word_1_226' title='bbox 391 1892 587 1939; x_wconf 70' lang='grc' dir='ltr'>ιωηιιιιι</span> <span class='ocrx_word' id='word_1_227' title='bbox 609 1882 767 1950; x_wconf 78' lang='lat' dir='ltr'><strong>vulgo</strong></span> <span class='ocrx_word' id='word_1_228' title='bbox 795 1883 1104 1936; x_wconf 84' lang='lat' dir='ltr'><strong>existimant</strong></span> <span class='ocrx_word' id='word_1_229' title='bbox 1129 1880 1294 1935; x_wconf 89' lang='lat' dir='ltr'><strong>fuisse</strong></span> <span class='ocrx_word' id='word_1_230' title='bbox 1321 1881 1710 1950; x_wconf 87' lang='lat' dir='ltr'><strong>presbyterum.</strong></span> <span class='ocrx_word' id='word_1_231' title='bbox 1744 1878 1986 1950; x_wconf 82' lang='lat' dir='ltr'><strong>quamvis</strong></span> <span class='ocrx_word' id='word_1_232' title='bbox 2017 1890 2063 1951; x_wconf 79' lang='grc' dir='ltr'><strong>Β</strong></span> <span class='ocrx_word' id='word_1_233' title='bbox 2093 1883 2345 1939; x_wconf 88' lang='lat' dir='ltr'><strong>lectorem</strong></span> <span class='ocrx_word' id='word_1_234' title='bbox 2391 1885 2638 1956; x_wconf 90' lang='lat' dir='ltr'><strong>Optatum</strong></span> <span class='ocrx_word' id='word_1_235' title='bbox 2690 1887 2834 1942; x_wconf 89' lang='lat' dir='ltr'><strong>clero</strong></span> <span class='ocrx_word' id='word_1_236' title='bbox 2886 1887 3163 1943; x_wconf 79' lang='lat' dir='ltr'><strong>dumtaxat</strong></span> <span class='ocrx_word' id='word_1_237' title='bbox 3215 1889 3518 1958; x_wconf 91' lang='lat' dir='ltr'><strong>proximum</strong></span> <span class='ocrx_word' id='word_1_238' title='bbox 3561 1905 3689 1946; x_wconf 90' lang='lat' dir='ltr'><strong>esse</strong></span> 
     </span>
    </p>
   </div>
   <div class='ocr_carea' id='block_1_32' title="bbox 395 1971 1986 2042">
    <p class='ocr_par' dir='ltr' id='par_1_32' title="bbox 395 1971 1986 2042">
     <span class='ocr_line' id='line_1_32' title="bbox 395 1971 1986 2042; baseline -0.002 -13"><span class='ocrx_word' id='word_1_239' title='bbox 395 1975 577 2031; x_wconf 88' lang='lat' dir='ltr'><strong>nescio</strong></span> <span class='ocrx_word' id='word_1_240' title='bbox 623 1989 752 2028; x_wconf 76' lang='lat' dir='ltr'><strong>strue</strong></span> <span class='ocrx_word' id='word_1_241' title='bbox 783 1983 1096 2028; x_wconf 87' lang='lat' dir='ltr'><strong>veterumne</strong></span> <span class='ocrx_word' id='word_1_242' title='bbox 1148 1972 1412 2042; x_wconf 92' lang='lat' dir='ltr'><strong>quispiam</strong></span> <span class='ocrx_word' id='word_1_243' title='bbox 1456 1986 1576 2025; x_wconf 91' lang='lat' dir='ltr'><strong>eum</strong></span> <span class='ocrx_word' id='word_1_244' title='bbox 1626 1972 1694 2024; x_wconf 91' lang='lat' dir='ltr'><strong>ita</strong></span> <span class='ocrx_word' id='word_1_245' title='bbox 1747 1971 1986 2041; x_wconf 84' lang='lat' dir='ltr'><strong>appellet</strong></span> 
     </span>
    </p>
   </div>
   <div class='ocr_carea' id='block_1_33' title="bbox 393 2063 1981 2141">
    <p class='ocr_par' dir='ltr' id='par_1_33' title="bbox 393 2063 1981 2141">
     <span class='ocr_line' id='line_1_33' title="bbox 393 2063 1981 2141; baseline -0.003 -20"><span class='ocrx_word' id='word_1_246' title='bbox 393 2066 645 2141; x_wconf 74' lang='lat' dir='ltr'><strong>(Euseb.,</strong></span> <span class='ocrx_word' id='word_1_247' title='bbox 695 2067 831 2121; x_wconf 78' lang='lat' dir='ltr'><strong>Hist.</strong></span> <span class='ocrx_word' id='word_1_248' title='bbox 885 2065 1054 2131; x_wconf 77' lang='lat' dir='ltr'><strong>Eccl.,</strong></span> <span class='ocrx_word' id='word_1_249' title='bbox 1088 2082 1140 2128; x_wconf 73' lang='grc' dir='ltr'><strong>γ,</strong></span> <span class='ocrx_word' id='word_1_250' title='bbox 1177 2066 1277 2132; x_wconf 80' lang='grc'><strong>10;</strong></span> <span class='ocrx_word' id='word_1_251' title='bbox 1311 2083 1382 2132; x_wconf 78' lang='lat' dir='ltr'><strong>\‘l,</strong></span> <span class='ocrx_word' id='word_1_252' title='bbox 1417 2069 1470 2127; x_wconf 84' lang='grc'><strong>’5,</strong></span> <span class='ocrx_word' id='word_1_253' title='bbox 1501 2065 1587 2135; x_wconf 88' lang='grc'><strong>6).</strong></span> <span class='ocrx_word' id='word_1_254' title='bbox 1648 2063 1981 2120; x_wconf 88' lang='lat' dir='ltr'><strong>Clementem</strong></span> 
     </span>
    </p>
   </div>
   <div class='ocr_carea' id='block_1_34' title="bbox 391 2159 1985 2230">
    <p class='ocr_par' dir='ltr' id='par_1_34' title="bbox 391 2159 1985 2230">
     <span class='ocr_line' id='line_1_34' title="bbox 391 2159 1985 2230; baseline -0.003 -13"><span class='ocrx_word' id='word_1_255' title='bbox 391 2162 508 2230; x_wconf 85' lang='lat' dir='ltr'><strong>ejus</strong></span> <span class='ocrx_word' id='word_1_256' title='bbox 536 2162 587 2216; x_wconf 93' lang='lat' dir='ltr'><strong>in</strong></span> <span class='ocrx_word' id='word_1_257' title='bbox 620 2177 684 2216; x_wconf 91' lang='lat' dir='ltr'><strong>eo</strong></span> <span class='ocrx_word' id='word_1_258' title='bbox 708 2175 929 2215; x_wconf 91' lang='lat' dir='ltr'><strong>munere</strong></span> <span class='ocrx_word' id='word_1_259' title='bbox 964 2174 1354 2221; x_wconf 89' lang='lat' dir='ltr'><strong>successorem,</strong></span> <span class='ocrx_word' id='word_1_260' title='bbox 1412 2159 1780 2230; x_wconf 79' lang='lat' dir='ltr'><strong>presbyterum</strong></span> <span class='ocrx_word' id='word_1_261' title='bbox 1834 2167 1985 2212; x_wconf 87' lang='lat' dir='ltr'><strong>vocat</strong></span> 
     </span>
    </p>
   </div>
   <div class='ocr_carea' id='block_1_35' title="bbox 395 2251 1982 2323">
    <p class='ocr_par' dir='ltr' id='par_1_35' title="bbox 395 2251 1982 2323">
     <span class='ocr_line' id='line_1_35' title="bbox 395 2251 1982 2323; baseline -0.004 -14"><span class='ocrx_word' id='word_1_262' title='bbox 395 2252 699 2309; x_wconf 70' lang='lat' dir='ltr'><strong>Alexander</strong></span> <span class='ocrx_word' id='word_1_263' title='bbox 722 2253 1238 2323; x_wconf 87' lang='lat' dir='ltr'><strong>Hierosolymitauus</strong></span> <span class='ocrx_word' id='word_1_264' title='bbox 1260 2252 1552 2320; x_wconf 70' lang='lat' dir='ltr'><strong>Episcopus</strong></span> <span class='ocrx_word' id='word_1_265' title='bbox 1584 2251 1789 2322; x_wconf 74' lang='lat' dir='ltr'><strong>(Euseb.</strong></span> <span class='ocrx_word' id='word_1_266' title='bbox 1807 2293 1820 2317; x_wconf 94' lang='lat'><strong>,</strong></span> <span class='ocrx_word' id='word_1_267' title='bbox 1846 2251 1982 2304; x_wconf 80' lang='lat' dir='ltr'><strong>Hist.</strong></span> 
     </span>
    </p>
   </div>
   <div class='ocr_carea' id='block_1_36' title="bbox 395 2343 1984 2415">
    <p class='ocr_par' dir='ltr' id='par_1_36' title="bbox 395 2343 1984 2415">
     <span class='ocr_line' id='line_1_36' title="bbox 395 2343 1984 2415; baseline -0.003 -15"><span class='ocrx_word' id='word_1_268' title='bbox 395 2344 547 2409; x_wconf 84' lang='lat' dir='ltr'><strong>cccl.,</strong></span> <span class='ocrx_word' id='word_1_269' title='bbox 590 2361 666 2411; x_wconf 73' lang='lat' dir='ltr'><strong>vn,</strong></span> <span class='ocrx_word' id='word_1_270' title='bbox 700 2343 812 2415; x_wconf 86' lang='lat' dir='ltr'><strong>ll).</strong></span> <span class='ocrx_word' id='word_1_271' title='bbox 850 2346 954 2400; x_wconf 81' lang='lat' dir='ltr'><strong>Sed</strong></span> <span class='ocrx_word' id='word_1_272' title='bbox 982 2345 1196 2414; x_wconf 89' lang='lat' dir='ltr'><strong>quando</strong></span> <span class='ocrx_word' id='word_1_273' title='bbox 1223 2345 1418 2412; x_wconf 87' lang='lat' dir='ltr'><strong>scripta</strong></span> <span class='ocrx_word' id='word_1_274' title='bbox 1455 2353 1535 2398; x_wconf 74' lang='lat' dir='ltr'><strong>est</strong></span> <span class='ocrx_word' id='word_1_275' title='bbox 1565 2344 1630 2398; x_wconf 89' lang='lat' dir='ltr'><strong>ab</strong></span> <span class='ocrx_word' id='word_1_276' title='bbox 1679 2343 1984 2398; x_wconf 77' lang='lat' dir='ltr'><strong>Alexandro</strong></span> 
     </span>
    </p>
   </div>
   <div class='ocr_carea' id='block_1_37' title="bbox 393 2438 1981 2507">
    <p class='ocr_par' dir='ltr' id='par_1_37' title="bbox 393 2438 1981 2507">
     <span class='ocr_line' id='line_1_37' title="bbox 393 2438 1981 2507; baseline -0.002 -15"><span class='ocrx_word' id='word_1_277' title='bbox 393 2453 455 2492; x_wconf 90' lang='lat' dir='ltr'><strong>ea</strong></span> <span class='ocrx_word' id='word_1_278' title='bbox 485 2439 732 2504; x_wconf 75' lang='lat' dir='ltr'><strong>episrola.</strong></span> <span class='ocrx_word' id='word_1_279' title='bbox 782 2439 890 2507; x_wconf 91' lang='lat' dir='ltr'><strong>jam</strong></span> <span class='ocrx_word' id='word_1_280' title='bbox 922 2440 1246 2493; x_wconf 87' lang='lat' dir='ltr'><strong>successisse</strong></span> <span class='ocrx_word' id='word_1_281' title='bbox 1293 2439 1499 2493; x_wconf 89' lang='lat' dir='ltr'><strong>videtur</strong></span> <span class='ocrx_word' id='word_1_282' title='bbox 1541 2439 1590 2492; x_wconf 93' lang='lat' dir='ltr'><strong>in</strong></span> <span class='ocrx_word' id='word_1_283' title='bbox 1645 2438 1758 2507; x_wconf 89' lang='lat' dir='ltr'><strong>ejus</strong></span> <span class='ocrx_word' id='word_1_284' title='bbox 1809 2439 1981 2492; x_wconf 91' lang='lat' dir='ltr'><strong>locum</strong></span> 
     </span>
    </p>
   </div>
   <div class='ocr_carea' id='block_1_38' title="bbox 398 2531 1984 2601">
    <p class='ocr_par' dir='ltr' id='par_1_38' title="bbox 398 2531 1984 2601">
     <span class='ocr_line' id='line_1_38' title="bbox 398 2531 1984 2601; baseline 0.001 -17"><span class='ocrx_word' id='word_1_285' title='bbox 398 2531 690 2601; x_wconf 79' lang='lat' dir='ltr'><strong>Origenes,</strong></span> <span class='ocrx_word' id='word_1_286' title='bbox 722 2541 778 2584; x_wconf 87' lang='grc' dir='ltr'><strong>ιιι</strong></span> <span class='ocrx_word' id='word_1_287' title='bbox 807 2533 1030 2600; x_wconf 89' lang='lat' dir='ltr'><strong>proinde</strong></span> <span class='ocrx_word' id='word_1_288' title='bbox 1062 2547 1165 2586; x_wconf 89' lang='lat' dir='ltr'><strong>ttOu</strong></span> <span class='ocrx_word' id='word_1_289' title='bbox 1199 2541 1407 2584; x_wconf 88' lang='lat' dir='ltr'><strong>constet</strong></span> <span class='ocrx_word' id='word_1_290' title='bbox 1437 2531 1668 2585; x_wconf 91' lang='lat' dir='ltr'><strong>fueritne</strong></span> <span class='ocrx_word' id='word_1_291' title='bbox 1708 2532 1984 2601; x_wconf 80' lang='lat' dir='ltr'><strong>presbyter</strong></span> 
     </span>
    </p>
   </div>
   <div class='ocr_carea' id='block_1_39' title="bbox 395 2623 1984 2695">
    <p class='ocr_par' dir='ltr' id='par_1_39' title="bbox 395 2623 1984 2695">
     <span class='ocr_line' id='line_1_39' title="bbox 395 2623 1984 2695; baseline 0 -17"><span class='ocrx_word' id='word_1_292' title='bbox 395 2639 515 2678; x_wconf 91' lang='lat' dir='ltr'><strong>cum</strong></span> <span class='ocrx_word' id='word_1_293' title='bbox 546 2639 767 2678; x_wconf 90' lang='lat' dir='ltr'><strong>munere</strong></span> <span class='ocrx_word' id='word_1_294' title='bbox 800 2623 891 2677; x_wconf 94' lang='lat' dir='ltr'><strong>illo</strong></span> <span class='ocrx_word' id='word_1_295' title='bbox 922 2624 1035 2693; x_wconf 90' lang='lat' dir='ltr'><strong>ipse</strong></span> <span class='ocrx_word' id='word_1_296' title='bbox 1063 2623 1392 2695; x_wconf 89' lang='lat' dir='ltr'><strong>fungeretur.</strong></span> <span class='ocrx_word' id='word_1_297' title='bbox 1423 2623 1536 2678; x_wconf 86' lang='lat' dir='ltr'><strong>Non</strong></span> <span class='ocrx_word' id='word_1_298' title='bbox 1565 2624 1742 2679; x_wconf 84' lang='lat' dir='ltr'><strong>famen</strong></span> <span class='ocrx_word' id='word_1_299' title='bbox 1767 2624 1984 2695; x_wconf 83' lang='lat' dir='ltr'><strong>presby-</strong></span> 
     </span>
    </p>
   </div>
   <div class='ocr_carea' id='block_1_40' title="bbox 399 2714 1980 2785">
    <p class='ocr_par' dir='ltr' id='par_1_40' title="bbox 399 2714 1980 2785">
     <span class='ocr_line' id='line_1_40' title="bbox 399 2714 1980 2785; baseline 0.001 -15"><span class='ocrx_word' id='word_1_300' title='bbox 399 2715 586 2770; x_wconf 90' lang='lat' dir='ltr'><strong>teratui</strong></span> <span class='ocrx_word' id='word_1_301' title='bbox 612 2715 661 2768; x_wconf 92' lang='lat' dir='ltr'><strong>id</strong></span> <span class='ocrx_word' id='word_1_302' title='bbox 695 2714 856 2770; x_wconf 90' lang='lat' dir='ltr'><strong>fuisse</strong></span> <span class='ocrx_word' id='word_1_303' title='bbox 886 2733 1077 2771; x_wconf 91' lang='lat' dir='ltr'><strong>munus</strong></span> <span class='ocrx_word' id='word_1_304' title='bbox 1112 2717 1712 2772; x_wconf 79' lang='lat' dir='ltr'><strong>necessarioannexum</strong></span> <span class='ocrx_word' id='word_1_305' title='bbox 1750 2727 1980 2785; x_wconf 87' lang='lat' dir='ltr'><strong>constat,</strong></span> 
     </span>
    </p>
   </div>
   <div class='ocr_carea' id='block_1_41' title="bbox 399 2807 1979 2881">
    <p class='ocr_par' dir='ltr' id='par_1_41' title="bbox 399 2807 1979 2881">
     <span class='ocr_line' id='line_1_41' title="bbox 399 2807 1979 2881; baseline 0.003 -19"><span class='ocrx_word' id='word_1_306' title='bbox 399 2808 540 2879; x_wconf 88' lang='lat' dir='ltr'><strong>quod</strong></span> <span class='ocrx_word' id='word_1_307' title='bbox 567 2814 631 2863; x_wconf 89' lang='lat' dir='ltr'><strong>ad</strong></span> <span class='ocrx_word' id='word_1_308' title='bbox 665 2807 792 2863; x_wconf 91' lang='lat' dir='ltr'><strong>illud</strong></span> <span class='ocrx_word' id='word_1_309' title='bbox 843 2816 1061 2864; x_wconf 85' lang='lat' dir='ltr'><strong>evectus</strong></span> <span class='ocrx_word' id='word_1_310' title='bbox 1108 2809 1269 2864; x_wconf 91' lang='lat' dir='ltr'><strong>fuerit</strong></span> <span class='ocrx_word' id='word_1_311' title='bbox 1298 2825 1329 2864; x_wconf 90' lang='lat' dir='ltr'><strong>a</strong></span> <span class='ocrx_word' id='word_1_312' title='bbox 1374 2810 1642 2865; x_wconf 89' lang='lat' dir='ltr'><strong>Demetrio</strong></span> <span class='ocrx_word' id='word_1_313' title='bbox 1701 2810 1979 2881; x_wconf 88' lang='lat' dir='ltr'><strong>Origenes,</strong></span> 
     </span>
    </p>
   </div>
   <div class='ocr_carea' id='block_1_42' title="bbox 397 2899 1981 2974">
    <p class='ocr_par' dir='ltr' id='par_1_42' title="bbox 397 2899 1981 2974">
     <span class='ocr_line' id='line_1_42' title="bbox 397 2899 1981 2974; baseline 0.002 -18"><span class='ocrx_word' id='word_1_314' title='bbox 397 2912 643 2956; x_wconf 84' lang='lat' dir='ltr'><strong>octavum</strong></span> <span class='ocrx_word' id='word_1_315' title='bbox 697 2899 962 2956; x_wconf 88' lang='lat' dir='ltr'><strong>decimum</strong></span> <span class='ocrx_word' id='word_1_316' title='bbox 1019 2903 1277 2958; x_wconf 80' lang='lat' dir='ltr'><strong>duntaxat</strong></span> <span class='ocrx_word' id='word_1_317' title='bbox 1325 2904 1497 2958; x_wconf 83' lang='lat' dir='ltr'><strong>:etalis</strong></span> <span class='ocrx_word' id='word_1_318' title='bbox 1545 2921 1741 2958; x_wconf 91' lang='lat' dir='ltr'><strong>annum</strong></span> <span class='ocrx_word' id='word_1_319' title='bbox 1798 2919 1981 2974; x_wconf 78' lang='lat' dir='ltr'><strong>agens,</strong></span> 
     </span>
    </p>
   </div>
   <div class='ocr_carea' id='block_1_43' title="bbox 399 2997 1979 3068">
    <p class='ocr_par' dir='ltr' id='par_1_43' title="bbox 399 2997 1979 3068">
     <span class='ocr_line' id='line_1_43' title="bbox 399 2997 1979 3068; baseline 0.002 -18"><span class='ocrx_word' id='word_1_320' title='bbox 399 3011 503 3066; x_wconf 86' lang='lat' dir='ltr'><strong>quo</strong></span> <span class='ocrx_word' id='word_1_321' title='bbox 523 3004 763 3065; x_wconf 92' lang='lat' dir='ltr'><strong>tempore</strong></span> <span class='ocrx_word' id='word_1_322' title='bbox 787 3013 890 3051; x_wconf 91' lang='lat' dir='ltr'><strong>uon</strong></span> <span class='ocrx_word' id='word_1_323' title='bbox 914 3008 1122 3051; x_wconf 87' lang='lat' dir='ltr'><strong>constat</strong></span> <span class='ocrx_word' id='word_1_324' title='bbox 1146 2997 1226 3052; x_wconf 90' lang='lat' dir='ltr'><strong>vel</strong></span> <span class='ocrx_word' id='word_1_325' title='bbox 1248 2997 1590 3053; x_wconf 90' lang='lat' dir='ltr'><strong>inferioribus</strong></span> <span class='ocrx_word' id='word_1_326' title='bbox 1615 2999 1826 3068; x_wconf 84' lang='lat' dir='ltr'><strong>quidem</strong></span> <span class='ocrx_word' id='word_1_327' title='bbox 1853 2999 1979 3066; x_wconf 82' lang='lat' dir='ltr'><strong>illis,</strong></span> 
     </span>
    </p>
   </div>
   <div class='ocr_carea' id='block_1_44' title="bbox 400 3091 1979 3161">
    <p class='ocr_par' dir='ltr' id='par_1_44' title="bbox 400 3091 1979 3161">
     <span class='ocr_line' id='line_1_44' title="bbox 400 3091 1979 3161; baseline 0.003 -17"><span class='ocrx_word' id='word_1_328' title='bbox 400 3107 535 3161; x_wconf 90' lang='lat' dir='ltr'><strong>quos</strong></span> <span class='ocrx_word' id='word_1_329' title='bbox 577 3106 673 3159; x_wconf 92' lang='lat' dir='ltr'><strong>pro</strong></span> <span class='ocrx_word' id='word_1_330' title='bbox 703 3093 869 3146; x_wconf 84' lang='lat' dir='ltr'><strong>sacris</strong></span> <span class='ocrx_word' id='word_1_331' title='bbox 903 3091 1117 3155; x_wconf 88' lang='lat' dir='ltr'><strong>habent,</strong></span> <span class='ocrx_word' id='word_1_332' title='bbox 1167 3091 1438 3147; x_wconf 89' lang='lat' dir='ltr'><strong>ordinibus</strong></span> <span class='ocrx_word' id='word_1_333' title='bbox 1485 3091 1647 3148; x_wconf 91' lang='lat' dir='ltr'><strong>fuisse</strong></span> <span class='ocrx_word' id='word_1_334' title='bbox 1696 3094 1979 3148; x_wconf 86' lang='lat' dir='ltr'><strong>initiatum.</strong></span> 
     </span>
    </p>
   </div>
   <div class='ocr_carea' id='block_1_45' title="bbox 401 3184 1981 3256">
    <p class='ocr_par' dir='ltr' id='par_1_45' title="bbox 401 3184 1981 3256">
     <span class='ocr_line' id='line_1_45' title="bbox 401 3184 1981 3256; baseline 0.001 -17"><span class='ocrx_word' id='word_1_335' title='bbox 401 3184 833 3256; x_wconf 83' lang='lat' dir='ltr'><strong>l’rcsbyteralum</strong></span> <span class='ocrx_word' id='word_1_336' title='bbox 864 3193 1068 3240; x_wconf 83' lang='lat' dir='ltr'><strong>certum</strong></span> <span class='ocrx_word' id='word_1_337' title='bbox 1106 3193 1208 3250; x_wconf 90' lang='lat' dir='ltr'><strong>est,</strong></span> <span class='ocrx_word' id='word_1_338' title='bbox 1243 3202 1346 3238; x_wconf 93' lang='lat' dir='ltr'><strong>non</strong></span> <span class='ocrx_word' id='word_1_339' title='bbox 1375 3195 1501 3240; x_wconf 91' lang='lat' dir='ltr'><strong>ante</strong></span> <span class='ocrx_word' id='word_1_340' title='bbox 1553 3187 1651 3241; x_wconf 90' lang='lat' dir='ltr'><strong>iter</strong></span> <span class='ocrx_word' id='word_1_341' title='bbox 1694 3186 1981 3242; x_wconf 83' lang='lat' dir='ltr'><strong>Achaicum</strong></span> 
     </span>
    </p>
   </div>
   <div class='ocr_carea' id='block_1_46' title="bbox 2087 1975 3684 2053">
    <p class='ocr_par' dir='ltr' id='par_1_46' title="bbox 2087 1975 3684 2053">
     <span class='ocr_line' id='line_1_46' title="bbox 2087 1975 3684 2053; baseline 0.007 -23"><span class='ocrx_word' id='word_1_342' title='bbox 2087 1975 2238 2044; x_wconf 91' lang='lat' dir='ltr'><strong>dicit,</strong></span> <span class='ocrx_word' id='word_1_343' title='bbox 2266 1979 2508 2049; x_wconf 89' lang='lat' dir='ltr'><strong>interque</strong></span> <span class='ocrx_word' id='word_1_344' title='bbox 2524 1994 2618 2035; x_wconf 90' lang='lat' dir='ltr'><strong>eos</strong></span> <span class='ocrx_word' id='word_1_345' title='bbox 2642 1992 2888 2036; x_wconf 89' lang='lat' dir='ltr'><strong>numerat</strong></span> <span class='ocrx_word' id='word_1_346' title='bbox 2909 1982 2997 2052; x_wconf 91' lang='lat' dir='ltr'><strong>qui</strong></span> <span class='ocrx_word' id='word_1_347' title='bbox 3022 1981 3087 2038; x_wconf 89' lang='lat' dir='ltr'><strong>ad</strong></span> <span class='ocrx_word' id='word_1_348' title='bbox 3109 1982 3312 2038; x_wconf 90' lang='lat' dir='ltr'><strong>clermn</strong></span> <span class='ocrx_word' id='word_1_349' title='bbox 3336 1982 3684 2053; x_wconf 84' lang='lat' dir='ltr'><strong>parabantur.</strong></span> 
     </span>
    </p>
   </div>
   <div class='ocr_carea' id='block_1_47' title="bbox 2087 2070 3682 2144">
    <p class='ocr_par' dir='ltr' id='par_1_47' title="bbox 2087 2070 3682 2144">
     <span class='ocr_line' id='line_1_47' title="bbox 2087 2070 3682 2144; baseline 0.004 -20"><span class='ocrx_word' id='word_1_350' title='bbox 2087 2070 2156 2124; x_wconf 88' lang='lat' dir='ltr'><strong>Et</strong></span> <span class='ocrx_word' id='word_1_351' title='bbox 2187 2072 2236 2125; x_wconf 93' lang='lat' dir='ltr'><strong>in</strong></span> <span class='ocrx_word' id='word_1_352' title='bbox 2269 2072 2510 2142; x_wconf 89' lang='lat' dir='ltr'><strong>epistolis</strong></span> <span class='ocrx_word' id='word_1_353' title='bbox 2548 2074 2664 2144; x_wconf 88' lang='lat' dir='ltr'><strong>ejus</strong></span> <span class='ocrx_word' id='word_1_354' title='bbox 2693 2074 2775 2130; x_wconf 85' lang='lat' dir='ltr'><strong>vel</strong></span> <span class='ocrx_word' id='word_1_355' title='bbox 2802 2074 2930 2129; x_wconf 91' lang='lat' dir='ltr'><strong>eleri</strong></span> <span class='ocrx_word' id='word_1_356' title='bbox 2956 2075 3195 2136; x_wconf 78' lang='lat' dir='ltr'><strong>nomine.</strong></span> <span class='ocrx_word' id='word_1_357' title='bbox 3224 2075 3309 2131; x_wconf 86' lang='lat' dir='ltr'><strong>vel</strong></span> <span class='ocrx_word' id='word_1_358' title='bbox 3357 2075 3421 2130; x_wconf 91' lang='lat' dir='ltr'><strong>ad</strong></span> <span class='ocrx_word' id='word_1_359' title='bbox 3453 2075 3682 2143; x_wconf 88' lang='lat' dir='ltr'><strong>clerum,</strong></span> 
     </span>
    </p>
   </div>
   <div class='ocr_carea' id='block_1_48' title="bbox 2087 2165 3686 2242">
    <p class='ocr_par' dir='ltr' id='par_1_48' title="bbox 2087 2165 3686 2242">
     <span class='ocr_line' id='line_1_48' title="bbox 2087 2165 3686 2242; baseline 0.004 -22"><span class='ocrx_word' id='word_1_360' title='bbox 2087 2165 2245 2232; x_wconf 88' lang='lat' dir='ltr'><strong>datis,</strong></span> <span class='ocrx_word' id='word_1_361' title='bbox 2273 2183 2531 2237; x_wconf 90' lang='lat' dir='ltr'><strong>nusquam</strong></span> <span class='ocrx_word' id='word_1_362' title='bbox 2563 2171 2798 2225; x_wconf 89' lang='lat' dir='ltr'><strong>occurrit</strong></span> <span class='ocrx_word' id='word_1_363' title='bbox 2823 2169 3050 2225; x_wconf 91' lang='lat' dir='ltr'><strong>aliorum</strong></span> <span class='ocrx_word' id='word_1_364' title='bbox 3083 2171 3286 2225; x_wconf 89' lang='lat' dir='ltr'><strong>mentio</strong></span> <span class='ocrx_word' id='word_1_365' title='bbox 3322 2180 3686 2242; x_wconf 71' lang='lat' dir='ltr'><strong>praeterquam</strong></span> 
     </span>
    </p>
   </div>
   <div class='ocr_carea' id='block_1_49' title="bbox 2090 2259 3687 2331">
    <p class='ocr_par' dir='ltr' id='par_1_49' title="bbox 2090 2259 3687 2331">
     <span class='ocr_line' id='line_1_49' title="bbox 2090 2259 3687 2331; baseline 0.004 -19"><span class='ocrx_word' id='word_1_366' title='bbox 2090 2259 2526 2330; x_wconf 87' lang='lat' dir='ltr'><strong>presbyterorum</strong></span> <span class='ocrx_word' id='word_1_367' title='bbox 2576 2269 2737 2331; x_wconf 91' lang='lat' dir='ltr'><strong>atque</strong></span> <span class='ocrx_word' id='word_1_368' title='bbox 2768 2262 3136 2316; x_wconf 90' lang='lat' dir='ltr'><strong>diaconorum.</strong></span> <span class='ocrx_word' id='word_1_369' title='bbox 3191 2262 3321 2329; x_wconf 88' lang='lat' dir='ltr'><strong>Quis</strong></span> <span class='ocrx_word' id='word_1_370' title='bbox 3367 2277 3472 2317; x_wconf 90' lang='lat' dir='ltr'><strong>non</strong></span> <span class='ocrx_word' id='word_1_371' title='bbox 3535 2263 3687 2318; x_wconf 81' lang='lat' dir='ltr'><strong>videt</strong></span> 
     </span>
    </p>
   </div>
   <div class='ocr_carea' id='block_1_50' title="bbox 2086 2355 3688 2424">
    <p class='ocr_par' dir='ltr' id='par_1_50' title="bbox 2086 2355 3688 2424">
     <span class='ocr_line' id='line_1_50' title="bbox 2086 2355 3688 2424; baseline 0.004 -18"><span class='ocrx_word' id='word_1_372' title='bbox 2086 2368 2244 2424; x_wconf 90' lang='lat' dir='ltr'><strong>quam</strong></span> <span class='ocrx_word' id='word_1_373' title='bbox 2274 2355 2403 2409; x_wconf 89' lang='lat' dir='ltr'><strong>eleri</strong></span> <span class='ocrx_word' id='word_1_374' title='bbox 2439 2356 2654 2411; x_wconf 89' lang='lat' dir='ltr'><strong>nomine</strong></span> <span class='ocrx_word' id='word_1_375' title='bbox 2695 2371 2837 2413; x_wconf 92' lang='lat' dir='ltr'><strong>nunc</strong></span> <span class='ocrx_word' id='word_1_376' title='bbox 2889 2357 3062 2412; x_wconf 78' lang='lat' dir='ltr'><strong>laxius</strong></span> <span class='ocrx_word' id='word_1_377' title='bbox 3087 2367 3288 2419; x_wconf 89' lang='lat' dir='ltr'><strong>utatur,</strong></span> <span class='ocrx_word' id='word_1_378' title='bbox 3334 2372 3476 2412; x_wconf 90' lang='lat' dir='ltr'><strong>nunc</strong></span> <span class='ocrx_word' id='word_1_379' title='bbox 3523 2357 3688 2411; x_wconf 82' lang='lat' dir='ltr'><strong>stric-</strong></span> 
     </span>
    </p>
   </div>
   <div class='ocr_carea' id='block_1_51' title="bbox 2089 2450 3686 2525">
    <p class='ocr_par' dir='ltr' id='par_1_51' title="bbox 2089 2450 3686 2525">
     <span class='ocr_line' id='line_1_51' title="bbox 2089 2450 3686 2525; baseline 0.002 -23"><span class='ocrx_word' id='word_1_380' title='bbox 2089 2453 2211 2513; x_wconf 89' lang='lat' dir='ltr'><strong>tius,</strong></span> <span class='ocrx_word' id='word_1_381' title='bbox 2243 2465 2336 2518; x_wconf 91' lang='lat' dir='ltr'><strong>pro</strong></span> <span class='ocrx_word' id='word_1_382' title='bbox 2361 2465 2507 2504; x_wconf 91' lang='lat' dir='ltr'><strong>more</strong></span> <span class='ocrx_word' id='word_1_383' title='bbox 2526 2451 2732 2514; x_wconf 71' lang='lat' dir='ltr'><strong>swculi,</strong></span> <span class='ocrx_word' id='word_1_384' title='bbox 2761 2452 2924 2525; x_wconf 89' lang='lat' dir='ltr'><strong>utqui</strong></span> <span class='ocrx_word' id='word_1_385' title='bbox 2958 2467 3062 2504; x_wconf 90' lang='lat' dir='ltr'><strong>uno</strong></span> <span class='ocrx_word' id='word_1_386' title='bbox 3092 2467 3254 2506; x_wconf 89' lang='lat' dir='ltr'><strong>sensu</strong></span> <span class='ocrx_word' id='word_1_387' title='bbox 3283 2451 3469 2506; x_wconf 90' lang='lat' dir='ltr'><strong>clerici</strong></span> <span class='ocrx_word' id='word_1_388' title='bbox 3498 2450 3686 2520; x_wconf 88' lang='lat' dir='ltr'><strong>appel-</strong></span> 
     </span>
    </p>
   </div>
   <div class='ocr_carea' id='block_1_52' title="bbox 2087 2539 3682 2610">
    <p class='ocr_par' dir='ltr' id='par_1_52' title="bbox 2087 2539 3682 2610">
     <span class='ocr_line' id='line_1_52' title="bbox 2087 2539 3682 2610; baseline 0.003 -18"><span class='ocrx_word' id='word_1_389' title='bbox 2087 2539 2284 2606; x_wconf 86' lang='lat' dir='ltr'><strong>lantur,</strong></span> <span class='ocrx_word' id='word_1_390' title='bbox 2307 2542 2433 2606; x_wconf 87' lang='lat' dir='ltr'><strong>sint,</strong></span> <span class='ocrx_word' id='word_1_391' title='bbox 2465 2541 2529 2595; x_wconf 88' lang='lat' dir='ltr'><strong>ad</strong></span> <span class='ocrx_word' id='word_1_392' title='bbox 2549 2542 2680 2597; x_wconf 91' lang='lat' dir='ltr'><strong>alios</strong></span> <span class='ocrx_word' id='word_1_393' title='bbox 2703 2542 2746 2597; x_wconf 91' lang='lat' dir='ltr'><strong>si</strong></span> <span class='ocrx_word' id='word_1_394' title='bbox 2776 2543 3141 2610; x_wconf 83' lang='lat' dir='ltr'><strong>conferantur,</strong></span> <span class='ocrx_word' id='word_1_395' title='bbox 3164 2544 3312 2599; x_wconf 90' lang='lat' dir='ltr'><strong>laicis</strong></span> <span class='ocrx_word' id='word_1_396' title='bbox 3329 2543 3682 2599; x_wconf 88' lang='lat' dir='ltr'><strong>accenseudi?</strong></span> 
     </span>
    </p>
   </div>
   <div class='ocr_carea' id='block_1_53' title="bbox 2086 2632 3682 2692">
    <p class='ocr_par' dir='ltr' id='par_1_53' title="bbox 2086 2632 3682 2692">
     <span class='ocr_line' id='line_1_53' title="bbox 2086 2632 3682 2692; baseline 0.004 -6"><span class='ocrx_word' id='word_1_397' title='bbox 2086 2632 2230 2687; x_wconf 86' lang='lat' dir='ltr'><strong>Idem</strong></span> <span class='ocrx_word' id='word_1_398' title='bbox 2253 2632 2319 2688; x_wconf 91' lang='lat' dir='ltr'><strong>de</strong></span> <span class='ocrx_word' id='word_1_399' title='bbox 2350 2635 2740 2688; x_wconf 89' lang='lat' dir='ltr'><strong>recentioribus</strong></span> <span class='ocrx_word' id='word_1_400' title='bbox 2788 2635 3040 2690; x_wconf 86' lang='lat' dir='ltr'><strong>Ecclesiae</strong></span> <span class='ocrx_word' id='word_1_401' title='bbox 3063 2637 3358 2691; x_wconf 89' lang='lat' dir='ltr'><strong>cauonlbus</strong></span> <span class='ocrx_word' id='word_1_402' title='bbox 3384 2636 3682 2692; x_wconf 84' lang='lat' dir='ltr'><strong>observare</strong></span> 
     </span>
    </p>
   </div>
   <div class='ocr_carea' id='block_1_54' title="bbox 2087 2727 3684 2800">
    <p class='ocr_par' dir='ltr' id='par_1_54' title="bbox 2087 2727 3684 2800">
     <span class='ocr_line' id='line_1_54' title="bbox 2087 2727 3684 2800; baseline 0.001 -18"><span class='ocrx_word' id='word_1_403' title='bbox 2087 2738 2413 2796; x_wconf 87' lang='lat' dir='ltr'><strong>poteramus.</strong></span> <span class='ocrx_word' id='word_1_404' title='bbox 2461 2728 2568 2783; x_wconf 91' lang='lat' dir='ltr'><strong>Sed</strong></span> <span class='ocrx_word' id='word_1_405' title='bbox 2625 2743 2722 2784; x_wconf 93' lang='lat' dir='ltr'><strong>nos</strong></span> <span class='ocrx_word' id='word_1_406' title='bbox 2770 2727 2838 2784; x_wconf 86' lang='lat' dir='ltr'><strong>de</strong></span> <span class='ocrx_word' id='word_1_407' title='bbox 2877 2730 3132 2800; x_wconf 79' lang='lat' dir='ltr'><strong>Cypriani</strong></span> <span class='ocrx_word' id='word_1_408' title='bbox 3183 2729 3536 2798; x_wconf 87' lang='lat' dir='ltr'><strong>temporibus,</strong></span> <span class='ocrx_word' id='word_1_409' title='bbox 3586 2738 3684 2784; x_wconf 89' lang='lat' dir='ltr'><strong>aut</strong></span> 
     </span>
    </p>
   </div>
   <div class='ocr_carea' id='block_1_55' title="bbox 2087 2818 3674 2892">
    <p class='ocr_par' dir='ltr' id='par_1_55' title="bbox 2087 2818 3674 2892">
     <span class='ocr_line' id='line_1_55' title="bbox 2087 2818 3674 2892; baseline 0.001 -19"><span class='ocrx_word' id='word_1_410' title='bbox 2087 2818 2249 2874; x_wconf 89' lang='lat' dir='ltr'><strong>etiam</strong></span> <span class='ocrx_word' id='word_1_411' title='bbox 2296 2819 2703 2890; x_wconf 89' lang='lat' dir='ltr'><strong>antiquioribus,</strong></span> <span class='ocrx_word' id='word_1_412' title='bbox 2760 2821 3239 2890; x_wconf 65' lang='lat' dir='ltr'><strong>impraesentiarum</strong></span> <span class='ocrx_word' id='word_1_413' title='bbox 3271 2836 3431 2892; x_wconf 90' lang='lat' dir='ltr'><strong>agere</strong></span> <span class='ocrx_word' id='word_1_414' title='bbox 3462 2821 3674 2876; x_wconf 83' lang='lat' dir='ltr'><strong>consti-</strong></span> 
     </span>
    </p>
   </div>
   <div class='ocr_carea' id='block_1_56' title="bbox 2085 2920 2306 2966">
    <p class='ocr_par' dir='ltr' id='par_1_56' title="bbox 2085 2920 2306 2966">
     <span class='ocr_line' id='line_1_56' title="bbox 2085 2920 2306 2966; baseline 0 0"><span class='ocrx_word' id='word_1_415' title='bbox 2085 2920 2306 2966; x_wconf 86' lang='lat' dir='ltr'><strong>tuuntts.</strong></span> 
     </span>
    </p>
   </div>
   <div class='ocr_carea' id='block_1_57' title="bbox 2162 3003 3683 3080">
    <p class='ocr_par' dir='ltr' id='par_1_57' title="bbox 2162 3003 3683 3080">
     <span class='ocr_line' id='line_1_57' title="bbox 2162 3003 3683 3080; baseline 0.004 -21"><span class='ocrx_word' id='word_1_416' title='bbox 2162 3003 2188 3076; x_wconf 85' lang='lat'>§</span> <span class='ocrx_word' id='word_1_417' title='bbox 2233 3006 2318 3060; x_wconf 77' lang='lat' dir='ltr'><strong>l3.</strong></span> <span class='ocrx_word' id='word_1_418' title='bbox 2347 3037 2417 3047; x_wconf 90' lang='lat'><strong><em>—</em></strong></span> <span class='ocrx_word' id='word_1_419' title='bbox 2446 3006 2540 3062; x_wconf 92' lang='lat' dir='ltr'><strong>Est</strong></span> <span class='ocrx_word' id='word_1_420' title='bbox 2565 3008 2725 3063; x_wconf 91' lang='lat' dir='ltr'><strong>etiam</strong></span> <span class='ocrx_word' id='word_1_421' title='bbox 2759 3006 3129 3063; x_wconf 89' lang='lat' dir='ltr'><strong>observatione</strong></span> <span class='ocrx_word' id='word_1_422' title='bbox 3160 3007 3353 3080; x_wconf 89' lang='lat' dir='ltr'><strong>dignus</strong></span> <span class='ocrx_word' id='word_1_423' title='bbox 3382 3024 3497 3063; x_wconf 88' lang='lat' dir='ltr'><strong>mos</strong></span> <span class='ocrx_word' id='word_1_424' title='bbox 3532 3009 3683 3064; x_wconf 92' lang='lat' dir='ltr'><strong>illius</strong></span> 
     </span>
    </p>
   </div>
   <div class='ocr_carea' id='block_1_58' title="bbox 2093 3099 3684 3168">
    <p class='ocr_par' dir='ltr' id='par_1_58' title="bbox 2093 3099 3684 3168">
     <span class='ocr_line' id='line_1_58' title="bbox 2093 3099 3684 3168; baseline 0.003 -18"><span class='ocrx_word' id='word_1_425' title='bbox 2093 3099 2274 3151; x_wconf 65' lang='lat' dir='ltr'><strong>sreculi</strong></span> <span class='ocrx_word' id='word_1_426' title='bbox 2324 3099 2374 3151; x_wconf 94' lang='lat' dir='ltr'><strong>in</strong></span> <span class='ocrx_word' id='word_1_427' title='bbox 2407 3099 2758 3168; x_wconf 88' lang='lat' dir='ltr'><strong>legationibus</strong></span> <span class='ocrx_word' id='word_1_428' title='bbox 2805 3100 3200 3155; x_wconf 75' lang='lat' dir='ltr'><strong>ecclesiasticis.</strong></span> <span class='ocrx_word' id='word_1_429' title='bbox 3236 3101 3402 3154; x_wconf 87' lang='lat' dir='ltr'><strong>Erant</strong></span> <span class='ocrx_word' id='word_1_430' title='bbox 3429 3101 3573 3155; x_wconf 92' lang='lat' dir='ltr'><strong>enim</strong></span> <span class='ocrx_word' id='word_1_431' title='bbox 3600 3101 3684 3155; x_wconf 87' lang='lat' dir='ltr'><strong>ui-</strong></span> 
     </span>
    </p>
   </div>
   <div class='ocr_carea' id='block_1_59' title="bbox 2087 3187 3682 3263">
    <p class='ocr_par' dir='ltr' id='par_1_59' title="bbox 2087 3187 3682 3263">
     <span class='ocr_line' id='line_1_59' title="bbox 2087 3187 3682 3263; baseline 0.004 -22"><span class='ocrx_word' id='word_1_432' title='bbox 2087 3187 2325 3257; x_wconf 85' lang='lat' dir='ltr'><strong>gnitatis,</strong></span> <span class='ocrx_word' id='word_1_433' title='bbox 2378 3200 2485 3243; x_wconf 92' lang='lat' dir='ltr'><strong>tum</strong></span> <span class='ocrx_word' id='word_1_434' title='bbox 2536 3206 2721 3245; x_wconf 91' lang='lat' dir='ltr'><strong>eorum</strong></span> <span class='ocrx_word' id='word_1_435' title='bbox 2769 3206 2797 3244; x_wconf 91' lang='lat' dir='ltr'><strong>a</strong></span> <span class='ocrx_word' id='word_1_436' title='bbox 2839 3193 3055 3260; x_wconf 90' lang='lat' dir='ltr'><strong>quibus,</strong></span> <span class='ocrx_word' id='word_1_437' title='bbox 3089 3203 3197 3245; x_wconf 90' lang='lat' dir='ltr'><strong>tum</strong></span> <span class='ocrx_word' id='word_1_438' title='bbox 3225 3191 3290 3246; x_wconf 90' lang='lat' dir='ltr'><strong>ad</strong></span> <span class='ocrx_word' id='word_1_439' title='bbox 3318 3207 3469 3263; x_wconf 88' lang='lat' dir='ltr'><strong>quos,</strong></span> <span class='ocrx_word' id='word_1_440' title='bbox 3505 3194 3682 3248; x_wconf 86' lang='lat' dir='ltr'><strong>mitte-</strong></span> 
     </span>
    </p>
   </div>
   <div class='ocr_carea' id='block_1_60' title="bbox 401 3278 3682 3356">
    <p class='ocr_par' dir='ltr' id='par_1_60' title="bbox 401 3278 3682 3356">
     <span class='ocr_line' id='line_1_60' title="bbox 401 3278 3682 3356; baseline 0.002 -23"><span class='ocrx_word' id='word_1_441' title='bbox 401 3278 500 3334; x_wconf 88' lang='lat' dir='ltr'><strong>sub</strong></span> <span class='ocrx_word' id='word_1_442' title='bbox 531 3279 833 3334; x_wconf 88' lang='lat' dir='ltr'><strong>Alexandro</strong></span> <span class='ocrx_word' id='word_1_443' title='bbox 863 3279 1085 3345; x_wconf 87' lang='lat' dir='ltr'><strong>Severo,</strong></span> <span class='ocrx_word' id='word_1_444' title='bbox 1119 3280 1186 3332; x_wconf 89' lang='lat' dir='ltr'><strong>ab</strong></span> <span class='ocrx_word' id='word_1_445' title='bbox 1222 3295 1286 3334; x_wconf 88' lang='lat' dir='ltr'><strong>eo</strong></span> <span class='ocrx_word' id='word_1_446' title='bbox 1335 3279 1498 3334; x_wconf 87' lang='lat' dir='ltr'><strong>fuisse</strong></span> <span class='ocrx_word' id='word_1_447' title='bbox 1527 3292 1856 3350; x_wconf 87' lang='lat' dir='ltr'><strong>susceptum.</strong></span> <span class='ocrx_word' id='word_1_448' title='bbox 1895 3281 1979 3336; x_wconf 87' lang='lat' dir='ltr'><strong>ld-</strong></span> <span class='ocrx_word' id='word_1_449' title='bbox 2015 3283 2058 3347; x_wconf 90' lang='lat' dir='ltr'><strong>C</strong></span> <span class='ocrx_word' id='word_1_450' title='bbox 2094 3293 2299 3343; x_wconf 90' lang='lat' dir='ltr'><strong>rentur.</strong></span> <span class='ocrx_word' id='word_1_451' title='bbox 2331 3282 2811 3339; x_wconf 89' lang='lat' dir='ltr'><strong>observantissimi.</strong></span> <span class='ocrx_word' id='word_1_452' title='bbox 2864 3284 2955 3339; x_wconf 91' lang='lat' dir='ltr'><strong>Pri</strong></span> <span class='ocrx_word' id='word_1_453' title='bbox 2981 3302 3042 3338; x_wconf 86' lang='lat' dir='ltr'><strong>na</strong></span> <span class='ocrx_word' id='word_1_454' title='bbox 3095 3285 3344 3356; x_wconf 82' lang='lat' dir='ltr'><strong>Cypriani</strong></span> <span class='ocrx_word' id='word_1_455' title='bbox 3383 3287 3578 3356; x_wconf 87' lang='lat' dir='ltr'><strong>legatio</strong></span> <span class='ocrx_word' id='word_1_456' title='bbox 3608 3287 3682 3342; x_wconf 82' lang='lat' dir='ltr'><strong>ad</strong></span> 
     </span>
    </p>
   </div>
   <div class='ocr_carea' id='block_1_61' title="bbox 402 3371 1990 3445">
    <p class='ocr_par' dir='ltr' id='par_1_61' title="bbox 402 3371 1990 3445">
     <span class='ocr_line' id='line_1_61' title="bbox 402 3371 1990 3445; baseline 0.001 -18"><span class='ocrx_word' id='word_1_457' title='bbox 402 3391 506 3445; x_wconf 88' lang='lat' dir='ltr'><strong>que</strong></span> <span class='ocrx_word' id='word_1_458' title='bbox 532 3389 598 3429; x_wconf 91' lang='lat' dir='ltr'><strong>eo</strong></span> <span class='ocrx_word' id='word_1_459' title='bbox 624 3371 849 3429; x_wconf 86' lang='lat' dir='ltr'><strong>fortasse</strong></span> <span class='ocrx_word' id='word_1_460' title='bbox 887 3373 1112 3428; x_wconf 91' lang='lat' dir='ltr'><strong>consilio</strong></span> <span class='ocrx_word' id='word_1_461' title='bbox 1143 3373 1444 3427; x_wconf 89' lang='lat' dir='ltr'><strong>institutum</strong></span> <span class='ocrx_word' id='word_1_462' title='bbox 1475 3384 1579 3438; x_wconf 79' lang='lat' dir='ltr'><strong>est,</strong></span> <span class='ocrx_word' id='word_1_463' title='bbox 1609 3375 1748 3444; x_wconf 89' lang='lat' dir='ltr'><strong>quod</strong></span> <span class='ocrx_word' id='word_1_464' title='bbox 1801 3375 1990 3429; x_wconf 87' lang='lat' dir='ltr'><strong>fideles</strong></span> 
     </span>
    </p>
   </div>
   <div class='ocr_carea' id='block_1_62' title="bbox 399 3466 1990 3538">
    <p class='ocr_par' dir='ltr' id='par_1_62' title="bbox 399 3466 1990 3538">
     <span class='ocr_line' id='line_1_62' title="bbox 399 3466 1990 3538; baseline 0.001 -15"><span class='ocrx_word' id='word_1_465' title='bbox 399 3470 644 3538; x_wconf 87' lang='lat' dir='ltr'><strong>cmnjam</strong></span> <span class='ocrx_word' id='word_1_466' title='bbox 666 3470 716 3522; x_wconf 92' lang='lat' dir='ltr'><strong>iu</strong></span> <span class='ocrx_word' id='word_1_467' title='bbox 745 3469 920 3522; x_wconf 85' lang='lat' dir='ltr'><strong>sinum</strong></span> <span class='ocrx_word' id='word_1_468' title='bbox 949 3467 1205 3522; x_wconf 82' lang='lat' dir='ltr'><strong>Ecclesiae</strong></span> <span class='ocrx_word' id='word_1_469' title='bbox 1231 3470 1463 3535; x_wconf 87' lang='lat' dir='ltr'><strong>suscepti</strong></span> <span class='ocrx_word' id='word_1_470' title='bbox 1497 3466 1990 3538; x_wconf 79' lang='lat' dir='ltr'><strong>fuissent,&#39;proinde</strong></span> 
     </span>
    </p>
   </div>
   <div class='ocr_carea' id='block_1_63' title="bbox 402 3559 1988 3630">
    <p class='ocr_par' dir='ltr' id='par_1_63' title="bbox 402 3559 1988 3630">
     <span class='ocr_line' id='line_1_63' title="bbox 402 3559 1988 3630; baseline -0.001 -14"><span class='ocrx_word' id='word_1_471' title='bbox 402 3559 697 3625; x_wconf 89' lang='lat' dir='ltr'><strong>doctorem,</strong></span> <span class='ocrx_word' id='word_1_472' title='bbox 750 3561 947 3616; x_wconf 87' lang='lat' dir='ltr'><strong>habere</strong></span> <span class='ocrx_word' id='word_1_473' title='bbox 995 3559 1296 3621; x_wconf 86' lang='lat' dir='ltr'><strong>debuerint,</strong></span> <span class='ocrx_word' id='word_1_474' title='bbox 1352 3560 1443 3630; x_wconf 90' lang='lat' dir='ltr'><strong>qui</strong></span> <span class='ocrx_word' id='word_1_475' title='bbox 1492 3560 1578 3614; x_wconf 91' lang='lat' dir='ltr'><strong>vel</strong></span> <span class='ocrx_word' id='word_1_476' title='bbox 1635 3562 1685 3615; x_wconf 92' lang='lat' dir='ltr'><strong>in</strong></span> <span class='ocrx_word' id='word_1_477' title='bbox 1732 3561 1988 3616; x_wconf 75' lang='lat' dir='ltr'><strong>Ecclesia:</strong></span> 
     </span>
    </p>
   </div>
   <div class='ocr_carea' id='block_1_64' title="bbox 403 3653 1985 3711">
    <p class='ocr_par' dir='ltr' id='par_1_64' title="bbox 403 3653 1985 3711">
     <span class='ocr_line' id='line_1_64' title="bbox 403 3653 1985 3711; baseline 0.001 -3"><span class='ocrx_word' id='word_1_478' title='bbox 403 3656 754 3710; x_wconf 66' lang='lat' dir='ltr'><strong>aestimatione</strong></span> <span class='ocrx_word' id='word_1_479' title='bbox 807 3665 950 3710; x_wconf 85' lang='lat' dir='ltr'><strong>esset</strong></span> <span class='ocrx_word' id='word_1_480' title='bbox 995 3653 1268 3709; x_wconf 88' lang='lat' dir='ltr'><strong>sacerdos.</strong></span> <span class='ocrx_word' id='word_1_481' title='bbox 1327 3653 1406 3708; x_wconf 85' lang='lat' dir='ltr'><strong>Ad</strong></span> <span class='ocrx_word' id='word_1_482' title='bbox 1470 3655 1775 3710; x_wconf 86' lang='lat' dir='ltr'><strong>sacerdotes</strong></span> <span class='ocrx_word' id='word_1_483' title='bbox 1846 3657 1985 3711; x_wconf 91' lang='lat' dir='ltr'><strong>enim</strong></span> 
     </span>
    </p>
   </div>
   <div class='ocr_carea' id='block_1_65' title="bbox 405 3747 1985 3818">
    <p class='ocr_par' dir='ltr' id='par_1_65' title="bbox 405 3747 1985 3818">
     <span class='ocr_line' id='line_1_65' title="bbox 405 3747 1985 3818; baseline 0.003 -20"><span class='ocrx_word' id='word_1_484' title='bbox 405 3747 728 3818; x_wconf 86' lang='lat' dir='ltr'><strong>pertinuisse</strong></span> <span class='ocrx_word' id='word_1_485' title='bbox 776 3747 923 3801; x_wconf 90' lang='lat' dir='ltr'><strong>illam</strong></span> <span class='ocrx_word' id='word_1_486' title='bbox 967 3747 1206 3802; x_wconf 79' lang='lat' dir='ltr'><strong>scientia:</strong></span> <span class='ocrx_word' id='word_1_487' title='bbox 1253 3747 1500 3816; x_wconf 85' lang='lat' dir='ltr'><strong>gratiam,</strong></span> <span class='ocrx_word' id='word_1_488' title='bbox 1540 3763 1641 3818; x_wconf 90' lang='lat' dir='ltr'><strong>qua</strong></span> <span class='ocrx_word' id='word_1_489' title='bbox 1684 3749 1985 3804; x_wconf 90' lang='lat' dir='ltr'><strong>donandum</strong></span> 
     </span>
    </p>
   </div>
   <div class='ocr_carea' id='block_1_66' title="bbox 408 3840 1988 3913">
    <p class='ocr_par' dir='ltr' id='par_1_66' title="bbox 408 3840 1988 3913">
     <span class='ocr_line' id='line_1_66' title="bbox 408 3840 1988 3913; baseline 0.003 -19"><span class='ocrx_word' id='word_1_490' title='bbox 408 3840 774 3894; x_wconf 87' lang='lat' dir='ltr'><strong>&#39;fcrtullianus</strong></span> <span class='ocrx_word' id='word_1_491' title='bbox 801 3840 937 3894; x_wconf 87' lang='lat' dir='ltr'><strong>dixit</strong></span> <span class='ocrx_word' id='word_1_492' title='bbox 962 3855 1082 3894; x_wconf 83' lang='lat' dir='ltr'><strong>esse</strong></span> <span class='ocrx_word' id='word_1_493' title='bbox 1123 3841 1424 3905; x_wconf 89' lang='lat' dir='ltr'><strong>doctorem,</strong></span> <span class='ocrx_word' id='word_1_494' title='bbox 1455 3857 1485 3896; x_wconf 91' lang='lat' dir='ltr'><strong>e</strong></span> <span class='ocrx_word' id='word_1_495' title='bbox 1529 3843 1724 3897; x_wconf 85' lang='lat' dir='ltr'><strong>veteris</strong></span> <span class='ocrx_word' id='word_1_496' title='bbox 1778 3859 1988 3913; x_wconf 85' lang='lat' dir='ltr'><strong>quoque</strong></span> 
     </span>
    </p>
   </div>
   <div class='ocr_carea' id='block_1_67' title="bbox 405 3931 1987 4002">
    <p class='ocr_par' dir='ltr' id='par_1_67' title="bbox 405 3931 1987 4002">
     <span class='ocr_line' id='line_1_67' title="bbox 405 3931 1987 4002; baseline 0.001 -16"><span class='ocrx_word' id='word_1_497' title='bbox 405 3932 538 4001; x_wconf 85' lang='lat' dir='ltr'><strong>legis</strong></span> <span class='ocrx_word' id='word_1_498' title='bbox 565 3932 896 4002; x_wconf 76' lang='lat' dir='ltr'><strong>przescriptio</strong></span> <span class='ocrx_word' id='word_1_499' title='bbox 921 3940 1176 3995; x_wconf 71' lang='lat' dir='ltr'><strong>constat,</strong></span> <span class='ocrx_word' id='word_1_500' title='bbox 1210 3931 1355 3996; x_wconf 84' lang='lat' dir='ltr'><strong>Mal.,</strong></span> <span class='ocrx_word' id='word_1_501' title='bbox 1390 3948 1444 3995; x_wconf 85' lang='grc' dir='ltr'>ιι,</span> <span class='ocrx_word' id='word_1_502' title='bbox 1478 3934 1530 3986; x_wconf 92' lang='grc'><strong>7.</strong></span> <span class='ocrx_word' id='word_1_503' title='bbox 1563 3934 1654 3987; x_wconf 87' lang='lat' dir='ltr'><strong>llla</strong></span> <span class='ocrx_word' id='word_1_504' title='bbox 1688 3934 1829 3988; x_wconf 91' lang='lat' dir='ltr'><strong>enim</strong></span> <span class='ocrx_word' id='word_1_505' title='bbox 1878 3934 1987 4002; x_wconf 88' lang='lat' dir='ltr'><strong>ipsa</strong></span> 
     </span>
    </p>
   </div>
   <div class='ocr_carea' id='block_1_68' title="bbox 407 4023 1991 4091">
    <p class='ocr_par' dir='ltr' id='par_1_68' title="bbox 407 4023 1991 4091">
     <span class='ocr_line' id='line_1_68' title="bbox 407 4023 1991 4091; baseline 0.001 -13"><span class='ocrx_word' id='word_1_506' title='bbox 407 4024 650 4078; x_wconf 70' lang='lat' dir='ltr'><strong>scientire</strong></span> <span class='ocrx_word' id='word_1_507' title='bbox 675 4039 806 4078; x_wconf 89' lang='lat' dir='ltr'><strong>voce</strong></span> <span class='ocrx_word' id='word_1_508' title='bbox 835 4038 962 4078; x_wconf 92' lang='lat' dir='ltr'><strong>usus</strong></span> <span class='ocrx_word' id='word_1_509' title='bbox 982 4033 1065 4078; x_wconf 90' lang='lat' dir='ltr'><strong>est</strong></span> <span class='ocrx_word' id='word_1_510' title='bbox 1087 4024 1138 4077; x_wconf 92' lang='lat' dir='ltr'><strong>in</strong></span> <span class='ocrx_word' id='word_1_511' title='bbox 1168 4038 1233 4077; x_wconf 92' lang='lat' dir='ltr'><strong>eo</strong></span> <span class='ocrx_word' id='word_1_512' title='bbox 1256 4023 1393 4091; x_wconf 92' lang='lat' dir='ltr'><strong>loco,</strong></span> <span class='ocrx_word' id='word_1_513' title='bbox 1423 4038 1526 4078; x_wconf 91' lang='lat' dir='ltr'><strong>non</strong></span> <span class='ocrx_word' id='word_1_514' title='bbox 1548 4025 1712 4078; x_wconf 80' lang='lat' dir='ltr'><strong>modo</strong></span> <span class='ocrx_word' id='word_1_515' title='bbox 1732 4037 1881 4080; x_wconf 88' lang='lat' dir='ltr'><strong>vetus</strong></span> <span class='ocrx_word' id='word_1_516' title='bbox 1912 4027 1991 4080; x_wconf 89' lang='lat' dir='ltr'><strong>in-</strong></span> 
     </span>
    </p>
   </div>
   <div class='ocr_carea' id='block_1_69' title="bbox 408 4117 1990 4190">
    <p class='ocr_par' dir='ltr' id='par_1_69' title="bbox 408 4117 1990 4190">
     <span class='ocr_line' id='line_1_69' title="bbox 408 4117 1990 4190; baseline 0.001 -19"><span class='ocrx_word' id='word_1_517' title='bbox 408 4127 616 4187; x_wconf 89' lang='lat' dir='ltr'><strong>terpres</strong></span> <span class='ocrx_word' id='word_1_518' title='bbox 644 4117 957 4182; x_wconf 91' lang='lat' dir='ltr'><strong>hodiernus,</strong></span> <span class='ocrx_word' id='word_1_519' title='bbox 985 4117 1077 4172; x_wconf 88' lang='lat' dir='ltr'><strong>sed</strong></span> <span class='ocrx_word' id='word_1_520' title='bbox 1110 4118 1222 4187; x_wconf 89' lang='lat' dir='ltr'><strong>ipse</strong></span> <span class='ocrx_word' id='word_1_521' title='bbox 1249 4133 1458 4186; x_wconf 89' lang='lat' dir='ltr'><strong>quoque</strong></span> <span class='ocrx_word' id='word_1_522' title='bbox 1485 4118 1796 4190; x_wconf 84' lang='lat' dir='ltr'><strong>Cyprianus.</strong></span> <span class='ocrx_word' id='word_1_523' title='bbox 1832 4119 1990 4179; x_wconf 74' lang='lat' dir='ltr'><strong>Cate-</strong></span> 
     </span>
    </p>
   </div>
   <div class='ocr_carea' id='block_1_70' title="bbox 405 4209 1989 4280">
    <p class='ocr_par' dir='ltr' id='par_1_70' title="bbox 405 4209 1989 4280">
     <span class='ocr_line' id='line_1_70' title="bbox 405 4209 1989 4280; baseline 0.002 -14"><span class='ocrx_word' id='word_1_524' title='bbox 405 4211 687 4266; x_wconf 83' lang='lat' dir='ltr'><strong>chumenis</strong></span> <span class='ocrx_word' id='word_1_525' title='bbox 717 4226 844 4265; x_wconf 90' lang='lat' dir='ltr'><strong>vero</strong></span> <span class='ocrx_word' id='word_1_526' title='bbox 886 4209 1216 4274; x_wconf 90' lang='lat' dir='ltr'><strong>erudiendis,</strong></span> <span class='ocrx_word' id='word_1_527' title='bbox 1263 4213 1350 4280; x_wconf 90' lang='lat' dir='ltr'><strong>qui</strong></span> <span class='ocrx_word' id='word_1_528' title='bbox 1382 4221 1530 4266; x_wconf 89' lang='lat' dir='ltr'><strong>extra</strong></span> <span class='ocrx_word' id='word_1_529' title='bbox 1581 4212 1868 4267; x_wconf 90' lang='lat' dir='ltr'><strong>Ecclesiam</strong></span> <span class='ocrx_word' id='word_1_530' title='bbox 1902 4215 1989 4269; x_wconf 90' lang='lat' dir='ltr'><strong>siti</strong></span> 
     </span>
    </p>
   </div>
   <div class='ocr_carea' id='block_1_71' title="bbox 408 4303 1992 4372">
    <p class='ocr_par' dir='ltr' id='par_1_71' title="bbox 408 4303 1992 4372">
     <span class='ocr_line' id='line_1_71' title="bbox 408 4303 1992 4372; baseline 0 -11"><span class='ocrx_word' id='word_1_531' title='bbox 408 4313 610 4371; x_wconf 88' lang='lat' dir='ltr'><strong>essent,</strong></span> <span class='ocrx_word' id='word_1_532' title='bbox 635 4304 761 4358; x_wconf 90' lang='lat' dir='ltr'><strong>satis</strong></span> <span class='ocrx_word' id='word_1_533' title='bbox 792 4312 908 4358; x_wconf 87' lang='lat' dir='ltr'><strong>erat</strong></span> <span class='ocrx_word' id='word_1_534' title='bbox 955 4303 1033 4357; x_wconf 82' lang='lat' dir='ltr'><strong>vel</strong></span> <span class='ocrx_word' id='word_1_535' title='bbox 1086 4303 1271 4366; x_wconf 90' lang='lat' dir='ltr'><strong>laicus,</strong></span> <span class='ocrx_word' id='word_1_536' title='bbox 1319 4319 1475 4372; x_wconf 90' lang='lat' dir='ltr'><strong>quem</strong></span> <span class='ocrx_word' id='word_1_537' title='bbox 1522 4313 1718 4367; x_wconf 91' lang='lat' dir='ltr'><strong>tamen,</strong></span> <span class='ocrx_word' id='word_1_538' title='bbox 1775 4305 1992 4361; x_wconf 80' lang='lat' dir='ltr'><strong>honoris</strong></span> 
     </span>
    </p>
   </div>
   <div class='ocr_carea' id='block_1_72' title="bbox 410 4395 1986 4464">
    <p class='ocr_par' dir='ltr' id='par_1_72' title="bbox 410 4395 1986 4464">
     <span class='ocr_line' id='line_1_72' title="bbox 410 4395 1986 4464; baseline -0.002 -11"><span class='ocrx_word' id='word_1_539' title='bbox 410 4413 591 4462; x_wconf 90' lang='lat' dir='ltr'><strong>causa,</strong></span> <span class='ocrx_word' id='word_1_540' title='bbox 622 4397 767 4451; x_wconf 91' lang='lat' dir='ltr'><strong>clero</strong></span> <span class='ocrx_word' id='word_1_541' title='bbox 799 4396 1098 4464; x_wconf 89' lang='lat' dir='ltr'><strong>proximum</strong></span> <span class='ocrx_word' id='word_1_542' title='bbox 1150 4395 1443 4464; x_wconf 87' lang='lat' dir='ltr'><strong>eligebant.</strong></span> <span class='ocrx_word' id='word_1_543' title='bbox 1500 4395 1800 4452; x_wconf 70' lang='lat' dir='ltr'><strong>Praesertim</strong></span> <span class='ocrx_word' id='word_1_544' title='bbox 1847 4413 1986 4463; x_wconf 80' lang='lat' dir='ltr'><strong>cum,</strong></span> 
     </span>
    </p>
   </div>
   <div class='ocr_carea' id='block_1_73' title="bbox 409 4486 1989 4560">
    <p class='ocr_par' dir='ltr' id='par_1_73' title="bbox 409 4486 1989 4560">
     <span class='ocr_line' id='line_1_73' title="bbox 409 4486 1989 4560; baseline -0.002 -13"><span class='ocrx_word' id='word_1_545' title='bbox 409 4507 476 4547; x_wconf 81' lang='lat' dir='ltr'><strong>ex</strong></span> <span class='ocrx_word' id='word_1_546' title='bbox 503 4491 567 4544; x_wconf 88' lang='lat' dir='ltr'><strong>iis</strong></span> <span class='ocrx_word' id='word_1_547' title='bbox 587 4505 705 4560; x_wconf 76' lang='lat' dir='ltr'><strong>qua:</strong></span> <span class='ocrx_word' id='word_1_548' title='bbox 728 4488 794 4542; x_wconf 92' lang='lat' dir='ltr'><strong>de</strong></span> <span class='ocrx_word' id='word_1_549' title='bbox 812 4503 1000 4543; x_wconf 91' lang='lat' dir='ltr'><strong>eorum</strong></span> <span class='ocrx_word' id='word_1_550' title='bbox 1031 4486 1294 4541; x_wconf 89' lang='lat' dir='ltr'><strong>sententia</strong></span> <span class='ocrx_word' id='word_1_551' title='bbox 1322 4487 1567 4557; x_wconf 87' lang='lat' dir='ltr'><strong>superius</strong></span> <span class='ocrx_word' id='word_1_552' title='bbox 1583 4487 1989 4558; x_wconf 87' lang='lat' dir='ltr'><strong>disputavimus,</strong></span> 
     </span>
    </p>
   </div>
   <div class='ocr_carea' id='block_1_74' title="bbox 409 4581 1989 4654">
    <p class='ocr_par' dir='ltr' id='par_1_74' title="bbox 409 4581 1989 4654">
     <span class='ocr_line' id='line_1_74' title="bbox 409 4581 1989 4654; baseline -0.004 -11"><span class='ocrx_word' id='word_1_553' title='bbox 409 4595 617 4643; x_wconf 90' lang='lat' dir='ltr'><strong>constet</strong></span> <span class='ocrx_word' id='word_1_554' title='bbox 645 4585 727 4639; x_wconf 88' lang='lat' dir='ltr'><strong>vel</strong></span> <span class='ocrx_word' id='word_1_555' title='bbox 763 4584 948 4654; x_wconf 85' lang='lat' dir='ltr'><strong>vulgus</strong></span> <span class='ocrx_word' id='word_1_556' title='bbox 977 4581 1390 4636; x_wconf 90' lang='lat' dir='ltr'><strong>christianorum</strong></span> <span class='ocrx_word' id='word_1_557' title='bbox 1439 4583 1506 4635; x_wconf 89' lang='lat' dir='ltr'><strong>ita</strong></span> <span class='ocrx_word' id='word_1_558' title='bbox 1554 4583 1824 4637; x_wconf 79' lang='lat' dir='ltr'><strong>extraneis</strong></span> <span class='ocrx_word' id='word_1_559' title='bbox 1870 4583 1989 4651; x_wconf 84' lang='lat' dir='ltr'><strong>qui-</strong></span> 
     </span>
    </p>
   </div>
   <div class='ocr_carea' id='block_1_75' title="bbox 2093 3373 3678 3447">
    <p class='ocr_par' dir='ltr' id='par_1_75' title="bbox 2093 3373 3678 3447">
     <span class='ocr_line' id='line_1_75' title="bbox 2093 3373 3678 3447; baseline 0.003 -19"><span class='ocrx_word' id='word_1_560' title='bbox 2093 3373 2363 3428; x_wconf 83' lang='lat' dir='ltr'><strong>Romanos</strong></span> <span class='ocrx_word' id='word_1_561' title='bbox 2394 3390 2488 3444; x_wconf 88' lang='lat' dir='ltr'><strong>per</strong></span> <span class='ocrx_word' id='word_1_562' title='bbox 2513 3374 2867 3431; x_wconf 89' lang='lat' dir='ltr'><strong>Clementium</strong></span> <span class='ocrx_word' id='word_1_563' title='bbox 2897 3375 3325 3447; x_wconf 89' lang='lat' dir='ltr'><strong>hypodiaconum</strong></span> <span class='ocrx_word' id='word_1_564' title='bbox 3354 3379 3514 3432; x_wconf 84' lang='lat' dir='ltr'><strong>missa</strong></span> <span class='ocrx_word' id='word_1_565' title='bbox 3551 3389 3637 3433; x_wconf 89' lang='lat' dir='ltr'><strong>est</strong></span> <span class='ocrx_word' id='word_1_566' title='bbox 3662 3397 3678 3447; x_wconf 91' lang='lat'><strong>;</strong></span> 
     </span>
    </p>
   </div>
   <div class='ocr_carea' id='block_1_76' title="bbox 2093 3467 3687 3538">
    <p class='ocr_par' dir='ltr' id='par_1_76' title="bbox 2093 3467 3687 3538">
     <span class='ocr_line' id='line_1_76' title="bbox 2093 3467 3687 3538; baseline 0.005 -19"><span class='ocrx_word' id='word_1_567' title='bbox 2093 3467 2247 3535; x_wconf 90' lang='lat' dir='ltr'><strong>cujus</strong></span> <span class='ocrx_word' id='word_1_568' title='bbox 2278 3467 2608 3522; x_wconf 89' lang='lat' dir='ltr'><strong>mentionem</strong></span> <span class='ocrx_word' id='word_1_569' title='bbox 2659 3467 2916 3522; x_wconf 90' lang='lat' dir='ltr'><strong>habemus</strong></span> <span class='ocrx_word' id='word_1_570' title='bbox 2945 3469 3042 3538; x_wconf 87' lang='lat' dir='ltr'><strong>Ep.</strong></span> <span class='ocrx_word' id='word_1_571' title='bbox 3079 3485 3156 3533; x_wconf 85' lang='lat' dir='ltr'><strong>ut,</strong></span> <span class='ocrx_word' id='word_1_572' title='bbox 3188 3484 3259 3534; x_wconf 86' lang='lat' dir='ltr'><strong>tv,</strong></span> <span class='ocrx_word' id='word_1_573' title='bbox 3293 3485 3379 3523; x_wconf 89' lang='lat' dir='ltr'><strong>xv.</strong></span> <span class='ocrx_word' id='word_1_574' title='bbox 3436 3470 3687 3527; x_wconf 86' lang='lat' dir='ltr'><strong>Secunda</strong></span> 
     </span>
    </p>
   </div>
   <div class='ocr_carea' id='block_1_77' title="bbox 2097 3557 3684 3629">
    <p class='ocr_par' dir='ltr' id='par_1_77' title="bbox 2097 3557 3684 3629">
     <span class='ocr_line' id='line_1_77' title="bbox 2097 3557 3684 3629; baseline 0.004 -18"><span class='ocrx_word' id='word_1_575' title='bbox 2097 3557 2210 3612; x_wconf 62' lang='lat' dir='ltr'><strong>haec</strong></span> <span class='ocrx_word' id='word_1_576' title='bbox 2255 3566 2337 3612; x_wconf 89' lang='lat' dir='ltr'><strong>est</strong></span> <span class='ocrx_word' id='word_1_577' title='bbox 2365 3558 2431 3612; x_wconf 88' lang='lat' dir='ltr'><strong>ad</strong></span> <span class='ocrx_word' id='word_1_578' title='bbox 2461 3558 2663 3614; x_wconf 90' lang='lat' dir='ltr'><strong>clerum</strong></span> <span class='ocrx_word' id='word_1_579' title='bbox 2693 3574 2972 3612; x_wconf 89' lang='lat' dir='ltr'><strong>romanum</strong></span> <span class='ocrx_word' id='word_1_580' title='bbox 3007 3574 3103 3629; x_wconf 90' lang='lat' dir='ltr'><strong>per</strong></span> <span class='ocrx_word' id='word_1_581' title='bbox 3133 3561 3384 3623; x_wconf 81' lang='lat' dir='ltr'><strong>Saturum</strong></span> <span class='ocrx_word' id='word_1_582' title='bbox 3418 3571 3684 3617; x_wconf 76' lang='lat' dir='ltr'><strong>rectorem</strong></span> 
     </span>
    </p>
   </div>
   <div class='ocr_carea' id='block_1_78' title="bbox 2093 3649 3690 3722">
    <p class='ocr_par' dir='ltr' id='par_1_78' title="bbox 2093 3649 3690 3722">
     <span class='ocr_line' id='line_1_78' title="bbox 2093 3649 3690 3722; baseline 0.002 -17"><span class='ocrx_word' id='word_1_583' title='bbox 2093 3649 2446 3719; x_wconf 90' lang='lat' dir='ltr'><strong>Optatumque</strong></span> <span class='ocrx_word' id='word_1_584' title='bbox 2474 3649 2920 3721; x_wconf 87' lang='lat' dir='ltr'><strong>hypodiaconum.</strong></span> <span class='ocrx_word' id='word_1_585' title='bbox 2958 3651 3194 3706; x_wconf 83' lang='lat' dir='ltr'><strong>Meminit</strong></span> <span class='ocrx_word' id='word_1_586' title='bbox 3225 3655 3323 3706; x_wconf 85' lang='lat' dir='ltr'><strong>hac</strong></span> <span class='ocrx_word' id='word_1_587' title='bbox 3352 3651 3464 3722; x_wconf 84' lang='lat' dir='ltr'><strong>ipsa</strong></span> <span class='ocrx_word' id='word_1_588' title='bbox 3497 3653 3593 3722; x_wconf 86' lang='lat' dir='ltr'><strong>Ep.</strong></span> <span class='ocrx_word' id='word_1_589' title='bbox 3629 3663 3690 3708; x_wconf 90' lang='lat' dir='ltr'><strong>et</strong></span> 
     </span>
    </p>
   </div>
   <div class='ocr_carea' id='block_1_79' title="bbox 2090 3743 3686 3815">
    <p class='ocr_par' dir='ltr' id='par_1_79' title="bbox 2090 3743 3686 3815">
     <span class='ocr_line' id='line_1_79' title="bbox 2090 3743 3686 3815; baseline 0.002 -18"><span class='ocrx_word' id='word_1_590' title='bbox 2090 3759 2237 3809; x_wconf 78' lang='lat' dir='ltr'><strong>xxix,</strong></span> <span class='ocrx_word' id='word_1_591' title='bbox 2266 3760 2432 3797; x_wconf 83' lang='lat' dir='ltr'><strong>xxxu.</strong></span> <span class='ocrx_word' id='word_1_592' title='bbox 2468 3743 2667 3808; x_wconf 89' lang='lat' dir='ltr'><strong>Tertia,</strong></span> <span class='ocrx_word' id='word_1_593' title='bbox 2695 3745 2760 3798; x_wconf 90' lang='lat' dir='ltr'><strong>ad</strong></span> <span class='ocrx_word' id='word_1_594' title='bbox 2789 3745 3035 3800; x_wconf 89' lang='lat' dir='ltr'><strong>eumdem</strong></span> <span class='ocrx_word' id='word_1_595' title='bbox 3064 3746 3264 3800; x_wconf 90' lang='lat' dir='ltr'><strong>clerum</strong></span> <span class='ocrx_word' id='word_1_596' title='bbox 3297 3761 3392 3815; x_wconf 90' lang='lat' dir='ltr'><strong>per</strong></span> <span class='ocrx_word' id='word_1_597' title='bbox 3413 3745 3686 3800; x_wconf 78' lang='lat' dir='ltr'><strong>Fortuna-</strong></span> 
     </span>
    </p>
   </div>
   <div class='ocr_carea' id='block_1_80' title="bbox 2093 3836 3687 3907">
    <p class='ocr_par' dir='ltr' id='par_1_80' title="bbox 2093 3836 3687 3907">
     <span class='ocr_line' id='line_1_80' title="bbox 2093 3836 3687 3907; baseline 0.003 -17"><span class='ocrx_word' id='word_1_598' title='bbox 2093 3846 2202 3891; x_wconf 91' lang='lat' dir='ltr'><strong>tum</strong></span> <span class='ocrx_word' id='word_1_599' title='bbox 2234 3837 2660 3907; x_wconf 85' lang='lat' dir='ltr'><strong>hypodiaconum</strong></span> <span class='ocrx_word' id='word_1_600' title='bbox 2687 3878 2701 3899; x_wconf 91' lang='lat'><strong>,</strong></span> <span class='ocrx_word' id='word_1_601' title='bbox 2751 3837 2851 3907; x_wconf 90' lang='lat' dir='ltr'><strong>Ep.</strong></span> <span class='ocrx_word' id='word_1_602' title='bbox 2895 3853 3021 3892; x_wconf 85' lang='lat' dir='ltr'><strong>xxx.</strong></span> <span class='ocrx_word' id='word_1_603' title='bbox 3067 3837 3265 3904; x_wconf 83' lang='lat' dir='ltr'><strong>Quarta</strong></span> <span class='ocrx_word' id='word_1_604' title='bbox 3308 3836 3586 3892; x_wconf 86' lang='lat' dir='ltr'><strong>Novatiani</strong></span> <span class='ocrx_word' id='word_1_605' title='bbox 3612 3844 3687 3894; x_wconf 83' lang='lat' dir='ltr'><strong>ad</strong></span> 
     </span>
    </p>
   </div>
   <div class='ocr_carea' id='block_1_81' title="bbox 2092 3930 3685 4001">
    <p class='ocr_par' dir='ltr' id='par_1_81' title="bbox 2092 3930 3685 4001">
     <span class='ocr_line' id='line_1_81' title="bbox 2092 3930 3685 4001; baseline 0.002 -19"><span class='ocrx_word' id='word_1_606' title='bbox 2092 3930 2414 4000; x_wconf 88' lang='lat' dir='ltr'><strong>Cyprianum</strong></span> <span class='ocrx_word' id='word_1_607' title='bbox 2448 3931 2513 3984; x_wconf 90' lang='lat' dir='ltr'><strong>de</strong></span> <span class='ocrx_word' id='word_1_608' title='bbox 2539 3930 2878 3984; x_wconf 89' lang='lat' dir='ltr'><strong>ordinatione</strong></span> <span class='ocrx_word' id='word_1_609' title='bbox 2903 3945 2996 3985; x_wconf 92' lang='lat' dir='ltr'><strong>sua</strong></span> <span class='ocrx_word' id='word_1_610' title='bbox 3029 3945 3122 4000; x_wconf 89' lang='lat' dir='ltr'><strong>per</strong></span> <span class='ocrx_word' id='word_1_611' title='bbox 3141 3931 3425 3985; x_wconf 83' lang='lat' dir='ltr'><strong>Maximum</strong></span> <span class='ocrx_word' id='word_1_612' title='bbox 3458 3931 3685 4001; x_wconf 87' lang='lat' dir='ltr'><strong>presby-</strong></span> 
     </span>
    </p>
   </div>
   <div class='ocr_carea' id='block_1_82' title="bbox 2095 4021 3689 4092">
    <p class='ocr_par' dir='ltr' id='par_1_82' title="bbox 2095 4021 3689 4092">
     <span class='ocr_line' id='line_1_82' title="bbox 2095 4021 3689 4092; baseline 0.003 -18"><span class='ocrx_word' id='word_1_613' title='bbox 2095 4031 2300 4085; x_wconf 89' lang='lat' dir='ltr'><strong>terum,</strong></span> <span class='ocrx_word' id='word_1_614' title='bbox 2353 4030 2406 4076; x_wconf 79' lang='lat' dir='ltr'><strong>ot</strong></span> <span class='ocrx_word' id='word_1_615' title='bbox 2448 4021 2765 4092; x_wconf 71' lang='lat' dir='ltr'><strong>Augendum</strong></span> <span class='ocrx_word' id='word_1_616' title='bbox 2817 4021 3120 4086; x_wconf 90' lang='lat' dir='ltr'><strong>diaconum,</strong></span> <span class='ocrx_word' id='word_1_617' title='bbox 3177 4021 3469 4076; x_wconf 70' lang='lat' dir='ltr'><strong>Machznum</strong></span> <span class='ocrx_word' id='word_1_618' title='bbox 3519 4023 3689 4078; x_wconf 90' lang='lat' dir='ltr'><strong>etiam</strong></span> 
     </span>
    </p>
   </div>
   <div class='ocr_carea' id='block_1_83' title="bbox 2091 4113 3686 4184">
    <p class='ocr_par' dir='ltr' id='par_1_83' title="bbox 2091 4113 3686 4184">
     <span class='ocr_line' id='line_1_83' title="bbox 2091 4113 3686 4184; baseline 0.004 -19"><span class='ocrx_word' id='word_1_619' title='bbox 2091 4113 2372 4183; x_wconf 90' lang='lat' dir='ltr'><strong>quemdam</strong></span> <span class='ocrx_word' id='word_1_620' title='bbox 2405 4122 2562 4183; x_wconf 87' lang='lat' dir='ltr'><strong>atque</strong></span> <span class='ocrx_word' id='word_1_621' title='bbox 2585 4113 2901 4183; x_wconf 84' lang='lat' dir='ltr'><strong>Longinum,</strong></span> <span class='ocrx_word' id='word_1_622' title='bbox 2935 4115 3021 4183; x_wconf 92' lang='lat' dir='ltr'><strong>qui</strong></span> <span class='ocrx_word' id='word_1_623' title='bbox 3054 4113 3205 4184; x_wconf 89' lang='lat' dir='ltr'><strong>cujus</strong></span> <span class='ocrx_word' id='word_1_624' title='bbox 3230 4114 3432 4168; x_wconf 84' lang='lat' dir='ltr'><strong>ordinis</strong></span> <span class='ocrx_word' id='word_1_625' title='bbox 3464 4114 3686 4181; x_wconf 88' lang='lat' dir='ltr'><strong>fuerint,</strong></span> 
     </span>
    </p>
   </div>
   <div class='ocr_carea' id='block_1_84' title="bbox 2095 4207 3688 4279">
    <p class='ocr_par' dir='ltr' id='par_1_84' title="bbox 2095 4207 3688 4279">
     <span class='ocr_line' id='line_1_84' title="bbox 2095 4207 3688 4279; baseline 0.004 -19"><span class='ocrx_word' id='word_1_626' title='bbox 2095 4221 2200 4260; x_wconf 92' lang='lat' dir='ltr'><strong>non</strong></span> <span class='ocrx_word' id='word_1_627' title='bbox 2245 4215 2476 4272; x_wconf 86' lang='lat' dir='ltr'><strong>constat,</strong></span> <span class='ocrx_word' id='word_1_628' title='bbox 2526 4207 2624 4276; x_wconf 88' lang='lat' dir='ltr'><strong>Ep.</strong></span> <span class='ocrx_word' id='word_1_629' title='bbox 2655 4223 2761 4261; x_wconf 79' lang='lat' dir='ltr'><strong>xu.</strong></span> <span class='ocrx_word' id='word_1_630' title='bbox 2797 4208 2993 4274; x_wconf 78' lang='lat' dir='ltr'><strong>Quinta</strong></span> <span class='ocrx_word' id='word_1_631' title='bbox 3036 4207 3288 4279; x_wconf 88' lang='lat' dir='ltr'><strong>Cypriani</strong></span> <span class='ocrx_word' id='word_1_632' title='bbox 3321 4224 3442 4264; x_wconf 90' lang='lat' dir='ltr'><strong>cum</strong></span> <span class='ocrx_word' id='word_1_633' title='bbox 3473 4209 3688 4279; x_wconf 89' lang='lat' dir='ltr'><strong>synodo</strong></span> 
     </span>
    </p>
   </div>
   <div class='ocr_carea' id='block_1_85' title="bbox 2092 4301 3688 4374">
    <p class='ocr_par' dir='ltr' id='par_1_85' title="bbox 2092 4301 3688 4374">
     <span class='ocr_line' id='line_1_85' title="bbox 2092 4301 3688 4374; baseline 0.005 -20"><span class='ocrx_word' id='word_1_634' title='bbox 2092 4301 2158 4355; x_wconf 89' lang='lat' dir='ltr'><strong>ad</strong></span> <span class='ocrx_word' id='word_1_635' title='bbox 2177 4302 2555 4370; x_wconf 89' lang='lat' dir='ltr'><strong>explorandam</strong></span> <span class='ocrx_word' id='word_1_636' title='bbox 2578 4302 2815 4359; x_wconf 90' lang='lat' dir='ltr'><strong>Coruelii</strong></span> <span class='ocrx_word' id='word_1_637' title='bbox 2832 4303 3225 4368; x_wconf 79' lang='lat' dir='ltr'><strong>ordinationem</strong></span> <span class='ocrx_word' id='word_1_638' title='bbox 3251 4321 3344 4374; x_wconf 91' lang='lat' dir='ltr'><strong>per</strong></span> <span class='ocrx_word' id='word_1_639' title='bbox 3365 4303 3688 4362; x_wconf 89' lang='lat' dir='ltr'><strong>Caldouium</strong></span> 
     </span>
    </p>
   </div>
   <div class='ocr_carea' id='block_1_86' title="bbox 2095 4391 3689 4466">
    <p class='ocr_par' dir='ltr' id='par_1_86' title="bbox 2095 4391 3689 4466">
     <span class='ocr_line' id='line_1_86' title="bbox 2095 4391 3689 4466; baseline 0.004 -20"><span class='ocrx_word' id='word_1_640' title='bbox 2095 4391 2551 4464; x_wconf 78' lang='lat' dir='ltr'><strong>Fortunatumque</strong></span> <span class='ocrx_word' id='word_1_641' title='bbox 2581 4396 2882 4466; x_wconf 87' lang='lat' dir='ltr'><strong>episcopos,</strong></span> <span class='ocrx_word' id='word_1_642' title='bbox 2917 4396 3012 4465; x_wconf 90' lang='lat' dir='ltr'><strong>Ep.</strong></span> <span class='ocrx_word' id='word_1_643' title='bbox 3045 4411 3153 4460; x_wconf 82' lang='lat' dir='ltr'><strong>xu,</strong></span> <span class='ocrx_word' id='word_1_644' title='bbox 3204 4411 3332 4462; x_wconf 77' lang='lat' dir='ltr'><strong>xui,</strong></span> <span class='ocrx_word' id='word_1_645' title='bbox 3367 4413 3490 4451; x_wconf 71' lang='lat' dir='ltr'><strong>xcv.</strong></span> <span class='ocrx_word' id='word_1_646' title='bbox 3521 4395 3689 4453; x_wconf 69' lang='lat' dir='ltr'><strong>Sexta</strong></span> 
     </span>
    </p>
   </div>
   <div class='ocr_carea' id='block_1_87' title="bbox 2093 4485 3691 4560">
    <p class='ocr_par' dir='ltr' id='par_1_87' title="bbox 2093 4485 3691 4560">
     <span class='ocr_line' id='line_1_87' title="bbox 2093 4485 3691 4560; baseline 0.004 -19"><span class='ocrx_word' id='word_1_647' title='bbox 2093 4485 2346 4558; x_wconf 89' lang='lat' dir='ltr'><strong>Cypriani</strong></span> <span class='ocrx_word' id='word_1_648' title='bbox 2369 4489 2610 4558; x_wconf 77' lang='lat' dir='ltr'><strong>priVatim</strong></span> <span class='ocrx_word' id='word_1_649' title='bbox 2633 4489 2697 4544; x_wconf 89' lang='lat' dir='ltr'><strong>ad</strong></span> <span class='ocrx_word' id='word_1_650' title='bbox 2722 4489 3030 4545; x_wconf 88' lang='lat' dir='ltr'><strong>Cornelium</strong></span> <span class='ocrx_word' id='word_1_651' title='bbox 3057 4506 3151 4560; x_wconf 88' lang='lat' dir='ltr'><strong>per</strong></span> <span class='ocrx_word' id='word_1_652' title='bbox 3180 4489 3507 4546; x_wconf 89' lang='lat' dir='ltr'><strong>Primitivum</strong></span> <span class='ocrx_word' id='word_1_653' title='bbox 3533 4507 3691 4560; x_wconf 82' lang='lat' dir='ltr'><strong>pres-</strong></span> 
     </span>
    </p>
   </div>
   <div class='ocr_carea' id='block_1_88' title="bbox 2097 4580 3686 4653">
    <p class='ocr_par' dir='ltr' id='par_1_88' title="bbox 2097 4580 3686 4653">
     <span class='ocr_line' id='line_1_88' title="bbox 2097 4580 3686 4653; baseline 0.004 -19"><span class='ocrx_word' id='word_1_654' title='bbox 2097 4580 2363 4650; x_wconf 85' lang='lat' dir='ltr'><strong>byterum,</strong></span> <span class='ocrx_word' id='word_1_655' title='bbox 2413 4583 2511 4651; x_wconf 89' lang='lat' dir='ltr'><strong>Ep.</strong></span> <span class='ocrx_word' id='word_1_656' title='bbox 2566 4599 2674 4637; x_wconf 84' lang='lat' dir='ltr'><strong>xu.</strong></span> <span class='ocrx_word' id='word_1_657' title='bbox 2732 4584 2969 4652; x_wconf 90' lang='lat' dir='ltr'><strong>Septima</strong></span> <span class='ocrx_word' id='word_1_658' title='bbox 3017 4584 3268 4653; x_wconf 88' lang='lat' dir='ltr'><strong>Ejusdem</strong></span> <span class='ocrx_word' id='word_1_659' title='bbox 3312 4585 3377 4639; x_wconf 87' lang='lat' dir='ltr'><strong>ad</strong></span> <span class='ocrx_word' id='word_1_660' title='bbox 3430 4585 3686 4640; x_wconf 90' lang='lat' dir='ltr'><strong>eumdem</strong></span> 
     </span>
    </p>
   </div>
   <div class='ocr_carea' id='block_1_89' title="bbox 409 4674 3686 4749">
    <p class='ocr_par' dir='ltr' id='par_1_89' title="bbox 409 4674 3686 4749">
     <span class='ocr_line' id='line_1_89' title="bbox 409 4674 3686 4749; baseline -0.001 -15"><span class='ocrx_word' id='word_1_661' title='bbox 409 4679 592 4735; x_wconf 87' lang='lat' dir='ltr'><strong>busvis</strong></span> <span class='ocrx_word' id='word_1_662' title='bbox 620 4678 904 4733; x_wconf 85' lang='lat' dir='ltr'><strong>sanctitate</strong></span> <span class='ocrx_word' id='word_1_663' title='bbox 936 4675 1312 4745; x_wconf 67' lang='lat' dir='ltr'><strong>prtecelluisse,</strong></span> <span class='ocrx_word' id='word_1_664' title='bbox 1337 4683 1395 4728; x_wconf 91' lang='lat' dir='ltr'><strong>ut</strong></span> <span class='ocrx_word' id='word_1_665' title='bbox 1415 4685 1595 4729; x_wconf 89' lang='lat' dir='ltr'><strong>essent</strong></span> <span class='ocrx_word' id='word_1_666' title='bbox 1621 4675 1832 4740; x_wconf 88' lang='lat' dir='ltr'><strong>merito,</strong></span> <span class='ocrx_word' id='word_1_667' title='bbox 1854 4676 1894 4728; x_wconf 91' lang='lat' dir='ltr'><strong>si</strong></span> <span class='ocrx_word' id='word_1_668' title='bbox 1925 4674 1989 4729; x_wconf 89' lang='lat' dir='ltr'><strong>ad</strong></span> <span class='ocrx_word' id='word_1_669' title='bbox 2016 4679 2068 4741; x_wconf 87' lang='lat' dir='ltr'><strong>D</strong></span> <span class='ocrx_word' id='word_1_670' title='bbox 2095 4687 2190 4742; x_wconf 88' lang='lat' dir='ltr'><strong>per</strong></span> <span class='ocrx_word' id='word_1_671' title='bbox 2219 4674 2456 4728; x_wconf 89' lang='lat' dir='ltr'><strong>Mettium</strong></span> <span class='ocrx_word' id='word_1_672' title='bbox 2499 4675 2946 4746; x_wconf 84' lang='lat' dir='ltr'><strong>hypodiaconum,</strong></span> <span class='ocrx_word' id='word_1_673' title='bbox 3010 4687 3063 4730; x_wconf 90' lang='lat' dir='ltr'><strong>et</strong></span> <span class='ocrx_word' id='word_1_674' title='bbox 3112 4677 3467 4745; x_wconf 79' lang='lat' dir='ltr'><strong>Nicephorum</strong></span> <span class='ocrx_word' id='word_1_675' title='bbox 3499 4680 3686 4749; x_wconf 89' lang='lat' dir='ltr'><strong>acoly-</strong></span> 
     </span>
    </p>
   </div>
   <div class='ocr_carea' id='block_1_90' title="bbox 408 4768 1731 4839">
    <p class='ocr_par' dir='ltr' id='par_1_90' title="bbox 408 4768 1731 4839">
     <span class='ocr_line' id='line_1_90' title="bbox 408 4768 1731 4839; baseline -0.006 -10"><span class='ocrx_word' id='word_1_676' title='bbox 408 4774 526 4830; x_wconf 91' lang='lat' dir='ltr'><strong>illos</strong></span> <span class='ocrx_word' id='word_1_677' title='bbox 543 4770 938 4836; x_wconf 88' lang='lat' dir='ltr'><strong>conferrentur,</strong></span> <span class='ocrx_word' id='word_1_678' title='bbox 971 4784 1066 4839; x_wconf 91' lang='lat' dir='ltr'><strong>pro</strong></span> <span class='ocrx_word' id='word_1_679' title='bbox 1091 4768 1456 4824; x_wconf 85' lang='lat' dir='ltr'><strong>sacerdotibus</strong></span> <span class='ocrx_word' id='word_1_680' title='bbox 1483 4769 1731 4823; x_wconf 87' lang='lat' dir='ltr'><strong>habendi.</strong></span> 
     </span>
    </p>
   </div>
   <div class='ocr_carea' id='block_1_91' title="bbox 484 4861 1992 4937">
    <p class='ocr_par' dir='ltr' id='par_1_91' title="bbox 484 4861 1992 4937">
     <span class='ocr_line' id='line_1_91' title="bbox 484 4861 1992 4937; baseline -0.004 -16"><span class='ocrx_word' id='word_1_681' title='bbox 484 4866 511 4937; x_wconf 60' lang='grc' dir='ltr'>ᾗ</span> <span class='ocrx_word' id='word_1_682' title='bbox 543 4865 630 4921; x_wconf 76' lang='grc'><strong>12.</strong></span> <span class='ocrx_word' id='word_1_683' title='bbox 651 4896 722 4906; x_wconf 96' lang='lat'><strong>—</strong></span> <span class='ocrx_word' id='word_1_684' title='bbox 741 4863 1147 4920; x_wconf 88' lang='lat' dir='ltr'><strong>Observandum</strong></span> <span class='ocrx_word' id='word_1_685' title='bbox 1183 4863 1419 4931; x_wconf 89' lang='lat' dir='ltr'><strong>insuper,</strong></span> <span class='ocrx_word' id='word_1_686' title='bbox 1451 4878 1515 4916; x_wconf 90' lang='lat' dir='ltr'><strong>ex</strong></span> <span class='ocrx_word' id='word_1_687' title='bbox 1541 4861 1727 4917; x_wconf 92' lang='lat' dir='ltr'><strong>eodem</strong></span> <span class='ocrx_word' id='word_1_688' title='bbox 1757 4861 1856 4916; x_wconf 86' lang='lat' dir='ltr'><strong>hoc</strong></span> <span class='ocrx_word' id='word_1_689' title='bbox 1883 4861 1992 4932; x_wconf 82' lang='lat' dir='ltr'><strong>Cy-</strong></span> 
     </span>
    </p>
   </div>
   <div class='ocr_carea' id='block_1_92' title="bbox 410 4951 1994 5031">
    <p class='ocr_par' dir='ltr' id='par_1_92' title="bbox 410 4951 1994 5031">
     <span class='ocr_line' id='line_1_92' title="bbox 410 4951 1994 5031; baseline -0.004 -17"><span class='ocrx_word' id='word_1_690' title='bbox 410 4959 586 5031; x_wconf 87' lang='lat' dir='ltr'><strong>priani</strong></span> <span class='ocrx_word' id='word_1_691' title='bbox 611 4959 749 5022; x_wconf 86' lang='lat' dir='ltr'><strong>loco,</strong></span> <span class='ocrx_word' id='word_1_692' title='bbox 786 4957 1015 5012; x_wconf 92' lang='lat' dir='ltr'><strong>lectores</strong></span> <span class='ocrx_word' id='word_1_693' title='bbox 1041 4951 1199 5011; x_wconf 86' lang='lat' dir='ltr'><strong>etiam</strong></span> <span class='ocrx_word' id='word_1_694' title='bbox 1228 4965 1385 5024; x_wconf 86' lang='lat' dir='ltr'><strong>atque</strong></span> <span class='ocrx_word' id='word_1_695' title='bbox 1409 4955 1805 5025; x_wconf 90' lang='lat' dir='ltr'><strong>bypodiaconos</strong></span> <span class='ocrx_word' id='word_1_696' title='bbox 1832 4970 1994 5025; x_wconf 90' lang='lat' dir='ltr'><strong>gene-</strong></span> 
     </span>
    </p>
   </div>
   <div class='ocr_carea' id='block_1_93' title="bbox 409 5046 1992 5111">
    <p class='ocr_par' dir='ltr' id='par_1_93' title="bbox 409 5046 1992 5111">
     <span class='ocr_line' id='line_1_93' title="bbox 409 5046 1992 5111; baseline -0.003 -3"><span class='ocrx_word' id='word_1_697' title='bbox 409 5052 511 5108; x_wconf 90' lang='lat' dir='ltr'><strong>rali</strong></span> <span class='ocrx_word' id='word_1_698' title='bbox 535 5051 852 5106; x_wconf 90' lang='lat' dir='ltr'><strong>clericorum</strong></span> <span class='ocrx_word' id='word_1_699' title='bbox 901 5049 1052 5102; x_wconf 90' lang='lat' dir='ltr'><strong>titulo</strong></span> <span class='ocrx_word' id='word_1_700' title='bbox 1097 5047 1326 5103; x_wconf 89' lang='lat' dir='ltr'><strong>censeri.</strong></span> <span class='ocrx_word' id='word_1_701' title='bbox 1362 5046 1413 5101; x_wconf 94' lang='lat' dir='ltr'><strong>ld</strong></span> <span class='ocrx_word' id='word_1_702' title='bbox 1453 5062 1581 5102; x_wconf 90' lang='lat' dir='ltr'><strong>sane</strong></span> <span class='ocrx_word' id='word_1_703' title='bbox 1631 5049 1822 5111; x_wconf 87' lang='lat' dir='ltr'><strong>innuit,</strong></span> <span class='ocrx_word' id='word_1_704' title='bbox 1875 5063 1992 5103; x_wconf 89' lang='lat' dir='ltr'><strong>cum</strong></span> 
     </span>
    </p>
   </div>
   <div class='ocr_carea' id='block_1_94' title="bbox 410 5141 1996 5218">
    <p class='ocr_par' dir='ltr' id='par_1_94' title="bbox 410 5141 1996 5218">
     <span class='ocr_line' id='line_1_94' title="bbox 410 5141 1996 5218; baseline -0.003 -17"><span class='ocrx_word' id='word_1_705' title='bbox 410 5163 504 5218; x_wconf 88' lang='lat' dir='ltr'><strong>per</strong></span> <span class='ocrx_word' id='word_1_706' title='bbox 534 5146 761 5202; x_wconf 86' lang='lat' dir='ltr'><strong>clericos</strong></span> <span class='ocrx_word' id='word_1_707' title='bbox 809 5143 873 5200; x_wconf 88' lang='lat' dir='ltr'><strong>ad</strong></span> <span class='ocrx_word' id='word_1_708' title='bbox 915 5159 1191 5198; x_wconf 89' lang='lat' dir='ltr'><strong>romanmu</strong></span> <span class='ocrx_word' id='word_1_709' title='bbox 1232 5143 1434 5197; x_wconf 90' lang='lat' dir='ltr'><strong>clerum</strong></span> <span class='ocrx_word' id='word_1_710' title='bbox 1484 5141 1822 5196; x_wconf 89' lang='lat' dir='ltr'><strong>scribendum</strong></span> <span class='ocrx_word' id='word_1_711' title='bbox 1876 5157 1996 5197; x_wconf 89' lang='lat' dir='ltr'><strong>esse</strong></span> 
     </span>
    </p>
   </div>
   <div class='ocr_carea' id='block_1_95' title="bbox 409 5235 1994 5311">
    <p class='ocr_par' dir='ltr' id='par_1_95' title="bbox 409 5235 1994 5311">
     <span class='ocr_line' id='line_1_95' title="bbox 409 5235 1994 5311; baseline -0.005 -13"><span class='ocrx_word' id='word_1_712' title='bbox 409 5241 556 5307; x_wconf 88' lang='lat' dir='ltr'><strong>dicit,</strong></span> <span class='ocrx_word' id='word_1_713' title='bbox 587 5257 756 5311; x_wconf 90' lang='lat' dir='ltr'><strong>eaque</strong></span> <span class='ocrx_word' id='word_1_714' title='bbox 779 5241 889 5310; x_wconf 91' lang='lat' dir='ltr'><strong>ipsa</strong></span> <span class='ocrx_word' id='word_1_715' title='bbox 918 5239 986 5294; x_wconf 87' lang='lat' dir='ltr'><strong>de</strong></span> <span class='ocrx_word' id='word_1_716' title='bbox 1013 5253 1196 5302; x_wconf 89' lang='lat' dir='ltr'><strong>causa,</strong></span> <span class='ocrx_word' id='word_1_717' title='bbox 1233 5237 1484 5292; x_wconf 90' lang='lat' dir='ltr'><strong>lectorem</strong></span> <span class='ocrx_word' id='word_1_718' title='bbox 1513 5235 1680 5290; x_wconf 91' lang='lat' dir='ltr'><strong>fuisse</strong></span> <span class='ocrx_word' id='word_1_719' title='bbox 1716 5237 1994 5300; x_wconf 88' lang='lat' dir='ltr'><strong>Saturum,</strong></span> 
     </span>
    </p>
   </div>
   <div class='ocr_carea' id='block_1_96' title="bbox 412 5328 1994 5406">
    <p class='ocr_par' dir='ltr' id='par_1_96' title="bbox 412 5328 1994 5406">
     <span class='ocr_line' id='line_1_96' title="bbox 412 5328 1994 5406; baseline -0.005 -16"><span class='ocrx_word' id='word_1_720' title='bbox 412 5334 838 5406; x_wconf 85' lang='lat' dir='ltr'><strong>hypodiacouum</strong></span> <span class='ocrx_word' id='word_1_721' title='bbox 865 5347 992 5387; x_wconf 85' lang='lat' dir='ltr'><strong>vero</strong></span> <span class='ocrx_word' id='word_1_722' title='bbox 1019 5333 1271 5400; x_wconf 88' lang='lat' dir='ltr'><strong>Optatum</strong></span> <span class='ocrx_word' id='word_1_723' title='bbox 1301 5346 1329 5382; x_wconf 90' lang='lat' dir='ltr'><strong>a</strong></span> <span class='ocrx_word' id='word_1_724' title='bbox 1357 5343 1415 5384; x_wconf 87' lang='lat' dir='ltr'><strong>se</strong></span> <span class='ocrx_word' id='word_1_725' title='bbox 1429 5328 1795 5382; x_wconf 90' lang='lat' dir='ltr'><strong>constitutum.</strong></span> <span class='ocrx_word' id='word_1_726' title='bbox 1823 5328 1994 5384; x_wconf 90' lang='lat' dir='ltr'><strong>Simili</strong></span> 
     </span>
    </p>
   </div>
   <div class='ocr_carea' id='block_1_97' title="bbox 411 5423 1990 5499">
    <p class='ocr_par' dir='ltr' id='par_1_97' title="bbox 411 5423 1990 5499">
     <span class='ocr_line' id='line_1_97' title="bbox 411 5423 1990 5499; baseline -0.006 -13"><span class='ocrx_word' id='word_1_727' title='bbox 411 5429 659 5499; x_wconf 76' lang='lat' dir='ltr'><strong>exemplo</strong></span> <span class='ocrx_word' id='word_1_728' title='bbox 686 5427 990 5483; x_wconf 69' lang='lat' dir='ltr'><strong>Feliciams</strong></span> <span class='ocrx_word' id='word_1_729' title='bbox 1016 5427 1293 5498; x_wconf 80' lang='lat' dir='ltr'><strong>acolythus</strong></span> <span class='ocrx_word' id='word_1_730' title='bbox 1310 5424 1537 5479; x_wconf 92' lang='lat' dir='ltr'><strong>clericus</strong></span> <span class='ocrx_word' id='word_1_731' title='bbox 1563 5424 1757 5479; x_wconf 90' lang='lat' dir='ltr'><strong>dicitur</strong></span> <span class='ocrx_word' id='word_1_732' title='bbox 1777 5423 1871 5492; x_wconf 86' lang='lat' dir='ltr'><strong>Ep.</strong></span> <span class='ocrx_word' id='word_1_733' title='bbox 1904 5439 1990 5478; x_wconf 80' lang='grc' dir='ltr'><strong>ιν.</strong></span> 
     </span>
    </p>
   </div>
   <div class='ocr_carea' id='block_1_98' title="bbox 411 5517 1993 5592">
    <p class='ocr_par' dir='ltr' id='par_1_98' title="bbox 411 5517 1993 5592">
     <span class='ocr_line' id='line_1_98' title="bbox 411 5517 1993 5592; baseline -0.003 -15"><span class='ocrx_word' id='word_1_734' title='bbox 411 5523 561 5592; x_wconf 78' lang='lat' dir='ltr'><strong>Quod</strong></span> <span class='ocrx_word' id='word_1_735' title='bbox 591 5524 749 5578; x_wconf 92' lang='lat' dir='ltr'><strong>etiam</strong></span> <span class='ocrx_word' id='word_1_736' title='bbox 778 5522 841 5576; x_wconf 87' lang='lat' dir='ltr'><strong>ad</strong></span> <span class='ocrx_word' id='word_1_737' title='bbox 885 5523 1113 5576; x_wconf 91' lang='lat' dir='ltr'><strong>lectores</strong></span> <span class='ocrx_word' id='word_1_738' title='bbox 1140 5521 1350 5585; x_wconf 89' lang='lat' dir='ltr'><strong>attinet,</strong></span> <span class='ocrx_word' id='word_1_739' title='bbox 1403 5520 1489 5586; x_wconf 89' lang='lat' dir='ltr'><strong>qui</strong></span> <span class='ocrx_word' id='word_1_740' title='bbox 1541 5527 1714 5572; x_wconf 90' lang='lat' dir='ltr'><strong>tamen</strong></span> <span class='ocrx_word' id='word_1_741' title='bbox 1771 5517 1993 5572; x_wconf 85' lang='lat' dir='ltr'><strong>inferior</strong></span> 
     </span>
    </p>
   </div>
   <div class='ocr_carea' id='block_1_99' title="bbox 411 5611 1991 5688">
    <p class='ocr_par' dir='ltr' id='par_1_99' title="bbox 411 5611 1991 5688">
     <span class='ocr_line' id='line_1_99' title="bbox 411 5611 1991 5688; baseline -0.007 -14"><span class='ocrx_word' id='word_1_742' title='bbox 411 5627 526 5674; x_wconf 88' lang='lat' dir='ltr'><strong>erat</strong></span> <span class='ocrx_word' id='word_1_743' title='bbox 556 5615 978 5688; x_wconf 88' lang='lat' dir='ltr'><strong>hypodiaconatu</strong></span> <span class='ocrx_word' id='word_1_744' title='bbox 1009 5611 1226 5683; x_wconf 88' lang='lat' dir='ltr'><strong>gradus,</strong></span> <span class='ocrx_word' id='word_1_745' title='bbox 1258 5621 1464 5666; x_wconf 71' lang='lat' dir='ltr'><strong>constat</strong></span> <span class='ocrx_word' id='word_1_746' title='bbox 1498 5611 1634 5664; x_wconf 89' lang='lat' dir='ltr'><strong>idem</strong></span> <span class='ocrx_word' id='word_1_747' title='bbox 1661 5626 1725 5666; x_wconf 89' lang='lat' dir='ltr'><strong>ex</strong></span> <span class='ocrx_word' id='word_1_748' title='bbox 1752 5611 1991 5680; x_wconf 88' lang='lat' dir='ltr'><strong>ejusdem</strong></span> 
     </span>
    </p>
   </div>
   <div class='ocr_carea' id='block_1_100' title="bbox 411 5703 1994 5781">
    <p class='ocr_par' dir='ltr' id='par_1_100' title="bbox 411 5703 1994 5781">
     <span class='ocr_line' id='line_1_100' title="bbox 411 5703 1994 5781; baseline -0.003 -17"><span class='ocrx_word' id='word_1_749' title='bbox 411 5710 652 5781; x_wconf 84' lang='lat' dir='ltr'><strong>epistolis</strong></span> <span class='ocrx_word' id='word_1_750' title='bbox 680 5707 745 5762; x_wconf 91' lang='lat' dir='ltr'><strong>de</strong></span> <span class='ocrx_word' id='word_1_751' title='bbox 791 5705 1008 5762; x_wconf 84' lang='lat' dir='ltr'><strong>Aurelio</strong></span> <span class='ocrx_word' id='word_1_752' title='bbox 1038 5715 1090 5759; x_wconf 89' lang='lat' dir='ltr'><strong>et</strong></span> <span class='ocrx_word' id='word_1_753' title='bbox 1132 5703 1377 5758; x_wconf 85' lang='lat' dir='ltr'><strong>Celerino</strong></span> <span class='ocrx_word' id='word_1_754' title='bbox 1420 5705 1486 5757; x_wconf 91' lang='lat' dir='ltr'><strong>ad</strong></span> <span class='ocrx_word' id='word_1_755' title='bbox 1519 5703 1776 5757; x_wconf 90' lang='lat' dir='ltr'><strong>honorem</strong></span> <span class='ocrx_word' id='word_1_756' title='bbox 1833 5703 1994 5759; x_wconf 82' lang='lat' dir='ltr'><strong>lecto-</strong></span> 
     </span>
    </p>
   </div>
   <div class='ocr_carea' id='block_1_101' title="bbox 411 5795 1994 5870">
    <p class='ocr_par' dir='ltr' id='par_1_101' title="bbox 411 5795 1994 5870">
     <span class='ocr_line' id='line_1_101' title="bbox 411 5795 1994 5870; baseline -0.003 -14"><span class='ocrx_word' id='word_1_757' title='bbox 411 5813 556 5857; x_wconf 89' lang='lat' dir='ltr'><strong>ratus</strong></span> <span class='ocrx_word' id='word_1_758' title='bbox 581 5816 608 5853; x_wconf 89' lang='lat' dir='ltr'><strong>a</strong></span> <span class='ocrx_word' id='word_1_759' title='bbox 636 5817 693 5855; x_wconf 87' lang='lat' dir='ltr'><strong>se</strong></span> <span class='ocrx_word' id='word_1_760' title='bbox 724 5798 1006 5870; x_wconf 88' lang='lat' dir='ltr'><strong>provectis.</strong></span> <span class='ocrx_word' id='word_1_761' title='bbox 1029 5797 1102 5851; x_wconf 88' lang='lat' dir='ltr'><strong>De</strong></span> <span class='ocrx_word' id='word_1_762' title='bbox 1123 5796 1340 5852; x_wconf 83' lang='lat' dir='ltr'><strong>Aurelio</strong></span> <span class='ocrx_word' id='word_1_763' title='bbox 1359 5796 1427 5849; x_wconf 90' lang='lat' dir='ltr'><strong>ita</strong></span> <span class='ocrx_word' id='word_1_764' title='bbox 1443 5795 1648 5860; x_wconf 82' lang='lat' dir='ltr'><strong>scribit,</strong></span> <span class='ocrx_word' id='word_1_765' title='bbox 1682 5797 1994 5867; x_wconf 84' lang='lat' dir='ltr'><strong>Ep.xxxnt:</strong></span> 
     </span>
    </p>
   </div>
   <div class='ocr_carea' id='block_1_102' title="bbox 417 5889 1991 5959">
    <p class='ocr_par' dir='ltr' id='par_1_102' title="bbox 417 5889 1991 5959">
     <span class='ocr_line' id='line_1_102' title="bbox 417 5889 1991 5959; baseline 0.003 -13"><span class='ocrx_word' id='word_1_766' title='bbox 417 5913 435 5951; x_wconf 72' lang='grc' dir='ltr'><strong>ι</strong></span> <span class='ocrx_word' id='word_1_767' title='bbox 462 5895 516 5950; x_wconf 89' lang='lat' dir='ltr'><strong>In</strong></span> <span class='ocrx_word' id='word_1_768' title='bbox 548 5893 971 5952; x_wconf 83' lang='lat' dir='ltr'><strong>ordinationilnis</strong></span> <span class='ocrx_word' id='word_1_769' title='bbox 1000 5890 1229 5957; x_wconf 86' lang='lat' dir='ltr'><strong>clericis,</strong></span> <span class='ocrx_word' id='word_1_770' title='bbox 1275 5891 1464 5950; x_wconf 80' lang='lat' dir='ltr'><strong>fratres</strong></span> <span class='ocrx_word' id='word_1_771' title='bbox 1485 5889 1805 5959; x_wconf 78' lang='lat' dir='ltr'><strong>charissimi,</strong></span> <span class='ocrx_word' id='word_1_772' title='bbox 1854 5892 1991 5950; x_wconf 78' lang='lat' dir='ltr'><strong>sole-</strong></span> 
     </span>
    </p>
   </div>
   <div class='ocr_carea' id='block_1_103' title="bbox 2097 4768 3688 4844">
    <p class='ocr_par' dir='ltr' id='par_1_103' title="bbox 2097 4768 3688 4844">
     <span class='ocr_line' id='line_1_103' title="bbox 2097 4768 3688 4844; baseline 0.004 -24"><span class='ocrx_word' id='word_1_773' title='bbox 2097 4769 2265 4832; x_wconf 90' lang='lat' dir='ltr'><strong>thum,</strong></span> <span class='ocrx_word' id='word_1_774' title='bbox 2305 4768 2403 4838; x_wconf 88' lang='lat' dir='ltr'><strong>Ep.</strong></span> <span class='ocrx_word' id='word_1_775' title='bbox 2455 4785 2580 4836; x_wconf 80' lang='lat' dir='ltr'><strong>xui,</strong></span> <span class='ocrx_word' id='word_1_776' title='bbox 2638 4785 2786 4834; x_wconf 81' lang='lat' dir='ltr'><strong>xun,</strong></span> <span class='ocrx_word' id='word_1_777' title='bbox 2813 4786 2957 4827; x_wconf 83' lang='lat' dir='ltr'><strong>thv.</strong></span> <span class='ocrx_word' id='word_1_778' title='bbox 2987 4769 3182 4824; x_wconf 84' lang='lat' dir='ltr'><strong>Octava</strong></span> <span class='ocrx_word' id='word_1_779' title='bbox 3213 4772 3446 4826; x_wconf 80' lang='lat' dir='ltr'><strong>Cornelii</strong></span> <span class='ocrx_word' id='word_1_780' title='bbox 3476 4772 3540 4825; x_wconf 88' lang='lat' dir='ltr'><strong>ad</strong></span> <span class='ocrx_word' id='word_1_781' title='bbox 3582 4772 3688 4844; x_wconf 81' lang='lat' dir='ltr'><strong>Cy-</strong></span> 
     </span>
    </p>
   </div>
   <div class='ocr_carea' id='block_1_104' title="bbox 2101 4862 3684 4934">
    <p class='ocr_par' dir='ltr' id='par_1_104' title="bbox 2101 4862 3684 4934">
     <span class='ocr_line' id='line_1_104' title="bbox 2101 4862 3684 4934; baseline 0.007 -24"><span class='ocrx_word' id='word_1_782' title='bbox 2101 4862 2339 4930; x_wconf 86' lang='lat' dir='ltr'><strong>prianum</strong></span> <span class='ocrx_word' id='word_1_783' title='bbox 2393 4877 2483 4930; x_wconf 91' lang='lat' dir='ltr'><strong>per</strong></span> <span class='ocrx_word' id='word_1_784' title='bbox 2531 4863 2842 4932; x_wconf 86' lang='lat' dir='ltr'><strong>Augendum</strong></span> <span class='ocrx_word' id='word_1_785' title='bbox 2891 4862 3296 4932; x_wconf 83' lang='lat' dir='ltr'><strong>confessorem,</strong></span> <span class='ocrx_word' id='word_1_786' title='bbox 3341 4864 3440 4934; x_wconf 91' lang='lat' dir='ltr'><strong>Ep.</strong></span> <span class='ocrx_word' id='word_1_787' title='bbox 3495 4881 3684 4922; x_wconf 72' lang='lat' dir='ltr'><strong>xum.</strong></span> 
     </span>
    </p>
   </div>
   <div class='ocr_carea' id='block_1_105' title="bbox 2099 4956 3687 5023">
    <p class='ocr_par' dir='ltr' id='par_1_105' title="bbox 2099 4956 3687 5023">
     <span class='ocr_line' id='line_1_105' title="bbox 2099 4956 3687 5023; baseline 0.007 -17"><span class='ocrx_word' id='word_1_788' title='bbox 2099 4956 2265 5023; x_wconf 89' lang='lat' dir='ltr'><strong>Quem</strong></span> <span class='ocrx_word' id='word_1_789' title='bbox 2317 4967 2490 5010; x_wconf 89' lang='lat' dir='ltr'><strong>tamen</strong></span> <span class='ocrx_word' id='word_1_790' title='bbox 2539 4957 2626 5013; x_wconf 95' lang='lat' dir='ltr'><strong>ille</strong></span> <span class='ocrx_word' id='word_1_791' title='bbox 2656 4959 2830 5013; x_wconf 91' lang='lat' dir='ltr'><strong>locum</strong></span> <span class='ocrx_word' id='word_1_792' title='bbox 2879 4959 2930 5013; x_wconf 93' lang='lat' dir='ltr'><strong>in</strong></span> <span class='ocrx_word' id='word_1_793' title='bbox 2983 4959 3223 5014; x_wconf 92' lang='lat' dir='ltr'><strong>Ecclesia</strong></span> <span class='ocrx_word' id='word_1_794' title='bbox 3255 4961 3548 5016; x_wconf 89' lang='lat' dir='ltr'><strong>obtinuerit</strong></span> <span class='ocrx_word' id='word_1_795' title='bbox 3575 4976 3687 5017; x_wconf 90' lang='lat' dir='ltr'><strong>non</strong></span> 
     </span>
    </p>
   </div>
   <div class='ocr_carea' id='block_1_106' title="bbox 2102 5047 3687 5122">
    <p class='ocr_par' dir='ltr' id='par_1_106' title="bbox 2102 5047 3687 5122">
     <span class='ocr_line' id='line_1_106' title="bbox 2102 5047 3687 5122; baseline 0.004 -21"><span class='ocrx_word' id='word_1_796' title='bbox 2102 5049 2287 5118; x_wconf 89' lang='lat' dir='ltr'><strong>liquet.</strong></span> <span class='ocrx_word' id='word_1_797' title='bbox 2320 5047 2468 5102; x_wconf 86' lang='lat' dir='ltr'><strong>Noua</strong></span> <span class='ocrx_word' id='word_1_798' title='bbox 2524 5051 2809 5105; x_wconf 76' lang='lat' dir='ltr'><strong>Antoniani</strong></span> <span class='ocrx_word' id='word_1_799' title='bbox 2839 5051 2904 5106; x_wconf 88' lang='lat' dir='ltr'><strong>ad</strong></span> <span class='ocrx_word' id='word_1_800' title='bbox 2933 5051 3256 5122; x_wconf 89' lang='lat' dir='ltr'><strong>Cyprianum</strong></span> <span class='ocrx_word' id='word_1_801' title='bbox 3308 5069 3402 5122; x_wconf 91' lang='lat' dir='ltr'><strong>per</strong></span> <span class='ocrx_word' id='word_1_802' title='bbox 3427 5053 3687 5118; x_wconf 83' lang='lat' dir='ltr'><strong>Quintum</strong></span> 
     </span>
    </p>
   </div>
   <div class='ocr_carea' id='block_1_107' title="bbox 2102 5141 3686 5217">
    <p class='ocr_par' dir='ltr' id='par_1_107' title="bbox 2102 5141 3686 5217">
     <span class='ocr_line' id='line_1_107' title="bbox 2102 5141 3686 5217; baseline 0.004 -23"><span class='ocrx_word' id='word_1_803' title='bbox 2102 5141 2496 5212; x_wconf 88' lang='lat' dir='ltr'><strong>presbyterum,</strong></span> <span class='ocrx_word' id='word_1_804' title='bbox 2535 5143 2627 5213; x_wconf 89' lang='lat' dir='ltr'><strong>Ep.</strong></span> <span class='ocrx_word' id='word_1_805' title='bbox 2673 5159 2760 5198; x_wconf 87' lang='grc' dir='ltr'>ιιι.</span> <span class='ocrx_word' id='word_1_806' title='bbox 2820 5144 3030 5199; x_wconf 88' lang='lat' dir='ltr'><strong>Decima</strong></span> <span class='ocrx_word' id='word_1_807' title='bbox 3074 5145 3308 5201; x_wconf 89' lang='lat' dir='ltr'><strong>Cornelii</strong></span> <span class='ocrx_word' id='word_1_808' title='bbox 3351 5146 3416 5200; x_wconf 88' lang='lat' dir='ltr'><strong>ad</strong></span> <span class='ocrx_word' id='word_1_809' title='bbox 3462 5144 3686 5217; x_wconf 56' lang='lat' dir='ltr'><strong>Cyprias</strong></span> 
     </span>
    </p>
   </div>
   <div class='ocr_carea' id='block_1_108' title="bbox 2102 5239 3690 5311">
    <p class='ocr_par' dir='ltr' id='par_1_108' title="bbox 2102 5239 3690 5311">
     <span class='ocr_line' id='line_1_108' title="bbox 2102 5239 3690 5311; baseline 0.004 -22"><span class='ocrx_word' id='word_1_810' title='bbox 2102 5252 2227 5290; x_wconf 91' lang='lat' dir='ltr'><strong>num</strong></span> <span class='ocrx_word' id='word_1_811' title='bbox 2255 5253 2346 5307; x_wconf 88' lang='lat' dir='ltr'><strong>per</strong></span> <span class='ocrx_word' id='word_1_812' title='bbox 2369 5239 2617 5292; x_wconf 89' lang='lat' dir='ltr'><strong>Saturum</strong></span> <span class='ocrx_word' id='word_1_813' title='bbox 2645 5240 2973 5310; x_wconf 81' lang='lat' dir='ltr'><strong>acolythum,</strong></span> <span class='ocrx_word' id='word_1_814' title='bbox 3003 5241 3099 5310; x_wconf 89' lang='lat' dir='ltr'><strong>Ep.</strong></span> <span class='ocrx_word' id='word_1_815' title='bbox 3159 5257 3242 5296; x_wconf 66' lang='grc' dir='ltr'><strong>ιν.</strong></span> <span class='ocrx_word' id='word_1_816' title='bbox 3272 5239 3561 5296; x_wconf 90' lang='lat' dir='ltr'><strong>Undecima</strong></span> <span class='ocrx_word' id='word_1_817' title='bbox 3589 5240 3690 5311; x_wconf 88' lang='lat' dir='ltr'><strong>Cy-</strong></span> 
     </span>
    </p>
   </div>
   <div class='ocr_carea' id='block_1_109' title="bbox 2102 5328 3684 5402">
    <p class='ocr_par' dir='ltr' id='par_1_109' title="bbox 2102 5328 3684 5402">
     <span class='ocr_line' id='line_1_109' title="bbox 2102 5328 3684 5402; baseline 0.003 -20"><span class='ocrx_word' id='word_1_818' title='bbox 2102 5329 2272 5397; x_wconf 89' lang='lat' dir='ltr'><strong>priani</strong></span> <span class='ocrx_word' id='word_1_819' title='bbox 2303 5329 2365 5382; x_wconf 92' lang='lat' dir='ltr'><strong>ad</strong></span> <span class='ocrx_word' id='word_1_820' title='bbox 2395 5328 2701 5384; x_wconf 88' lang='lat' dir='ltr'><strong>Corneliqu</strong></span> <span class='ocrx_word' id='word_1_821' title='bbox 2735 5347 2826 5400; x_wconf 91' lang='lat' dir='ltr'><strong>per</strong></span> <span class='ocrx_word' id='word_1_822' title='bbox 2857 5331 3184 5386; x_wconf 85' lang='lat' dir='ltr'><strong>Felicianum</strong></span> <span class='ocrx_word' id='word_1_823' title='bbox 3217 5332 3543 5402; x_wconf 88' lang='lat' dir='ltr'><strong>aculytbum.</strong></span> <span class='ocrx_word' id='word_1_824' title='bbox 3580 5331 3684 5401; x_wconf 89' lang='lat' dir='ltr'><strong>Ep.</strong></span> 
     </span>
    </p>
   </div>
   <div class='ocr_carea' id='block_1_110' title="bbox 2101 5421 3682 5495">
    <p class='ocr_par' dir='ltr' id='par_1_110' title="bbox 2101 5421 3682 5495">
     <span class='ocr_line' id='line_1_110' title="bbox 2101 5421 3682 5495; baseline 0.003 -21"><span class='ocrx_word' id='word_1_825' title='bbox 2101 5421 2220 5475; x_wconf 88' lang='lat' dir='ltr'><strong>ead.</strong></span> <span class='ocrx_word' id='word_1_826' title='bbox 2274 5421 2594 5478; x_wconf 75' lang='lat' dir='ltr'><strong>Duodecima</strong></span> <span class='ocrx_word' id='word_1_827' title='bbox 2643 5425 2917 5494; x_wconf 79' lang='lat' dir='ltr'><strong>Pomponii</strong></span> <span class='ocrx_word' id='word_1_828' title='bbox 2962 5425 3197 5495; x_wconf 88' lang='lat' dir='ltr'><strong>episcopi</strong></span> <span class='ocrx_word' id='word_1_829' title='bbox 3247 5425 3310 5478; x_wconf 89' lang='lat' dir='ltr'><strong>ad</strong></span> <span class='ocrx_word' id='word_1_830' title='bbox 3357 5425 3682 5495; x_wconf 79' lang='lat' dir='ltr'><strong>Cyprianum</strong></span> 
     </span>
    </p>
   </div>
   <div class='ocr_carea' id='block_1_111' title="bbox 2097 5517 3688 5588">
    <p class='ocr_par' dir='ltr' id='par_1_111' title="bbox 2097 5517 3688 5588">
     <span class='ocr_line' id='line_1_111' title="bbox 2097 5517 3688 5588; baseline 0.001 -18"><span class='ocrx_word' id='word_1_831' title='bbox 2097 5531 2217 5570; x_wconf 89' lang='lat' dir='ltr'><strong>cum</strong></span> <span class='ocrx_word' id='word_1_832' title='bbox 2245 5517 2450 5587; x_wconf 87' lang='lat' dir='ltr'><strong>synodo</strong></span> <span class='ocrx_word' id='word_1_833' title='bbox 2477 5533 2568 5587; x_wconf 88' lang='lat' dir='ltr'><strong>per</strong></span> <span class='ocrx_word' id='word_1_834' title='bbox 2597 5520 2881 5575; x_wconf 84' lang='lat' dir='ltr'><strong>Paconium</strong></span> <span class='ocrx_word' id='word_1_835' title='bbox 2913 5522 3151 5584; x_wconf 84' lang='lat' dir='ltr'><strong>fratrem,</strong></span> <span class='ocrx_word' id='word_1_836' title='bbox 3185 5519 3282 5588; x_wconf 91' lang='lat' dir='ltr'><strong>Ep.</strong></span> <span class='ocrx_word' id='word_1_837' title='bbox 3314 5537 3438 5583; x_wconf 82' lang='lat' dir='ltr'><strong>Lxu;</strong></span> <span class='ocrx_word' id='word_1_838' title='bbox 3467 5518 3560 5574; x_wconf 88' lang='lat' dir='ltr'><strong>sed</strong></span> <span class='ocrx_word' id='word_1_839' title='bbox 3587 5533 3688 5572; x_wconf 82' lang='lat' dir='ltr'><strong>nec</strong></span> 
     </span>
    </p>
   </div>
   <div class='ocr_carea' id='block_1_112' title="bbox 2098 5611 3686 5680">
    <p class='ocr_par' dir='ltr' id='par_1_112' title="bbox 2098 5611 3686 5680">
     <span class='ocr_line' id='line_1_112' title="bbox 2098 5611 3686 5680; baseline 0 -16"><span class='ocrx_word' id='word_1_840' title='bbox 2098 5612 2212 5679; x_wconf 92' lang='lat' dir='ltr'><strong>ejus</strong></span> <span class='ocrx_word' id='word_1_841' title='bbox 2243 5611 2472 5680; x_wconf 80' lang='lat' dir='ltr'><strong>dignitas</strong></span> <span class='ocrx_word' id='word_1_842' title='bbox 2501 5624 2847 5668; x_wconf 90' lang='lat' dir='ltr'><strong>memoratur.</strong></span> <span class='ocrx_word' id='word_1_843' title='bbox 2883 5614 3058 5667; x_wconf 85' lang='lat' dir='ltr'><strong>Tertia</strong></span> <span class='ocrx_word' id='word_1_844' title='bbox 3091 5613 3294 5671; x_wconf 86' lang='lat' dir='ltr'><strong>decima</strong></span> <span class='ocrx_word' id='word_1_845' title='bbox 3323 5611 3686 5665; x_wconf 75' lang='lat' dir='ltr'><strong>Et&#39;clesiat&#39;ttm</strong></span> 
     </span>
    </p>
   </div>
   <div class='ocr_carea' id='block_1_113' title="bbox 2101 5704 3686 5778">
    <p class='ocr_par' dir='ltr' id='par_1_113' title="bbox 2101 5704 3686 5778">
     <span class='ocr_line' id='line_1_113' title="bbox 2101 5704 3686 5778; baseline -0.001 -19"><span class='ocrx_word' id='word_1_846' title='bbox 2101 5706 2461 5760; x_wconf 85' lang='lat' dir='ltr'><strong>Asturiceusis</strong></span> <span class='ocrx_word' id='word_1_847' title='bbox 2485 5716 2536 5760; x_wconf 90' lang='lat' dir='ltr'><strong>et</strong></span> <span class='ocrx_word' id='word_1_848' title='bbox 2566 5709 2913 5764; x_wconf 83' lang='lat' dir='ltr'><strong>Emeritensis</strong></span> <span class='ocrx_word' id='word_1_849' title='bbox 2945 5725 3036 5778; x_wconf 88' lang='lat' dir='ltr'><strong>per</strong></span> <span class='ocrx_word' id='word_1_850' title='bbox 3077 5709 3359 5777; x_wconf 87' lang='lat' dir='ltr'><strong>episcopos</strong></span> <span class='ocrx_word' id='word_1_851' title='bbox 3385 5721 3508 5760; x_wconf 84' lang='lat' dir='ltr'><strong>suos</strong></span> <span class='ocrx_word' id='word_1_852' title='bbox 3545 5704 3686 5758; x_wconf 79' lang='lat' dir='ltr'><strong>Feli—</strong></span> 
     </span>
    </p>
   </div>
   <div class='ocr_carea' id='block_1_114' title="bbox 2099 5796 3688 5870">
    <p class='ocr_par' dir='ltr' id='par_1_114' title="bbox 2099 5796 3688 5870">
     <span class='ocr_line' id='line_1_114' title="bbox 2099 5796 3688 5870; baseline -0.003 -16"><span class='ocrx_word' id='word_1_853' title='bbox 2099 5816 2215 5854; x_wconf 83' lang='lat' dir='ltr'><strong>cem</strong></span> <span class='ocrx_word' id='word_1_854' title='bbox 2245 5810 2297 5854; x_wconf 88' lang='lat' dir='ltr'><strong>et</strong></span> <span class='ocrx_word' id='word_1_855' title='bbox 2330 5800 2606 5866; x_wconf 78' lang='lat' dir='ltr'><strong>Sabinum,</strong></span> <span class='ocrx_word' id='word_1_856' title='bbox 2641 5801 2811 5870; x_wconf 87' lang='lat' dir='ltr'><strong>Epist.</strong></span> <span class='ocrx_word' id='word_1_857' title='bbox 2869 5818 3048 5857; x_wconf 82' lang='lat' dir='ltr'><strong>vant.</strong></span> <span class='ocrx_word' id='word_1_858' title='bbox 3099 5801 3149 5854; x_wconf 93' lang='lat' dir='ltr'><strong>in</strong></span> <span class='ocrx_word' id='word_1_859' title='bbox 3199 5816 3260 5855; x_wconf 90' lang='lat' dir='ltr'><strong>ea</strong></span> <span class='ocrx_word' id='word_1_860' title='bbox 3300 5815 3458 5854; x_wconf 88' lang='lat' dir='ltr'><strong>causa</strong></span> <span class='ocrx_word' id='word_1_861' title='bbox 3490 5813 3590 5868; x_wconf 87' lang='lat' dir='ltr'><strong>qua</strong></span> <span class='ocrx_word' id='word_1_862' title='bbox 3618 5796 3688 5850; x_wconf 89' lang='lat' dir='ltr'><strong>de</strong></span> 
     </span>
    </p>
   </div>
   <div class='ocr_carea' id='block_1_115' title="bbox 2104 5889 3684 5968">
    <p class='ocr_par' dir='ltr' id='par_1_115' title="bbox 2104 5889 3684 5968">
     <span class='ocr_line' id='line_1_115' title="bbox 2104 5889 3684 5968; baseline -0.002 -21"><span class='ocrx_word' id='word_1_863' title='bbox 2104 5894 2220 5963; x_wconf 84' lang='lat' dir='ltr'><strong>ipso</strong></span> <span class='ocrx_word' id='word_1_864' title='bbox 2252 5895 2420 5951; x_wconf 86' lang='lat' dir='ltr'><strong>fuerat</strong></span> <span class='ocrx_word' id='word_1_865' title='bbox 2461 5895 2769 5968; x_wconf 89' lang='lat' dir='ltr'><strong>episcopatu</strong></span> <span class='ocrx_word' id='word_1_866' title='bbox 2800 5896 3173 5968; x_wconf 71' lang='lat' dir='ltr'><strong>disceptatum.</strong></span> <span class='ocrx_word' id='word_1_867' title='bbox 3217 5893 3498 5967; x_wconf 75' lang='lat' dir='ltr'><strong>Subt&#39;ugati</strong></span> <span class='ocrx_word' id='word_1_868' title='bbox 3541 5889 3684 5951; x_wconf 87' lang='lat' dir='ltr'><strong>cnim</strong></span> 
     </span>
    </p>
   </div>
  </div>
