3888 6406
166 380 211 434 ιι
1267 383 1353 439 DE
1377 383 1851 443 PRESBYTERIS
1892 383 2336 443 DOC'I‘URIBUS.
3385 395 3456 452 ιε

167 501 282 548 erant
314 489 363 545 hi
397 492 450 545 in
492 491 651 547 locos
703 492 989 550 Martialis
1035 501 1089 549 et
1117 493 1360 550 Basilidis
1391 496 1742 553 Libellatieo—
1771 505 1822 564 Α
1848 499 2104 562 obierint,
2149 497 2350 552 factum
2382 497 2432 552 id
2460 511 2570 553 nou
2591 506 2677 555 est
2706 499 2806 555 nisi
2836 500 3133 567 rarissime,
3169 503 3456 575 causisque

169 607 274 645 rum.
299 589 491 658 Quarta
523 589 745 646 decima
777 610 790 644 :
820 589 1011 658 Quinti
1041 590 1286 660 Episcopi
1315 590 1648 646 Mauritania:
1677 593 1743 647 ad

173 683 445 754 Cyprianum
477 683 778 752 primatem
823 698 923 753 per
953 682 1245 738 Lucianum
1293 684 1428 739 forte
1457 685 1742 756 presbyte.

176 791 282 838 rum,
306 775 401 846 Ep.
424 793 568 831 uxr.
597 776 805 845 Quinta
831 777 1043 832 decima
1067 795 1082 831 :
1111 776 1384 849 Cypriani,
1417 778 1511 833 sed
1557 781 1740 845 totius,

179 880 222 924 ut
243 870 427 926 videtur
450 912 465 934 ,
515 869 783 924 Ecclesia:
809 870 1062 926 africaute
1093 871 1307 926 nomine
1331 913 1346 934 ,
1377 871 1442 925 ad
1475 871 1746 926 Firmilia-

181 978 278 1018 tium
300 961 644 1033 Cappadocia:
674 962 1021 1032 primarium,
1057 971 1116 1016 ut
1142 962 1374 1026 videtur,
1404 963 1740 1032 episcOpum,

183 1053 606 1124 perRogatianum
627 1053 947 1116 diaconum,
977 1052 1075 1124 Ep.
1107 1069 1264 1108 Lxxv.
1298 1053 1466 1108 Settta
1498 1052 1741 1108 decima:

185 1144 381 1200 Tandem
406 1144 707 1216 eademque
735 1144 924 1199 ultima
971 1143 1223 1216 Cypriani
1271 1144 1441 1214 ipsius
1487 1146 1538 1198 in
1575 1146 1746 1208 exilio

185 1237 269 1306 jam
293 1238 556 1293 constituti
583 1237 652 1292 ad
704 1237 945 1308 collegas
967 1238 1152 1293 itidem
1175 1237 1464 1308 episcopos
1492 1236 1745 1292 eosdem-

190 1347 270 1401 que
295 1332 339 1385 iu
370 1331 593 1386 metallis
624 1341 911 1386 versantes
935 1371 951 1397 ,
987 1346 1080 1400 per
1111 1329 1408 1384 Victorium
1444 1329 1744 1384 Herennia-

189 1439 289 1476 num
333 1421 776 1493 hypodiaeonum,
820 1421 1119 1489 Lucanum,
1147 1422 1435 1476 Maximum
1459 1430 1514 1477 et
1543 1423 1746 1476 Aman-

191 1517 294 1567 tium
321 1514 605 1587 acolythos,
632 1514 736 1585 Ep.
768 1529 995 1580 Lxxvut,
1023 1530 1203 1579 Lxm,
1234 1530 1399 1569 Lxxx.

249 1606 272 1676 ᾗ
297 1605 372 1660 η.
396 1604 629 1661 Notanda
658 1617 839 1661 autem
868 1607 955 1660 illa
982 1607 1232 1676 Cypriani
1253 1607 1448 1662 verba:
1477 1625 1496 1657 ‹
1526 1605 1591 1659 Et
1616 1620 1751 1675 quo-

193 1698 308 1751 niam
325 1700 543 1767 Oportuit
565 1714 651 1752 me
673 1714 770 1768 per
796 1698 1026 1754 clericos
1053 1699 1318 1764 scribere,
1351 1718 1369 1750 ι
1391 1707 1497 1754 etc.
1527 1697 1606 1752 Ex
1634 1698 1750 1767 qui-

189 1789 269 1845 bus
290 1799 498 1856 constat,
524 1805 622 1862 pro
650 1792 833 1846 saeculi
866 1791 1010 1846 illius
1041 1809 1222 1858 more,
1257 1793 1553 1863 legationes
1576 1790 1751 1845 cccle-

1847 593 2050 664 alioqui
2076 591 2431 663 gravissimis.
2467 592 2523 647 In
2549 593 2816 664 legatione
2842 595 3002 649 tertia
3025 595 3255 660 decima,
3293 610 3456 650 causa

1846 685 2134 739 manifesta
2168 694 2271 739 est.
2323 683 2379 737 In
2410 683 2596 754 quinta
2625 685 2786 739 etiam
2823 685 3009 740 facilis.
3049 685 3178 740 Erat
3201 687 3343 740 enim
3377 687 3457 740 in-

1849 787 1932 833 ter
1958 779 2243 848 episc0pos
2294 777 2705 848 disceptandum
2736 779 3049 836 Cornelium
3085 793 3245 851 atque
3277 780 3458 835 Nova-

1850 869 2074 922 tianum.
2108 869 2240 923 Erat
2279 870 2443 923 etiam
2471 869 2538 925 de
2565 870 2762 927 litteris
2799 871 3046 926 formatis
3090 874 3142 926 in
3180 882 3456 944 posterum

1847 959 2042 1014 dandis
2086 962 2415 1026 cavendum,
2449 977 2677 1032 quarum
2707 978 2870 1018 onme
2896 949 3279 1020 commercium
3322 966 3466 1020 inter

1847 1049 1984 1105 alios
2035 1066 2140 1105 non
2195 1059 2317 1106 erat
2359 1067 2520 1121 quam
2568 1053 2875 1123 episcopos.
2924 1054 3064 1123 Quid
3094 1056 3235 1124 quod
3267 1056 3458 1126 synodi

1847 1140 2105 1196 africaua:
2133 1143 2296 1197 etiam
2340 1144 2519 1198 missa:
2560 1155 2707 1210 sunt,
2740 1155 2794 1200 et
2822 1145 2886 1200 ad
2919 1148 3209 1217 synodum,
3244 1149 3462 1217 provin-

1850 1235 1946 1289 cia:
1979 1236 2235 1289 nimirum
2281 1238 2591 1306 episcopos,
2638 1237 2706 1292 ad
2738 1255 2873 1308 quos
2914 1241 3193 1310 spectabat
3222 1242 3463 1310 episcopi

1851 1327 2059 1380 romani
2090 1327 2382 1383 ordinatio.
2411 1328 2615 1400 Synodi
2644 1331 2787 1384 enim
2819 1333 3056 1396 nomine,
3104 1335 3176 1388 uti
3225 1349 3251 1386 a
3285 1335 3463 1404 genti-

1851 1417 1981 1472 lium
2012 1433 2111 1473 usu
2145 1419 2208 1472 ad
2240 1419 2571 1476 christianos
2605 1425 2898 1488 emanavit,
2931 1425 3268 1478 sacerdotum
3293 1425 3462 1479 colle-

1850 1511 1934 1580 gia
1984 1527 2213 1582 qumque
2261 1512 2375 1567 sive
2425 1511 2794 1569 fraternitates
2841 1515 3200 1584 appellantur,
3249 1516 3361 1570 sive
3411 1516 3464 1570 in

1853 1605 2208 1660 conventibus
2235 1645 2249 1668 ,
2293 1605 2413 1660 sive
2444 1609 2622 1678 etiam
2665 1607 2885 1677 singuli.
2921 1607 3030 1663 Nec
3061 1609 3256 1663 desunt
3299 1609 3462 1664 etiam

1853 1699 1992 1766 apud
2025 1699 2323 1754 Ecclesiam
2367 1700 2526 1770 hujus
2571 1700 2979 1772 signiﬁcationis
3027 1704 3270 1773 exempla
3293 1745 3306 1769 ,
3339 1703 3382 1756 si
3412 1702 3465 1758 id

1856 1790 2324 1860 inprmsentiarum
2357 1809 2598 1864 agerem.

185 1885 396 1941 siasticas
449 1901 553 1940 non
601 1886 722 1940 aliis
762 1901 923 1954 qttam
966 1886 1175 1941 clericis
1208 1885 1374 1940 fuisse
1420 1883 1744 1940 credendas.
1776 1892 1824 1952 Β
1928 1883 1955 1956 §
1993 1886 2080 1941 15.
2109 1886 2186 1940 lta
2215 1887 2431 1957 quidem
2475 1903 2532 1942 se
2561 1903 2647 1943 res
2681 1888 2864 1943 habuit
2890 1889 3147 1960 legatoria
3177 1899 3334 1944 :rtate
3357 1891 3466 1963 Cy-

185 1974 230 2029 ld
258 1975 435 2032 factum
465 1975 700 2033 fortasse
733 1987 1020 2049 propterea
1045 1995 1150 2050 quo
1176 1977 1350 2048 major
1378 1978 1512 2034 ﬁdes
1546 1977 1751 2032 nttutiis

186 2066 302 2121 ultro
347 2069 582 2139 citroque
631 2070 936 2126 referendis
980 2071 1288 2126 accederet.
1333 2070 1391 2124 Id
1440 2070 1564 2124 tulit
1602 2080 1751 2124 certe

183 2165 430 2232 :rgerrime
458 2162 760 2234 Cyprianus
804 2180 929 2219 eum
982 2165 1080 2233 Ep.
1131 2181 1187 2219 ut
1227 2164 1358 2219 cleri
1390 2164 1598 2219 romani
1632 2178 1753 2217 sus-

182 2263 365 2323 pectam
396 2256 649 2322 haberet,
681 2257 928 2312 laborare
957 2258 1025 2311 ita
1055 2258 1296 2327 epistola:
1325 2256 1536 2312 clericae
1567 2256 1746 2322 ﬁdem,

182 2361 238 2400 ne
263 2347 527 2402 mendacio
555 2348 785 2404 fortasse
814 2348 993 2419 aliquo
1021 2358 1076 2404 et
1101 2348 1289 2403 fraude
1312 2358 1566 2417 corrupta
1585 2355 1749 2402 esset.

180 2440 285 2496 Scio
311 2443 549 2514 equidem
597 2443 885 2513 epistolam
935 2443 1186 2498 clericam
1223 2451 1330 2496 tam
1365 2440 1547 2495 vocari
1595 2452 1755 2510 posse

182 2536 309 2591 illam
336 2553 447 2608 qua:
495 2553 523 2592 a
576 2536 724 2592 clero
754 2551 981 2591 romano
1030 2536 1232 2605 scripta
1281 2543 1428 2589 esset
1471 2530 1600 2604 (Ep.
1631 2531 1753 2601 tv),

182 2646 317 2699 quam
345 2647 457 2701 qua:
484 2631 786 2686 Clementia
826 2628 1223 2700 hypodiacono,
1259 2627 1357 2696 ipsi
1400 2638 1616 2696 quoque
1646 2622 1760 2677 cle-

183 2721 297 2788 rioo,
325 2722 490 2793 legato
523 2722 740 2776 tradita.
769 2719 876 2776 Sed
907 2736 1034 2776 vero
1063 2721 1235 2774 nuntii
1260 2718 1441 2774 hocin
1467 2718 1588 2772 loco
1623 2715 1758 2770 ﬁdes

182 2813 324 2868 solius
345 2855 360 2881 ,
395 2829 496 2869 non
522 2815 650 2870 item
683 2814 776 2870 illa
805 2813 1156 2869 scribentium
1180 2855 1193 2876 ,
1230 2813 1282 2868 in
1312 2811 1535 2866 duliiom
1569 2820 1757 2865 vocata

181 2917 268 2962 est.
296 2908 426 2980 Ergo
452 2909 634 2965 clerici
668 2919 824 2964 erant
871 2907 950 2962 illi
990 2922 1202 2978 quoque
1229 2905 1389 2976 legati
1433 2905 1499 2960 de
1522 2919 1756 2978 (quorum

181 3005 410 3074 dignitate
435 3006 588 3061 aliter
615 3019 720 3060 non
753 3012 984 3059 constat.
1017 3003 1082 3057 Et
1105 2999 1371 3072 acolythi,
1399 3011 1450 3055 et
1479 3000 1524 3054 si
1547 2999 1637 3070 qui
1669 2997 1760 3052 alii

184 3096 472 3153 inferiorum
501 3097 756 3153 ordinum
789 3095 1044 3160 ministri,
1076 3093 1373 3163 legationes
1399 3090 1658 3155 obierint,
1689 3089 1757 3144 il-

182 3187 251 3244 los
275 3205 476 3262 quoque
502 3191 644 3246 inter
674 3188 927 3252 clericos,
958 3185 1061 3242 hoc
1089 3185 1207 3255 ipso
1233 3184 1393 3240 etiam
1417 3191 1760 3254 argumento,

1856 1977 2050 2046 priani.
2085 1977 2256 2032 Erant
2307 1979 2476 2034 etiam
2526 1982 2800 2035 nonnulla:
2837 1981 3109 2052 Cypriano
3138 1984 3468 2053 antiquiores

1857 2069 2156 2140 legationes
2183 2072 2249 2127 ad
2283 2074 2528 2128 eamdem
2556 2073 2782 2128 formam
2811 2088 3112 2145 expressae.
3141 2075 3374 2146 Legatus
3403 2076 3471 2130 ab

1859 2162 2170 2223 Alexandro
2219 2167 2712 2239 IlierOStinmitano
2760 2169 3000 2223 antistite
3049 2168 3290 2241 (Euseb,
3324 2169 3465 2222 Hist.

1857 2261 2008 2326 eccl.,
2042 2277 2115 2324 vi,
2149 2258 2238 2330 Η)
2281 2259 2480 2313 missus
2519 2270 2598 2313 est
2636 2259 2895 2315 Ecclesia:
2923 2260 3276 2315 Antiochense
3305 2241 3468 2316 totius

1857 2353 2032 2424 Syrize
2058 2353 2326 2422 primaria:
2359 2352 2467 2422 (cui
2491 2361 2544 2407 et
2572 2351 2766 2406 Judma'
2786 2353 3043 2408 attributa
3073 2352 3177 2424 est)
3212 2354 3472 2408 Clemens

1860 2448 2264 2504 Alexandrinus
2312 2448 2628 2518 presbyter,
2673 2448 2767 2501 sed
2796 2447 2965 2502 solus.
2999 2447 3164 2502 Plane
3194 2447 3259 2501 ad
3289 2463 3476 2503 exem-

1861 2543 2005 2614 plum
2048 2540 2330 2612 legationis
2358 2551 2564 2611 qttartte
2597 2540 2844 2594 deeima'.
2892 2539 3124 2611 Legatus
3172 2549 3291 2594 erat
3321 2555 3470 2594 mar-

1861 2643 2036 2705 tyrum
2107 2633 2523 2702 lugdunensium
2556 2633 3040 2701 viennensiumque
3090 2631 3156 2684 ad
3210 2631 3471 2686 Eleuthe-

1862 2741 1980 2780 rum
2029 2740 2310 2779 romanum
2358 2725 2667 2794 pontiﬁcem
2718 2724 3006 2794 presbyter
3060 2722 3295 2778 Irenmus
3348 2724 3473 2792 (uec

1864 2818 2008 2872 enim
2041 2826 2125 2872 est
2168 2816 2310 2893 quod
2339 2817 2657 2887 episcopum
2690 2817 2841 2870 illttm
2869 2826 2995 2870 tunc
3029 2816 3290 2885 temporis
3315 2815 3478 2870 faciat

1865 2908 2203 2978 Blondellus)
2223 2910 2338 2983 ipse
2355 2909 2538 2964 itidem
2555 2909 2699 2962 solus
2725 2907 2962 2977 (Euseb.,
2986 2907 3120 2961 Hist.
3140 2909 3287 2971 (τοι,
3315 2924 3368 2972 v,
3389 2909 3470 2976 4).

1865 3004 2103 3058 Aliarum
2139 3001 2485 3070 legationum,
2523 3011 2579 3054 ut
2606 3012 2757 3071 puto,
2790 3017 2894 3055 noa
2932 3001 3197 3055 habemus
3221 3002 3476 3072 exempla

1866 3094 2119 3164 usquead
2141 3104 2383 3162 tempora
2409 3092 2692 3164 Polycarpi
2711 3092 3074 3162 atquelguatii
3092 3092 3110 3162 (
3128 3092 3244 3144 Vid.
3274 3090 3477 3157 ναίω,

1869 3187 1997 3243 Not.
2030 3189 2083 3242 in
2114 3188 2284 3242 locum
2317 3185 2567 3256 Eusebii).
2617 3185 2729 3240 Illa:
2760 3186 2940 3256 itaque
2987 3194 3042 3239 ut
3070 3200 3128 3240 se
3158 3184 3478 3250 habuerint,

183 3297 466 3340 numeratos
517 3284 687 3340 fuisse
727 3297 951 3338 necesse
997 3289 1099 3336 est.
1133 3278 1361 3334 Notelur
1402 3278 1563 3333 etiam
1594 3276 1762 3347 pluri-
1788 3279 1834 3344 (ζ
1866 3294 1965 3350 age
1991 3278 2372 3348 despiciamus.

183 3392 282 3431 mas
330 3378 622 3449 legationes
671 3375 886 3432 duobus
935 3373 1125 3443 legatis
1178 3370 1347 3426 fuisse
1401 3369 1761 3435 commissas,

186 3473 459 3539 prtesertim
521 3469 940 3526 transmarinas.
996 3466 1150 3535 Quod
1225 3464 1368 3521 enim
1429 3462 1764 3518 Novatianus

183 3572 390 3630 quatuor
436 3561 670 3629 miserit,
719 3561 774 3617 id
820 3558 1215 3616 benevolentia:
1265 3555 1546 3627 captanda:
1592 3555 1766 3625 gratia

184 3654 360 3711 factum
381 3670 500 3713 esse
525 3655 809 3728 probabile
835 3663 938 3708 est.
970 3651 1115 3707 Idem
1146 3651 1376 3707 fortasse
1402 3649 1471 3703 de
1497 3647 1767 3718 legatione

183 3747 541 3819 ad-martyras
583 3743 929 3801 statuendum
954 3785 969 3810 ,
1003 3750 1232 3814 quatuor
1263 3740 1388 3796 illos
1424 3739 1633 3810 legatos
1681 3737 1765 3793 vel

187 3841 232 3896 in
277 3853 561 3914 martyrum
594 3841 862 3897 honorem
892 3852 1013 3894 esse
1040 3837 1257 3902 missos,
1309 3835 1396 3889 vel
1429 3833 1572 3904 quod
1602 3832 1769 3887 variis

183 3933 232 3986 in
261 3935 384 3991 locis
429 3946 695 4005 martyres
742 3930 1022 3986 constituti
1051 3937 1275 3992 essent,
1321 3927 1406 3980 vel
1452 3940 1559 3995 quo
1592 3924 1771 3993 plures

185 4025 417 4083 adessent
445 4027 567 4082 ﬁdei
601 4035 770 4082 testes
813 4025 867 4079 in
909 4022 1168 4079 Ecclesia:
1197 4019 1562 4091 eleemosyn'rs
1589 4017 1771 4073 distri-

186 4119 416 4176 buendis.
447 4121 619 4176 Erant
645 4119 814 4184 enim,
845 4118 899 4172 in
924 4117 1012 4172 illa
1041 4116 1202 4172 etiam
1234 4124 1415 4182 :elate,
1446 4113 1645 4182 alioqui
1678 4127 1775 4167 au—

186 4227 292 4279 rea,
314 4214 463 4274 mala:
487 4213 610 4268 ﬁdei
629 4211 881 4282 exempla
897 4211 948 4265 in
968 4226 1027 4265 re
1049 4209 1378 4280 pecuniaria.
1405 4207 1554 4263 Talis
1577 4206 1769 4272 fuerat,

187 4303 235 4357 in
263 4303 370 4375 ipsa
407 4305 571 4361 etiam
600 4302 852 4360 Ecclesia
894 4300 1128 4356 africano
1180 4303 1466 4374 presbyter
1511 4299 1770 4366 Novatus,

187 4395 280 4466 Ep.
308 4414 449 4457 nix.
497 4397 646 4454 Talis
692 4395 1083 4461 Felicissimus,
1117 4394 1220 4464 Ep.
1250 4408 1471 4449 xxxviii.
1503 4392 1647 4447 Talis
1675 4390 1773 4446 deo

191 4489 340 4560 uique
363 4492 504 4563 (quis
527 4490 781 4546 crederet
805 4474 859 4559 ε)’
902 4486 1245 4542 Nicostratus
1284 4486 1402 4555 ipse
1433 4485 1695 4539 diaconus
1723 4491 1778 4538 et

189 4586 471 4652 confessor,
502 4584 604 4654 Ep.
637 4598 823 4646 sum,
846 4596 999 4637 itth.
1033 4580 1090 4635 Id
1117 4580 1278 4636 etiam
1308 4578 1778 4634 animadversione

1943 3373 1970 3444 ᾗ
2028 3371 2116 3426 16.
2151 3371 2217 3426 Et
2245 3370 2460 3441 quidem
2502 3369 2730 3440 epistola
2765 3369 3018 3424 Ecclesia:
3050 3368 3379 3440 smyrnensis
3410 3368 3478 3423 ad

1869 3463 2324 3518 Philomelienses
2349 3463 2417 3517 de
2441 3462 2697 3533 martyrio
2726 3461 3031 3532 Polycarpi,
3057 3463 3255 3530 scripta
3279 3469 3362 3515 est
3385 3476 3481 3530 per

1869 3557 2104 3612 Marcum
2124 3554 2407 3627 quemdam
2429 3555 2673 3618 fratrem,
2699 3554 2763 3610 ad
2791 3554 3016 3608 formam
3040 3555 3324 3624 legationis
3341 3553 3482 3609 duo-

1871 3651 2095 3708 decima:
2113 3667 2269 3720 quem
2290 3651 2488 3706 latinus
2505 3659 2660 3705 vetus
2678 3649 2945 3719 interpres
2961 3648 3279 3702 Martiannnt
3300 3647 3482 3718 appel-

1872 3745 1967 3813 lat,
1987 3745 2055 3800 de
2075 3743 2229 3812 cuius
2253 3744 2305 3798 in
2330 3741 2574 3797 Ecclesia
2610 3741 2729 3795 loco
2758 3741 2890 3794 nihil
2917 3749 3150 3794 constat.
3182 3740 3283 3794 Par
3307 3751 3391 3795 est
3411 3739 3481 3796 de

1873 3838 2180 3895 Crescentis
2210 3839 2331 3892 loco
2352 3835 2649 3900 silentium,
2669 3849 2777 3903 quo
2810 3834 3000 3888 nuntio
3030 3851 3158 3889 usus
3185 3843 3269 3889 est
3291 3835 3341 3888 in
3366 3835 3480 3901 illa,

1874 3946 2034 4002 quam
2064 3929 2128 3985 ad
2161 3930 2539 3999 Philippenscs
2582 3927 2768 3990 dedit,
2803 3927 3043 3996 Epistula
3077 3923 3194 3996 ipse
3225 3927 3483 3998 Polycar-

1875 4037 1996 4093 pus.
2017 4022 2275 4093 Epistola:
2297 4019 2486 4091 lgnatii
2511 4017 2643 4092 (Ep.
2663 4020 2732 4073 ad
2757 4019 2968 4090 Smyrn.
2990 4063 3003 4086 ,
3029 4018 3056 4090 §
3079 4018 3165 4082 ης
3191 4019 3261 4071 ad
3281 4018 3483 4091 Epltes.

1879 4116 2053 4188 θη).
2103 4115 2168 4170 ad
2222 4115 2571 4186 Smyrnteos,
2628 4111 2914 4184 Ephesios,
2965 4112 3482 4182 Philadelphienses,

1877 4207 2090 4263 Borrho
2139 4206 2407 4272 diacono,
2465 4204 2560 4260 sed
2608 4205 2698 4275 qui
2755 4204 3025 4260 communi
3081 4204 3483 4275 Smyrnze'orum

1878 4300 2346 4371 Ephesiorumque
2374 4298 2594 4352 nomine
2620 4296 2686 4350 ad
2718 4296 2866 4350 illum
2900 4295 3094 4350 missus
3121 4295 3327 4363 fuerat,
3374 4307 3485 4351 tra-

1880 4393 2008 4448 ditm
2031 4392 2299 4448 videntur.
2326 4390 2568 4460 Reliqua:
2589 4389 2673 4443 cui
2704 4386 2914 4442 tradita:
2943 4389 3047 4442 sint
3067 4426 3082 4451 ,
3114 4402 3218 4440 non
3240 4395 3483 4453 constat;

1881 4487 1976 4543 sed
2003 4485 2214 4541 Borrho
2241 4485 2405 4540 etiam
2436 4482 2678 4549 traditas,
2718 4490 2802 4535 est
2825 4496 2954 4536 sane
2981 4480 3271 4535 admodum
3297 4480 3488 4535 verisi-

1881 4580 2033 4636 mile.
2064 4577 2312 4634 Notanda
2353 4576 2498 4633 enim
2526 4574 2721 4645 Ignatii
2750 4575 2912 4629 verba
2957 4574 3007 4628 in
3044 4572 3143 4642 Ep.
3177 4573 3244 4627 ad
3300 4574 3488 4644 διηγγ-

191 4675 414 4748 dignum,
458 4678 788 4750 praecipuum
841 4675 1158 4746 plerumque
1188 4674 1487 4743 legatorutn
1519 4670 1764 4743 hypudia-

1881 4687 2052 4739 meos,
2082 4670 2134 4727 ὃν
2153 4670 2486 4728 ἀπεστείλατε
2515 4669 2623 4739 μετ’
2647 4669 2793 4739 ἐμοῦ.
2818 4665 2934 4721 Νοη
2960 4666 3117 4736 igitur
3135 4665 3201 4720 ad
3227 4666 3486 4737 lgnatiunt

191 4783 374 4826 conum
402 4771 591 4836 fuisse,
643 4785 742 4826 nec
790 4785 914 4825 eum
946 4768 1169 4837 gradum
1211 4765 1532 4821 excessisse.
1567 4762 1645 4818 Ita
1678 4761 1780 4817 fuit

193 4864 242 4916 in
269 4865 548 4935 legatione,
581 4864 775 4934 prima,
805 4863 1065 4935 secunda,
1112 4861 1268 4918 tertia
1289 4901 1303 4924 ,
1345 4859 1595 4928 septima,
1629 4867 1782 4913 sexta

192 4954 406 5013 decima.
459 4956 615 5025 Quod
657 4957 705 5011 si
756 4955 1046 5026 aliquando
1091 4953 1341 5025 superior
1398 4951 1664 5023 quispiam
1719 4952 1787 5006 sit

194 5049 394 5112 missus.
426 5051 478 5106 id
509 5060 636 5105 tunc
666 5049 982 5120 plerumque
1029 5048 1254 5119 contigit
1294 5061 1417 5109 cum
1446 5045 1638 5100 unicus
1666 5041 1790 5098 mit-

197 5151 423 5212 teretur,
459 5155 517 5200 ut
547 5143 758 5200 numeri
801 5142 1070 5199 defectum
1124 5142 1195 5196 ita
1237 5155 1486 5213 personae
1527 5137 1788 5210 dignitate

198 5247 620 5308 compensarem.
639 5236 713 5291 Ita
741 5238 794 5292 in
830 5236 1120 5306 legatione,
1145 5249 1308 5301 nona,
1341 5245 1534 5305 quarta
1555 5231 1787 5296 decima,

197 5330 364 5398 quinta
385 5331 619 5388 decima.
647 5329 802 5399 Quod
825 5328 986 5384 aliter
1006 5327 1338 5399 singulorum
1358 5325 1596 5391 nomina,
1627 5321 1789 5378 etiam

197 5420 451 5479 inferioris
477 5423 712 5489 ordinis,
747 5421 1064 5489 habeamus,
1110 5436 1215 5476 non
1257 5430 1342 5475 est
1372 5428 1552 5474 tamen
1580 5424 1788 5473 certum

197 5515 418 5588 singulos
446 5515 735 5572 dumtaxat
762 5515 932 5569 luisse
963 5513 1175 5567 missos.
1209 5512 1356 5568 Idem
1386 5511 1641 5576 obtinuit,
1681 5523 1789 5563 non

199 5609 624 5683 inlegationibus
675 5609 842 5667 modo
893 5605 1295 5671 transmarinis,
1356 5603 1450 5660 sed
1505 5613 1560 5658 et
1607 5603 1660 5656 in
1690 5599 1794 5654 illis

199 5721 390 5782 quoque
425 5727 549 5784 qua:
601 5703 1024 5781 provincialium
1071 5713 1254 5760 essent
1283 5701 1674 5774 Episcoporum
1728 5697 1796 5753 ad

198 5804 572 5872 provinciarum
635 5802 970 5876 primatem,
1030 5797 1202 5868 qualis
1250 5791 1372 5853 erat
1440 5796 1640 5868 legatio
1707 5791 1798 5848 illa

195 5910 357 5974 quarta
398 5902 638 5961 decima.
679 5894 847 5966 Quod
881 5905 1015 5948 vero
1054 5889 1295 5964 episcopi
1325 5889 1425 5961 ipsi
1471 5885 1801 5962 legationem

623 5991 932 6060 PATROL.
963 5981 1043 6045 V.

1881 4768 2198 4833 dumtaxat,
2229 4765 2325 4821 sed
2351 4780 2472 4820 cum
2502 4778 2568 4818 co
2597 4762 2795 4816 missus
2822 4771 2903 4816 est
2931 4758 3174 4814 Burrhus
3199 4759 3348 4828 (I’id.
3384 4760 3490 4829 Ep.

1884 4861 1951 4915 ad
1970 4858 2184 4932 Epltes.,
2207 4855 2334 4928 ἐξ),
2361 4867 2546 4911 comes
2575 4851 2786 4907 itineris
2804 4850 3037 4915 futurtts,
3062 4857 3389 4921 nuntiosque
3413 4852 3494 4908 le-

1887 4951 2195 5024 gationibus
2225 4945 2515 5003 obeundis.
2546 4944 2664 5010 Quo
2694 4942 2912 4997 nomine
2933 4943 3091 4996 etiam
3122 4941 3388 5012 Ephesius
3432 4944 3497 4998 ilo

1891 5044 1972 5099 los
1999 5043 2132 5097 alios
2159 5039 2286 5110 (Ep.
2312 5039 2382 5092 ad
2409 5035 2588 5100 Rom.,
2636 5033 2663 5105 §
2707 5031 2796 5102 IU)
2815 5074 2828 5096 ,
2864 5031 3126 5099 Crocum,
3155 5033 3489 5100 Onesimum,

1891 5137 2121 5207 Euplum
2151 5142 2310 5203 atque
2339 5129 2671 5183 Frontonem
2693 5166 2708 5190 ,
2744 5125 2936 5179 missos
2982 5133 3143 5193 puto,
3176 5135 3334 5196 atque
3357 5125 3495 5181 adeo

1893 5243 2003 5284 nou
2029 5226 2164 5281 alios
2200 5237 2358 5294 quam
2403 5219 2524 5275 illos
2570 5216 2860 5288 pertulisse
2886 5216 3171 5286 epistolam
3203 5215 3269 5269 ad
3299 5215 3496 5270 Roma-

1895 5336 2015 5378 nos.
2048 5317 2250 5374 Eodem
2280 5326 2504 5369 munere
2527 5309 2742 5365 functus
2758 5319 2840 5364 est
2859 5308 3013 5362 Philo
3034 5309 3195 5362 etiam
3215 5307 3497 5373 diaconus,

1896 5414 2033 5469 Cilix
2061 5408 2190 5482 (Ep.
2215 5407 2282 5462 ad
2311 5403 2638 5471 Philadelp.,
2664 5401 2691 5473 §
2720 5402 2832 5471 ii).
2857 5399 2962 5455 Sed
2996 5414 3095 5454 nec
3123 5399 3341 5454 Diaconi
3370 5399 3498 5466 soli,

1894 5506 1985 5561 alii
2017 5505 2175 5559 etiam
2207 5496 2451 5554 diaconis
2477 5493 2786 5564 superiores
2812 5490 3107 5561 legationes
3137 5499 3312 5545 tamen
3345 5490 3503 5546 obie-

1893 5606 2024 5655 runt
2053 5605 2300 5664 tempore
2330 5587 2542 5660 Iguatii.
2571 5583 2921 5663 IIouorabant
2941 5581 3198 5638 Sanctum
3227 5581 3500 5652 (inquiunt

1900 5700 2149 5747 auctores
2170 5682 2390 5755 martyri
2408 5678 2598 5752 Ignatii
2624 5675 2843 5746 martyri
2861 5673 3051 5746 coaevi)
3076 5690 3170 5746 per
3190 5672 3474 5742 episcopos
3488 5715 3504 5741 ,

1903 5783 2252 5858 presbyteros
2288 5785 2343 5832 et
2386 5774 2666 5835 diaconos,
2701 5766 2843 5822 Asiae
2889 5766 3122 5822 civitatis
3151 5774 3205 5819 et
3246 5762 3506 5858 Ecclesia:

1906 5853 2083 5955 (Edit.
2109 5869 2324 5941 ‘Usscr.,
2378 5887 2431 5942 ρ.
2464 5867 2543 5938 5).
2572 5861 2669 5933 Qui
2701 5869 2849 5919 certe
2896 5860 3018 5994 ips:
3057 5853 3334 5930 legationis
3379 5871 3503 5914 mos

2981 5991 3019 6017 ὅ
