3888 6336
387 363 457 420 43
1350 353 1716 416 DODWELLI
1753 351 2248 416 DISSSERTATIO
2283 347 2702 417 CYPRIANICA
3613 358 3700 420 Η»

391 474 650 536 sicculum
680 477 902 534 omnino
927 475 1264 547 lgnatianum
1295 477 1471 548 sapit,
1498 491 1606 532 non
1649 474 1870 547 aliquod
1902 490 1990 530 re-
2016 475 2068 534 A
2099 488 2158 530 se
2185 475 2468 545 haberent,
2516 487 2632 533 erat
2674 475 2858 546 utique
2896 472 3116 532 omnino
3158 472 3584 543 consentaneum
3633 485 3699 531 ut

391 573 623 629 centius.
656 569 714 626 Id
739 569 937 626 factum
964 585 993 623 a
1022 569 1308 641 Magnesiis
1339 571 1492 625 testis
1523 571 1636 640 ipse
1663 578 1746 625 est
1773 568 1992 639 amplis-

391 666 561 720 simus
592 665 824 736 lgnatius
857 662 984 735 (Ep.
1034 663 1102 716 ad
1128 662 1388 734 Magnes.,
1422 662 1449 732 §
1478 659 1559 732 2),
1610 676 1718 716 non
1770 661 1992 715 Damam

390 757 555 813 modo
585 772 774 831 eorum
801 737 1116 826 episcopum
1142 797 1158 823 ,
1191 754 1370 809 sedet
1396 753 1744 825 presbyteros
1769 754 1992 809 Bassum

391 859 447 902 et
488 847 857 918 Apollonium,
888 857 942 903 et
981 847 1266 902 diaconum
1296 845 1579 903 Sotionem
1608 861 1795 904 secum
1825 845 1996 903 fuisse

391 941 660 1013 Smyrna).
721 941 892 1011 Rogat
943 939 1036 994 ille
1080 939 1278 1009 saepius
1324 939 1614 1004 Ecclesias,
1652 948 1710 994 ut
1760 939 1994 1010 legatum

398 1034 633 1103 aliquem
658 1032 936 1087 mitterent
959 1030 1344 1085 confirmandae
1375 1030 1489 1085 sedi
1517 1045 1631 1086 sute
1655 1029 1994 1086 antiochena:

394 1127 652 1197 episcopo
678 1123 974 1178 destitutae.
1019 1121 1172 1178 Hunc
1204 1122 1295 1177 ille
1331 1137 1474 1178 nunc
1513 1122 1782 1200 θιοδρὸμον
1811 1121 1998 1194 appel-

390 1221 465 1275 lat
497 1217 620 1292 (Ep.
650 1217 719 1270 ad
749 1215 1056 1287 Polycarp4,
1088 1214 1116 1286 §
1144 1213 1221 1286 7),
1250 1230 1394 1272 nunc
1419 1217 1823 1292 θεοπρεσϐευτήν
1869 1214 1992 1288 (Ep.

391 1311 461 1364 ad
489 1309 726 1380 δυτψ-πη
777 1307 952 1381 5M),
993 1308 1149 1377 cujus
1198 1308 1442 1363 meminit
1472 1308 1634 1363 etiam
1681 1309 1733 1362 in
1783 1309 1886 1376 Ep.
1928 1306 1997 1361 ad

391 1402 769 1472 Philippenses
799 1398 1151 1470 Polycarpus.
1176 1398 1325 1465 Quos
1355 1413 1486 1454 vero
1517 1399 1624 1454 illa:
1649 1399 1858 1468 legatos
1903 1397 1999 1453 de-

392 1493 670 1556 stinarint,
720 1491 960 1547 ostendit
991 1491 1130 1546 idem
1164 1492 1537 1546 sanctissimus
1585 1500 1792 1563 martyr
1845 1491 1998 1562 lgna-

395 1587 503 1641 tius
528 1586 580 1639 in
616 1583 717 1655 Ep.
747 1583 817 1638 ad
866 1582 1406 1654 Philadelphienses:
1438 1584 1494 1640 Ai
1534 1582 1748 1658 ἔγγιστα
1780 1581 1996 1655 (inquit)

393 1678 654 1736 ἐκκλησίαι
692 1674 926 1749 ἔπεμψαν
970 1675 1304 1741 ἐπισκόπους,
1337 1676 1390 1730 αἱ
1419 1674 1473 1730 δὲ
1499 1676 1884 1752 πρεσϐυτέρους
1913 1678 2000 1731 καὶ

395 1769 658 1829 διακόνους
696 1766 828 1836 (Ep.
875 1766 943 1819 ad
975 1765 1391 1837 Philadelph.,§
1431 1764 1545 1837 10).
1593 1767 1916 1837 Dubitatqtte
1946 1767 1999 1821 in

2097 581 2204 621 non
2231 567 2364 622 alios
2391 567 2748 638 legationibus
2773 583 2934 638 quam
2955 568 3293 639 superiorum
3321 569 3570 624 ordinum
3597 567 3702 622 ad-

2099 659 2364 726 hiberent,
2394 659 2633 715 nondum
2659 660 2714 715 in
2740 661 3037 717 Ecclesiam
3068 661 3390 717 introductis
3419 663 3526 718 illis
3551 659 3698 717 infe-

2098 751 2298 806 riorum
2344 752 2594 807 ordinum
2639 752 3138 824 ministris'quibus
3181 769 3276 809 usa
3327 762 3414 810 est
3448 753 3702 811 Ecclesia

2097 853 2334 913 aetasque
2364 842 2638 916 Cypriani.

2172 934 2200 1006 §
2233 936 2320 991 t7.
2354 935 2518 992 Plane
2553 935 2864 994 referebant
2890 938 3006 995 haac
3031 938 3307 1011 lgnatiana
3335 941 3509 996 :etatis
3531 940 3702 996 etiam

2099 1027 2407 1096 apostolica:
2435 1029 2804 1084 recentissima
2832 1030 3080 1102 vestigia.
3113 1030 3331 1086 Illorum
3359 1047 3522 1103 opera
3549 1046 3703 1103 pra:-

2099 1119 2254 1188 cipua
2286 1120 2337 1174 in
2365 1119 2786 1176 disseminandis
2818 1123 3015 1193 potius,
3044 1138 3204 1194 quam
3231 1124 3481 1194 regendis
3507 1125 3706 1180 Eccle-

2100 1211 2195 1265 siis
2221 1212 2481 1267 collocata
2509 1222 2612 1268 est.
2648 1213 2881 1269 Proinde
2922 1225 3347 1272 consentaneum
3387 1225 3506 1272 erat
3533 1227 3594 1271 ut
3615 1217 3705 1272 le-

2099 1304 2207 1374 gati
2225 1319 2384 1373 quam
2403 1305 2932 1362 honorificentissimi
2959 1307 3345 1379 deligerentur,
3369 1311 3701 1379 praesertim,

2100 1412 2224 1452 cum
2257 1397 2308 1452 id
2340 1397 2513 1468 ipsum
2558 1398 2836 1471 Evangelii
2876 1389 3207 1473 propagandi
3247 1417 3462 1468 munus,
3507 1416 3704 1458 eorum

2103 1491 2292 1546 fulsset
2331 1493 2600 1562 pr:ecipue
2629 1493 2798 1564 quiin
2832 1487 3086 1565 primaria
3115 1505 3301 1552 essent
3326 1495 3588 1551 Ecclesiae
3612 1496 3705 1550 di-

2101 1583 2305 1652 gnitate
2351 1585 2663 1649 constituti,
2710 1585 2899 1655 quales
2927 1595 3084 1642 erant
3116 1586 3215 1656 ipsi
3244 1587 3475 1657 aposmli
3494 1628 3508 1652 ,
3536 1603 3708 1643 evan-

2102 1674 2328 1744 gelistte,
2361 1685 2466 1732 etc.
2499 1675 2779 1732 Habebam
2819 1676 2980 1748 igitur
3007 1677 3281 1744 Ecclesiis,
3317 1687 3511 1749 praeter
3535 1679 3663 1734 illos
3688 1719 3706 1745 ,

2103 1768 2348 1838 primarii
2375 1769 2629 1836 nominis,
2647 1769 2848 1824 Christi
2871 1769 3163 1840 apostolos,
3184 1771 3313 1840 ipsa:
3337 1786 3552 1841 quoque
3573 1786 3710 1827 suos

393 1876 456 1915 ea
486 1874 646 1930 quam
675 1856 908 1913 diximus
932 1857 1410 1928 ad‘Philippenses
1433 1857 1670 1928 Epistola
1699 1859 1815 1929 ipse
1841 1857 2002 1930 Poly-
2032 1863 2082 1922 Β
2113 1872 2247 1928 quos
2285 1858 2471 1915 itidem
2502 1860 2847 1930 appellabant
2876 1863 3170 1932 apostolos,
3205 1873 3508 1932 propterea,
3539 1872 3598 1916 ut
3627 1863 3712 1916 vi—

393 1969 623 2024 carpus,
665 1954 854 2024 ipsene
903 1951 1230 2022 legationem
1261 1953 1463 2016 obiret,
1509 1967 1575 2006 an
1607 1953 1773 2007 alium
1819 1954 2001 2023 potius

394 2047 638 2100 mitteret
689 2044 948 2114 legatum.
999 2041 1075 2097 lta
1103 2058 1209 2099 non
1241 2052 1360 2099 erat
1387 2060 1414 2097 a
1443 2043 1566 2100 loco
1591 2044 1756 2099 etiam
1785 2045 1999 2114 episco-

391 2141 501 2209 pali
535 2138 770 2194 alienum
803 2146 861 2191 ut
889 2137 989 2206 ipsi
1017 2135 1347 2207 legationum
1371 2152 1596 2193 munere
1626 2137 1998 2209 fungerentur.

394 2231 474 2285 Ex
501 2244 613 2300 quo
643 2229 805 2284 etiam
831 2229 1010 2282 obiter
1035 2237 1248 2282 constat
1271 2244 1431 2296 quam
1460 2245 1564 2283 non
1593 2227 1775 2294 fuerit,
1804 2243 1870 2284 eo
1896 2244 2000 2284 sae-

394 2324 541 2389 culo,
575 2321 817 2391 episcopi
847 2320 1084 2375 officium
1119 2322 1190 2375 ita
1221 2322 1408 2387 fixum,
1461 2332 1520 2375 ut
1566 2321 1773 2390 putavit
1802 2322 2002 2376 Salma-

395 2417 527 2472 sius.
570 2414 749 2484 lpsum
779 2414 958 2484 potius
984 2413 1222 2482 episcopi
1252 2427 1447 2466 nomen
1484 2427 1514 2466 a
1542 2414 1999 2484 peregrinantium

395 2507 449 2562 in
477 2509 669 2578 grtecis
692 2505 998 2560 civitatibus
1025 2502 1204 2558 officio
1233 2503 1573 2573 desumptum
1597 2513 1731 2558 erat.
1769 2504 1835 2559 Et
1864 2505 1999 2559 clio-

394 2601 708 2670 repiscopos
734 2596 1071 2672 περιοδευτάς
1119 2597 1391 2666 appellant
1434 2596 1720 2664 Canones,
1769 2611 2000 2667 quorum

394 2694 537 2749 idem
582 2707 710 2747 rure
736 2690 976 2745 officium
1009 2697 1170 2758 atque
1219 2689 1271 2742 in
1322 2687 1545 2743 urbibus
1597 2689 1998 2757 episcoporum.

394 2787 493 2842 Est
513 2794 690 2840 autem
723 2781 958 2860 περίοδος
987 2782 1174 2835 eadem
1224 2781 1315 2834 illa
1343 2796 1445 2834 vox
1481 2795 1585 2850 qua
1630 2766 1998 2849 apostolorum

394 2877 860 2948 peregrinationes
889 2875 939 2927 in
967 2873 1365 2942 antiquioribus
1393 2872 1650 2927 Ecclesiae
1680 2886 2002 2926 monumen—

398 2971 469 3026 tis
503 2969 750 3025 denotari
794 2966 1107 3021 observavit
1134 2966 1251 3034 ipse
1293 2964 1609 3019 Salmasius.
1639 2963 1783 3018 Nihil
1815 2965 1996 3034 itaque

400 3069 549 3117 vetat
577 3059 798 3115 eosdem
827 3066 883 3113 et
909 3056 1184 3127 apostolos
1206 3054 1374 3111 fuisse
1404 3065 1458 3110 et
1487 3055 1794 3126 episcopos,
1821 3065 1876 3111 et
1904 3071 2002 3126 pe-

395 3152 663 3224 regrinari
693 3150 933 3220 potuisse
955 3161 1008 3203 et
1037 3149 1202 3203 certis
1229 3158 1409 3202 tamen
1441 3147 1702 3203 Ecclesiis
1743 3162 1998 3217 praeesse.

2105 1950 2283 2018 detur,
2313 1951 2455 2021 quod
2487 1951 2658 2006 nuntii
2684 1953 2846 2022 vulgo
2868 1953 3232 2020 mitterentur,
3266 1961 3324 2008 ut
3348 1961 3712 2024 repraesenta-

2105 2051 2246 2109 rent,
2266 2058 2298 2098 a
2326 2042 2522 2113 quibus
2549 2044 2912 2110 mitterentur,
2944 2043 3235 2098 Ecclesias.
3271 2044 3325 2098 ld
3353 2045 3497 2099 enim
3529 2046 3713 2114 ipsum

2107 2134 2332 2190 innuere
2357 2135 2588 2200 videtur,
2622 2149 2683 2190 ea
2713 2143 2892 2200 aetate,
2924 2135 3097 2204 ipsum
3125 2135 3456 2205 apostolatus
3483 2150 3710 2192 nomen.

2107 2227 2170 2282 Hi
2199 2227 2426 2298 apostoli
2467 2227 2810 2296 appellantur
2854 2227 3127 2284 ἀπόστολοι
3149 2229 3422 2287 ἐκκλησιῶν
3453 2226 3519 2302 (ΙΙ
3558 2227 3710 2297 Cor.,

2107 2333 2218 2380 viti,
2249 2316 2366 2389 2'5.)
2408 2317 2482 2372 Ita
2510 2316 2917 2387 Epaphroditus
2942 2317 3372 2388 Phili‘ppensium
3402 2329 3518 2373 erat
3546 2334 3714 2389 apos-

2109 2411 2250 2465 tolus
2275 2409 2466 2483 (Phil..
2491 2427 2548 2477 ll,
2577 2409 2695 2483 25.)
2724 2412 2856 2479 Qua:
2881 2419 3059 2466 autem
3084 2410 3350 2467 beneficia
3375 2412 3483 2466 illis
3509 2413 3712 2468 collata

2106 2511 2251 2567 sunt,
2269 2518 2332 2558 ea
2364 2519 2470 2557 non
2501 2505 2553 2557 in
2583 2504 2704 2558 illos
2729 2504 2875 2557 solos
2896 2503 2989 2558 sed
3019 2507 3088 2564 sic
3111 2505 3391 2578 πρόσωπον
3409 2512 3507 2560 τῶν
3527 2506 3712 2564 ἐκκλη-

2107 2603 2229 2649 σιῶν
2260 2595 2563 2650 redundare
2611 2595 2996 2661 credebantur,
3029 2606 3316 2666 propterea
3357 2597 3498 2666 quod
3528 2597 3713 2652 eccle-

2105 2687 2213 2740 sias
2239 2686 2377 2752 illas,
2397 2696 2454 2740 ut
2476 2687 2607 2750 dixi,
2633 2696 3106 2755 reprarsentarent.
3129 2685 3207 2740 Ex
3235 2687 3714 2758 quointelligimus

2107 2789 2361 2848 quantum
2393 2779 2656 2832 aberrarit
2682 2781 2749 2834 ab
2777 2779 3004 2848 apostoli
3033 2788 3215 2834 mente
3242 2783 3294 2833 in
3327 2779 3517 2833 horum
3543 2795 3711 2850 aposo

2109 2871 2341 2925 telorum
2391 2871 2750 2938 explicatione
2793 2870 2949 2924 Walo
2981 2871 3298 2926 Messalinus
3324 2912 3338 2934 ,
3366 2887 3489 2926 cum
3511 2887 3716 2928 secun-

2107 2962 2290 3016 darios
2323 2961 2487 3016 hosce
2516 2958 2792 3030 apostolos
2829 2976 2857 3014 a
2897 2962 3167 3032 primariis
3206 2964 3402 3017 missos
3432 2963 3714 3019 existimat

2108 3051 2175 3103 ad
2202 3051 2478 3116 ecclesias,
2504 3065 2609 3104 non
2630 3053 2748 3106 vice
2769 3066 2921 3106 versa
2950 3052 3018 3105 ab
3047 3052 3295 3107 ecclesiis
3315 3052 3380 3106 ad
3402 3052 3708 3123 apostolos.

2110 3143 2164 3197 Id
2196 3146 2242 3198 si
2284 3143 2474 3200 fuisset
2503 3161 2710 3209 verum,
2743 3145 2808 3200 ad
2850 3146 3128 3220 πρόσωπον
3159 3147 3431 3206 ἐκκλησιῶν
3477 3147 3715 3203 attinere

399 3247 708 3304 Prresertim
756 3259 876 3299 cum
928 3259 1033 3297 non
1062 3243 1132 3296 sit
1160 3242 1228 3296 de
1257 3241 1484 3295 aliorum
1511 3241 1880 3311 apostolorum
1910 3255 2002 3310 pe-
2029 3242 2074 3305 C
2111 3251 2216 3290 non
2263 3238 2434 3307 potuit
2491 3239 2700 3292 illorum
2743 3238 2832 3292 ille
2862 3238 3045 3293 cultus
3069 3278 3084 3303 ,
3122 3239 3215 3292 sed
3261 3254 3391 3294 vero
3421 3240 3487 3293 ad
3518 3255 3712 3295 eorum

399 3337 855 3410 regrinationibus
882 3353 913 3390 e
945 3335 1002 3389 S.
1038 3334 1188 3389 Pauli
1221 3333 1472 3403 exemplo
1502 3335 1866 3388 statuemlum.
1895 3333 2002 3389 Re-

399 3433 530 3501 liqui
575 3440 723 3486 certe
762 3424 898 3484 intra
929 3437 1106 3483 certas
1137 3442 1259 3482 sese
1287 3437 1343 3480 ut
1375 3427 1664 3496 plurimum
1698 3429 2000 3498 provincias

400 3526 769 3588 continebant,
795 3522 896 3577 sub
927 3522 1069 3576 illius
1095 3520 1277 3575 surculi
1303 3521 1486 3586 tinem,
1515 3536 1634 3576 cum
1660 3522 1771 3591 jam
1800 3524 2003 3578 consti-

401 3627 528 3671 tunc
558 3625 740 3670 essent
785 3614 1050 3679 ecclesiae,
1101 3622 1157 3666 et
1206 3611 1259 3665 in
1301 3611 1547 3667 ecclesiis
1583 3615 1844 3683 episcopi.
1880 3613 1996 3668 Non

405 3713 562 3782 longe
591 3711 657 3764 ab
705 3707 1089 3778 Hierosolymis
1119 3706 1489 3776 peregrinatus
1519 3707 1729 3761 videtur
1758 3709 1816 3763 S.
1844 3707 1992 3762 Jaco-

404 3805 526 3868 bns,
556 3804 764 3857 siveris
792 3801 1154 3854 monumentis
1201 3799 1493 3862 credimus,
1540 3801 1702 3852 etiam
1741 3801 1996 3855 Actorum

405 3897 532 3953 illis.
561 3894 668 3949 Nec
696 3893 851 3962 longe
877 3892 944 3944 ab
978 3891 1246 3958 llierapoli
1277 3888 1602 3959 Philippum,
1637 3906 1737 3946 nec
1765 3891 1833 3945 ab
1872 3892 1998 3946 Asia

403 3985 777 4060 proconsulari
809 3983 1072 4038 Joannem
1101 3982 1414 4036 discessisse
1441 3983 1666 4036 innuunt
1693 3983 2000 4054 Polycrates

405 4088 461 4135 et
488 4077 742 4133 Clemens
765 4074 1184 4128 Alexandrinus.
1216 4072 1271 4124 lu
1304 4072 1387 4126 his
1413 4072 1668 4126 limitibus
1696 4073 1826 4126 nihil
1861 4082 2003 4128 vetat

406 4173 460 4227 in
502 4169 759 4225 Ecclesia:
790 4167 1062 4236 primmvze
1088 4165 1373 4233 disciplina
1415 4165 1538 4234 quin
1563 4166 1652 4219 alii
1679 4182 1889 4236 quoque
1913 4173 2005 4236 pe-

405 4264 669 4335 regrinari
695 4261 901 4331 possint
922 4258 1180 4329 episc0pi.
1206 4257 1345 4323 Quid
1375 4257 1514 4327 quod
1539 4259 1701 4312 etiam
1733 4259 2006 4314 S.Paulus

413 4357 457 4431 (l
482 4357 621 4419 Con,
657 4370 724 4408 xv
747 4397 762 4421 ,
798 4352 882 4422 10)
924 4367 1046 4408 cum
1077 4367 1134 4406 se
1161 4350 1400 4419 reliquos
1430 4350 1706 4421 apostolos
1739 4352 1789 4406 in
1823 4353 2007 4407 labore

408 4463 695 4520 superasse
720 4445 1032 4509 contendit,
1065 4443 1118 4497 id
1166 4451 1312 4498 certe
1341 4444 1625 4500 manifeste
1658 4447 1865 4512 innuit,
1898 4462 2007 4501 non

409 4558 531 4598 esse
573 4542 901 4611 reliquorum
956 4537 1324 4606 apostolorum
1370 4537 1584 4592 labores
1629 4554 1659 4592 e
1703 4554 1803 4593 suo
1853 4540 2009 4592 unius

2109 3329 2286 3398 potius
2335 3345 2364 3383 a
2405 3330 2600 3398 quibus
2647 3331 3074 3406 misshfuissent
3132 3333 3518 3401 apostolorum.
3569 3332 3714 3399 Quid

2107 3421 2249 3490 quod
2296 3421 2484 3476 durior
2536 3422 2624 3474 illa
2673 3423 2850 3475 omnis
2897 3422 3141 3476 videatur
3187 3423 3560 3493 interpretatio
3602 3439 3714 3494 qua

2107 3517 2382 3572 ἀπὸστολοι
2429 3519 2702 3576 ἐκκλησιῶν
2741 3517 2952 3571 dicendi
2998 3528 3154 3572 erant
3201 3520 3290 3588 qui
3338 3520 3406 3573 ad
3453 3521 3715 3576 ecclesias

2109 3607 2423 3676 plantandas
2455 3607 2608 3662 missi
2643 3620 2826 3663 essent
2867 3610 3046 3679 potius
3071 3625 3230 3678 quam
3265 3610 3339 3664 illi
3370 3613 3458 3681 qui
3489 3612 3556 3666 ab
3580 3613 3716 3682 ipsis

2109 3699 2259 3753 missi
2290 3699 2516 3754 fuissent
2545 3703 2814 3755 ecclesiis.
2860 3701 2950 3754 Dei
2982 3713 3130 3755 certe
3173 3699 3482 3773 Chrisdque
3521 3701 3713 3773 appel-

2109 3792 2289 3844 lantur
2337 3792 2569 3860 apostoli
2616 3807 2720 3846 non
2763 3795 2852 3862 qui
2899 3791 2964 3844 ad
3020 3793 3185 3847 Deum
3214 3793 3578 3859 Christumve,
3612 3795 3714 3850 sed

2108 3886 2198 3956 qui
2226 3884 2294 3939 ab
2322 3885 2508 3938 iisdem
2557 3885 2865 3947 mittuntttr,
2907 3893 2964 3936 ut
3008 3899 3144 3938 nova
3174 3901 3397 3955 prorsus
3441 3888 3715 3957 exemplo.

2109 3993 2214 4047 que
2243 3978 2392 4032 omni
2423 3975 2674 4031 destituta
2720 3977 2789 4030 sit
2817 3979 3084 4030 contraria
3119 3978 3206 4031 illa
3238 3977 3458 4033 locutio.
3491 3979 3573 4033 Ab
3613 3979 3717 4035 hac

2109 4073 2288 4140 potius
2338 4072 2599 4126 mittentis
2629 4085 2872 4140 persona:
2923 4073 3398 4140 repraesentatione
3424 4073 3716 4143 primario-

2112 4182 2228 4218 rum
2261 4180 2476 4235 quoque
2514 4166 2725 4219 videtur
2754 4165 3122 4234 apostolorum
3173 4167 3324 4236 origo
3373 4167 3711 4224 deducenda.

2115 4258 2423 4328 Principum
2455 4259 2723 4313 satellites
2753 4259 3004 4314 dicuntur
3028 4276 3254 4330 quorum
3285 4263 3337 4316 id
3367 4261 3599 4318 ofﬁcium
3632 4274 3718 4320 est

2114 4361 2168 4402 ut
2218 4350 2549 4418 principibus
2599 4363 2782 4403 coram
2828 4350 3035 4416 adsint,
3070 4365 3395 4424 semperque
3443 4355 3497 4408 in
3523 4369 3717 4410 eorum

2115 4450 2402 4510 conspectu
2422 4440 2798 4496 obversentur.
2828 4439 2956 4496 lude
2976 4443 3150 4496 vultus
3173 4445 3470 4514 principum
3492 4445 3712 4510 intueri,

2113 4543 2275 4603 atque
2305 4533 2372 4588 ab
2416 4549 2605 4590 eorum
2646 4533 2882 4587 vultibus
2909 4534 3205 4602 procedere
3243 4533 3516 4590 dicuntur.
3563 4536 3716 4602 Quos

409 4635 659 4706 exemplo
687 4629 1057 4687 :estimandos.
1086 4630 1336 4697 Singulos
1364 4629 1430 4683 ab
1460 4629 1551 4682 illo
1575 4641 1861 4700 superatos
1889 4647 2010 4687 esse
2034 4632 2091 4694 D
2119 4625 2296 4679 vullus
2333 4625 2601 4694 appellant
2631 4627 2951 4694 inlerprcles
2982 4625 3132 4678 lalilli
3156 4668 3168 4691 ,
3191 4639 3294 4680 ‘eos
3333 4631 3465 4685 D’JEJ
3492 4642 3588 4696 pro
3616 4643 3718 4682 suo

411 4729 649 4798 apertius
675 4735 758 4779 est
779 4739 935 4794 quam
974 4731 1032 4776 ut
1062 4721 1129 4776 de
1160 4736 1226 4776 eo
1248 4721 1478 4775 dubitari
1515 4724 1705 4791 possit.
1738 4722 1813 4777 Ita
1844 4724 2007 4778 etiam

410 4822 526 4891 ejus
548 4821 709 4874 verba
735 4817 960 4887 intelligi
977 4823 1202 4886 possunt
1224 4824 1281 4868 ut
1301 4829 1491 4869 omnes
1509 4816 1748 4869 omnium
1771 4817 2009 4880 labores,

414 4916 573 4970 etiam
621 4915 876 4968 collectos
900 4952 914 4975 ,
961 4911 1119 4981 longo
1146 4917 1268 4978 post
1295 4923 1360 4962 se
1393 4909 1680 4964 intervallo
1709 4912 2008 4978 reliquerit.

409 5006 468 5061 Id
517 5007 561 5061 si
610 5020 797 5059 verum
842 5004 944 5066 sit,
996 5002 1323 5071 reliquorum
1382 5001 1750 5069 apostolorum
1799 5004 2010 5059 labores

410 5112 622 5168 aequare
649 5103 897 5166 poterant
925 5093 1186 5164 episcopi.
1220 5091 1475 5162 Equavit
1501 5093 1726 5149 fortasse
1757 5095 2011 5167 Polycar-

410 5203 533 5258 pus,
565 5203 684 5242 cum
713 5204 742 5240 e
769 5188 994 5256 Smyrna
1025 5199 1116 5238 sua
1141 5185 1368 5238 Romam
1397 5183 1498 5238 sub
1530 5185 1756 5241 Aniceto
1785 5196 2010 5242 conten-

410 5282 583 5347 deret,
615 5281 736 5335 inde
767 5279 1008 5333 fortassis
1037 5279 1086 5332 in
1120 5277 1349 5333 Galliam
1382 5277 1816 5348 Lugdunensium
1861 5282 2007 5336 illam

411 5372 903 5440 Viennensiumque
926 5371 1345 5425 Christianorum
1370 5371 1636 5426 coloniam
1654 5371 2004 5429 deducutrus.

409 5463 566 5518 Nulla
598 5471 743 5516 certe
775 5463 1044 5531 prinircvre
1095 5462 1350 5516 Ecclesia:
1399 5462 1613 5516 indubia
1659 5475 2004 5520 monumenta

410 5554 635 5608 suadent
670 5553 828 5621 hujus
859 5553 1016 5607 unius
1043 5552 1252 5607 labores
1278 5553 1609 5622 reliquorum
1639 5557 2004 5623 apostolorum

408 5644 684 5699 laboribus
728 5638 893 5698 fuisse
947 5644 1250 5700 inferiores.
1294 5643 1476 5714 Longe
1524 5655 1699 5698 tamen
1746 5649 1896 5701 abest
1946 5658 2007 5703 ut

408 5737 727 5806 episcopalis
757 5737 919 5791 officii
973 5736 1111 5791 fines
1139 5738 1455 5804 excesserit,
1490 5739 1572 5792 vel
1609 5749 1663 5792 ut
1693 5754 1760 5794 eo
1786 5745 2003 5797 nomine

411 5829 557 5891 illum
584 5839 826 5885 veterum
867 5829 1130 5900 quispiam
1161 5828 1590 5899 reprehenderit.
1624 5831 1751 5898 Quae
1778 5847 1900 5888 cum
1932 5835 2002 5889 ita

2117 4717 2372 4773 idiomate
2401 4719 2618 4772 hebraai.
2657 4717 2788 4770 Eam
2835 4731 3016 4771 vocem
3055 4719 3335 4791 πρόσωπον
3374 4718 3606 4772 reddunt
3638 4722 3720 4773 in-

2119 4819 2391 4880 terpretes
2429 4812 2610 4880 gmci.
2639 4810 2745 4864 Pro
2773 4825 2837 4864 eo
2864 4809 3165 4879 principum
3199 4825 3348 4864 more
3380 4809 3474 4864 Dei
3501 4825 3716 4881 quoque

2117 4904 2404 4975 prmsentia
2445 4904 2772 4971 inajestatica
2814 4903 2990 4955 vultus
3020 4903 3278 4972 facieique
3308 4903 3638 4974 metaphoris
3662 4906 3715 4959 in

2119 4997 2393 5065 Scriptura
2426 4995 2799 5049 obumbratur.
2847 4993 3008 5048 Panis
3038 4995 3416 5066 propositionis
3457 4996 3610 5064 panis
3642 4995 3718 5049 fa-

2118 5088 2321 5142 cierum
2354 5087 2676 5156 appellatur,
2709 5099 2895 5140 eorum
2930 5102 3122 5156 nempe
3161 5089 3412 5158 proprius
3440 5087 3528 5156 qui
3564 5087 3714 5156 prin-

2118 5181 2296 5250 cipum
2351 5177 2748 5234 commensales
2808 5179 3020 5233 fierent.
3054 5179 3289 5248 Angelus
3319 5178 3617 5247 praesentia:
3659 5179 3714 5233 in

2117 5273 2380 5342 propheta
2420 5271 2557 5325 idem
2602 5279 2685 5326 est
2719 5272 2808 5340 qui
2857 5271 2948 5326 Dei
2982 5271 3166 5325 faciem
3198 5272 3391 5325 intueri
3424 5270 3621 5324 dicitur
3661 5272 3717 5326 in

2119 5362 2432 5433 Evangelio.
2454 5361 2523 5417 Ut
2546 5371 2723 5416 autem
2750 5378 2845 5431 pro
2864 5363 3175 5432 nuntiorum
3199 5363 3454 5432 dignitate
3481 5361 3547 5417 de
3571 5362 3718 5431 prin-

2114 5457 2294 5526 cipum
2343 5464 2456 5510 erat
2484 5455 2809 5511 contumelia
2837 5455 3208 5524 judicandum,
3256 5470 3321 5509 eo
3352 5454 3581 5524 graviori
3609 5469 3718 5524 quo

2116 5553 2336 5606 nuntius
2391 5550 2587 5604 fuisset
2639 5549 2989 5615 honoratior;
3041 5551 3110 5604 ita
3160 5551 3205 5602 is
3260 5549 3479 5604 honoris
3517 5549 3716 5618 gradus

2115 5657 2358 5698 summus
2384 5652 2542 5707 erat,
2595 5642 2638 5694 si
2671 5641 2788 5710 quis
2817 5652 2960 5696 esset
2992 5642 3043 5696 in
3087 5641 3390 5710 principum
3421 5649 3718 5709 conspectu

2114 5735 2600 5807 frequentissimus.
2629 5734 2728 5802 Qui
2755 5735 2916 5805 igitur
2941 5752 2972 5791 e
2990 5735 3260 5806 principis
3287 5734 3436 5789 vultu
3467 5748 3717 5803 egressus

2109 5829 2403 5903 diceretur,
2437 5827 2590 5884 illum
2629 5827 2674 5881 si
2705 5828 2824 5898 quis
2855 5827 3031 5884 minus
3076 5827 3372 5884 honorifice
3410 5834 3714 5898 tractasset,
