3888 6396
111 420 155 474 l5
1153 414 1242 476 DE
1279 412 1762 477 PRESBYTERIS
1799 403 2254 477 DOCTORIBUS.
3313 412 3389 475 46

111 531 270 601 perinde
289 541 398 588 erat
424 545 493 590 ac
523 531 572 589 si
619 533 956 620 principem
993 534 1165 602 ipsum
1205 549 1389 590 coram
1427 542 1646 606 agentem

1850 541 1987 588 ntur.
2005 533 2189 622 Ἐξὸξε,
2207 539 2313 589 etc.
2338 529 2696 606 ἐκλεξαμένους
2713 531 2806 592 om
2807 555 2902 614 ρας
2918 534 2966 604 ἒξ
2980 534 3147 594 αὖτῶν
3160 535 3385 612 πέμψας,

111 612 1676 701 prasentemquecontempsisset.Cumitaquecommunem
1782 635 1886 683 ctc.
1922 612 2089 699 (Act;
2136 643 2226 691 xv,
2273 626 2392 700 αθ),
2436 628 2582 699 quod
2633 637 2690 684 et
2732 612 2954 702 reiipsa
2991 633 3379 703 praestiterunt.

112 722 608 792 sibiatqueapostolis
633 721 925 776 honorem
946 719 1556 791 forecontemptumquc
1575 719 1679 774 Do.
1779 734 1833 772 v.
1877 717 1973 773 25.
1999 717 2109 774 Nec
2156 719 2318 774 aliter
2371 718 2562 786 Judaei,
2613 737 2645 775 a
2693 722 2889 791 quibus
2942 725 3007 780 ad
3052 714 3381 784 chriﬁianos

115 815 243 869 minus
260 812 550 884 proﬁtetur,
587 812 644 868 id
675 829 893 884 nempe
923 813 1095 868 innuit
1133 813 1184 867 in
1221 827 1410 869 eorum
1459 813 1680 866 nuntio-
1782 826 2067 867 emanasse
2093 811 2309 868 videtur
2334 813 2665 882 exemplum.
2691 813 2772 869 llli
2801 817 2960 872 etiam
2989 816 3182 892 ἄνδρας
3211 824 3384 878 ἐκλεκ-

118 922 203 962 ratn
240 923 447 963 numero
498 906 802 963 habendos
855 906 949 977 qui
995 915 1179 963 essent
1217 908 1320 962 ἀπὸ
1364 909 1652 982 προσώπου

1855 907 1906 965 5c
1931 903 2254 975 delegarnnt
2297 905 2351 960 in
2392 920 2606 961 omnem
2659 916 2880 973 terram,
2913 911 3138 984 λέγοντες
3191 914 3390 994 αἳρεσιν

120 999 226 1055 idem
257 1015 370 1072 ergo
412 999 482 1056 de
513 1000 601 1054 his
646 1000 1015 1056 ecclesiarum
1044 999 1306 1071 apostolis
1333 998 1655 1053 statuendun

1852 1019 1927 1054 εον
1969 1007 2292 1076 χριστιανῶν
2322 1003 2614 1074 πεφηνέναι,
2646 1009 2784 1058 teste
2804 1043 2817 1069 ,
2853 1019 2958 1064 non
2991 1019 3100 1060 uno
3140 1005 3194 1061 in
3225 1007 3344 1063 loco
3369 1051 3387 1078 ,

127 1093 502 1148 abecclesiarum
529 1092 693 1163 quasi
713 1091 960 1147 vultibus
982 1091 1380 1156 fuisse,cumin
1398 1101 1678 1160 utrosque,
1787 1091 1845 1148 S.
1873 1091 2085 1153 Justino
2115 1094 2349 1163 Martyre
2400 1093 2636 1167 (Dialog.
2685 1113 2801 1151 cum
2849 1095 3137 1168 Tryplton.,
3174 1117 3227 1170 p.
3257 1100 3389 1170 254,

129 1195 206 1238 tam
227 1185 459 1241 ecclesias
483 1185 750 1239 nimirum
777 1185 928 1254 ipsas
951 1226 966 1252 ,
997 1199 1153 1253 quam
1182 1182 1381 1237 missos
1413 1181 1480 1236 ab
1507 1181 1682 1237 eccle—
1786 1199 1841 1247 ιι,
1872 1185 1997 1250 535,
2028 1184 2105 1258 c).

131 1275 198 1328 siis
217 1275 486 1345 apostolos,
514 1289 845 1331 communes
867 1274 1236 1335 redundarent
1261 1272 1498 1328 honores
1519 1279 1682 1341 atque
1861 1276 1889 1348 §
1932 1275 2020 1332 18.
2061 1276 2246 1348 Neque
2277 1293 2407 1336 vero
2447 1280 2751 1336 mirandum
2793 1284 3055 1354 apostolis
3085 1284 3203 1341 htec
3248 1302 3392 1357 prac-

129 1368 433 1432 cootumeliae,
459 1368 615 1439 quasi
659 1382 830 1422 unam
873 1366 1088 1436 utrique
1118 1365 1471 1435 eamdemque
1497 1377 1686 1433 perso-
1788 1368 1990 1423 stitisse
2019 1370 2314 1438 ecclesias,
2344 1387 2468 1427 cum
2509 1372 2673 1428 etiam
2705 1374 2933 1445 plebeiis
2961 1376 3273 1450 christianis
3304 1393 3393 1434 ea-

128 1476 223 1514 nam
251 1463 588 1517 sustinerent.
617 1460 770 1528 Quod
802 1460 850 1515 si
884 1475 1068 1515 verum
1091 1466 1257 1526 esset,
1288 1456 1430 1528 quod
1461 1464 1688 1511 conten-
1788 1457 1911 1515 dem
1941 1463 2313 1532 praistiterint,
2345 1466 2389 1520 si
2408 1466 2624 1536 quando
2647 1467 2699 1522 in
2721 1460 2884 1524 rebus
2905 1485 3019 1525 rem
3048 1470 3397 1526 christianam

128 1553 187 1606 dit
217 1553 492 1609 Salmasius
513 1595 532 1622 ,
560 1551 922 1610 secundarios
956 1551 1120 1608 hosce
1148 1550 1505 1607 ecclesiarum
1544 1561 1682 1618 apo-
1789 1551 2058 1621 publicam
2102 1555 2458 1611 attinentibus
2507 1568 2925 1628 occuparentur.
2975 1560 3107 1616 Erat
3142 1563 3399 1618 nimirum

126 1645 261 1701 stolos
282 1662 380 1702 non
406 1647 512 1702 alia
534 1646 604 1702 de
633 1661 798 1703 causa
829 1645 996 1700 fuisse
1009 1643 1359 1700 ecclesiarum
1378 1657 1542 1714 quam
1562 1642 1687 1712 quia
1790 1659 1896 1699 non
1916 1645 2137 1701 minima
2157 1636 2562 1705 communienis
2585 1666 2709 1721 pars
2731 1651 2784 1705 in
2808 1651 3029 1723 hospitii
3053 1654 3174 1725 jure
3199 1657 3398 1726 posita,

124 1736 175 1791 ad
199 1738 433 1794 ecclesias
460 1738 783 1810 plantandas
810 1737 1199 1793 mitterentur:
1232 1750 1339 1790 non
1380 1742 1528 1790 esset
1555 1747 1687 1788 sane
1790 1751 1896 1806 quo
1916 1739 2340 1807 spectanLetiam
2365 1745 2612 1796 ve’terum
2629 1745 3400 1814 quamplurimmlittertecom-

123 1844 198 1884 cur
223 1836 428 1900 possent
453 1847 485 1887 a
512 1831 786 1904 primariis
814 1831 982 1888 etiam
1009 1829 1275 1901 apostolis
1307 1828 1413 1884 hoc
1443 1827 1561 1883 solo
1589 1842 1688 1881 no-
1792 1827 2144 1898 mendatitiae,
2169 1846 2398 1901 quarum
2426 1832 2491 1887 ad
2523 1833 2878 1892 imitationem
2900 1837 3094 1893 litterae
3110 1839 3275 1895 etiam
3303 1855 3398 1897 ec-

123 1926 241 1980 mine
264 1925 538 1997 distingui.
577 1923 685 1996 Ipsi
722 1925 871 1982 enim
902 1924 979 1979 illi
999 1920 1198 1978 Christi
1227 1922 1461 1994 apostoli
1487 1922 1554 1976 ad
1583 1921 1689 1976 hoc
1716 1951 1764 2014 Β
1791 1920 2110 2014 clesiasticze
2173 1922 2420 1979 formata:
2475 1933 2743 1997 susCepta‘.
2804 1938 3186 2002 conceptthue
3253 1943 3401 1990 sunt.

124 2033 306 2090 quoque
331 2018 475 2074 idem
500 2017 920 2090 plantandarum
949 2016 1297 2072 ecclesiarum
1315 2030 1512 2071 munus
1536 2014 1689 2070 missi
1718 2013 1721 2014 ⁷
1794 2013 2107 2085 Hospitibus
2127 2025 2308 2072 autem
2332 2020 2799 2076 commorantibus
2820 2033 3067 2094 sumptus
3086 2026 3256 2095 gratis
3271 2041 3402 2098 sup-

122 2121 224 2165 sunt
246 2125 274 2165 a
297 2109 509 2166 Christo
535 2119 700 2180 atque
725 2108 985 2166 destinati
1011 2105 1196 2180 (Eph.,
1230 2109 1304 2172 iv,
1329 2108 1419 2170 Η,
1448 2106 1536 2173 12,
1571 2104 1684 2178 15).
1792 2106 2015 2177 peditati
2033 2115 2158 2161 sunt
2187 2106 2592 2167 discedentibus
2613 2113 2773 2168 xenia
2797 2113 3017 2180 donata,
3041 2121 3158 2172 etsi
3177 2133 3403 2175 necesse

123 2202 282 2259 Certos
305 2204 448 2260 enim
479 2212 536 2259 et
556 2203 658 2274 ipsi
685 2202 963 2259 habebant
988 2216 1057 2257 ex
1083 2211 1242 2273 pacto
1267 2201 1504 2266 κανόνας,
1535 2212 1602 2253 ne
1632 2199 1688 2251 in
1792 2207 1968 2264 esset,
1996 2201 2225 2256 comites
2257 2201 2468 2257 itineris
2512 2204 2703 2274 additi,
2730 2206 2777 2260 si
2807 2207 2944 2262 ultra
2973 2221 3156 2265 essent
3187 2211 3404 2281 profec-

125 2299 206 2353 llOC
227 2296 502 2355 inferiores
527 2297 903 2354 existimemus
933 2296 1285 2354 secundarios
1321 2294 1488 2349 hosce
1523 2293 1691 2346 fuisse
1793 2291 1920 2344 turi.
1941 2290 2068 2346 Haec
2089 2308 2157 2347 ex
2179 2293 2572 2364 antiquissimis
2598 2295 2820 2354 Homeri
2851 2300 3097 2370 hospitiis
3119 2302 3406 2359 manifesta

125 2389 384 2458 apostolos.
407 2389 564 2458 Quod
599 2403 729 2444 vero
756 2402 956 2444 munus
979 2388 1130 2444 illum
1168 2385 1522 2460 Epaphroditi
1555 2399 1689 2454 apo-
1794 2391 1950 2448 sunt,
1979 2399 2100 2455 quae
2142 2386 2199 2440 in
2243 2401 2426 2442 mores
2461 2387 2776 2447 Graecorum
2809 2397 3174 2451 recentiorum
3211 2396 3408 2454 deinde

125 2483 340 2536 stolatum
373 2483 594 2554 proprie
617 2482 897 2553 spectat-it,
927 2497 992 2538 ex
1021 2482 1211 2537 eadem
1252 2482 1342 2537 illa
1385 2481 1454 2536 ad
1485 2478 1692 2548 Philip—
1797 2475 2148 2532 transierunt.
2194 2477 2342 2536 Hanc
2386 2482 2657 2554 φιλοξένιαν
2703 2488 3083 2544 commendant
3122 2491 3408 2563 aliquoties

127 2589 289 2644 penses
303 2575 547 2647 Epistula
567 2575 725 2631 facile
754 2575 1061 2648 colligimus
1093 2573 1285 2647 (PIu'L,
1317 2589 1396 2640 Iv,
1429 2571 1539 2644 18).
1573 2569 1693 2624 Ηα-
1794 2568 2056 2640 apostoli,
2088 2579 2144 2624 et
2169 2571 2386 2641 quidem
2432 2590 2499 2630 eo
2534 2576 2589 2630 in
2626 2577 2747 2634 loco
2773 2580 2917 2636 illam
2959 2582 3263 2640 habuerunt
3293 2588 3406 2656 pri-

127 2666 198 2721 leo
221 2679 378 2723 autem
404 2670 599 2736 omnia,
624 2669 893 2725 “abundo
918 2684 938 2723 :
965 2670 1195 2738 repletus
1219 2684 1352 2735 sum,
1381 2665 1604 2736 acceptis
1628 2662 1692 2717 ab
1795 2660 1950 2713 ωαξνί
1975 2661 2256 2718 christiani
2280 2674 2337 2718 ut
2369 2667 2563 2736 privati
2590 2670 2875 2741 aliquoties
2898 2673 3095 2731 divites
3115 2691 3174 2733 se
3201 2695 3408 2749 suaque

127 2758 449 2839 Epaphrodito
488 2777 604 2832 qua
642 2761 854 2814 misistis
878 2801 892 2824 ,
934 2768 1041 2815 etc.
1079 2759 1215 2814 Rem
1253 2758 1417 2829 igitur
1438 2756 1695 2827 pecunia-
1795 2753 1977 2808 omnia
2003 2756 2206 2811 sanctis
2237 2758 2599 2832 undequaqne
2629 2767 3102 2836 peregrinantibus
3132 2773 3410 2841 excipiens

127 2853 236 2906 riam
270 2835 550 2924 spectath
593 2852 684 2909 illa
713 2852 936 2924 legatio.
961 2851 1116 2919 Quod
1149 2866 1258 2906 non
1288 2851 1360 2905 ita
1391 2859 1576 2904 tamen
1606 2848 1692 2902 in-
1796 2843 1880 2900 dis
1906 2846 2172 2903 dicarent.
2204 2849 2353 2906 Talis
2382 2851 2552 2910 fuisse
2587 2835 2804 2912 videtur
2837 2858 3002 2914 Gaius
3033 2877 3140 2917 non
3167 2864 3225 2918 S.
3254 2835 3410 2920 bauli

126 2944 438 3016 telligendum
485 2954 626 3011 erat,
683 2948 862 3016 quasi,
901 2952 1118 3016 peracta
1147 2958 1209 2999 ea
1239 2942 1691 3012 dispensatione,
1796 2937 1958 2993 modo
2006 2941 2247 3010 privatus
2296 2944 2526 3014 hospes,
2576 2948 2673 3002 sed
2722 2953 2887 3006 totius
2934 2953 3098 3008 etiam
3145 2955 3409 3012 Ecclesiae

125 3035 178 3089 ad
198 3052 311 3093 suos
335 3053 366 3094 e
387 3039 612 3110 vestigio
633 3045 1060 3094 reverterentur.
1083 3037 1185 3106 Qui
1210 3037 1281 3091 ita
1306 3035 1458 3090 missi
1480 3041 1690 3103 essent,
1796 3029 1980 3102 (Rom.
2017 3049 2105 3088 xv:
2125 3076 2139 3102 ,
2177 3034 2295 3107 25).
2329 3037 2645 3110 Eodemque
2673 3044 2894 3100 nomine
2929 3047 3344 3103 commendatur
3378 3064 3411 3104 α

123 3130 232 3185 alias
258 3130 452 3188 deinde
477 3131 782 3202 legationes
806 3171 823 3199 ,
851 3131 970 3202 ejus
1005 3131 1072 3185 ad
1098 3145 1260 3201 quem
1290 3129 1441 3184 misisi
1471 3137 1693 3196 essent,
1797 3119 1855 3176 Β.
1898 3121 2137 3192 Joanne,
2182 3128 2341 3182 tertia
2371 3128 2488 3198 ejus
2526 3129 2723 3200 Epist.,
2760 3135 2796 3203 7
2820 3175 2834 3188 .
2880 3136 2932 3202 5,
2970 3137 3025 3204 6,
3069 3137 3123 3202 7,
3165 3139 3219 3195 8.
3264 3138 3412 3195 Talis

125 3225 314 3280 nomine
343 3227 598 3283 obierunt
617 3266 635 3292 ,
662 3225 826 3297 idque
866 3225 924 3282 in
954 3224 1277 3297 longinquas
1306 3236 1660 3293 nonnunquat

1878 3229 1960 3269 am
1986 3216 2087 3272 fuit
2125 3217 2439 3288 Philemon,
2470 3221 2571 3292 Ep.
2602 3223 2670 3278 ad
2701 3224 2956 3296 Philem.,
2993 3229 3030 3299 Ῡ
3053 3269 3067 3282 .
3097 3230 3154 3295 5,
3184 3231 3238 3297 6,
3274 3231 3326 3298 7,
3357 3243 3413 3289 et

126 3317 362 3387 regiones,
414 3319 631 3391 qunties
675 3318 733 3374 id
773 3333 807 3376 e
843 3334 906 3374 re
937 3326 1080 3374 esset
1119 3318 1379 3374 Ecclesiae
1415 3315 1661 3372 catholic:

1877 3323 2020 3364 iason
2057 3307 2319 3383 Cyprius,
2363 3315 2489 3368 Act.
2534 3330 2658 3380 nt,
2703 3317 2792 3373 16.
2839 3307 3202 3377 Eéclesiarum
3231 3334 3412 3381 tamen

124 3412 322 3477 publica,
353 3413 431 3469 ua
459 3413 741 3484 apostolos
789 3412 918 3468 ξιιοε
954 3412 1310 3468 ecclesiarum
1355 3409 1701 3467 commendat
1731 3402 1769 3412 "
1805 3402 2078 3472 publicum
2106 3404 2158 3459 id
2189 3405 2352 3477 vulgo
2378 3406 2546 3464 fuisse
2574 3410 2788 3466 videtur
2807 3413 3063 3472 officium.
3092 3416 3194 3473 Illo
3217 3435 3415 3491 nempe

125 3502 389 3562 Corinthiis
416 3523 448 3562 ι
473 3524 536 3564 se
567 3506 934 3579 proculdubio
964 3521 1032 3563 eo
1062 3507 1278 3562 missos.
1307 3504 1375 3581 (ll
1404 3503 1552 3570 Con,
1582 3521 1652 3560 vn

1881 3495 2024 3564 spitii
2047 3499 2170 3566 jure
2201 3513 2326 3552 usas
2354 3498 2582 3569 legimus
2611 3502 2661 3556 in
2690 3517 2749 3558 se
2770 3504 2999 3562 invicem
3027 3509 3242 3566 illorum
3274 3522 3411 3568 tem-

123 3594 216 3664 ει),
262 3598 333 3652 ιιι
381 3599 654 3669 Ephesios
700 3599 767 3653 ad
802 3611 864 3654 se
907 3598 1103 3654 missos
1132 3598 1359 3654 Romam
1400 3597 1703 3653 destinasse
1806 3600 1997 3655 porum
2026 3587 2263 3658 integras
2292 3592 2454 3645 etiam
2483 3594 2755 3651 civitates.
2789 3598 3050 3670 Exempla
3081 3602 3244 3660 habet
3274 3622 3415 3660 non-

123 3690 304 3747 videtnr
332 3692 574 3764 lgnatins
609 3692 741 3765 (Ep.
770 3693 840 3746 ad
871 3692 1048 3755 Rom,
1083 3693 1229 3764 βω).
1262 3692 1433 3746 Erant
1461 3691 1605 3747 enim
1638 3705 1658 3746 ε

1882 3678 1982 3745 lla,
2026 3679 2082 3734 ni
2119 3679 2297 3748 fallor,
2344 3683 2395 3736 in
2441 3683 2683 3741 Verrinis
2716 3686 2928 3746 Cicero.
2969 3692 3039 3748 Ut
3081 3696 3303 3765 proinde
3347 3699 3417 3754 ad

122 3786 219 3852 ipso
232 3787 450 3843 consilio
478 3786 632 3842 missi
655 3801 795 3858 quos
817 3789 1263 3862 χιιροτονοθέντας
1285 3786 1390 3842 ὑπὸ
1412 3793 1511 3842 τῶν
1531 3785 1657 3840 lxx):

1880 3771 2097 3838 clcsias,
2141 3788 2261 3844 qua:
2297 3775 2547 3832 civitates
2577 3777 2817 3850 integras
2839 3825 2856 3851 ,
2893 3799 2991 3854 pro
3019 3786 3162 3841 illius
3199 3804 3415 3860 quoque

124 3885 227 3932 σιῶν
263 3878 614 3954 συνεκδήμους
660 3879 812 3935 dioto
857 3881 979 3937 loco
1011 3879 1076 3951 (ll
1123 3877 1266 3946 Cor.,
1301 3882 1434 3946 vni,
1469 3876 1559 3947 19)
1593 3893 1659 3931 ml

1880 3867 1992 3920 rculi
2025 3882 2214 3935 more,
2261 3877 2779 3941 complecterentur,
2830 3891 3056 3948 quaeque
3104 3872 3415 3940 civitatibus

123 3982 274 4026 morat
323 3973 639 4042 Apostolus.
689 3971 821 4027 lnde
876 3971 1230 4042 intelligimus
1259 3971 1478 4042 quinam
1526 3984 1658 4025 esset

1878 3959 2036 4015 oinde
2064 3960 2417 4018 conferuntur
2445 3965 2514 4020 ah
2541 3965 2774 4037 Origene
2804 3968 2919 4041 (lib.
2954 3987 3030 4037 ιη,
3064 3984 3200 4027 cont.
3227 3974 3413 4050 Cela),

121 4064 323 4128 apostoli
376 4063 691 4138 συνέκδημοι
741 4079 974 4135 quorum
1043 4063 1379 4119 mentionem
1444 4061 1707 4127 habemus
1811 4052 2089 4109 dimanare
2133 4055 2385 4111 facillime
2431 4060 2688 4128 potuerit.
2726 4060 3036 4118 Prassertim
3082 4080 3202 4122 cum
3243 4068 3417 4127 ,ιυάωῑ

123 4155 264 4221 (Act,
283 4173 394 4223 nx,
422 4157 521 4229 29)
544 4173 658 4214 non
685 4158 827 4213 alios
849 4158 1035 4228 utique
1062 4174 1225 4230 quam
1256 4157 1376 4224 hos,
1406 4170 1542 4226 quos
1568 4154 1707 4209 dixi-
1811 4147 1972 4200 etiam
2013 4146 2477 4219 hierosolymitani
2521 4165 2644 4205 cum
2676 4155 3099 4223 provincialibus
3126 4158 3421 4238 διασπορᾶς

125 4262 229 4303 mus
241 4251 538 4319 apostolos.
561 4250 731 4307 Iidem
756 4253 1060 4314 συνέποντες
1077 4251 1237 4324 (Ach,
1262 4266 1354 4317 Ix,
1377 4247 1461 4321 4);
1482 4249 1660 4312 συνεξε⁴

1888 4239 2002 4296 dem
2033 4239 2230 4308 officia,
2253 4251 2382 4298 ante
2407 4241 2804 4301 Christianismi
2835 4249 2996 4304 etiam
3031 4254 3237 4308 natales
3265 4271 3423 4312 exer-

121 4341 267 4402 erm;
291 4343 455 4411 (Ach,
483 4358 598 4410 ut,
624 4343 719 4413 3);
751 4346 1091 4411 συνιλθὸντες,
1116 4344 1284 4416 (Λαι,
1312 4358 1404 4408 ιν,
1432 4339 1547 4412 58)»
1577 4355 1656 4410 qu‘

1877 4333 2070 4388 issent.
2089 4333 2168 4388 Ne
2200 4334 2412 4405 longius
2439 4337 2653 4405 abeam,
2683 4338 2735 4393 id
2764 4341 2961 4412 colligo
2977 4358 3043 4398 ex
3074 4345 3196 4399 Act.
3229 4363 3412 4415 xxvnt,

126 4443 227 4485 rum
270 4433 338 4487 ad
388 4433 632 4490 ofﬁcium
681 4437 755 4489 ita
790 4436 1093 4505 pertinebat
1123 4435 1254 4491 viris
1296 4434 1400 4490 illis
1443 4433 1714 4503 primariis
1815 4425 1906 4491 2i,
1936 4435 2220 4496 propterea
2257 4429 2348 4499 qui
2382 4430 2434 4483 in
2473 4430 2703 4499 publicis
2727 4443 2911 4488 essent
2941 4435 3194 4492 Ecclesiae
3226 4439 3420 4498 ofﬁciis

123 4524 433 4597 ministrare,
466 4538 548 4596 ut,
579 4530 628 4584 si
661 4529 752 4601 qui
777 4539 1145 4598 recesserant,
1166 4528 1243 4584 illi
1266 4527 1450 4584 officio
1476 4526 1715 4583 defuisse
1818 4520 2116 4584 constituti,
2145 4521 2212 4575 ad
2237 4521 2358 4578 illos
2388 4524 2661 4593 praecipue
2685 4526 3000 4596 spectabant
3029 4530 3147 4586 haec
3176 4531 3420 4603 hospita-

126 4617 569 4678 existimarentur.
603 4621 686 4678 Ab
717 4621 866 4678 hisce
909 4637 968 4677 se
1014 4622 1328 4690 desertum,
1378 4622 1430 4676 in
1469 4619 1716 4690 epistolis
1818 4612 1982 4667 litatis
2012 4613 2212 4668 munia.
2239 4615 2314 4670 De
2334 4615 2511 4669 viduis
2538 4617 2796 4696 Ecclesiae
2819 4620 2888 4674 ita
2917 4623 3426 4694 scribitApostolus

129 4728 495 4806 nonnunqan
548 4719 798 4786 queritur
848 4716 1163 4788 Apostolus.
1199 4716 1365 4784 [idem
1418 4714 1664 4771 διοικοῦντι

1916 4705 2074 4773 Tim.,
2106 4723 2160 4768 ν,
2190 4706 2297 4778 10)
2331 4725 2346 4761 :
2377 4707 2441 4763 Si
2497 4709 2716 4776 hospitio
2765 4713 2975 4783 recepit,
3031 4714 3075 4770 si
3124 4709 3420 4774 sanctorum

132 4805 257 4870 (erat
283 4811 426 4865 enin!
452 4793 577 4866 haec
601 4810 1074 4880 eleemosynarum
1104 4807 1470 4879 suppeditatio
1497 4806 1667 4877 propr“

1884 4797 1970 4851 des
2017 4798 2178 4866 lavit,
2234 4798 2278 4852 si
2333 4799 2715 4854 tribulationem
2773 4803 3084 4873 patientibus
3141 4810 3419 4866 subminis-

132 4898 200 4951 εἰς
221 4899 358 4957 dicta
373 4899 628 4972 amo-tia)
653 4904 813 4973 (Ach,
834 4918 947 4965 nx,
969 4901 1096 4973 29.);
1125 4903 1381 4976 ὑπηρέται
1406 4898 1570 4968 (Ασι.,
1593 4913 1712 4962 xm,
1817 4891 1988 4944 travit.
2047 4891 2122 4945 De
2155 4892 2412 4962 episcopo
2445 4912 2459 4947 :
2510 4890 2722 4963 Oportet
2773 4896 2908 4950 enim
2953 4898 3246 4969 episwpum
3292 4903 3424 4958 irre-

132 4990 198 5058 5).
240 4992 306 5050 Et
332 5011 460 5052 vero
486 4995 875 5068 quamplurimi
918 5004 1076 5051 erant
1107 4995 1199 5066 qui
1231 4994 1290 5050 S.
1322 4993 1489 5048 Paulo
1515 4993 1586 5047 ita
1613 4992 1716 5046 mi-
1817 4983 2205 5054 preliemibilem
2229 5000 2370 5060 esse,
2402 4985 2554 5039 unius
2582 4988 2757 5043 uxoris
2787 4989 2983 5056 virum,
3013 4993 3266 5062 sobrium,
3300 5015 3428 5067 pru-

135 5087 436 5159 nisu'arent,
472 5091 720 5148 nonnulli
749 5090 999 5162 equidem
1023 5090 1090 5145 ah
1121 5089 1242 5160 ipso
1270 5087 1558 5157 assumpti,
1583 5100 1716 5140 nono
1818 5077 2038 5142 dentem,
2072 5087 2332 5143 ornatum,
2365 5078 2631 5148 pudicum,
2662 5081 2966 5152 hospitalem
2996 5084 3037 5156 (I
3063 5085 3223 5154 Tim.,
3243 5105 3320 5156 Ill,
3342 5091 3423 5163 2).

137 5181 251 5236 nulli
275 5186 346 5238 ab
369 5185 620 5241 ecclesiis
647 5184 716 5238 ad
753 5185 902 5240 illum
932 5183 1189 5254 delegati,
1217 5179 1467 5238 nonnulli
1493 5179 1654 5234 etiam
1684 5193 1716 5232 a
1819 5173 2028 5228 Rurshs
2052 5172 2120 5228 de
2148 5172 2337 5228 eodem
2376 5191 2391 5226 :
2423 5171 2531 5228 Sed
2553 5173 2877 5243 hospitalem,
2904 5179 3175 5252 benignum
3203 5185 3426 5240 sobrium

137 5275 312 5346 κείμὴ
336 5277 514 5336 devoti
554 5286 722 5350 atque
766 5276 956 5334 dicati.
991 5276 1140 5333 idem
1182 5275 1251 5332 ab
1284 5273 1547 5345 apostolis
1585 5273 1672 5343 ipsi

1895 5270 1975 5332 it.,
1997 5281 2036 5329 l,
2065 5263 2144 5336 8),
2164 5273 2270 5320 etc.
2292 5263 2342 5318 ls
2360 5264 2504 5320 enim
2521 5272 2655 5323 πᾶσι
2679 5277 2783 5329 τοῖς
2807 5272 2857 5324 ἐν
2879 5275 3038 5350 χρείᾳ
3059 5269 3176 5330 οὖσι
3197 5275 3425 5348 κηδέμων

137 5363 458 5436 obtentum
479 5380 598 5439 est,
625 5379 686 5426 ut
705 5368 1048 5442 gravissimis
1079 5369 1148 5423 de
1177 5367 1356 5423 causis
1387 5365 1590 5436 legatos
1609 5379 1718 5420 non
1822 5368 1959 5423 erat.
1990 5366 2127 5412 teste
2153 5356 2212 5411 S.
2244 5356 2459 5412 Juslilto
2484 5369 2723 5431 martyre
2752 5359 3021 5435 (Apolog.,
3055 5369 3134 5438 ιι).

137 5456 595 5521 aliosadhiberent
623 5480 788 5536 quam
830 5463 924 5535 qui
957 5462 1180 5536 reliquis
1220 5461 1619 5532 praecellerent.
1644 5459 1721 5515 lta
1972 5450 2058 5506 l9.
2103 5449 2230 5505 Haec
2251 5450 2412 5520 igitur
2446 5466 2570 5522 erga
2601 5467 2792 5508 omnes
2824 5468 2983 5511 erant
3014 5460 3431 5531 peregrinantes

137 5550 315 5613 factum
337 5559 390 5616 in
418 5559 668 5616 Concilio
703 5557 1214 5630 bierosolymitano,
1245 5571 1370 5612 cum
1391 5555 1460 5611 de
1489 5555 1672 5611 circun

1896 5542 2134 5598 mmunia
2162 5542 2514 5621 ecclesiarum
2550 5543 2760 5611 officia,
2793 5562 2914 5616 quas
2943 5549 3070 5617 quin
3103 5552 3237 5621 ipsis
3267 5559 3431 5613 etiam

359 5654 686 5711 nmium
717 5653 788 5708 ad
818 5649 1132 5708 Eccjesiam
1174 5648 1560 5706 ,ηιίοειιρηηω
1591 5647 1720 5703 mit-
1825 5637 2084 5709 apostolis
2105 5633 2400 5691 officiosius
2426 5649 2832 5707 praestarentur,
2858 5640 2989 5696 nihil
3016 5658 3148 5701 sane
3177 5656 3262 5702 est
3288 5650 3431 5720 quod

142 5739 331 5801 lada-
369 5757 515 5806 esset
557 5744 958 5820 Apostolorum
1011 5740 1327 5812 decretum,
1373 5755 1484 5798 non
1529 5739 1724 5796 obvios
1827 5733 2155 5790 dubitemus.
2187 5729 2383 5786 Nescio
2421 5729 2779 5804 quicquamne
2807 5734 2971 5795 fuerit
2997 5754 3104 5809 quo
3141 5743 3237 5797 viri
3281 5745 3431 5802 illus-

142 5835 374 5898 qmlihet
397 5841 487 5915 qui
519 5857 582 5901 se
609 5841 759 5899 ultro
785 5833 1098 5894 oﬂerebant
1119 5875 1135 5900 ,
1167 5833 1265 5890 sed
1303 5833 1508 5890 electos
1550 5847 1583 5889 e
1626 5845 1726 5887 suo
1826 5835 1958 5893 tres,
1980 5839 2077 5898 pro
2098 5823 2242 5879 illius
2261 5823 2448 5879 saeculi
2469 5840 2639 5892 more,
2663 5826 2838 5897 excipi
2857 5827 3120 5897 solerent,
3136 5834 3261 5904 quin
3287 5837 3434 5894 idem

145 5934 329 5990 Iulo
356 5933 502 6007 vim
539 5932 969 5998 constituerunt
1009 5925 1107 5998 qui
1137 5924 1242 5984 hoc
1273 5939 1502 5984 munere
1532 5921 1723 5997 funge-
1831 5920 1964 5980 illud
2004 5919 2060 5976 in
2090 5918 2351 5990 apostolis
2391 5917 2769 5993 primariisque
2809 5919 3088 5980 Ecclesiae
3127 5925 3256 5984 viris
3295 5933 3437 5990 exci~
