3888 6348
454 389 522 445 47
1401 374 1764 438 DODWELLI
1804 372 2252 436 DISSERTATIO
2276 371 2684 434 CYPRIANICA
3678 375 3749 435 88

455 502 664 574 piendis
704 498 1040 557 observarint
1087 496 1248 553 etiam
1289 495 1579 564 Ecclesiae;
1625 506 1679 552 et
1721 495 1936 567 quidem
1987 507 2051 548 eo
2077 489 2131 551 A
2156 490 2482 559 ritmentio,
2516 493 2887 563 episcoporum
2919 490 3170 550 videlicet
3200 491 3639 565 presbyterorum
3669 504 3755 548 at-

456 595 776 667 promptiori
803 596 982 649 animo
1005 636 1021 661 ,
1051 593 1193 664 quod
1224 608 1331 649 non
1355 592 1564 647 illorum
1597 589 1759 646 modo
1789 587 2015 659 gratiam
2036 626 2050 650 ,

457 687 651 757 quibus
680 703 744 742 ea
777 688 1157 757 prtestiterant,
1186 687 1281 742 sed
1314 686 1406 739 Dei
1440 683 1575 738 adeo
1602 682 1789 751 ipsius,
1819 681 1970 751 Cujus
2002 680 2053 734 in

457 793 624 849 Opere
654 788 1068 846 occuparentur,
1100 794 1160 833 se
1190 776 1453 832 demereri
1484 775 1771 829 crederent
1790 815 1802 837 ,
1836 774 2059 843 partici-

457 886 664 943 pcsque
693 886 753 927 se
784 872 997 927 illorum
1024 886 1237 941 quoque
1278 884 1499 940 operum
1536 867 1766 923 futuros.
1798 865 2058 936 Apostolo

460 965 688 1020 Romam
719 964 953 1019 venienti
984 962 1195 1016 obviam
1223 960 1375 1015 eﬂ'usi
1404 968 1528 1015 sunt
1548 958 1763 1023 fratres,
1794 971 1963 1027 usque
1990 954 2057 1009 ad

462 1060 622 1129 Appii
642 1060 814 1115 forum
832 1067 885 1113 et
900 1056 1030 1112 Tres
1046 1055 1321 1111 Tabernas
1334 1053 1495 1124 (Act.,
1512 1068 1700 1115 xxvtu,
1724 1049 1813 1119 15)
1825 1090 1838 1101 .
1855 1049 2060 1119 lgnatio

466 1164 646 1209 tamen
688 1152 754 1206 ad
791 1143 1110 1221 martyrium
1160 1147 1467 1217 properanti
1506 1159 1673 1216 usque
1714 1143 1780 1198 ad
1826 1152 2059 1212 portum.

468 1246 760 1301 Melitenses
788 1244 1121 1297 discedentem
1149 1242 1321 1295 multis
1352 1239 1625 1293 honoribus
1656 1234 2059 1302 honoraverunt;

467 1354 514 1397 ct
539 1340 890 1411 navigantibus
916 1342 1265 1407 imposuerunt
1290 1351 1404 1407 qua:
1432 1333 1714 1389 necessaria
1734 1340 1875 1386 erant
1898 1326 2059 1399 (Ibid.

468 1451 543 1499 tv,
562 1434 677 1503 10).
704 1430 998 1487 Ει-οηιιιωο
1013 1445 1197 1485 eorum
1217 1427 1569 1498 proculdubio
1584 1426 1758 1480 xenia.
1779 1419 2066 1475 Disceden-

467 1536 576 1581 tem
615 1525 679 1581 ad
714 1541 901 1581 navem
930 1539 1098 1591 usque
1118 1522 1356 1576 comitati
1386 1529 1514 1575 sunt
1547 1508 1770 1589 Ephesii
1795 1514 1931 1586 (Act.
1965 1529 2061 1576 xx,

468 1620 585 1688 58).
620 1619 746 1674 llzcc
775 1629 890 1673 crat
920 1623 1203 1691 προπομπή
1223 1657 1239 1678 .
1271 1615 1424 1684 cujus
1458 1614 1616 1669 etiam
1650 1612 1761 1680 ipse
1790 1608 2067 1679 quamplu-

468 1712 623 1767 rimis
663 1712 713 1765 in
747 1710 878 1765 locis
919 1710 1163 1763 meminit
1204 1707 1515 1776 Aposmlns.
1552 1704 1605 1758 Id
1646 1714 1824 1757 autem
1866 1701 1930 1754 ad
1974 1700 2069 1753 ho-

471 1819 658 1858 norem
710 1803 1003 1867 venientis,
1042 1817 1141 1871 pro
1188 1800 1328 1853 illius
1372 1813 1582 1869 quoque
1620 1796 1793 1851 anatis
1836 1808 2068 1850 consue-

2158 602 2261 657 que
2284 585 2654 642 diaconorum.
2678 585 3095 657 Frequentiores
3119 597 3276 643 erant
3298 584 3719 642 extraordinarii
3736 627 3752 649 .

2164 681 2425 750 apostoli,
2477 677 2850 747 evangelista,
2901 688 3144 749 pastores
3189 688 3350 748 atque
3398 677 3651 735 doctores
3704 686 3762 732 et

2161 772 2439 842 pr0pheta:
2476 772 2821 841 notioresque
2854 771 3075 825 omnino
3113 779 3274 841 atque
3311 770 3658 826 celebriores.
3692 767 3765 824 Et

2164 864 2438 936 probabile
2468 864 2682 935 quidem
2714 874 2795 919 est
2826 863 3018 919 horum
3051 865 3215 919 fuisse
3255 864 3527 934 propriam
3558 863 3766 934 prima—

2164 957 2296 1010 riam
2335 956 2479 1010 illam
2521 957 3081 1026 simplicissimamque
3108 956 3367 1012 Ecclesia:
3407 956 3767 1012 administra-

2171 1047 2402 1113 tionem;
2440 1054 2549 1100 tum
2578 1047 2794 1118 deinde,
2824 1062 2946 1103 cum
2972 1046 3417 1118 perturbatiorem
3444 1047 3587 1102 illam
3616 1048 3772 1103 inor-

2166 1138 2597 1209 dinatioremque
2642 1141 2849 1209 experti
2898 1149 3111 1205 essent,
3162 1139 3417 1211 paulatim
3465 1141 3517 1195 in
3572 1156 3772 1196 eorum

2167 1232 2343 1287 locum
2372 1235 2699 1289 successisse
2731 1235 3009 1290 ministros
3031 1234 3179 1302 illos,
3211 1250 3347 1306 quos
3378 1233 3538 1291 hodie
3566 1236 3777 1291 retine-

2168 1341 2321 1391 mus,
2364 1326 2665 1381 ordinarios
2688 1368 2702 1393 ,
2737 1326 3132 1397 paulatimque,
3166 1342 3262 1397 pro
3299 1343 3575 1399 synaxeon
3605 1327 3777 1383 disci-

2168 1418 2350 1489 plina,
2405 1420 2861 1477 extraordinarios
2903 1420 3025 1475 illos
3080 1419 3366 1476 ordinariis
3421 1420 3593 1476 factos
3649 1435 3779 1477 esse

2171 1511 2434 1569 subditos.
2468 1512 2692 1580 Quando
2721 1512 2881 1583 igitur
2905 1528 3179 1583 synaxeon
3222 1513 3403 1567 munia
3435 1512 3698 1567 obierunt
3726 1511 3781 1566 hi

2171 1605 2580 1659 extraordinarii
2610 1604 2873 1671 ministri,
2905 1604 3101 1658 frustra
3126 1604 3530 1675 expectabimus
3551 1603 3785 1660 ordina~

2172 1698 2372 1753 riorum
2424 1699 2788 1754 ministrorum
2830 1697 3179 1753 mentionem.
3224 1696 3281 1751 ld
3331 1712 3495 1751 unum
3536 1695 3783 1762 sufﬁcit,

2175 1790 2336 1846 fuisse
2364 1792 2483 1846 illos
2501 1834 2514 1857 ,
2551 1808 2657 1846 non
2684 1806 2892 1846 summa
2920 1789 3083 1844 modo
3110 1789 3371 1859 dignitate
3392 1830 3407 1853 ,
3432 1787 3525 1844 sed
3558 1804 3786 1844 summo

473 1895 690 1963 tudine,
738 1895 1038 1965 spectabat,
1087 1903 1143 1946 ut
1193 1906 1299 1962 quo
1353 1890 1579 1961 quisque
1628 1889 1886 1957 dignitate
1926 1894 2071 1941 esset
2098 1882 2148 1942 B
2176 1884 2358 1949 etiam,
2390 1884 2441 1937 in
2471 1884 2729 1939 Ecclesim
2758 1882 3244 1946 administratione,
3270 1882 3409 1948 loco,
3438 1890 3495 1935 ut
3524 1880 3785 1949 proinde,

472 1986 751 2051 illustrior,
785 2001 849 2041 co
878 1987 1050 2041 forent
1092 1983 1253 2039 etiam
1311 1982 1635 2037 illustriores
1676 1980 1713 2033 ii
1753 1978 1843 2050 qui
1873 1979 1924 2033 in
1956 1977 2072 2047 ejus

473 2092 755 2132 occursum
797 2078 1158 2131 mitterentur.
1204 2074 1369 2145 quue
1415 2074 1576 2128 etiam
1626 2072 1967 2126 observatum
2019 2069 2071 2123 in

476 2168 810 2237 cxcipieudis
839 2167 1238 2237 provinciarum
1270 2165 1605 2234 prmsidibus,
1632 2172 1688 2217 ut
1714 2177 1872 2233 quem
1896 2161 1961 2216 ad
1995 2161 2075 2215 lo-

475 2276 595 2315 cum
639 2260 927 2329 provinciae
959 2259 1189 2328 primum
1217 2256 1585 2327 appulissent,
1618 2270 1683 2309 eo
1721 2253 2015 2324 legationes
2042 2267 2073 2306 a

475 2352 805 2414 civitatibus,
850 2351 1087 2405 virorum
1126 2352 1176 2403 in
1217 2365 1311 2402 sua
1354 2351 1579 2419 quisque
1618 2347 1833 2402 civitate
1876 2347 2073 2416 prima-

478 2448 681 2503 riorunt
700 2486 713 2508 ,
742 2445 1101 2499 mitterentur.
1127 2442 1272 2498 Idem
1299 2442 1460 2496 etiam
1493 2457 1521 2493 a
1556 2438 1861 2495 civitatibus
1885 2438 2073 2492 vicinis

480 2537 821 2592 observatum
855 2536 907 2589 in
952 2533 1492 2603 peregrinationibus.
1532 2531 1585 2585 Id
1626 2546 1746 2585 cum
1794 2529 2072 2585 christiani

474 2634 531 2687 in
578 2631 941 2700 apostolorum
994 2628 1337 2695 virorumque
1386 2624 1642 2679 Ecclesia:
1694 2622 2071 2693 primariorum

477 2724 998 2795 peregrinationibus
1053 2722 1425 2783 imitarentur,
1478 2718 1529 2771 id
1579 2732 1791 2787 quoque
1840 2717 2074 2770 imitatos

472 2816 769 2891 )'et'isitttile
790 2826 891 2880 est,
914 2830 979 2869 ne
1002 2812 1328 2869 venientium
1351 2810 1594 2882 dignitati
1617 2809 1867 2865 deessent
1892 2809 2071 2879 legati.

477 2910 809 2978 Quamquam
841 2908 983 2961 enim
1014 2906 1210 2990 f’astum
1240 2903 1569 2959 mundanum
1604 2900 1789 2971 procul
1818 2898 2073 2954 amanda-

478 3007 587 3058 riut
605 3001 854 3071 apostoli,
868 3009 1022 3054 erant
1040 3010 1217 3053 tamen
1237 2996 1420 3053 decori
1436 2995 1595 3050 iidem
1614 2993 2077 3051 observantissiuti

476 3094 1011 3163 retinentissimique.
1062 3092 1118 3145 ld
1169 3100 1317 3146 certe
1363 3092 1419 3145 S.
1462 3090 1613 3144 Pauli
1661 3090 1826 3144 luisse
1867 3088 2077 3144 videtur

476 3186 771 3258 ingenium,
802 3200 863 3241 ea
897 3183 1122 3239 indoles.
1154 3184 1263 3237 Nec
1293 3183 1342 3237 id
1372 3182 1586 3253 quidem
1620 3180 1909 3235 immerito.
1943 3179 2074 3233 Cum

2175 1977 2218 2031 si
2246 1991 2381 2047 quas
2405 1977 2479 2031 illi
2510 1978 2807 2047 legationes
2834 1974 3099 2041 obierint,
3127 1973 3416 2028 admodum
3458 1971 3585 2028 illas
3613 1972 3791 2029 fuisse

2176 2068 2500 2125 honorificus
2523 2084 2743 2125 necesse
2769 2078 2933 2125 esset.
2964 2066 3099 2123 Cum
3131 2082 3260 2122 vero
3288 2064 3525 2131 tandem,
3558 2073 3791 2137 propter

2176 2180 2451 2235 synaxezm
2502 2164 2876 2234 disciplinam,
2917 2163 3203 2220 ordinariis
3248 2159 3653 2231 subjicerentur
3701 2176 3791 2231 sy-

2176 2271 2385 2311 naxeon
2407 2257 2683 2319 ministris,
2715 2257 2890 2312 adhuc
2915 2264 3093 2311 tamen
3126 2254 3383 2311 honorem
3418 2251 3792 2324 proculdubio

2177 2364 2446 2404 summum
2474 2350 2833 2405 retinuerunt.
2869 2349 2978 2405 Nec
3006 2349 3149 2404 enim
3177 2357 3334 2403 erant
3362 2347 3439 2401 illi
3472 2345 3643 2402 certis
3674 2348 3795 2416 qui-

2178 2442 2404 2497 busdam
2450 2442 2695 2498 ecclesiis
2734 2442 2911 2507 afﬁxi,
2957 2441 3054 2496 sed
3096 2442 3276 2512 potius
3317 2440 3480 2495 totius
3521 2438 3796 2495 Ecclesia:

2176 2533 2455 2589 catholica:
2497 2549 2846 2600 communes,
2888 2532 3030 2604 quod
3078 2532 3173 2604 (ea
3203 2530 3558 2603 proculdubio
3587 2539 3793 2596 aetate,

2178 2643 2299 2682 cum
2337 2626 2391 2681 in
2432 2643 2499 2683 eo
2539 2628 2729 2698 positae
2765 2637 2947 2682 essent
2987 2640 3362 2696 supremorum
3406 2618 3797 2679 ministrorum

2178 2734 2357 2789 operae
2379 2762 2392 2785 ,
2436 2720 2613 2789 potius
2644 2728 2702 2773 ut
2732 2718 2837 2773 late
2879 2717 3329 2773 christianitatem
3363 2716 3796 2771 disseminarent

2178 2827 2335 2881 quam
2365 2820 2421 2865 ut
2442 2811 2701 2866 ecclesias
2734 2819 2985 2881 regerent
3008 2809 3117 2879 jam
3150 2809 3397 2864 fundatas
3426 2809 3797 2865 constitutas-

2177 2907 2302 2973 que)
2337 2902 2451 2956 fieri
2494 2902 2581 2955 vix
2620 2912 2797 2971 potest
2824 2902 2953 2971 quin
2993 2915 3179 2957 eorum
3208 2899 3387 2955 ofﬁcio
3421 2902 3800 2957 anteferretur

2178 2996 2268 3066 qui
2296 2995 2624 3065 singularum
2657 3002 2839 3049 essent
2865 2993 3144 3049 dumtaxat
3164 2993 3537 3049 ecclesiarum.
3572 2993 3665 3049 Ex
3692 2994 3800 3049 hoc

2178 3098 2358 3146 autem
2387 3090 2936 3147 extraordinariorum
2962 3089 3328 3145 ministrorum
3358 3103 3590 3143 numero
3620 3089 3801 3145 fuisse

2180 3186 2427 3241 videnlur
2450 3186 2538 3255 qui
2568 3184 2726 3256 legati
2763 3184 3038 3241 constituti
3065 3193 3269 3240 essent.
3304 3183 3423 3254 Ipsa
3454 3182 3544 3238 illa
3594 3199 3800 3240 eorum

478 3280 621 3333 enim
662 3279 711 3332 in
756 3279 825 3331 ita
865 3276 1103 3345 exceptis
1155 3275 1360 3328 nullum
1408 3283 1582 3335 esset,
1630 3272 1733 3326 illis
1774 3270 2073 3341 praesertim
2103 3264 2149 3328 C
2182 3278 2319 3333 dona
2360 3278 2652 3333 infidelium
2697 3292 2891 3343 causa,
2939 3279 3115 3348 potius
3162 3292 3323 3348 quam
3356 3275 3629 3344 fidelium,
3666 3277 3801 3333 data

478 3370 915 3441 persecutionum
955 3366 1195 3429 sasculis,
1227 3365 1393 3420 fastus
1417 3363 1749 3435 periculum;
1792 3362 1955 3417 multa
1989 3370 2072 3416 ta-

474 3479 602 3519 )ucn
634 3472 786 3518 crant
816 3463 867 3516 in
902 3462 984 3517 his
1011 3461 1318 3529 adiaphoris
1343 3477 1461 3532 quae
1492 3461 1559 3515 ad
1589 3460 1925 3517 subditorum
1954 3460 2072 3515 cul-

476 3565 589 3609 tum
619 3554 1085 3625 reverentiamque
1109 3553 1502 3609 conciliandam
1531 3553 1789 3620 facerent,
1822 3570 1941 3625 qua:
1964 3568 2070 3608 non

478 3658 629 3703 erant
650 3664 779 3702 sane
801 3646 1138 3717 negligenda,
1154 3663 1273 3701 cum
1302 3648 1594 3716 prmsertim
1614 3662 1719 3700 non
1740 3646 2073 3715 imperaren-

473 3750 561 3795 tur
616 3741 729 3795 lucc
770 3738 969 3803 ol'llcia,
1000 3739 1092 3794 sed
1125 3754 1253 3794 vero
1281 3738 1557 3794 liberrimo
1584 3738 2071 3808 ardentissimoque

477 3832 814 3889 subditorum
845 3841 1226 3902 praestarentur
1250 3833 1532 3902 obsequio.

552 3926 579 3997 ᾗ
618 3926 707 3982 20.
750 3928 926 3997 Atque
957 3926 1080 3982 hinc
1101 3927 1833 3996 concludimus,quamquam
1857 3925 2072 3982 aliunde

474 4034 585 4075 non
616 4018 1036 4088 intelligeremus
1078 4033 1237 4088 quem
1269 4020 1442 4072 locum
1474 4018 1524 4072 in
1562 4018 1797 4074 Ecclesia
1827 4018 2073 4074 obtinue-

475 4111 588 4166 rint
617 4108 707 4181 qui
730 4110 812 4164 his
838 4110 1192 4180 legationibus
1218 4109 1484 4165 obeundis
1512 4110 1931 4179 destinarentur,
1964 4126 2069 4169 non

476 4219 602 4259 esse
631 4214 807 4259 tamen
834 4203 976 4274 quod
1016 4203 1323 4259 dubitemus
1354 4206 1479 4274 quin
1513 4206 1555 4259 is
1589 4204 1748 4260 fuerit
1783 4206 2069 4263 admodum

476 4295 825 4352 honoriﬁcus.
858 4296 1263 4351 Ordinariortuu
1302 4294 1492 4350 horum
1532 4297 1787 4352 Ecclesiae
1827 4299 2071 4354 ministe-

476 4391 679 4445 riorum
697 4390 747 4444 in
766 4390 934 4460 prima
954 4390 1027 4445 illi
1042 4391 1137 4445 aevi
1158 4390 1431 4462 apostolici
1449 4390 1874 4464 historia,rarior
1893 4407 2073 4447 occur-

2180 3387 2300 3427 esse
2329 3371 2572 3443 agnoscit
2598 3372 2873 3442 apostolus
2904 3371 3115 3427 utiliora
3144 3369 3371 3440 proinde
3407 3370 3584 3423 futura
3607 3410 3621 3435 ,
3662 3371 3712 3425 si
3747 3372 3802 3426 in

2179 3465 2558 3521 convertendis
2589 3465 2890 3521 intidelibus
2918 3466 3098 3535 petius
3124 3478 3282 3534 quam
3310 3462 3557 3518 fidelibus
3584 3465 3803 3519 contir-

2179 3561 2390 3617 mandis
2411 3604 2425 3626 ,
2454 3560 2869 3617 collocarentur.
2894 3559 3029 3616 Cum
3059 3560 3357 3631 praesertim
3397 3573 3463 3612 eo
3494 3557 3617 3627 ipso
3664 3574 3806 3614 con-

2179 3655 2299 3711 silio
2321 3654 2468 3708 missi
2492 3662 2694 3719 essent,
2714 3669 2822 3707 non
2844 3653 2933 3721 qui
2957 3644 3233 3706 venientes
3255 3649 3568 3719 exciperent
3592 3650 3795 3717 modo,

2176 3747 2271 3803 sed
2300 3748 2388 3818 qui
2418 3746 2643 3803 comites
2671 3755 2854 3802 essent
2879 3754 2932 3799 et
2953 3747 3190 3820 συνεργοὶ
3218 3742 3588 3797 itinerantium
3621 3754 3804 3815 atque

2176 3842 2653 3914 peregrinantium.
2706 3838 2816 3895 Sed
2865 3853 2994 3894 vero
3042 3838 3200 3891 aliam
3249 3836 3469 3891 omnino
3513 3834 3804 3892 adminis-

2177 3935 2351 3992 trandi
2381 3935 2643 3989 rationem
2674 3932 2925 4003 exigebat
2954 3930 3099 3985 illius
3124 3929 3298 3984 aetatis
3334 3926 3580 3983 Ecclesia
3624 3944 3803 3998 quam

2176 4029 2535 4099 sequentium,
2565 4038 2619 4082 ut
2644 4027 2841 4082 frustra
2870 4026 2977 4080 siut
3001 4023 3223 4078 omnino
3252 4022 3343 4092 qui
3376 4019 3503 4075 nihil
3531 4018 3712 4076 hodie
3745 4024 3802 4078 in

2177 4123 2417 4179 Ecclesia
2472 4122 2788 4192 permittunt
2833 4118 2934 4173 nisi
2977 4116 3119 4187 quod
3165 4114 3230 4169 ad
3280 4114 3422 4169 illius
3462 4113 3805 4182 apostolicm

2178 4216 2432 4271 Ecclesi'e
2459 4213 2665 4269 accedit
2692 4212 3020 4281 exemplum.
3054 4205 3477 4263 Consideraudaa
3504 4214 3642 4261 sunt
3671 4221 3803 4262 ont-

2176 4308 2303 4363 niuo
2328 4305 2745 4361 circumstantia:
2774 4314 2831 4360 et
2858 4300 3136 4373 prudentia
3167 4297 3491 4365 adhibenda,
3527 4313 3642 4369 qua
3674 4314 3805 4356 cer-

2176 4411 2285 4455 tum
2316 4410 2399 4455 est
2425 4400 2607 4455 multis
2635 4400 2687 4455 in
2720 4397 2878 4454 rebus
2905 4412 3032 4453 usos
3062 4411 3187 4452 esse
3214 4394 3511 4466 apostolos.

1396 4530 1421 4532 -
1662 4530 1681 4531 ί
1860 4530 1867 4531 ί
3778 4530 3799 4532 _

771 4639 2423 4808 DISSERTATIO
2532 4636 3483 4804 TERTIA

1058 4882 1217 4964 DE
1277 4884 1833 4968 SECUNDO
1892 4885 2476 4969 MARTYRII
2535 4882 3150 4987 BAPTISMO,

1733 5022 2057 5081 AUCTORE
2097 5023 2507 5081 DODWELLO.

469 5166 499 5236 §
537 5164 585 5219 l.
609 5191 679 5204 -ν-
700 5161 803 5217 Cur
846 5161 1156 5233 singularem
1199 5160 1315 5215 huic
1347 5168 1647 5231 argumento
1694 5161 1917 5217 dicemus
1958 5163 2063 5216 dis-

544 5256 889 5312 sertatiouem.
913 5284 980 5293 —
1012 5252 1041 5325 ἐ
1068 5252 1122 5306 2.
1145 5253 1217 5305 Ab
1242 5253 1607 5321 antiquissimis
1635 5270 1791 5323 usque
1820 5254 2063 5309 Ecclesia:

539 5347 841 5418 temporibus
871 5346 939 5399 ad
976 5360 1147 5399 nostra
1174 5345 1281 5399 lucc
1326 5346 1585 5399 descendit
1615 5346 1808 5413 Opinio.
1836 5378 1919 5387 --—
1945 5347 1971 5419 §
2002 5350 2055 5402 5.

548 5438 838 5511 Baptismus
898 5454 1090 5506 aqueus
1136 5448 1181 5490 et
1237 5438 1356 5492 unio
1404 5449 1615 5493 externa
1661 5456 1774 5493 cum
1831 5438 2068 5495 Ecclesia

550 5532 894 5601 praerequisita
960 5530 1028 5583 ad
1074 5532 1403 5601 sanguineum
1446 5533 1679 5603 martyrii
1735 5534 2061 5604 baptismum.

539 5654 610 5665 —
639 5622 665 5694 §
694 5623 747 5677 4.
795 5621 1111 5689 Baptismum
1151 5625 1484 5693 sanguineum
1524 5642 1686 5695 nqueo
1726 5628 2061 5695 pra'tulerunt

540 5726 745 5769 veteres.
780 5744 849 5753 -—
876 5712 939 5785 ἐς
969 5714 1023 5779 5,
1058 5713 1109 5767 6.
1140 5712 1461 5783 Explicatur,
1498 5717 1593 5769 hac
1632 5718 1685 5771 in
1713 5734 1888 5784 causa,
1919 5722 2060 5776 locus

540 5806 805 5875 Cypriani.
834 5836 903 5847 -—
937 5804 965 5877 ᾗ
990 5805 1039 5859 7.
1075 5803 1379 5875 Defenditur
1408 5807 1515 5861 haec
1544 5819 1763 5864 veterum
1792 5814 2055 5868 sententia.

542 5927 611 5939 ..-
665 5895 692 5973 ς
723 5898 773 5953 8,
807 5897 855 5953 Ε
880 5897 1058 5971 quibus
1089 5898 1375 5972 Scriptura:
1420 5899 1543 5973 locis
1574 5901 1715 5958 illam
1744 5905 2059 5979 collegerint.

2233 5159 2371 5232 -ξ
2416 5153 2469 5217 9ἶ
2510 5158 2717 5214 Observ.
2769 5158 2934 5229 primo
2967 5174 2992 5211 e
3035 5157 3187 5229 {actis
3228 5156 3442 5212 Domini
3493 5158 3801 5231 legitimam

2246 5257 2517 5320 procedere
2542 5252 3056 5323 argumentationem,
3082 5250 3341 5321 praecipue
3357 5251 3411 5304 id
3439 5268 3601 5322 genus
3631 5256 3804 5325 [acus

2242 5346 2415 5413 qualia
2434 5344 2795 5411 adhibuerunt,
2820 5345 2980 5399 hacin
3000 5360 3174 5411 causa,
3196 5344 3552 5415 ναίεται-ᾗς
3578 5348 3677 5417 10,
3700 5353 3797 5409 ﬂ.

2248 5436 2366 5492 Obs.
2427 5440 2686 5507 secundo,
2742 5455 2842 5495 non
2888 5457 2913 5494 e
2951 5439 3103 5509 factis
3153 5438 3327 5503 modo,
3376 5438 3466 5493 sed
3522 5454 3592 5493 ea:
3656 5444 3804 5510 ipsis

2242 5528 2455 5585 Domini
2482 5531 2665 5598 verbis,
2694 5542 2888 5587 constat
2933 5549 3027 5603 pro
3071 5531 3323 5602 baptisnto
3350 5530 3647 5586 habendum
3683 5552 3806 5593 esse

2243 5628 2567 5697 martyrium.
2596 5658 2670 5668 —
2697 5626 2725 5699 ς
2756 5628 2841 5683 12.
2879 5626 3002 5681 Obs.
3036 5628 3203 5691 tertio,
3238 5642 3340 5679 non
3375 5626 3652 5680 verborum
3683 5648 3804 5687 esse

2244 5720 2530 5787 dumtaxat,
2564 5722 2652 5776 sed
2681 5738 2853 5775 rerum
2887 5722 3041 5776 etiam
3080 5722 3310 5790 ipsarum
3349 5718 3591 5789 baptismi
3629 5736 3805 5795 atque

2243 5815 2478 5885 martyrii
2517 5814 2829 5887 afﬁnitatem.
2879 5813 3131 5870 Locorum
3180 5812 3531 5877 occasionem,
3562 5812 3616 5866 in
3666 5818 3769 5886 qui
3784 5850 3803 5863 .

2242 5906 2335 5963 bus
2379 5909 2442 5965 de
2488 5910 2736 5981 baptismo
2782 5910 3049 5983 sanguinis
3090 5909 3175 5979 agi
3206 5906 3530 5965 crediderunt
3561 5918 3795 5985 ueteres,
