3888 6364
76 408 121 465 49

1039 403 1128 460 DE
1158 399 1473 459 SECUNDO
1508 399 1695 459 MART
1709 400 1894 461 ΥΒοΜ
1928 396 2283 457 BAPTISMO.
3255 396 3326 454 50

125 524 252 596 fuisse
282 520 596 592 martyrium.
655 517 880 574 Domini
923 518 1202 588 baptismus
1231 515 1458 587 ejusdem
1503 525 1615 569 erat
1643 516 1693 578 Α
1720 531 1929 572 morum
1962 523 2264 586 temporum
2293 513 2586 585 martyriis,
2619 513 2794 568 locum
2825 513 2893 568 ab
2917 513 3119 568 auxilio
3144 511 3327 569 divino

127 615 400 685 martyrium,
424 612 586 681 idque
612 627 777 666 sensu
806 610 1176 665 Ecclesiastico.
1198 637 1271 650 -—-
1300 607 1363 680 §§
1390 609 1454 662 15
1477 649 1492 671 ,
1525 607 1616 676 14,

131 706 200 773 l5,
221 704 294 760 l6.
321 703 558 759 Herctici
575 703 839 773 apostolis
855 702 1008 757 cowui
1030 701 1328 771 martyrium
1342 699 1616 770 negabant.

133 797 298 852 Horum
338 794 794 867 pseudo-Christos
823 793 1081 867 refellebat
1114 792 1173 847 S.
1205 791 1438 846 Joannes
1463 808 1620 863 argu-

127 900 264 945 mento
299 908 329 944 α
357 888 456 942 veri
488 886 705 942 Messias
738 889 957 940 aduentu
998 903 1087 956 per
1121 901 1305 954 aquam
1337 894 1384 937 et
1411 883 1624 954 sangui-

127 1001 236 1038 nem.
260 982 558 1052 Explicatur
589 991 698 1036 tota
724 981 819 1034 illa
846 979 1309 1051 argumentatio.—
1339 977 1366 1049 §
1395 977 1481 1032 l7.
1519 976 1626 1032 0b-

127 1093 233 1132 scrr.
264 1086 454 1147 quarto,
504 1078 561 1130 in
606 1077 722 1146 ipso
752 1075 847 1129 illo
874 1074 1180 1128 initiationis
1220 1073 1626 1144 expiationisque

132 1173 232 1236 ritu,
256 1173 330 1223 cui
359 1177 682 1234 peccatorum
722 1167 1078 1237 purgationem
1104 1164 1386 1218 tribuebant
1412 1173 1620 1230 veteres,

133 1275 216 1317 tam
259 1264 562 1333 frequentem
605 1259 769 1328 fuisse
817 1257 958 1328 apud
1005 1257 1124 1311 illos
1165 1256 1433 1327 sanguinis
1471 1271 1625 1323 quam

131 1373 251 1422 aque
265 1372 402 1410 usum
429 1369 448 1408 :
475 1362 527 1407 et
554 1353 761 1424 quidem
778 1350 1041 1421 sanguinis
1059 1350 1377 1402 initiatorum
1405 1346 1623 1417 proprii.

129 1448 228 1518 -ᾗ
253 1448 331 1501 l8.
361 1444 471 1499 Nec
498 1444 558 1497 id
584 1443 740 1496 modo
767 1443 819 1495 in
849 1439 1239 1503 initiationibus,
1261 1437 1351 1493 sed
1377 1438 1489 1491 etin
1513 1453 1636 1507 pac-

142 1542 193 1594 tis
233 1536 498 1595 obtinebat.
548 1550 644 1603 pro
690 1533 917 1588 moribus
969 1541 1188 1606 veterum
1229 1528 1624 1598 antiquissimis.

129 1627 334 1700 —§l9.
363 1626 429 1681 Ut
471 1625 760 1696 sanguini,
815 1625 868 1677 in
919 1625 1017 1676 hoc
1065 1621 1377 1693 expiationis
1427 1621 1630 1690 negotio

131 1727 272 1789 partes
294 1715 638 1772 concedebant
665 1716 820 1786 facile
845 1714 1140 1785 primarias,
1168 1713 1242 1766 ita
1280 1711 1492 1766 humani
1517 1727 1640 1765 san-

131 1815 300 1885 guinis,
327 1827 429 1881 prae
452 1811 578 1865 aliis
603 1810 760 1864 etiam
787 1807 1140 1880 sanguinibus,
1164 1807 1265 1861 vim
1293 1807 1442 1877 longe
1469 1805 1636 1859 maxi-

1727 610 2043 682 primarium
2062 607 2361 665 obtinuisse
2389 615 2605 676 recepta
2625 606 2770 661 illius
2791 606 3036 662 ecclesitu
3057 607 3329 676 primmvzc

1726 705 1794 762 de
1845 703 2088 776 martyrii
2139 701 2400 772 dignitate
2431 699 2712 770 dogmata,
2746 698 2876 754 illud
2923 699 3168 769 inprimis
3222 713 3329 768 qtto

1727 796 1952 854 secundi
2007 795 2258 867 baptismi
2302 793 2476 849 vicem
2528 802 2690 863 atque
2754 791 3013 848 beneﬁcia
3062 792 3328 864 martyrio

1726 889 2090 946 vindicabant.
2146 887 2279 946 lloc.
2306 888 2428 956 quia
2459 885 2695 940 alienum
2723 884 2838 939 scio
2893 899 2920 937 a
2961 885 3327 940 recentiorum

1731 982 1943 1053 placitis
1970 981 2060 1052 qui
2107 995 2234 1034 suas
2259 993 2537 1034 sacrarum
2590 977 2891 1032 litterarum
2931 977 3333 1045 interpretatio-

1732 1095 1848 1144 nes,
1887 1087 2175 1147 utcumque
2197 1071 2467 1141 inﬁrmas,
2509 1089 2610 1130 nec
2644 1083 2793 1130 certo
2830 1076 3009 1144 aliquo
3043 1073 3326 1128 ratiocinio

1735 1173 1989 1234 nitentes,
2023 1179 2262 1224 veterum
2309 1178 2486 1224 tamen
2534 1165 2835 1221 ratiociniis
2877 1174 3241 1236 anteponunt;
3288 1175 3345 1220 et

1735 1263 1860 1334 quia
1908 1271 2017 1316 tota
2051 1261 2164 1315 haec
2187 1260 2431 1331 mystica:
2475 1259 2961 1328 argumentationis
3011 1259 3148 1312 ratio
3171 1300 3187 1324 ,
3217 1272 3339 1327 qum

1739 1354 2086 1426 mysticarum
2115 1354 2338 1407 omnino
2369 1351 2785 1421 scripturarum,
2817 1350 3085 1426 hujnsque
3107 1348 3246 1403 adeo
3273 1350 3342 1404 de

1739 1444 2098 1501 sacramentis
2143 1442 2468 1515 argumenti,
2503 1452 2607 1508 est,
2642 1456 2743 1495 suo
2790 1422 3024 1512 quodam
3056 1440 3178 1510 jure
3218 1455 3347 1511 pro-

1740 1539 1878 1610 pria,
1907 1547 2214 1606 contempta
2245 1544 2429 1592 tamen
2455 1535 2538 1591 vel
2559 1536 2801 1606 neglecta
2831 1544 2958 1590 csta
2977 1534 3353 1589 celeberrimis

1745 1629 2018 1700 plerisque
2044 1636 2355 1683 nostrorum
2381 1637 2684 1696 temporum
2715 1625 3122 1695 interpretibus;
3149 1635 3204 1680 et
3225 1626 3350 1694 quia

1746 1722 1839 1792 qui
1868 1719 2010 1776 hanc
2032 1729 2276 1775 veterum
2304 1719 2630 1775 sententiam
2665 1726 2884 1774 tuentur
2914 1717 3075 1773 hodie
3117 1718 3350 1787 scripto-

1745 1830 1833 1870 res
1885 1813 2181 1886 pontiﬁcii,
2242 1828 2402 1868 unam
2449 1823 2690 1867 veterum
2747 1810 3124 1866 auctoritatem
3175 1819 3353 1865 tamen

132 1925 242 1962 ruam
281 1914 612 1978 agnoverunt.
642 1934 716 1944 —
746 1903 774 1976 §
815 1903 908 1959 20.
941 1901 1065 1958 Obs.
1104 1902 1280 1973 quinto
1301 1943 1314 1965 ,
1371 1901 1440 1955 ad
1469 1902 1637 1967 ipsum

1749 1909 2068 1976 obtendunt,
2103 1909 2263 1973 plane
2305 1906 2374 1964 de
2416 1904 2616 1963 'eorum
2668 1906 2964 1962 ratiociniis
2995 1905 3191 1969 securi,
3222 1920 3344 1960 rec-

135 2001 339 2069 baptismi
382 2007 767 2052 sacramentum
808 1996 1061 2066 pertinere
1102 1995 1442 2065 sanguineum
1501 1995 1638 2047 hunc

136 2093 439 2163 baptismum,
467 2099 514 2144 et
540 2090 749 2160 quidem
796 2088 868 2142 ita
895 2087 1148 2158 pertinere
1189 2097 1244 2139 ut
1285 2095 1483 2155 partem
1527 2085 1639 2154 ejus

135 2187 410 2258 pracipuos
459 2192 799 2238 consummet.
848 2211 918 2221 ——-
976 2181 1004 2252 §
1046 2182 1141 2235 2|.
1189 2178 1373 2233 Primo
1435 2187 1641 2249 pactum

139 2277 402 2348 baptismate
427 2293 520 2346 pro
543 2277 652 2330 illis
680 2275 790 2348 (qui
821 2273 962 2343 apud
985 2282 1174 2328 veteres
1192 2270 1508 2342 obtinebant)
1543 2287 1640 2341 pa-

135 2383 298 2425 ctorum
321 2387 425 2426 esse
451 2369 684 2424 moribus
712 2366 1100 2438 explicandum.
1124 2397 1196 2405 —
1222 2365 1250 2436 ᾗ
1277 2365 1370 2419 22.
1399 2364 1641 2419 Secundo

139 2474 180 2516 ut
215 2463 260 2516 in
301 2462 413 2517 aliis
441 2463 636 2532 pactis.
662 2460 737 2513 ita
758 2460 879 2513 etin
903 2467 1077 2512 nostro
1097 2466 1295 2528 qucque
1329 2457 1641 2527 baptismali,

137 2557 218 2607 duo
253 2571 351 2609 esse
376 2573 408 2608 a
433 2570 489 2608 se
518 2554 740 2607 invicem
768 2549 1130 2621 distinguenda
1177 2550 1495 2604 diversarum
1523 2565 1648 2619 par-

137 2648 238 2700 tium
275 2647 465 2718 ofﬁcia,
495 2643 602 2698 Dei
636 2645 766 2710 alia,
799 2645 904 2697 alia
930 2651 1124 2697 nostra.
1147 2670 1219 2681 --
1251 2641 1278 2712 §
1321 2640 1412 2696 25.
1446 2640 1639 2708 Tertio,

131 2741 200 2808 jus
221 2737 338 2792 illud
356 2737 522 2807 legale
539 2752 716 2799 omne,
739 2735 878 2806 quod
899 2736 1034 2806 pacti
1061 2732 1311 2800 beneficio
1338 2732 1642 2798 obtinemus,

138 2832 191 2884 ad
224 2829 311 2885 Dei
336 2831 708 2904 promissiones
730 2871 744 2893 ,
800 2846 866 2883 ea:
919 2828 1081 2897 ofﬁcii
1110 2827 1273 2880 nostri
1320 2826 1647 2895 praestatione

138 2943 221 2981 esse
255 2923 636 2979 deducendum.
666 2952 738 2962 —
769 2921 798 2994 ᾗ
826 2922 917 2976 24.
958 2919 1174 2985 Quarto,
1203 2935 1316 2990 qua:
1364 2918 1513 2972 nobis
1562 2918 1642 2971 in-

136 3019 341 3073 cumbunt
364 3018 415 3071 in
432 3020 533 3071 hoc
556 3024 714 3086 pacto
744 3014 1038 3083 baptisntali
1063 3013 1378 3066 conditiones
1410 3029 1442 3064 a
1468 3020 1644 3064 nostra

135 3123 253 3181 parte
280 3111 594 3185 prestandte
615 3126 644 3163 e
677 3107 1022 3178 symbolarum
1050 3107 1352 3159 solemnium
1380 3106 1646 3174 signiﬁca-

136 3205 246 3256 tione
266 3200 638 3273 colligendum.
661 3229 735 3238 —
752 3198 781 3269 ᾖ
797 3197 889 3252 9.5.
920 3196 1132 3262 Quinto,
1165 3196 1219 3249 in
1247 3193 1494 3266 symbolis
1520 3193 1647 3264 bap-

1746 2013 1867 2057 tenc
1893 2011 2001 2057 tam
2032 2017 2061 2056 e
2089 2001 2406 2070 Scripturis,
2433 2009 2488 2056 et
2516 2016 2612 2070 pro
2636 1999 2907 2069 primaeva:
2934 1996 3346 2052 cbriStianitatis

1743 2103 1901 2163 captu
1934 2089 2044 2166 (cui
2079 2103 2256 2146 tamen
2287 2091 2386 2147 soli
2417 2090 2679 2161 Spiritum
2732 2091 2792 2145 Β.
2845 2091 2897 2143 in
2946 2087 3346 2158 Scripturarum

1745 2183 2164 2239 concinnatioue
2199 2183 2538 2238 consuluisse
2586 2182 2711 2236 alibi
2745 2181 3089 2250 probavimus
3117 2180 3194 2253 (in
3219 2178 3356 2234 Pro-

1747 2276 1932 2346 legont.
1960 2274 2029 2329 ad
2057 2273 2209 2329 Dom.
2235 2274 2465 2339 Stearn.,
2494 2274 2557 2326 de
2587 2272 2892 2342 ()bstinat.),
2914 2283 3077 2343 atque
3102 2270 3240 2325 adeo
3266 2286 3352 2326 so-

1748 2366 1875 2429 lide,
1907 2366 2268 2437 collegerint:
2309 2362 2534 2434 proinde
2579 2363 3041 2418 consultissimum
3099 2361 3355 2416 duximus

1749 2459 1792 2512 si
1823 2467 1928 2512 tam
1955 2456 2194 2527 iucundo
2227 2455 2453 2526 utilique
2482 2465 2802 2528 argumento
2829 2496 2844 2521 ,
2879 2454 3152 2524 propriam
3201 2466 3354 2507 suam

1748 2551 2183 2622 singularemque
2209 2549 2642 2604 dissertationem
2668 2549 3092 2618 assignar'eutus.

1824 2645 1851 2717 §
1879 2647 1934 2699 2.
1965 2676 2034 2685 —
2057 2644 2140 2700 Ab
2179 2644 2568 2714 antiquissimis
2600 2645 2780 2715 itaque
2806 2643 3143 2712 temporibus
3171 2644 3357 2700 Eccle-

1749 2739 1865 2800 siae,
1886 2737 2374 2808 recentissimaquc
2405 2736 2770 2806 apostolorum
2804 2737 3088 2801 memoria,
3120 2735 3352 2793 deducta

1751 2833 1866 2888 hare
1889 2841 1972 2888 est
2003 2832 2069 2887 de
2093 2832 2334 2887 secundo
2356 2831 2600 2902 martyrii
2619 2829 2886 2900 baptismo
2913 2830 3206 2897 sententia,
3229 2840 3283 2886 et
3305 2831 3357 2886 in

1751 2927 1997 2982 Ecclesia
2025 2925 2316 2997 vulgariter
2347 2935 2585 2994 recepta.
2628 2923 2702 2979 De
2745 2923 3026 2978 Felicitate
3059 2924 3127 2978 ita
3165 2934 3354 2980 auctor

1749 3023 2008 3075 Actorum
2029 3019 2168 3088 (Act.
2190 3017 2395 3088 Perpet.
2415 3027 2458 3070 et
2480 3013 2668 3081 Folia,
2687 3033 2740 3084 ῃ.
2760 3014 2850 3080 29,
2869 3015 2958 3080 '50,
2977 3015 3099 3069 edit.
3124 3015 3322 3088 Oxon.)
3342 3032 3357 3072 :

1756 3130 1775 3163 ι
1826 3112 1954 3165 Item
1999 3111 2250 3165 Felicitas
2293 3109 2497 3164 salvam
2539 3123 2600 3163 se
2650 3109 2926 3178 peperisse
2971 3107 3254 3177 gaudens,
3300 3120 3361 3163 ut

1751 3205 1819 3259 ad
1849 3204 2049 3259 bestias
2083 3212 2366 3273 pugnaret,
2399 3202 2660 3271 sanguine
2689 3201 2757 3255 ab
2785 3200 3076 3255 obstetrice
3097 3200 3162 3256 ad
3188 3201 3359 3256 retia-

138 3299 248 3350 tisml
264 3294 418 3351 nostri
439 3290 844 3348 sacramentalis
855 3288 1186 3352 solemnibus,
1206 3303 1308 3340 non
1324 3299 1471 3354 aqute
1483 3285 1641 3340 solius

1752 3299 1889 3352 rium
1913 3298 2086 3352 lotura
2110 3304 2230 3366 post
2257 3305 2466 3365 partum
2491 3295 2758 3365 baptismo
2790 3293 3049 3349 secundo.
3090 3313 3108 3346 ι
3145 3293 3351 3350 Eodem

137 3389 379 3457 baptismate
391 3387 700 3449 denotatur,
715 3381 805 3436 sed
818 3381 968 3434 etiam
982 3379 1068 3432 ille
1079 3377 1367 3449 sanguinis;
1381 3385 1428 3429 et
1440 3374 1646 3443 quidem

134 3482 191 3533 ita
224 3481 482 3534 datotatur
534 3489 593 3531 ut
643 3477 716 3530 ad
760 3490 920 3528 unum
961 3471 1288 3541 eamdemque
1336 3469 1646 3539 baptismum

135 3587 309 3647 uterque
331 3575 592 3646 pertinere
622 3569 965 3637 intelligatur.
1000 3596 1071 3606 —
1118 3563 1146 3636 ᾗ
1177 3563 1268 3619 26.
1305 3562 1390 3617 Ita
1419 3579 1471 3616 se
1500 3561 1649 3616 habet

136 3673 183 3720 de
200 3669 425 3736 facto.—
445 3665 508 3739 ες
525 3665 625 3732 27,
647 3661 744 3717 «ξε.
771 3659 1024 3715 Redditur
1043 3659 1166 3727 facti
1187 3658 1337 3710 ratio.
1367 3686 1434 3697 —
1465 3654 1526 3727 ες
1552 3655 1645 3719 29,

138 3763 208 3816 30.
236 3761 404 3828 Sexto,
450 3762 527 3815 ita
585 3757 931 3812 adutnbratur
979 3754 1030 3806 in
1075 3750 1383 3822 ipso-aquai
1414 3748 1650 3818 baptisnti

135 3855 329 3922 symbolo
379 3854 676 3924 baptismus
707 3847 1053 3915 sanguineus,
1097 3855 1152 3895 ut
1196 3844 1349 3911 plane
1405 3840 1650 3893 iunuatur

139 3946 300 3998 nullout
323 3962 428 4000 esse
458 3944 620 4012 aquei
643 3939 883 4011 baptismi
909 3937 1183 4007 efﬁcaciam
1209 3934 1309 3988 nisi
1338 3934 1406 3987 ad
1437 3933 1649 4003 sangui-

139 4053 260 4090 neum
293 4037 605 4107 baptismum
645 4032 919 4100 referatur.
948 4058 1018 4068 —
1143 4028 1205 4083 51
1235 4068 1250 4094 ,
1296 4025 1384 4081 52.
1416 4024 1649 4107 lttfertur

141 4131 336 4199 septimo,
352 4106 455 4183 non
484 4126 650 4180 modo
679 4139 741 4177 ea:
757 4123 894 4192 pacti
919 4119 1241 4190 baptisntalis
1264 4118 1392 4189 lege,
1420 4106 1511 4171 {ed
1533 4131 1649 4170 vero

140 4238 187 4274 ex
205 4222 410 4292 ejusdem
439 4221 606 4274 etiam
627 4216 901 4282 aequitate.
928 4212 1176 4267 uindicari
1202 4227 1349 4281 posse
1375 4211 1428 4264 in
1447 4211 1650 4279 sangui-

139 4327 210 4364 neo
232 4311 465 4382 baptismo
493 4311 687 4367 omnia
713 4307 955 4376 beneﬁcia
977 4322 1007 4358 a
1030 4303 1254 4368 Christo,
1283 4320 1375 4375 pro
1398 4320 1490 4356 sua
1512 4304 1650 4374 pacti

139 4407 411 4474 baptismalis
442 4416 620 4475 parte,
652 4401 971 4472 prtestantla.
1001 4430 1072 4439 —
1194 4399 1284 4462 55,
1311 4396 1649 4468 34.1ufertur

139 4509 278 4550 actm
321 4501 531 4568 plenam
586 4495 831 4551 omnium
879 4501 1201 4564 peccatorum
1257 4491 1649 4560 precedeutium

138 4593 461 4663 indulgentiam
509 4602 626 4646 tam
674 4604 784 4643 esse
834 4586 1117 4655 martyrio,
1170 4599 1324 4653 quam
1375 4583 1646 4652 baptismo,

1752 3395 1965 3459 spectat
2002 3387 2163 3442 etiam
2211 3384 2492 3456 gentilium
2542 3384 2610 3439 de
2652 3384 2848 3439 Saturo
2887 3384 3206 3438 acclamatio
3231 3399 3356 3439 cum

1753 3497 1861 3537 uno
1888 3480 2130 3553 leopardi
2149 3495 2332 3534 morsu
2355 3487 2498 3534 totus
2519 3492 2618 3534 suo
2639 3479 2898 3549 sanguine
2922 3475 3357 3546 perfunderetur,

1753 3578 1960 3633 salvum
1985 3576 2191 3630 lotum!
2226 3573 2432 3629 salvum
2476 3573 2665 3626 lotum!
2702 3570 2844 3642 quod
2873 3571 2942 3624 ita
2974 3571 3360 3640 interpretatur

1754 3672 2010 3726 Actorum
2063 3676 2272 3734 auctor,
2293 3675 2364 3721 ‘ut
2389 3665 2456 3721 ad
2498 3665 2788 3721 secundam
2823 3664 3064 3736 martyrii
3093 3663 3350 3718 lotionctn

1753 3764 1890 3818 iacta
1918 3769 2062 3817 esset
2093 3760 2231 3815 vela
2264 3757 2633 3814 nescientibus
2661 3756 2830 3812 turbis
2869 3754 3081 3809 allusio.
3132 3754 3210 3809 Ita
3245 3753 3356 3824 jam

1753 3855 2060 3908 obtinuerat
2116 3850 2256 3922 apud
2306 3849 2632 3906 cltriSIianos
2674 3862 2738 3902 ea
2784 3845 3038 3916 loquendi
3068 3845 3206 3899 ratio
3245 3860 3361 3915 qua

1753 3949 1873 4019 quis
1904 3949 2066 4004 etiam
2114 3945 2357 4018 martyrii
2403 3943 2605 4013 pariter
2631 3955 2694 3995 ac
2721 3955 2874 4010 aqua:
2913 3940 3183 4008 baptismo
3210 3937 3350 3993 lotus

1753 4043 2047 4098 diceretur.
2077 4039 2341 4095 Secundae
2385 4051 2550 4108 porro
2579 4034 2915 4090 iutinctionis
2946 4048 3078 4087 voce
3105 4047 3236 4088 usus
3273 4043 3359 4088 est

1753 4135 1820 4190 de
1849 4134 2108 4205 martyrio
2134 4130 2499 4188 Tertullianus
2526 4127 2796 4197 (Tertull,
2820 4127 2883 4179 de
2917 4124 3165 4192 Patieut.,
3195 4142 3240 4180 c.
3266 4125 3358 4193 15,

1754 4227 1816 4281 de
1843 4225 2024 4294 Bapt.,
2055 4242 2101 4279 c.
2131 4222 2245 4297 l6),
2273 4223 2415 4294 quod
2446 4232 2500 4276 et
2526 4219 2656 4276 alibi
2695 4217 2916 4274 secundi
2951 4218 3194 4281 Lavacri,
3229 4232 3359 4271 san-

1753 4319 1932 4390 guinis
1950 4317 2202 4371 nimirum
2235 4315 2507 4385 baptismi,
2536 4312 2752 4366 nomine
2768 4309 3034 4380 designat.
3061 4309 3171 4364 Nec
3194 4309 3354 4365 aliter

1753 4413 2014 4482 Origenes
2035 4409 2124 4480 qui
2153 4424 2220 4464 ex
2248 4421 2315 4462 eo
2346 4408 2469 4476 ipso
2487 4403 2933 4475 baptismioilicio
2959 4401 3166 4472 colligit
3188 4411 3356 4470 recte,

1754 4503 2072 4575 martyrium
2121 4499 2379 4570 baptismi
2430 4497 2672 4562 nomine,
2731 4495 3054 4564 meritoque,
3109 4493 3359 4565 insigniri

1754 4612 1935 4670 posse,
1965 4593 2111 4666 quod
2139 4601 2482 4664 peccatorum
2511 4589 2887 4645 remissionem
2917 4595 3137 4658 praestet
3156 4587 3359 4654 pariter

143 4688 488 4742 concedendam.
517 4715 600 4727 —-
651 4683 682 4755 ᾗ
735 4681 827 4737 55.
860 4677 1010 4734 Nihil
1057 4693 1163 4732 esse
1201 4675 1424 4730 alienum
1454 4692 1486 4729 a
1526 4676 1641 4746 bap-

1756 4706 1817 4746 ae
1844 4688 2142 4759 baptismus
2162 4727 2178 4754 ,
2209 4701 2278 4741 ne
2306 4683 2476 4739 solius
2505 4681 2739 4737 nominis
2771 4681 2858 4734 bic
2879 4678 3070 4734 haberi
3093 4677 3359 4734 rationem

144 4780 247 4835 litati
272 4794 446 4837 natura
477 4781 629 4853 quod
654 4775 903 4848 temporis
949 4771 1219 4828 intervallo
1254 4769 1587 4842 sejungautur
1617 4785 1649 4820 a

144 4874 372 4928 uincirent
387 4875 691 4945 baptismus
704 4885 899 4940 aqueus
917 4879 1068 4937 atque
1079 4865 1408 4936 sanguineus.
1422 4891 1495 4902 —
1513 4860 1541 4930 §
1557 4860 1645 4916 56.

143 4996 195 5005 —
218 4965 351 5024 Nono
383 4979 685 5039 martyrum
721 4963 1024 5033 sanguinem
1053 4977 1144 5029 pro
1180 4956 1369 5014 Christi
1405 4956 1651 5027 sanguine

141 5059 333 5115 habuisse
379 5071 598 5116 ueteres.
632 5086 709 5096 ——
753 5053 901 5126 §37.
940 5051 1144 5105 Decimo
1172 5049 1431 5119 prwcipue
1450 5049 1516 5113 si,
1556 5065 1649 5117 pro

143 5148 293 5206 Christi
335 5137 598 5225 exeritplo,
660 5147 873 5222 publica
927 5145 1216 5199 animarum
1267 5157 1422 5195 causa
1472 5141 1652 5211 fuisset

143 5243 314 5308 elusus.
333 5277 401 5288 —
427 5247 457 5318 ᾗ
485 5247 581 5302 38.
607 5240 981 5314 Defenduutur
1004 5247 1209 5293 veteres.
1233 5267 1304 5276 -—
1325 5235 1353 5308 §
1377 5234 1468 5291 39.
1500 5234 1647 5291 Mar-

148 5338 298 5407 tyrium
319 5340 371 5395 in
405 5337 574 5402 altero
607 5337 776 5392 etiam
811 5332 1133 5388 eucharistia:
1157 5340 1477 5386 sacramento
1495 5344 1651 5399 spon-

149 5433 305 5490 deam.
332 5467 401 5477 ——
433 5434 461 5507 ᾗ
499 5433 598 5490 ΔΟ.
633 5428 710 5484 In
742 5429 988 5500 martyrio
1017 5429 1111 5499 jus
1160 5426 1229 5480 ad
1277 5423 1524 5492 beneﬁcia
1565 5423 1654 5476 ba—

151 5525 285 5592 ptismi
329 5539 428 5582 tam
473 5523 764 5598 privativa,
794 5538 948 5592 quam
987 5521 1135 5574 etiam
1183 5517 1414 5589 positiva,
1473 5531 1652 5570 conse-

153 5621 332 5687 quiem.

155 5711 236 5782 H-
258 5746 321 5757 —
340 5716 605 5780 Diximus,
633 5711 907 5782 superiori
934 5706 1319 5764 dissertatione
1345 5703 1440 5777 (ι),
1469 5705 1519 5758 in
1545 5702 1656 5773 pri-

159 5827 209 5898 l')
227 5829 309 5886 Cui
356 5832 545 5887 titulus
595 5849 609 5885 :
655 5825 742 5881 De
793 5827 1076 5898 primorum
1130 5833 1421 5898 martyr-unt
1469 5821 1657 5890 insigni

124 5895 596 5974 latitudinewjusque
622 5895 820 5955 causis.
839 5897 1008 5954 Nobis
1030 5909 1139 5954 erat
1161 5897 1387 5968 primum
1411 5895 1461 5950 iu
1479 5902 1658 5949 ntt'ntc

1754 4777 2404 4852 suspicenturadversarii
2423 4775 2686 4847 (0rigen.,
2705 4773 2754 4827 in
2780 4772 2987 4836 Matth.,
3008 4790 3060 4841 p.
3084 4770 3211 4835 416,
3235 4771 3358 4825 edit.

1756 4875 1932 4930 Huctii
1957 4873 1978 4941 )
2013 4891 2026 4926 ε
2058 4875 2184 4928 mea
2203 4912 2217 4937 ,
2252 4871 2451 4940 inquit,
2489 4866 2665 4942 ἄφεσιν
2693 4865 2943 4939 λαμϐάνει
2973 4865 3363 4942 ἁμαρτημάτων

1754 4969 1780 5024 ὁ
1807 4969 2108 5039 ὑπομείνας.
2133 4963 2410 5039 βάπτισμα
2437 4962 2574 5014 ἐστιν
2601 4973 2614 4986 ⁸
2647 4959 2690 5011 εἰ
2717 4958 2818 5031 γὰρ
2849 4958 2907 5011 τὸ
2936 4956 3212 5029 ωπτισμα
3240 4951 3362 5028 ἄφε-

1756 5082 1836 5116 σιν
1891 5057 2274 5136 ἁμαρτημάτων
2324 5051 2709 5125 ἐπαγγέλλεται,
2770 5050 2933 5108 καθὼς
2981 5047 3363 5123 παρειλήφαμεν

1755 5156 1876 5228 περὶ
1897 5157 1990 5208 τοῦ
2012 5152 2062 5204 ἐν
2092 5147 2244 5204 ὑδατι
2274 5147 2361 5202 καὶ
2389 5145 2645 5216 πνεύματι
2669 5142 3038 5216 βαπτίσματος
3059 5180 3074 5205 ,
3107 5136 3280 5212 ἄφεσιν
3306 5136 3364 5191 δέ

1753 5245 2000 5318 λαμϐάνει
2045 5239 2430 5313 ἁμαρτημάτων
2460 5238 2546 5290 καὶ
2571 5234 2597 5289 ὁ
2624 5236 2684 5290 τὸ
2709 5239 2802 5288 τοῦ
2829 5236 3115 5308 μαρτυρίου
3144 5232 3362 5301 ὑπομεί-

1754 5360 1846 5398 νας
1873 5337 2179 5407 βάπτισμα,
2213 5331 2488 5404 βάπτισμα
2530 5330 2590 5383 τὸ
2621 5329 2908 5402 μαρτύριον
2938 5324 3156 5396 εὐλόγως
3184 5322 3363 5396 λέγοιτ’

1759 5426 1841 5492 ἂν.
1887 5439 1992 5483 etc.
2038 5425 2186 5480 Idem
2234 5433 2288 5480 et
2341 5423 2392 5476 in
2443 5421 2563 5474 aliis
2615 5420 2747 5474 locis
2804 5434 2947 5487 szepe
2998 5418 3160 5472 liabet
3218 5418 3361 5471 idem

1760 5520 2113 5576 Adamantius
2133 5515 2396 5588 (0rigen.,
2415 5514 2469 5566 in
2503 5513 2593 5566 lib.
2618 5511 2822 5572 ludia,
2844 5512 2958 5563 hom
2980 5509 3012 5561 7
3032 5517 3077 5561 et
3105 5515 3153 5561 in
3175 5505 3358 5573 Joan.,

1764 5624 1884 5667 tom.
1904 5629 2014 5674 \‘ltt,
2037 5629 2087 5680 p.
2111 5611 2236 5672 1⁸55,
2255 5609 2375 5662 edit.
2389 5605 2608 5677 liuetii).
2631 5604 2770 5659 Idem
2787 5617 2934 5672 smpe
2954 5609 3136 5654 noster
3152 5598 3362 5668 Cypria-

1762 5725 1880 5774 nus,
1916 5704 2210 5775 (Cyprian.,
2265 5700 2365 5769 Ep.
2414 5717 2519 5765 Ltv,
2567 5700 2629 5752 tle
2677 5695 2822 5751 Orat.
2875 5694 3081 5748 Domiu.
3112 5691 3329 5744 Erhert.

1764 5822 1912 5877 illam
1946 5821 1996 5872 in
2031 5817 2134 5872 ltoc
2165 5827 2312 5871 tomo
2336 5817 2595 5879 inserere;
2630 5811 2792 5868 multa
2828 5824 2954 5866 vero
2980 5802 3360 5876 tn‘outcrmalc

1767 5893 2014 5950 sonantia
2057 5889 2354 5945 omittenda
2387 5887 2500 5940 luit.
