3888 6346
453 371 518 426 51
1458 361 1830 420 DODWELLI
1870 360 2324 420 DlSSERTATlO
2358 359 2779 420 CYPRIANICA

443 484 670 554 Martyr.
705 482 810 552 Ep.
841 481 1050 550 LIXlll),
1092 488 1145 536 et
1186 479 1518 545 recentiores
1544 477 1634 532 alii
1661 477 1918 548 Cypriane
1949 476 2050 532 Pa-
2077 491 2130 548 Α
2156 491 2262 545 que
2292 477 2629 547 comprobat;
2684 490 2754 532 ex
2794 474 2912 546 ipsa
2961 476 3125 534 etiam
3170 478 3450 536 Ecclesiae-
3472 472 3794 540 catiwhca

449 590 564 633 tres
590 573 992 646 quamplurimi,
1019 587 1156 643 quos
1185 572 1350 628 ttedet
1396 572 1449 625 in
1489 569 1592 625 hoc
1625 569 1743 624 loco
1773 569 2046 639 sigillatim

445 683 752 725 recensere.
784 666 912 722 Inde
943 667 1087 721 enim
1117 662 1580 720 consentientibus
1609 661 1906 716 Grecorum
1946 661 2049 716 La-

448 761 775 828 tinorumque
806 758 1075 829 suﬂ'ragiis
1099 755 1446 826 comprobata
1478 754 1594 810 hiBC
1621 753 1804 824 opinio
1845 753 1912 809 ad
1949 769 2048 810 no-

451 862 563 909 stra
581 867 750 924 usque
769 861 1010 920 tempora
1028 848 1327 904 descendit.
1347 874 1355 879 -

532 946 561 1017 ἓ
595 947 646 1000 5.
681 973 752 984 -
779 943 875 998 Est
900 957 1060 1012 porro
1107 941 1237 996 illud
1277 939 1746 996 animadversione
1789 941 2006 1012 dignum
2031 985 2046 1010 ,

451 1038 525 1093 ita
549 1037 690 1091 inter
718 1051 776 1090 se
803 1035 938 1088 duos
970 1033 1135 1089 hosce
1162 1049 1316 1104 aqua:
1344 1041 1505 1102 atque
1532 1033 1810 1104 sanguinis
1839 1034 2045 1103 baptis-

455 1147 578 1188 mos
603 1128 944 1186 contendisse
996 1127 1240 1192 Veteres,
1298 1134 1780 1197 ut'nonnuuquam
1833 1138 2051 1197 postpo-

450 1232 584 1278 nant
607 1219 901 1275 secundum
932 1217 1074 1272 hunc
1120 1218 1397 1288 sanguinis
1431 1217 1756 1287 baptismum
1785 1233 1936 1288 aqua;
1974 1217 2050 1271 illi

452 1317 654 1391 primo,
684 1315 870 1372 etvice
892 1329 1048 1369 versa
1073 1327 1457 1382 nonnunquam
1486 1311 1809 1378 anteferam,
1833 1311 2051 1366 diverso

453 1411 510 1466 id
560 1408 812 1464 nimirum
865 1417 1116 1476 respectu
1167 1415 1330 1476 atque
1377 1405 1834 1461 consideratione.
1894 1403 2049 1470 Quod

451 1503 672 1574 quidem
695 1502 762 1557 ad
790 1501 919 1556 illud
948 1509 1156 1572 spectat
1185 1501 1344 1570 aquei
1385 1501 1639 1570 baptismi
1665 1500 1901 1555 ofﬁcium
1944 1516 2051 1571 quo

456 1597 675 1652 unimur
695 1597 910 1652 Christo
936 1605 1095 1664 atque
1115 1594 1373 1650 Ecclesiae
1390 1636 1404 1661 ,
1437 1609 1759 1664 quamquam
1781 1595 2051 1666 superiori

451 1694 564 1763 jam
597 1691 978 1747 dissertatione
1004 1691 1404 1746 osxenderimus
1432 1706 1582 1746 suam
1612 1707 1824 1762 quoque
1863 1692 1970 1745 vim
1999 1691 2052 1744 in

455 1786 560 1840 hac
590 1784 704 1853 ipsa
743 1797 958 1854 quoque
998 1784 1200 1838 unione
1228 1782 1475 1853 augenda
1507 1782 1698 1838 saltem
1736 1795 1896 1853 atque
1924 1797 2052 1852 pro-

2157 568 2312 637 praxi
2343 569 2540 638 liquet,
2584 583 2704 638 quae
2747 582 2870 622 cum
2907 582 3162 625 verorum
3207 580 3506 642 martyrum
3547 587 3793 644 semper

2153 659 2316 718 fuerit
2353 661 2827 718 observantissima
2848 705 2863 730 ,
2893 678 3188 736 numquam
3209 675 3385 718 tamen
3417 664 3526 720 illis
3547 667 3755 720 lucreti-

2157 773 2252 814 cos
2281 758 2724 814 schismaticosve
2754 764 3115 828 accensuerit,
3151 761 3297 816 nulla
3319 776 3505 817 eorum
3539 764 3754 818 nomina

2157 853 2210 907 in
2235 853 2403 907 fastos
2421 867 2546 907 suos
2575 851 2876 923 admiserit,
2906 855 3112 910 nullam
3145 856 3646 913 institueriteorum
3677 873 3758 914 so-

2157 944 2392 1000 lemnem
2437 949 3032 1004 commemorationem.

2228 1037 2332 1107 ξι.
2359 1068 2430 1078 —
2459 1039 2794 1109 Quamquam
2829 1055 2960 1111 ergo
2993 1041 3060 1096 ad
3082 1040 3312 1111 subjecti
3346 1042 3759 1113 dispositionem

2156 1133 2495 1188 necessarius
2517 1133 2585 1186 sit
2602 1135 2748 1202 prior
2775 1133 2868 1189 ille
2891 1149 3044 1205 aqua:
3061 1135 3380 1204 baptismus,
3401 1143 3459 1190 ut
3481 1136 3609 1206 quis
3641 1152 3758 1191 san-

2158 1225 2338 1294 guinei
2366 1224 2618 1294 baptismi
2657 1227 2830 1294 possit
2869 1224 3101 1281 fructum
3149 1227 3458 1296 percipere;
3507 1227 3554 1280 si
3583 1236 3760 1282 tamen

2156 1325 2306 1372 recte
2350 1317 2490 1372 hanc
2513 1319 2972 1387 comparationem
3011 1320 3295 1375 instituere
3335 1321 3587 1388 velimus,
3618 1331 3675 1376 et
3702 1324 3765 1378 de

2157 1410 2439 1480 utriusque
2467 1410 2720 1480 baptismi
2755 1411 3023 1466 beneﬁcio
3049 1410 3316 1481 judicare,
3340 1411 3394 1467 id
3425 1427 3592 1483 porro
3619 1431 3762 1483 quac-

2157 1505 2387 1559 rendum
2419 1506 2591 1561 utrius
2624 1507 2872 1576 baptismi
2901 1505 3072 1583 magis
3097 1507 3168 1562 sit
3190 1507 3512 1563 beneﬁcium
3551 1510 3608 1564 in
3642 1511 3765 1565 sub-

2154 1597 2302 1667 jecto
2328 1595 2431 1651 rite
2461 1595 2766 1666 disposito?
2795 1598 2859 1652 Et
2893 1597 3112 1669 quidem
3143 1598 3301 1668 hujus
3350 1598 3601 1656 beneficii
3649 1616 3764 1656 res~

2158 1697 2316 1759 pectu
2391 1690 2746 1758 sanguineum
2795 1689 3122 1759 baptismum
3175 1705 3349 1761 aqueo
3415 1694 3768 1762 prmtuleruut

2158 1779 2420 1850 Origenes
2450 1789 2502 1835 et
2533 1776 2718 1836 noster
2741 1779 3063 1852 Cyprianus.
3102 1800 3121 1832 ι
3156 1781 3426 1852 Baptisma
3462 1787 3764 1854 sanguinis,

453 1878 723 1933 movenda
753 1877 1086 1934 concessisse
1114 1876 1337 1933 Veteres
1367 1895 1381 1930 :
1418 1876 1489 1931 ita
1520 1887 1699 1934 tamen
1735 1879 1882 1933 illam
1914 1894 2051 1934 con.
2084 1885 2132 1945 Β
2161 1873 2334 1944 inquit
2379 1871 2626 1942 Origines
2656 1871 2908 1944 (Origen.
2929 1914 2943 1939 ,
2969 1875 3024 1928 in
3055 1873 3231 1928 Judic.
3263 1875 3443 1929 Itomil.
3476 1876 3560 1949 7),
3590 1877 3767 1933 solum

457 1980 740 2026 cesserunt
771 1981 826 2026 ut
848 1972 955 2025 vim
985 1972 1200 2026 interim
1252 1971 1369 2039 ejus
1402 1972 1603 2025 nullam
1648 1972 1967 2042 agnoverint
1985 1973 2052 2027 ad

458 2080 647 2120 eorum
701 2065 954 2119 unionem
996 2064 1422 2134 promovendam
1454 2065 1542 2134 qui
1592 2065 1830 2120 nondum
1873 2077 2058 2122 essent

455 2157 662 2224 praevio
682 2157 863 2226 aliquo
887 2166 1050 2226 atque
1072 2157 1326 2212 inchoato
1340 2156 1530 2211 saltem
1556 2157 1814 2212 unitionis
1840 2159 2056 2213 vinculo

458 2250 722 2305 Ecclesia:
763 2250 1148 2321 conglutinati,
1185 2265 1279 2305 seu
1328 2249 1726 2306 communionis
1773 2251 1824 2305 in
1875 2249 2055 2306 ofﬁcio

458 2343 845 2411 eucharistico,
873 2359 968 2398 seu
993 2342 1242 2411 baptismi
1265 2343 1442 2412 reipsa
1468 2344 1726 2414 suscepti,
1751 2345 1836 2399 vel
1856 2345 1908 2398 in
1934 2354 2058 2398 voto

458 2436 652 2491 saltem
679 2435 920 2504 eXpetiti,
957 2450 1076 2504 quae
1103 2449 1262 2489 causa
1297 2445 1414 2488 erat
1439 2437 1861 2504 competentium
1893 2436 2054 2494 Cate-

458 2527 886 2593 chumenorum;
919 2527 1024 2581 vim
1056 2543 1242 2582 rursus
1272 2529 1472 2590 nullam
1504 2529 1571 2584 ad
1613 2532 1856 2603 martyrii
1886 2532 2056 2587 bene-

457 2618 584 2672 ﬁcia
606 2617 844 2672 nondum
879 2619 1043 2674 unitis
1084 2619 1442 2689 impetranda.
1477 2619 1588 2676 Nec
1627 2623 1769 2677 enim
1799 2627 2059 2696 martyrio

459 2713 786 2768 beneficium
837 2713 1052 2784 aliquod
1101 2713 1340 2770 tribuunt
1370 2715 1414 2768 si
1443 2716 1563 2785 quis
1593 2726 1742 2770 extra
1800 2719 2059 2773 unitatem

459 2819 656 2875 passus
700 2804 881 2870 fuerit;
939 2805 1034 2860 sed
1076 2821 1176 2860 nec
1203 2806 1334 2861 illud
1386 2807 1504 2876 ejus
1544 2807 1864 2864 beneﬁcium
1895 2824 2061 2880 agno-

466 2909 641 2966 scunt,
674 2909 731 2954 ut
761 2915 824 2956 ea
849 2900 962 2968 ipsa
995 2901 1204 2955 ratione
1227 2901 1350 2971 quis
1377 2903 1557 2956 unitus
1597 2902 1848 2958 invisibili
1880 2904 2059 2973 aliqua

463 2992 672 3046 unitate
690 3002 978 3047 censeatur
1000 2993 1044 3046 si
1061 2995 1378 3063 martyrium
1400 3009 1588 3062 passus
1617 2994 1803 3050 fuerit.
1829 2995 2063 3051 Proinde

464 3085 840 3140 hmreticorum
861 3087 1444 3156 schismaticorumque
1463 3088 1738 3157 martyrio,
1759 3089 1971 3142 illorum
1987 3090 2064 3144 vi-

467 3176 684 3243 delicet,
699 3179 788 3248 qui
803 3178 983 3248 aliquo
1001 3178 1084 3232 vel
1101 3189 1220 3233 actu
1237 3194 1356 3244 suo,
1376 3179 1458 3234 vel
1477 3179 1756 3244 Ecclesiae,
1774 3179 1842 3234 ab
1858 3182 2063 3238 unitate

2162 1974 2244 2020 est
2273 1963 2419 2034 quod
2449 1979 2548 2020 nos
2575 1967 2819 2035 puriores
2847 1966 3060 2033 reddat,
3091 1982 3250 2036 quam
3280 1983 3434 2038 aqua:
3467 1969 3770 2039 baptismus

2161 2055 2418 2112 reddidit.
2459 2073 2478 2107 ι
2504 2055 2682 2122 Quod,
2727 2056 2912 2126 paucis
2963 2057 3332 2127 interpositis,
3366 2061 3436 2113 ita
3479 2061 3723 2131 eXplicat
3757 2082 3768 2116 :

2170 2165 2188 2196 ι
2227 2147 2438 2202 Vereor
2477 2163 2546 2202 ne
2573 2147 2719 2202 istud
2760 2149 3017 2220 baptismi
3044 2150 3370 2206 eminentius
3399 2151 3472 2206 sit
3514 2153 3624 2208 isto
3653 2153 3774 2225 bap-

2164 2239 2382 2294 tismate
2408 2240 2550 2309 quod
2579 2255 2675 2310 per
2704 2257 2898 2312 aquam
2932 2243 3181 2300 traditur.
3215 2243 3314 2299 Illo
3345 2247 3488 2300 enim
3521 2260 3772 2317 accepto,

2163 2332 2320 2387 valde
2343 2333 2499 2402 pauci
2525 2342 2652 2388 sunt
2678 2334 2748 2388 ita
2775 2334 2944 2403 beati,
2975 2337 3066 2407 qui
3100 2337 3151 2392 id
3175 2338 3580 2394 immaculatum
3606 2357 3775 2412 usque

2165 2426 2232 2480 ad
2259 2427 2463 2481 exitum
2492 2428 2614 2481 vitae
2643 2440 2863 2484 servare
2887 2429 3187 2498 potuerint.
3212 2430 3324 2485 Hoc
3347 2446 3478 2486 vero
3503 2432 3776 2504 baptismo

2165 2516 2256 2586 qui
2285 2517 2585 2586 baptizatus
2616 2516 2813 2584 fuerit,
2849 2533 3079 2588 peccare
3097 2520 3209 2590 jam
3243 2520 3387 2576 ultro
3417 2537 3526 2577 non
3571 2535 3773 2593 potest.

2165 2610 2233 2664 Et
2259 2610 2304 2664 si
2329 2611 2673 2665 temerarium
2707 2627 2812 2666 non
2845 2620 2930 2667 est
2959 2613 3011 2666 in
3035 2613 3201 2669 rebus
3224 2614 3423 2669 talibus
3448 2615 3658 2671 audere
3682 2617 3778 2671 ali-

2166 2699 2316 2772 QUid,
2351 2717 2642 2770 possumus
2669 2702 2854 2758 dicere
2871 2703 3017 2773 quod
3052 2719 3150 2774 per
3175 2703 3305 2795 illud
3333 2705 3609 2775 baptisma
3636 2723 3778 2778 pra:-

2168 2791 2326 2847 terita
2352 2803 2571 2862 peccata
2597 2804 2913 2865 purgantur,
2944 2809 3040 2865 per
3067 2791 3370 2852 istud'vero
3399 2797 3563 2851 etiam
3594 2797 3777 2854 futura

2168 2891 2527 2960 perimuntur.
2560 2891 2641 2946 lbi
2669 2903 2888 2962 peccata
2919 2892 3142 2948 dimissa
3169 2903 3318 2960 sunt,
3347 2894 3435 2948 hic
3463 2896 3712 2952 exclusa.
3757 2918 3774 2948 ι

2169 2987 2227 3041 In
2256 2989 2502 3045 eamdem
2536 2988 2696 3061 plane
2721 2990 3044 3050 sententiam
3071 2989 3526 3060 gloriosissimum
3561 2991 3710 3048 hunc
3728 3004 3781 3049 et

2169 3083 2462 3138 maximum
2487 3085 2763 3154 sanguinis
2792 3083 3118 3152 baptismum
3149 3082 3389 3153 appellat
3413 3092 3602 3139 noster
3635 3102 3780 3141 mar-

2169 3185 2276 3248 tyr,
2301 3175 2444 3245 quod
2464 3191 2660 3245 nempe
2691 3175 3009 3246 gloriosiora
3039 3173 3149 3228 sint
3175 3184 3231 3230 et
3252 3175 3459 3246 majora
3489 3179 3779 3248 sanguinei

466 3268 692 3325 abscissi
712 3278 916 3332 essent,
947 3285 1047 3325 nec
1080 3273 1353 3324 unilorum
1385 3271 1551 3326 fuisse
1571 3271 1937 3340 crediderunt,
1965 3291 2064 3332 nec
2093 3270 2136 3332 C
2171 3267 2423 3336 baptismi
2448 3267 2710 3323 beneﬁcia
2733 3282 2893 3337 quam
2916 3268 3024 3322 sint
3041 3283 3103 3322 ea
3125 3282 3245 3337 qua:
3271 3283 3364 3338 per
3385 3284 3623 3340 aqueum
3652 3281 3784 3326 sunt

464 3362 601 3417 adeo
631 3363 947 3433 ulliusapud
979 3364 1147 3418 Deum
1174 3364 1350 3432 pretii.
1378 3362 1901 3420 Catechumenorum
1931 3384 2062 3422 cau-

466 3471 581 3511 sam
611 3455 1046 3510 favorahiliorem
1079 3466 1426 3522 censuerunt,
1458 3456 1546 3526 qui
1577 3471 1682 3512 non
1730 3467 1835 3511 tam
1881 3471 2065 3515 essent

465 3549 534 3602 ab
558 3549 763 3603 unitate
798 3549 1048 3617 scjuncti,
1083 3564 1242 3618 quam
1275 3563 1393 3601 eam
1434 3549 1606 3618 ipsam
1640 3551 1900 3607 unitatem
1931 3569 2065 3606 non-

467 3639 594 3693 dum
623 3639 922 3702 consecuti;
958 3640 1152 3707 quibus
1179 3639 1252 3692 ita
1281 3639 1410 3695 vitio
1439 3656 1545 3695 non
1570 3650 1715 3695 esset
1743 3643 2063 3698 vertendum

466 3731 611 3802 quod
660 3732 899 3786 nondmu
944 3741 1129 3786 essent
1157 3731 1311 3794 uniti,
1348 3742 1404 3786 ut
1449 3743 1637 3788 contra
1689 3735 1828 3789 laudi
1889 3737 2066 3804 potius

468 3837 614 3882 esset
640 3825 781 3896 quod
829 3825 1213 3880 ecclesiasticae
1260 3825 1553 3895 disciplina:
1593 3827 1736 3897 leges
1779 3828 2064 3884 observas-

468 3928 612 3974 sent.
647 3920 712 3972 lli
738 3928 884 3973 certe
927 3927 1050 3973 voto
1084 3927 1190 3972 tam
1235 3934 1354 3985 suo,
1399 3934 1557 3989 quam
1603 3919 1898 3986 Ecclesiae,
1934 3922 2065 3977 uniti

463 4013 578 4082 jam
606 4022 790 4078 erant;
818 4021 871 4066 et
898 4027 1020 4066 cum
1053 4026 1111 4066 se
1143 4012 1355 4081 legibus
1379 4011 1759 4069 ecclesiasticis
1797 4014 2064 4085 subjecis-

464 4113 610 4168 sent,
641 4119 708 4158 eo
739 4105 855 4173 ipso
909 4117 968 4158 se
1019 4102 1254 4173 politian:
1303 4104 1525 4158 unitatis
1565 4104 1805 4158 tnembra
1836 4105 2066 4176 professi

468 4209 617 4263 sttnt,
649 4197 794 4268 quod
821 4197 1101 4268 mysticam
1135 4196 1282 4250 illam
1313 4197 1608 4264 unitatem,
1640 4200 1926 4267 quantovis
1947 4215 2064 4254 eam

472 4292 738 4346 haberent
789 4291 838 4344 in
887 4289 1078 4360 pretio,
1109 4291 1354 4360 arripere
1401 4299 1580 4346 tamen
1615 4305 1720 4345 non
1767 4292 2064 4360 auderent;

470 4393 822 4455 expectarent
870 4386 1118 4448 interim,
1173 4385 1322 4450 dum,
1359 4400 1453 4455 per
1499 4385 1650 4455 leges
1685 4387 2069 4443 ecclesiastica:

469 4481 672 4552 politiae
700 4495 819 4534 eam
869 4477 971 4534 rite
997 4479 1218 4548 adipisci
1261 4478 1468 4533 liceret.
1508 4477 1620 4533 Illis
1651 4479 1812 4550 igitur
1857 4495 2068 4550 mquum

467 4583 586 4628 erat
613 4571 837 4628 concedi
869 4569 1089 4626 unitatis
1143 4570 1425 4637 beneﬁcia,
1472 4571 1561 4642 qui
1587 4569 1698 4640 jam
1755 4586 1818 4626 ea
1864 4583 2065 4642 essent,

2170 3359 2500 3428 baptismum
2540 3375 2568 3410 a
2600 3360 2845 3428 subjecto
2877 3360 2981 3415 rite
3011 3359 3276 3430 disposito
3301 3363 3670 3430 expectanda.
3706 3365 3781 3418 lta

2169 3452 2314 3506 enim
2347 3451 2534 3505 scribit
2568 3452 2660 3504 ille
2689 3450 2742 3504 in
2772 3466 2868 3505 sua
2896 3451 2962 3506 ad
2995 3457 3312 3522 martyrium
3342 3451 3732 3512 exhortatione
3769 3476 3781 3511 ε

2177 3565 2194 3594 ι
2233 3543 2345 3600 Nos
2380 3553 2618 3607 tantum,
2653 3545 2846 3614 inquit,
2880 3545 2970 3615 qui
3019 3545 3246 3599 Domino
3285 3547 3636 3616 permittente
3669 3552 3784 3620 pri-

2173 3653 2316 3692 mum
2349 3638 2610 3708 baptisma
2634 3638 2986 3693 credentibus
3009 3636 3278 3704 dedimus,
3295 3640 3361 3692 ad
3391 3640 3535 3696 aliud
3559 3658 3787 3713 quoque

2172 3729 2410 3800 singulos
2461 3744 2848 3800 praeparemus,
2881 3731 3218 3786 insinuantes
3262 3744 3317 3786 et
3360 3733 3624 3790 docentes
3681 3737 3786 3792 hoc

2173 3840 2294 3879 esse
2314 3823 2575 3893 baptisma
2597 3825 2647 3877 iu
2675 3823 2846 3892 gratia
2875 3825 3077 3894 majus,
3100 3825 3154 3878 in
3179 3835 3446 3895 potestate
3463 3829 3784 3897 sublimius,

2172 3921 2227 3974 in
2262 3919 2467 3973 honore
2509 3918 2800 3988 pretiosius
2835 3935 2847 3971 :
2881 3917 3146 3989 baptisma
3176 3920 3230 3974 in
3261 3936 3368 3992 quo
3397 3923 3572 3993 angeli
3607 3923 3790 3994 bapti-

2173 4023 2317 4078 zant,
2345 4012 2609 4082 baptisma
2641 4013 2692 4065 in
2717 4025 2824 4082 quo
2845 4011 2985 4066 Deus
3010 4020 3067 4067 et
3088 4011 3336 4068 Christus
3365 4013 3481 4082 ejus
3507 4016 3786 4083 exultant,

2172 4105 2438 4175 baptisma
2463 4111 2584 4174 post
2606 4103 2748 4174 quod
2776 4118 2936 4158 nemo
2957 4103 3068 4173 jam
3099 4114 3306 4174 peccat,
3335 4105 3605 4176 baptisma
3635 4109 3787 4179 quod

2173 4196 2297 4254 ﬁdei
2341 4205 2538 4251 nostra:
2567 4196 2904 4250 incrementa
2934 4207 3297 4264 consummat,
3331 4197 3596 4268 baptisma
3635 4202 3789 4270 quod

2173 4307 2276 4348 nos
2305 4292 2374 4347 de
2426 4290 2626 4346 mundo
2671 4289 2992 4345 recedentes
3034 4291 3216 4345 statim
3268 4291 3379 4347 Deo
3426 4292 3672 4363 copulat.
3727 4295 3789 4351 In

2172 4402 2324 4456 aquae
2348 4387 2617 4456 baptismo
2637 4385 2906 4454 accipitur
2931 4397 3276 4455 peccatorum
3297 4387 3543 4453 remissa;
3568 4387 3625 4442 in
3659 4405 3791 4444 san-

2173 4478 2349 4549 guinis
2375 4493 2575 4550 coroua
2621 4477 2906 4532 virtutum.
2941 4478 3332 4549 Amplectenda
3373 4493 3462 4534 res
3489 4489 3572 4534 est
3601 4490 3661 4536 et
3689 4499 3792 4553 op-

2178 4571 2354 4637 tanda,
2381 4581 2434 4627 et
2462 4572 2711 4627 omnibus
2739 4572 3156 4642 postulationum
3188 4583 3496 4628 nostrarum
3523 4577 3790 4644 precibus

469 4680 590 4734 qua:
618 4664 855 4735 legitima
904 4672 1079 4729 esset,
1116 4663 1320 4718 unitate
1349 4662 1658 4733 conjuncti;
1689 4677 1787 4717 nec
1819 4662 1924 4717 ulla
1971 4679 2065 4718 sua
2094 4665 2148 4726 D
2175 4663 2496 4735 expetenda,
2529 4663 2694 4732 utqui
2722 4664 2867 4718 servi
2896 4663 3216 4730 Dcisumus,
3247 4665 3417 4720 simus
3447 4674 3502 4721 et
3529 4669 3718 4722 amici.
3766 4688 3786 4722 ι

468 4757 625 4826 culpa
649 4755 1040 4826 impedirentur
1061 4756 1354 4825 quominus
1384 4755 1528 4810 illam
1552 4771 1763 4826 quoque
1790 4759 2070 4813 consecuti

467 4855 652 4904 essent
681 4863 800 4918 quae
830 4847 1063 4902 nondum
1088 4859 1234 4902 esset
1263 4847 1519 4917 legitima.
1563 4848 1691 4902 Erat
1717 4860 1895 4904 autem
1925 4867 2069 4905 Inar-

468 4943 596 5015 tyrii
626 4942 829 4997 fructus
860 4942 999 4996 inter
1025 4941 1246 4995 unitatis
1274 4941 1556 5008 beneﬁcia,
1589 4957 1688 5011 pro
1718 4941 1932 5011 illorum
1961 4958 2067 4999 sa:-

468 5038 716 5093 culorum
746 5035 1036 5101 sententia,
1087 5034 1414 5090 censendus.
1468 5035 1620 5089 Hanc
1644 5036 2065 5094 catechumeno-

466 5149 587 5187 rum
628 5145 844 5186 causam
891 5130 1000 5200 agit
1042 5129 1095 5182 in
1136 5129 1363 5198 epistola
1407 5129 1474 5183 ad
1515 5128 1835 5184 Jubaiauum
1884 5142 2068 5188 noster

467 5226 768 5297 Cyprianus
793 5220 986 5294 (Epist.
1009 5222 1219 5294 Lxxtn).
1253 5221 1548 5277 Damnasse
1577 5231 1757 5278 autem
1780 5221 2066 5280 haeretico-

466 5331 588 5372 rum
615 5313 1188 5384 schismaticorumqu’e
1215 5312 1470 5386 martyria
1503 5313 1679 5369 notius
1711 5324 1795 5370 est
1819 5331 1976 5384 quam
2012 5327 2070 5372 ut

466 5408 581 5465 ulla
612 5405 931 5477 probatione
977 5405 1230 5477 indigeat.
1263 5405 1372 5461 Nec
1429 5406 1607 5460 solum
1637 5405 1802 5462 fuisse
1866 5408 1920 5462 in
1969 5409 2068 5463 hac

465 5517 630 5559 causa
661 5500 1007 5571 Cyprianum,
1041 5500 1136 5556 sed
1168 5500 1410 5556 Ecclesia
1441 5501 1644 5571 pariter
1671 5503 1915 5557 universa
1946 5501 2062 5558 suf-

462 5596 710 5666 fragante
732 5636 746 5661 ,
780 5586 1084 5660 damnasse,
1114 5609 1180 5648 ex
1207 5595 1324 5664 ipso
1344 5594 1399 5650 S.
1435 5595 1733 5666 Augustino
1756 5597 1938 5664 liquet,
1974 5599 2065 5668 qui

463 5705 586 5746 cum
619 5697 804 5742 nostro
832 5684 1075 5758 martyri,
1107 5687 1162 5740 in
1199 5701 1360 5741 causa
1390 5688 1644 5757 baptismi
1683 5688 2062 5745 hmreticorum

464 5798 587 5840 sese
611 5781 986 5837 strenuissime
1008 5781 1253 5851 opponit,
1279 5783 1418 5837 hanc
1447 5791 1626 5837 tamen
1654 5782 1770 5852 ejus
1798 5782 1866 5836 de
1889 5781 2065 5839 luere-

473 5875 700 5930 ticorum
727 5872 1300 5944 schismaticorumqne
1330 5873 1604 5946 martyriis
1634 5887 1920 5932 censuram
1951 5875 2066 5934 nbi-

2177 4759 2338 4814 Multa
2373 4757 2460 4812 hic
2487 4757 2747 4813 habemus
2778 4757 2830 4811 in
2853 4751 2953 4811 hoc
2979 4756 3238 4830 Cypriani
3267 4759 3436 4814 nostri
3465 4761 3792 4818 testimonio

2175 4865 2295 4906 cum
2344 4849 2669 4920 Origeniano
2714 4849 2808 4902 illo
2847 4849 3175 4917 communia,
3217 4865 3446 4921 qumque
3494 4860 3601 4905 tam
3632 4867 3795 4909 com-

2175 4945 2322 5000 muni
2353 4945 2658 5010 assertioni,
2714 4958 2872 5013 quam
2902 4936 3010 5004 sibi
3046 4943 3297 5012 invicem,
3330 4945 3504 5002 lucem
3535 4946 3793 5006 vicissim

2173 5035 2530 5092 fmuercntur.

2250 5127 2277 5200 §
2305 5129 2432 5183 5.—
2448 5128 2648 5184 Gratiae
2671 5129 2917 5200 inprimis
2943 5129 3368 5199 magnitudinem
3397 5129 3521 5186 inde
3543 5133 3795 5189 :nstimat

2172 5219 2314 5292 quod
2333 5261 2347 5286 ,
2376 5235 2495 5276 cum
2523 5229 2644 5290 post
2674 5234 2826 5288 aqua:
2856 5220 3184 5290 baptismum
3225 5235 3510 5290 peccamus
3551 5222 3785 5292 iterum,

2171 5311 2602 5384 baptizalemque
2617 5311 2844 5381 gratiam
2860 5310 3182 5378 amittimus,
3205 5301 3259 5366 in
3277 5312 3543 5382 baptismo
3558 5319 3794 5386 sangui-

2173 5405 2257 5460 nis
2287 5404 2464 5458 nullus
2492 5404 2942 5472 supersit-metus
2978 5405 3278 5459 futurorum
3313 5417 3690 5476 peccatorum,
3731 5423 3793 5467 ut

2168 5497 2402 5570 proinde
2433 5511 2527 5567 per
2561 5498 2711 5552 illum
2763 5508 2870 5552 tam
2919 5498 3221 5555 futurorum
3271 5502 3450 5556 securi
3498 5503 3794 5564 reddimur

2170 5606 2329 5662 quam
2347 5589 2760 5660 prmteritorum,
2787 5606 2907 5645 cum
2934 5591 3201 5660 praeterita
3230 5590 3509 5648 dumtaxat
3531 5593 3582 5648 iu
3605 5610 3795 5667 aqueo

2171 5683 2442 5754 baptismo
2469 5681 2776 5749 expientur,
2809 5682 2953 5752 quod
2980 5685 3142 5737 etiam
3165 5691 3292 5738 ante
3318 5683 3648 5755 Cyprianum
3679 5691 3791 5746 ob-

2167 5787 2482 5836 servaverat
2501 5774 2786 5848 Origenes,
2810 5785 3002 5846 etpost
3027 5775 3359 5849 Cyprianum
3385 5790 3632 5836 nostrum
3651 5795 3791 5840 san-

2173 5874 2415 5934 ctissima
2445 5883 2651 5947 martyr
2667 5872 2880 5945 Pelagia
2903 5873 3042 5946 apud
3075 5872 3440 5946 Ambrosium,
3465 5876 3561 5935 lib.
3599 5894 3679 5949 ιιι,
3713 5881 3786 5940 de
