3888 6392
193 392 245 451 55
1167 395 1254 452 DE
1289 394 1606 454 SECUNDO
1643 389 2036 457 MARTYRUM
2073 397 2442 459 BAPTISMO.
3416 402 3487 458 54

198 507 420 578 Virginib.
443 506 586 562 Tum
612 507 686 564 ad
717 509 922 580 gratiae
945 524 1157 582 quoque
1181 510 1607 581 magnitudinem
1642 510 1772 566 illud
1799 517 1852 574 Α
1876 525 1929 568 et
1945 511 2192 570 Christus
2215 515 2335 586 ejus
2347 517 2611 572 exultent.
2638 517 2804 574 Docet
2824 519 3082 574 Dominus
3099 517 3486 574 exultationem

203 600 430 668 pertinere
447 609 664 669 censet,
685 602 866 672 quod,
886 618 1012 657 cum
1032 602 1096 657 ad
1113 606 1285 679 ἀρχῆς
1308 605 1451 679 λόγον
1481 614 1535 660 et
1554 607 1774 677 θεμέλιον

205 711 394 766 aqueum
424 697 577 751 illum
600 697 942 768 baptismum
979 699 1216 755 retulerit
1239 700 1534 769 Apostolus
1566 699 1776 772 (Helm,

215 805 272 853 η,
306 788 450 859 1,2).
491 789 793 859 Sanguinis
840 790 932 846 hic
978 791 1274 862 baptismus
1311 790 1379 846 ad
1413 790 1539 846 fidei
1583 800 1782 847 nostra:

214 883 504 938 incrementa
535 884 977 938 consummanda
1020 884 1304 953 pertineat;
1346 883 1513 953 quod,
1557 899 1680 939 cum
1729 884 1780 937 in

214 989 354 1044 aqueo
377 972 640 1042 baptismo
678 974 1062 1030 renuntiantes
1088 974 1288 1030 mundo
1332 973 1646 1032 fruitionem
1688 975 1781 1030 Dei

219 1083 302 1123 non
325 1069 414 1123 nisi
437 1082 466 1122 e
494 1067 792 1137 longinquo
824 1077 1006 1124 tamen
1035 1077 1407 1139 expectemus,
1446 1085 1539 1140 per
1565 1070 1777 1140 sangui-

217 1176 348 1216 neum
359 1161 527 1216 statim
544 1159 655 1215 Deo
668 1161 1012 1230 copulemur;
1029 1161 1194 1231 quod,
1214 1175 1334 1216 cum
1355 1161 1425 1215 ibi
1444 1170 1783 1231 peccatorum

220 1255 552 1309 remissioncm
570 1269 993 1324 consequamur,
1026 1255 1113 1310 hic
1141 1256 1422 1324 praemium
1443 1256 1606 1310 etiam
1630 1269 1785 1310 coro-

221 1361 417 1416 namque
437 1356 721 1416 expectare
749 1347 1046 1415 possimus;
1070 1345 1190 1425 illic
1213 1361 1400 1402 servos
1431 1347 1521 1402 Dei
1548 1361 1665 1413 nos,
1699 1362 1787 1416 vel

221 1437 379 1494 saltem
416 1440 777 1513 ἀπελευθέρους
807 1438 1181 1508 profiteantur,
1205 1439 1294 1495 hic
1318 1439 1482 1495 etiam
1512 1440 1670 1496 amici
1691 1434 1789 1496 Dei

226 1546 564 1602 agnoscantur.
599 1531 771 1586 Porro
797 1541 1066 1602 potestate
1092 1532 1468 1589 sublimiorem
1494 1533 1625 1588 dicit
1648 1533 1790 1589 hunc

221 1623 462 1693 sanguinis
509 1622 863 1694 baptismum,
894 1623 1036 1696 quod
1067 1623 1343 1680 hominem
1387 1625 1694 1702 ministrum
1723 1625 1788 1679 ad

223 1729 353 1782 aqua:
371 1713 680 1784 baptismum
697 1713 1082 1781 adhibeamus,
1099 1717 1151 1769 in
1166 1716 1463 1786 sanguineo
1478 1717 1790 1788 angelorum

227 1809 493 1864 ministerio
543 1808 843 1862 initientur.
893 1808 963 1864 Ut
1005 1809 1149 1863 enim
1191 1809 1476 1865 invisibilis
1505 1809 1666 1880 plane
1710 1820 1794 1871 est

1886 606 1938 660 in
1965 606 2102 660 coelo
2123 621 2246 663 esse
2278 607 2329 661 in
2357 610 2713 666 conversione
2738 611 3058 681 peccatoris.
3087 609 3237 666 Hane
3261 625 3489 666 conver-

1887 698 2093 753 sionem
2121 699 2194 753 illi
2219 701 2285 755 ad
2314 701 2639 771 baptismum
2668 719 2898 773 aqueum
2925 705 3150 758 fortasse
3187 702 3492 771 retulerint,

1887 800 1942 846 et
1965 786 2347 848 exultationem
2399 795 2449 847 in
2495 795 2635 850 ccelo
2668 796 2812 849 illam
2848 795 2916 849 de
2940 795 3254 865 angelorum
3285 795 3497 850 exulta-

1888 884 2034 940 tione
2072 885 2457 942 intcllexerint.
2505 887 2811 958 Opponitur
2840 889 2984 943 enim
3023 888 3134 942 Deo
3175 889 3371 944 caelum
3405 887 3494 959 (S.

1888 976 2043 1041 Lua,
2063 993 2151 1043 xv,
2170 977 2288 1051 21).
2316 980 2382 1033 Et
2403 980 2599 1036 caelum
2621 996 2739 1034 cum
2763 989 2868 1042 τοῖς
2891 986 3188 1036 κατοικοῦσι
3209 980 3495 1051 conjungi-

1892 1079 1976 1125 tur
2001 1071 2266 1142 (Apocal.,
2295 1089 2390 1137 stt,
2425 1072 2538 1145 12),
2579 1074 2720 1143 quod
2743 1083 2890 1128 certe
2911 1073 2976 1127 de
2995 1073 3272 1126 Trin-uno
3288 1072 3397 1127 Deo
3419 1075 3493 1128 ita

1889 1165 2171 1219 commode
2225 1166 2445 1236 intelligi
2499 1168 2704 1238 nequit.
2757 1168 2830 1221 Ita
2887 1166 3046 1235 igitur
3101 1165 3268 1221 Deum
3327 1164 3490 1234 hujus

1890 1255 2170 1325 sanguinei
2200 1256 2454 1326 baptismi
2479 1258 2762 1328 praesidem
2781 1258 3146 1322 crediderunt,
3181 1256 3346 1327 quod,
3372 1271 3497 1311 cum

1891 1350 2208 1420 martyrium
2250 1351 2537 1421 agonibus,
2568 1351 2681 1406 sive
2715 1351 2857 1407 ludis
2883 1350 3238 1406 theatralibus
3259 1391 3272 1414 ,
3305 1360 3498 1405 contu-

1893 1442 2104 1508 lissent,
2137 1441 2305 1498 Deum
2336 1444 2735 1514 Agonothetam
2769 1442 3020 1509 fecerint,
3043 1453 3096 1497 et
3127 1443 3279 1510 quasi
3303 1457 3504 1498 consu-

1895 1533 2001 1588 lem
2031 1535 2081 1587 in
2104 1532 2395 1589 Orchestra
2428 1544 2809 1604 spectatorem.
2846 1534 2962 1603 Ipsa
2992 1533 3284 1602 spectaculi
3313 1547 3446 1589 voce
3474 1547 3505 1588 a

1896 1624 2124 1680 theatris
2168 1624 2452 1696 desumpta
2483 1639 2612 1681 usus
2659 1625 2762 1680 hac
2816 1627 2869 1678 in
2912 1639 3072 1679 causa
3119 1635 3202 1678 est
3250 1623 3508 1679 Octavius

1898 1720 2110 1794 (Minut.
2144 1718 2262 1774 Fel.
2289 1719 2493 1784 0clav.,
2515 1737 2566 1790 p.
2583 1720 2745 1792 1558).
2769 1719 2969 1787 «Quam
2990 1718 3272 1789 pulchrum
3288 1719 3508 1790 (inquit)

1895 1811 2263 1882 spectaculum
2297 1812 2426 1878 Deo,
2459 1827 2579 1867 cum
2626 1811 2954 1866 christianus
2993 1826 3116 1865 cum
3160 1809 3348 1865 dolore
3375 1825 3508 1866 con-

223 1911 484 1971 martyrum
512 1900 600 1954 ille
613 1899 942 1969 baptismus,
971 1899 1160 1955 saltem
1177 1899 1321 1971 quod
1337 1899 1563 1955 adillam
1582 1909 1790 1972 partem
1822 1908 1870 1968 B
1896 1905 2156 1977 greditur.
2175 1915 2305 1972 etc.,
2331 1907 2452 1962 i.Et
2467 1915 2650 1962 noster
2663 1905 2966 1978 Cyprianus
2984 1904 3112 1978 (Ep.
3132 1902 3244 1975 Lvi)
3267 1924 3278 1957 :
3302 1923 3320 1956 ι
3345 1903 3514 1974 Spec-

219 1991 506 2062 attinetquze
525 1991 692 2046 Deum
719 1991 897 2060 ipsum
930 1999 1155 2060 spectat,
1187 1991 1258 2046 ita
1282 2000 1430 2046 certe
1464 1991 1790 2047 invisibilem

218 2083 342 2137 illam
366 2084 671 2161 λειτουργίαν
695 2081 762 2136 ad
794 2083 964 2136 Deum
988 2083 1163 2152 ipsum
1191 2082 1448 2146 diximus,
1485 2096 1582 2152 pro
1605 2083 1797 2154 mysti-

216 2190 281 2231 αι
319 2174 662 2246 philosophia:
708 2174 1021 2244 principiis,
1076 2173 1241 2229 fuisse
1293 2172 1658 2230 referendam.
1725 2172 1796 2230 Ut

220 2281 374 2326 autem
401 2272 450 2326 in
475 2272 705 2342 mystico
738 2270 1047 2326 sacerdotio
1077 2270 1184 2326 duo
1211 2279 1367 2326 erant
1397 2268 1574 2326 officia
1597 2271 1798 2328 visibili

223 2368 493 2423 sacerdotio
523 2369 854 2423 adamussim
910 2367 1316 2436 reSpondentia,
1350 2366 1600 2436 superius
1627 2364 1795 2431 aliud,

223 2464 342 2528 quod
368 2461 685 2531 βελτιωτικὸν
719 2460 835 2514 sive
862 2460 1174 2515 τελειωτικὸν
1205 2458 1567 2528 appellarunt,
1597 2457 1798 2513 Christi

225 2553 549 2622 proculdubio
590 2553 761 2623 ipsius
801 2555 853 2607 in
908 2553 1010 2607 hac
1055 2552 1278 2623 mystica
1334 2553 1624 2630 λειτουργίᾳ
1674 2564 1800 2620 pro-

231 2645 402 2713 prium;
422 2645 642 2700 inferius
661 2644 810 2700 aliud
839 2645 955 2700 sive
975 2645 1304 2719 ὑπηρετικόν,
1330 2641 1472 2712 quod
1489 2641 1802 2712 angelorum

230 2739 368 2794 etiam
395 2738 555 2796 fuisse
587 2740 866 2810 proprium
900 2737 1036 2793 nihil
1064 2747 1148 2792 est
1172 2736 1314 2806 quod
1344 2737 1651 2790 dubitemus
1684 2753 1696 2788 :
1731 2733 1804 2788 ita

231 2841 358 2885 certe
383 2831 632 2900 baptismi
659 2845 857 2885 munus
905 2828 971 2883 ad
1017 2827 1243 2882 inferius
1289 2825 1418 2880 illud
1450 2823 1806 2879 ministerium

230 2925 544 2993 pertinuisse,
568 2925 698 2980 alibi
720 2933 805 2980 est
832 2940 861 2978 a
886 2922 1060 2986 nobis.
1083 2921 1184 2976 nisi
1209 2919 1462 2986 fallimur,
1498 2918 1805 2988 probatum.

230 3013 506 3072 lnexterno
533 3017 679 3072 enim
708 3015 867 3086 aquei
893 3014 1140 3084 baptismi
1174 3026 1397 3067 munere
1423 3010 1695 3065 inferioris
1714 3025 1806 3079 ge-

230 3107 357 3160 neris
403 3107 663 3162 ministris
716 3106 798 3160 usi
851 3113 980 3159 sunt
1013 3113 1073 3158 ut
1106 3103 1394 3172 plurimum
1444 3101 1696 3171 apostoli.
1739 3099 1810 3155 Ut

234 3197 434 3268 proinde
461 3199 604 3255 idem
623 3197 782 3252 sitde
817 3196 1070 3252 invisibili
1093 3209 1307 3266 quoque
1342 3194 1435 3248 illo
1472 3197 1808 3265 mysticoque

1900 2012 1977 2058 tat
2017 2003 2241 2058 militem
2285 2018 2442 2058 suum
2476 2003 2723 2058 Christus
2768 2003 2964 2074 ubique
3016 2011 3366 2073 pugnantem.
3401 2022 3420 2055 ›
3447 1999 3517 2057 Et

1906 2103 2091 2164 postea
2129 2111 2142 2148 :
2183 2113 2201 2146 ι
2235 2094 2376 2151 Ecce
2402 2110 2543 2165 agon
2573 2095 2820 2150 sublimis
2849 2103 2904 2150 et
2934 2109 3180 2164 magnus,
3211 2102 3267 2151 et
3292 2109 3512 2150 corona:

1902 2187 2140 2244 caelestis
2177 2189 2400 2264 praemio
2429 2189 2724 2260 gloriosus,
2770 2199 2827 2243 ut
2856 2198 3065 2259 spectet
3108 2205 3210 2245 nos
3229 2198 3515 2246 certantes

1906 2280 2068 2336 Deus.
2096 2281 2417 2337 Pracliantes
2443 2296 2544 2338 nos
2564 2290 2619 2335 et
2642 2281 2765 2337 fidei
2797 2283 3185 2353 congressione
3215 2291 3521 2353 pugnantes

1905 2383 2116 2444 spectat
2157 2374 2317 2440 Deus,
2349 2384 2596 2444 spectant
2623 2375 2800 2445 angeli
2848 2376 2966 2444 ejus
2987 2418 3003 2443 ,
3029 2384 3244 2445 Spectat
3269 2384 3323 2430 et
3349 2375 3512 2430 Chri-

1908 2475 2076 2518 stus.»
2109 2465 2177 2519 Et
2197 2465 2323 2521 alibi
2348 2465 2475 2538 (Ep.
2507 2464 2628 2536 ix):
2668 2465 2743 2521 r0
2767 2465 2922 2536 quale
2950 2466 3082 2520 illud
3110 2466 3210 2520 fuit
3235 2475 3518 2536 spectacu-

1909 2559 2022 2612 lum
2055 2557 2317 2623 Domino,
2350 2574 2510 2628 quam
2559 2558 2809 2622 sublime,
2844 2574 3004 2628 quam
3053 2571 3326 2629 magnum,
3361 2574 3522 2628 quam

1912 2651 2008 2709 Dei
2035 2651 2206 2706 oculis
2221 2659 2566 2705 sacramento
2583 2667 2646 2706 ac
2667 2651 2959 2707 devotione
2978 2652 3164 2705 militis
3181 2652 3299 2720 ejus
3317 2665 3518 2720 accep-

1914 2752 2026 2797 tum
2049 2785 2064 2809 ,
2095 2752 2200 2797 etc.
2241 2760 2260 2794 ι
2293 2740 2405 2797 Nec
2435 2743 2630 2797 mirum
2659 2742 2760 2797 hac
2789 2743 2978 2798 eadem
3014 2742 3365 2798 similitudine
3395 2757 3525 2798 usos

1915 2852 2038 2892 esse
2071 2837 2231 2892 toties
2259 2836 2591 2892 christianos
2612 2879 2626 2902 ,
2660 2852 2821 2906 quam
2846 2846 2900 2892 et
2930 2837 3099 2905 ipsam
3147 2835 3396 2891 eamdem
3426 2833 3527 2889 ad-

1915 2928 2209 2983 hibuerant
2245 2928 2347 2999 ipsi
2375 2928 2538 2983 etiam
2573 2927 2900 2999 philosomii,
2928 2927 3132 2983 Seneca
3185 2927 3426 2997 (Senec.,
3466 2927 3530 2982 de

1915 3016 2098 3083 Prov.,
2113 3019 2223 3088 (3.5)
2242 3027 2296 3072 et
2312 3019 2584 3088 Epictetus
2597 3018 2786 3088 (Epist.
2807 3019 2894 3072 ad.
2916 3017 3175 3090 Arrium).
3192 3018 3532 3088 Quamquam

1916 3110 2079 3166 etiam
2105 3110 2265 3164 altius
2295 3112 2576 3179 repetitam
2601 3110 2764 3164 fuisse
2794 3110 3094 3165 verisimile
3121 3121 3223 3177 est,
3253 3125 3283 3164 a
3311 3109 3535 3166 visioni-

1917 3203 2018 3258 bus
2057 3201 2312 3256 nimirum
2355 3203 2466 3257 illis
2489 3201 2687 3271 quibus
2710 3201 2858 3257 Deus
2889 3216 3128 3271 prmsens
3160 3201 3532 3257 laborantibus

233 3292 474 3362 baptismo
503 3290 873 3356 statuendum,
907 3297 964 3344 ut
987 3287 1239 3342 exteriori
1260 3285 1528 3354 baptismo
1559 3284 1811 3338 adamus-
1838 3295 1884 3359 ρ
1917 3304 2262 3366 apparuerat.
2295 3295 2370 3350 ua
2410 3297 2466 3351 s.
2499 3295 2775 3365 Stephano
2801 3295 3046 3351 Christus
3080 3294 3242 3365 (Act.,
3278 3312 3383 3359 vn,
3415 3295 3534 3368 55).

235 3383 323 3438 sim
368 3383 710 3455 respondeat,
743 3383 831 3437 hic
871 3396 1087 3452 quoque
1117 3382 1385 3451 ὑπηρετῶν
1433 3377 1600 3432 fuisse
1631 3391 1810 3443 usum,

237 3479 316 3549 qui
341 3494 438 3535 non
457 3480 541 3533 alii
562 3494 685 3534 esse
702 3478 990 3547 potuerint,
1021 3492 1116 3546 pro
1135 3485 1378 3531 veterum
1398 3474 1614 3528 illorum
1632 3484 1814 3543 captu,

238 3587 380 3640 quam
433 3572 631 3642 angeli.
688 3571 895 3624 Divinm
941 3570 1085 3625 enim
1136 3567 1442 3638 prmsentia:
1509 3566 1816 3637 symbolum

236 3665 593 3729 (Schechinam
620 3664 897 3736 appellant
923 3664 1120 3734 Judaei)
1148 3662 1351 3732 angelis
1382 3661 1622 3717 tribuunt
1649 3661 1819 3730 scrip-

241 3768 372 3814 tores
403 3770 614 3816 veteres
667 3768 776 3812 tam
827 3756 1022 3823 Judwi,
1055 3770 1212 3825 quam
1243 3752 1623 3820 ecclesiastici,
1655 3767 1820 3822 quam

243 3853 365 3907 sacri
392 3864 443 3908 et
467 3853 741 3918 canonici;
774 3862 828 3906 et
857 3866 1018 3921 quant
1047 3850 1157 3904 Deo
1181 3848 1822 3916 tribuuntnonnunquam

243 3947 641 4014 apparitionem,
684 3944 932 4001 eamdem
963 3943 1089 3998 alibi
1117 3942 1324 4014 angelis
1350 3942 1644 4011 assignant.
1681 3939 1823 3996 Deus

244 4040 290 4094 in
315 4042 441 4096 rubo
465 4040 635 4111 Moysi
665 4040 985 4110 apparuisse
1010 4038 1228 4108 legitur,
1262 4051 1426 4106 quem
1457 4045 1636 4089 tamen
1662 4049 1824 4112 gnge-

245 4131 342 4189 lum
385 4136 620 4206 appellat
649 4133 707 4190 S.
743 4134 1054 4204 Stephanus
1087 4133 1252 4204 (Αιτιη
1296 4145 1391 4192 vn,
1433 4127 1548 4199 55).
1583 4117 1728 4182 Detis
1770 4126 1824 4180 in

245 4239 407 4285 monte
439 4230 583 4287 Sinai
613 4229 930 4298 decalogum
960 4226 1157 4286 edidit,
1185 4239 1343 4294 quam
1370 4231 1545 4278 tamen
1578 4220 1824 4275 eamdem

245 4320 400 4393 legem
427 4324 493 4377 ab
519 4321 728 4392 angelis
762 4320 960 4374 editam
992 4319 1067 4371 ait
1098 4314 1384 4385 Apostolus
1413 4311 1622 4384 (Hahn,
1657 4327 1716 4377 ιι,
1746 4309 1823 4381 2).

249 4412 309 4468 Et
335 4430 455 4471 vero
478 4417 531 4469 in
565 4415 668 4468 hoc
697 4411 1000 4468 caelestium
1032 4408 1410 4480 mysteriorum
1440 4406 1689 4460 universo
1722 4417 1819 4458 ne-

249 4509 381 4579 gotio
400 4551 414 4576 ,
452 4508 594 4579 quod
642 4515 932 4578 prazstatur
963 4506 1016 4558 in
1045 4501 1274 4557 visibilis
1301 4499 1682 4556 ecclesiasticae
1711 4497 1827 4552 hie-

250 4602 456 4656 rarchitc
496 4599 793 4673 mysteriis,
825 4597 1062 4653 officium
1107 4594 1175 4649 ab
1228 4591 1517 4648 ordinariis
1572 4588 1830 4645 Ecclesia:

1921 3388 1990 3444 Et
2018 3388 2070 3442 in
2115 3388 2417 3443 certamine
2450 3387 2734 3458 Polycarpi
2785 3402 2970 3441 vocem
3018 3386 3234 3441 coalitus
3275 3387 3532 3441 emissam

1921 3488 2228 3536 memorant
2246 3478 2626 3549 Smyrnenscs,
2651 3478 2811 3551 ἴσχυε
2841 3480 3162 3554 Πολύκαρπε,
3187 3483 3274 3534 καὶ
3295 3477 3534 3554 ἀνδρίζου

1923 3570 2052 3643 (Ep.
2085 3570 2153 3623 ad
2184 3569 2413 3625 Philam.
2451 3586 2540 3638 ap.
2585 3569 2800 3634 Euseb.,
2833 3569 2970 3624 Hist.
3004 3571 3152 3635 eccl.,
3199 3585 3276 3634 tv,
3308 3567 3423 3641 15).
3472 3569 3540 3625 Et

1925 3664 2122 3719 merito
2145 3676 2278 3717 sane
2296 3662 2375 3716 illi
2408 3661 2500 3715 Dei
2519 3660 2657 3716 hanc
2680 3660 2910 3716 faventis
2938 3661 3288 3730 pra'sentiam
3313 3659 3540 3715 maximi

1927 3755 2150 3810 honoris
2180 3753 2303 3810 loco
2327 3753 2622 3808 duxerunt.
2651 3752 2709 3807 In
2750 3768 2816 3807 eo
2844 3763 3023 3806 autem
3057 3751 3394 3820 praetulerint
3420 3749 3536 3804 for-

1926 3860 2073 3906 tasse
2098 3846 2383 3918 sanguinei
2404 3847 2563 3917 hujus
2586 3847 2838 3916 baptismi
2862 3856 3201 3916 apparatum,
3218 3843 3383 3912 quod,
3414 3858 3539 3899 eum

1928 3943 1982 3998 in
2024 3942 2164 3998 coelo
2194 3940 2446 4012 gaudium
2475 3955 2614 3995 esse
2643 3948 2950 3995 memorant
3003 3953 3172 3992 sacrae
3214 3937 3436 3991 Litterae
3485 3935 3539 3990 in

1929 4036 2288 4091 conversione
2334 4033 2638 4106 peccatoris
2669 4032 2689 4106 (
2717 4047 2893 4102 aqueo
2943 4031 3200 4084 nimirum
3270 4029 3540 4099 baptismo

1931 4126 2178 4200 expiati),
2210 4126 2334 4182 cmli
2361 4127 2580 4181 nomine
2601 4126 2857 4180 caelestes
2882 4133 3181 4187 creaturas,
3210 4122 3433 4192 angelos
3461 4121 3545 4175 ni-

1931 4221 2150 4285 mirum,
2181 4219 2576 4285 intellexerint;
2609 4218 2697 4273 hic
2735 4217 2903 4272 Deum
2925 4217 3103 4287 ipsum
3137 4215 3364 4287 ejusque
3388 4213 3546 4270 Chri-

1923 4323 2076 4374 stum
2107 4313 2426 4384 plaudentes
2452 4311 2869 4368 introduxerint.

2009 4407 2037 4479 ς
2058 4405 2306 4461 ’1.-Νοιι
2326 4421 2414 4462 me
2431 4405 2560 4461 latet
2585 4405 2918 4480 antiquitatis
2942 4412 3348 4476 contemptores
3377 4419 3543 4474 quam

1933 4499 2012 4554 illi
2055 4498 2171 4554 haec
2199 4507 2446 4555 veterum
2475 4498 2896 4554 christianorum
2927 4496 3212 4553 ratiocinia
3245 4497 3394 4552 nullo
3436 4499 3548 4552 sint

1935 4590 1989 4644 in
2034 4588 2160 4644 loco
2190 4588 2449 4644 habituri.
2481 4588 2636 4657 Quod
2684 4588 3006 4660 martyrium
3036 4588 3293 4659 baptismi
3325 4587 3547 4645 secundi

250 4693 512 4760 ministris,
549 4702 659 4747 tam
708 4691 1030 4764 βελτιωτικὸν
1079 4685 1243 4750 illud,
1292 4683 1436 4754 quod
1486 4682 1619 4749 dixi,
1668 4681 2093 4751 quamptitulo
2143 4680 2514 4751 insignierint;
2569 4695 2673 4736 nec
2720 4680 2865 4736 nudo
2907 4681 3189 4735 dumtaxat
3233 4680 3408 4747 titulo,
3451 4680 3549 4736 sed

252 4785 400 4841 etiam
431 4786 742 4863 ὑπηρετικὸν
764 4784 906 4838 idem
929 4780 1135 4851 angelis
1166 4777 1405 4834 officium
1434 4776 1673 4862 assignat
1710 4775 1831 4830 Cle-

252 4893 393 4934 mens
439 4875 836 4934 Alexandrinus
883 4893 896 4929 :
954 4877 1151 4933 ταύτας
1199 4870 1372 4941 inquit
1410 4868 1607 4942 (Clem.
1655 4866 1828 4936 Alea,

255 4971 569 5041 Strata.,vu,
585 4971 749 5042 init),
767 4968 917 5044 ἄμφω
942 4972 1036 5030 τὰς
1058 4967 1314 5026 διακονίας
1344 4962 1545 5038 ἄπελοι
1568 4984 1622 5019 τε
1648 4964 1835 5039 ὑπηρε-

254 5073 444 5123 “mina:
468 5075 544 5140 τῷ
582 5069 675 5139 θεῷ
703 5065 837 5126 κατὰ
874 5067 966 5122 τήν
1003 5068 1103 5117 τῶν
1133 5060 1394 5133 «spe/sim
1415 5056 1722 5127 οἰκονομίαν,
1750 5057 1839 5109 καὶ

255 5159 397 5220 αὐτὸς
417 5160 443 5214 ὁ
462 5159 764 5234 pem-uae,
787 5165 892 5211 etc.
924 5152 1032 5210 Sed
1060 5150 1344 5208 redeamus
1365 5148 1430 5204 ad
1461 5154 1708 5204 nostrum
1734 5145 1839 5217 Cy-

255 5254 510 5323 prianum.

324 5346 882 5421 §6.-~ldemdenique
912 5342 1367 5416 additmysticum
1399 5339 1543 5395 hunc
1567 5337 1843 5409 sanguinis

259 5440 564 5512 baptismum
595 5443 649 5498 in
680 5440 890 5496 honore
922 5449 1046 5493 esse
1072 5435 1473 5507 pretiosiorem.
1496 5431 1628 5501 Quae
1677 5429 1843 5486 verba

260 5535 424 5594 adilla
464 5537 691 5595 fortasse
719 5530 1012 5592 referenda
1051 5539 1197 5597 sunt,
1229 5528 1373 5600 quod
1420 5541 1540 5583 cum
1577 5526 1631 5581 in
1672 5538 1845 5596 aqueo

261 5629 504 5702 baptismo
522 5633 664 5690 servi
687 5631 978 5688 dumtaxat
994 5623 1408 5691 eonscribimur,
1439 5621 1528 5678 hic
1552 5623 1603 5689 in
1627 5619 1846 5689 sangui-

265 5737 352 5780 neo
364 5724 621 5798 baptismo
637 5723 953 5781 amicorum
974 5717 1131 5773 titulo
1153 5716 1310 5789 longe
1333 5713 1665 5773 honoratiori
1687 5727 1849 5768 exor-

261 5835 445 5879 nentur.
478 5823 640 5882 Forte
667 5821 844 5880 etiam
872 5813 945 5870 ad
973 5822 1252 5868 externam
1281 5811 1450 5868 divini
1487 5809 1646 5880 hujus
1664 5807 1851 5879 agonis

254 5931 476 5998 pompam
502 5935 668 5996 atque
698 5918 1073 5991 apparatum,
1106 5907 1249 5982 quod
1290 5919 1488 5976 nempe
1528 5905 1580 5962 in
1618 5917 1685 5960 eo
1713 5902 1854 5959 Deus

1935 4783 2198 4846 praeterea
2219 4773 2399 4829 omnia
2421 4773 2617 4845 prioris
2632 4773 2881 4844 baptismi
2900 4772 3164 4828 beneficia
3192 4773 3368 4829 eidem
3390 4774 3550 4828 attri-

1938 4867 2183 4932 buerint;
2217 4881 2318 4922 nec
2345 4881 2412 4922 eo
2440 4866 2558 4937 ipso
2605 4865 2879 4930 contenti,
2911 4866 3257 4936 superiorem
3286 4864 3449 4919 etiam
3480 4879 3549 4920 eo

1941 4962 2059 5034 ipso
2081 4962 2349 5032 baptismo
2377 4959 2604 5015 fecerint
2627 4959 2720 5029 qui
2738 4976 2768 5012 ει
2783 4959 2894 5013 Deo
2920 4957 3096 5013 fuerat
3119 4957 3427 5013 institutus:
3452 4971 3552 5026 pro

1943 5057 2100 5113 nudis
2126 5055 2205 5110 illi
2225 5053 2581 5126 proculdubio
2604 5052 2839 5108 habituri
2860 5061 2987 5108 sunt
3011 5060 3310 5124 martyrum
3345 5049 3551 5106 deliriis

1945 5157 2109 5220 atque
2156 5147 2499 5205 commentis.
2531 5145 2962 5216 Indignahuutur
3014 5158 3199 5214 porro,
3235 5157 3336 5198 nec
3376 5142 3554 5197 feren-

1946 5241 2071 5298 dam
2094 5240 2372 5297 audaciam
2397 5254 2519 5297 esse
2542 5238 2916 5306 clamitabunt,
2939 5244 3148 5293 tantum
3176 5237 3298 5291 illos
3320 5233 3556 5289 inventis

1947 5335 2060 5392 suis
2087 5334 2326 5390 tribuere
2356 5339 2414 5388 ut
2437 5331 2867 5388 commentitium
2904 5345 3061 5386 suum
3077 5328 3404 5400 baptismum
3424 5327 3557 5397 bap-

1948 5428 2114 5485 tismo
2136 5441 2168 5481 a
2196 5425 2412 5482 Christo
2429 5423 2676 5479 instituto
2693 5422 2778 5478 vel
2799 5422 3051 5479 conferre
3072 5420 3326 5486 audeant,
3357 5418 3557 5475 nedum

1949 5518 2241 5576 anteferre.
2290 5521 2609 5587 Quaeramus
2654 5515 2816 5587 igitur
2861 5514 3159 5579 meritone,
3193 5526 3261 5566 an
3292 5525 3472 5578 secus,
3503 5510 3556 5564 in

1951 5630 2016 5672 ea
2067 5623 2280 5670 veteres
2340 5611 2541 5667 fuerint
2577 5610 2896 5668 sententia?
2945 5609 3098 5679 Rogo
3140 5607 3356 5662 interim
3395 5613 3558 5674 atque

1953 5711 2200 5776 obsecro,
2235 5715 2295 5763 ut
2329 5706 2591 5778 tantisper
2633 5712 2899 5774 seponant
2945 5701 3169 5771 affectus
3211 5700 3340 5758 dum
3385 5697 3558 5754 ratio-

1958 5816 2081 5858 nem
2107 5798 2386 5856 reddimus
2413 5779 2511 5854 cur
2537 5797 2609 5852 ita
2653 5794 2928 5852 senserint
2960 5794 3205 5866 primmvi
3255 5789 3555 5848 christiani.

1959 5896 2037 5952 lta
2068 5890 2161 5951 fiet
2186 5901 2243 5951 ut
2267 5901 2322 5950 et
2346 5889 2502 5950 nobis
2532 5887 2800 5958 aequiores
2827 5887 2958 5955 sint,
2989 5896 3042 5945 et
3067 5884 3166 5944 sibi
3199 5883 3330 5956 ipsis
3355 5881 3558 5954 optime
