3888 6372
194 413 248 464 ῖὶἹ
1202 404 1284 460 DE
1325 404 1650 461 SRCI'NDO
1690 403 2082 461 MAliTYllliil
2125 397 2486 457 B.\l'TlS.\l0.
3452 401 3517 456 liii

195 529 375 599 aliquid
419 529 631 598 opponi
673 528 732 584 in
782 526 1120 584 contrarium
1153 534 1330 596 potest
1351 525 1423 578 de
1462 525 1618 592 hujus
1644 539 1804 596 argn-
1834 525 1884 584 Α
1985 524 2011 589 §
2067 521 2151 576 ll.
2173 550 2240 559 —-
2264 513 2670 574 Observandum
2701 514 2881 583 itaque
2933 513 3194 581 secundo,
3229 515 3281 570 id
3310 532 3523 591 quoque

197 620 528 675 mentationis
575 618 1024 684 incertitudine,
1073 616 1213 685 quod
1282 629 1390 669 non
1450 614 1519 669 sit
1571 614 1807 669 omnium

200 715 304 772 fere
354 716 762 786 prophetiarum
815 713 1265 780 oraculorumque
1306 723 1593 763 commune
1629 708 1696 763 ab
1730 707 1810 778 ip-

204 811 275 864 sis
299 824 460 879 ttsquc
511 819 878 878 utrorumque
907 805 1166 860 exerdiis.

279 900 306 973 ξ
335 900 415 956 l0.
437 929 507 940 —
529 896 660 954 'rizec
683 899 871 970 itaque
903 899 1083 953 omnia
1121 896 1449 952 validissime
1480 895 1804 967 precedent,

213 992 256 1048 si
293 992 468 1061 quinto
497 991 550 1045 id
582 1005 805 1060 quoque
834 996 1192 1060 supponatur.
1227 1003 1315 1042 res
1346 988 1418 1041 ita
1448 1003 1476 1041 a
1533 985 1809 1058 propheti-

217 1085 290 1140 cis
335 1086 464 1157 typis
519 1091 945 1151 repncsentatas
1001 1080 1066 1135 ad
1135 1091 1448 1150 perpetuum
1527 1079 1808 1133 attinuisse

219 1174 458 1230 Ecclesia:
488 1188 660 1228 usum.
702 1174 834 1242 Qua:
868 1173 1011 1229 enim
1055 1173 1121 1226 ita
1151 1179 1409 1241 perpetua
1444 1170 1616 1224 futura
1644 1180 1803 1235 sunt,

224 1279 282 1320 ea
338 1265 436 1319 beo
480 1279 622 1319 curae
679 1279 801 1318 esse
863 1263 1224 1318 certissimum
1275 1271 1387 1327 est,
1439 1277 1500 1315 ea
1574 1261 1807 1316 maxime

225 1361 505 1417 necessaria
546 1370 602 1413 ut
632 1369 786 1415 certo
816 1359 995 1430 aliquo
1025 1358 1242 1413 dcereto
1295 1356 1694 1419 stahilircntur;
1742 1370 1804 1408 ea

225 1453 285 1507 ad
316 1452 611 1523 primarium
657 1451 750 1506 Dei
782 1451 834 1505 in
871 1451 1199 1522 propheticis
1229 1448 1490 1521 symbolis
1516 1448 1803 1503 consilium

225 1545 525 1616 pertinuisse
569 1542 843 1598 censenda
889 1551 1035 1598 sunt.
1086 1541 1143 1596 ln
1190 1542 1273 1597 his
1319 1541 1498 1612 itaque
1526 1556 1647 1596 cum
1675 1540 1804 1611 quid

225 1639 601 1693 accuratissime
641 1638 908 1706 quadrat,
942 1651 1048 1691 non
1100 1635 1324 1690 fortuito
1374 1635 1426 1690 id
1473 1635 1660 1700 casui,
1708 1633 1802 1688 sed

224 1731 504 1785 certissimo
557 1730 925 1784 Providentizc
980 1728 1210 1784 consilio
1290 1727 1635 1783 tribuendum
1695 1736 1798 1784 est.

223 1819 346 1875 Cum
407 1836 527 1891 ergo
571 1835 691 1891 qum
727 1819 796 1876 de
871 1821 1084 1875 Domini
1150 1821 1379 1876 adventu
1432 1821 1664 1891 legimus
1705 1837 1802 1891 per

1915 613 2098 684 negari
2133 628 2238 667 non
2274 623 2454 681 posse,
2506 607 2818 679 passionem
2849 620 3000 660 suam
3051 606 3378 677 baptismum
3425 626 3524 682 ap-

1915 707 2145 778 pellasse
2194 705 2530 760 Salvatorem
2587 719 2600 755 :
2656 711 2709 754 ct
2748 700 2903 769 quod
2960 702 3191 769 apostoli
3253 718 3351 772 pro
3407 706 3524 775 ejus

1913 798 2130 853 nomine
2163 798 2368 868 passuri
2394 805 2598 857 essent,
2626 792 2962 847 tantumdem
2992 793 3130 864 apud
3162 794 3314 849 illum
3342 797 3525 854 valere

1912 906 1975 945 ac
2004 889 2262 960 baptizari
2313 904 2377 943 eo
2410 887 2680 956 baptismo
2722 901 2830 956 quo
2862 893 3006 940 esset
3058 885 3172 956 ipse
3221 888 3525 958 baptizatus

1912 983 2000 1053 (S.
2043 984 2250 1048 Matt/2.,
2284 998 2386 1045 xx,
2416 980 2531 1051 22).
2564 980 2638 1034 lta
2670 981 2814 1033 enim
2845 978 2896 1033 in
2929 994 3107 1048 grmco
3133 978 3396 1036 habemus
3420 1024 3436 1050 ,
3471 993 3525 1039 et

1912 1080 1964 1133 in
2012 1079 2133 1133 aliis
2178 1077 2563 1132 vetustissimis
2614 1074 2978 1137 versionibus,
3013 1072 3211 1128 desunt
3243 1087 3417 1132 tamen
3460 1093 3522 1132 ea

1910 1173 2075 1228 verba
2134 1175 2184 1227 in
2241 1173 2406 1226 latino
2461 1171 2756 1239 interprete
2810 1168 3049 1237 vulgato,
3104 1167 3523 1240 suifragantibus

1910 1267 2070 1322 etiam
2106 1266 2308 1320 Hilario
2340 1265 2627 1319 Ambrosio
2682 1262 2908 1332 (Ililar.,
2945 1279 3062 1317 can.
3095 1262 3165 1320 50
3193 1263 3247 1316 in
3272 1261 3520 1337 Matth),

1913 1359 2242 1431 lliet‘onymo
2281 1356 2551 1430 (υἱεῖ-οη..
2588 1355 2678 1409 lib.
2713 1371 2789 1410 ιιι.
2825 1354 3020 1409 Comm.
3079 1355 3130 1407 in
3165 1355 3354 1410 Matth.
3392 1357 3522 1427 xx),

1910 1453 2160 1523 ipsoque,
2191 1450 2444 1522 quicquid
2475 1449 2664 1504 innuat
2693 1449 2747 1503 in
2777 1447 3108 1502 contrarium
3130 1447 3371 1514 Grotius,
3399 1449 3521 1502 Uri-

1908 1561 2043 1614 genc
2066 1545 2264 1615 (Qrig.,
2283 1545 2334 1596 in
2357 1543 2572 1608 Matt/1.,
2591 1552 2710 1596 tam.
2733 1557 2839 1602 xvt,
2857 1558 2908 1611 p.
2925 1539 3054 1600 415,
3078 1539 3178 1594 Erl.
3201 1539 3518 1612 lluetiana').

1908 1634 2173 1690 Convenit
2241 1643 2418 1688 tamen
2479 1649 2601 1688 cum
2654 1632 2845 1701 gravcis
2895 1629 3171 1686 codicibus
3222 1633 3523 1687 vetustissi-

1908 1742 2025 1781 mus
2055 1728 2324 1797 interpres
2357 1725 2550 1797 Syrus,
2584 1734 2634 1780 et
2667 1736 2725 1779 ιιι
2756 1725 2842 1778 hic
2867 1723 3221 1793 expungenda
3248 1739 3369 1780 esse
3389 1724 3522 1781 fate-

1908 1835 2131 1886 remur,
2185 1819 2312 1888 quin
2361 1827 2541 1873 tamen
2596 1818 2736 1889 apud
2779 1817 2837 1871 S.
2875 1816 3110 1870 Marcum
3163 1813 3386 1886 legenda
3412 1818 3521 1872 sint

223 1925 398 1981 aquam
448 1922 498 1965 et
523 1911 861 1982 sanguinem,
893 1912 961 1965 de
991 1926 1127 1981 aqua
1159 1913 1323 1968 etiam
1375 1921 1429 1966 et
1457 1912 1718 1983 sanguine
1769 1927 1800 1966 c
1830 1921 1876 1981 Β
1906 1915 2047 1986 (cup.
2081 1931 2131 1979 x,
2165 1914 2256 1982 58,
2287 1915 2399 1984 59),
2454 1929 2615 1968 nemo
2660 1922 2743 1968 est
2792 1913 2884 1983 qui
2913 1914 3142 1979 dubitet,
3197 1922 3253 1968 ιιι
3295 1912 3518 1984 proinde

225 2001 392 2056 lateris
431 2003 648 2058 vulnere
681 2002 1073 2072 proﬂttentibtts
1100 2046 1114 2067 ,
1170 2020 1267 2074 pro
1309 2003 1437 2076 styli
1495 2003 1796 2074 prophetici

224 2092 471 2160 idiomate,
516 2093 884 2165 symbolorum
935 2094 1106 2149 vicem
1160 2095 1676 2161 obtinuerint;eutn
1735 2111 1797 2150 ea

224 2186 270 2239 in
322 2197 588 2257 tttrumqoe
645 2187 787 2241 hunc
827 2187 1092 2245 Ecelesim
1145 2189 1470 2259 baptismum
1519 2189 1798 2258 aptissime

221 2280 555 2344 conveniant;
604 2294 729 2332 cum
789 2279 925 2334 nihil
981 2281 1050 2334 sit
1098 2281 1239 2350 quod
1305 2281 1616 2336 dubitemus
1667 2282 1796 2352 quin

222 2376 484 2437 perpetuus
532 2379 758 2440 uterque
799 2370 1007 2426 futurus
1052 2372 1157 2426 sit:
1211 2371 1366 2441 plane
1398 2373 1670 2443 sequitur,
1725 2375 1796 2428 ita

220 2472 327 2513 esse
366 2460 638 2516 Dominum
684 2463 1124 2520 commodissime
1172 2465 1599 2536 intelligendum.
1650 2467 1795 2523 Prm-

219 2552 385 2606 scrtim
424 2565 569 2608 sexto
599 2555 643 2609 si
686 2554 738 2608 id
769 2570 984 2626 quoque
1011 2557 1348 2617 observetur.
1400 2559 1452 2612 ni
1503 2559 1609 2613 huc
1639 2569 1796 2630 typos

222 2643 411 2700 Domini
439 2644 741 2701 referamus
771 2657 826 2702 ut
861 2651 1281 2718 przrmmtiarent
1310 2667 1469 2721 quem
1503 2653 1592 2707 ille
1623 2653 1797 2707 voluit

221 2733 450 2792 Ecclesia:
498 2748 696 2793 statum
749 2750 912 2812 atque
951 2745 1430 2810 constitutionem,
1466 2746 1600 2801 nihil
1647 2759 1795 2803 certe

220 2843 324 2884 esse
350 2846 448 2902 quo
475 2832 692 2888 aliunde
717 2844 931 2891 constet
976 2835 1232 2891 Ecclesiae
1261 2836 1601 2908 disciplinam
1631 2841 1699 2895 ab
1728 2856 1794 2896 eo

220 2937 328 2980 esse
352 2927 713 2984 constitutam.
758 2928 870 2985 Nec
922 2931 1065 2985 enim
1117 2932 1185 2986 de
1235 2947 1298 2987 ea
1343 2932 1561 2988 disertis
1613 2935 1794 2992 verbis

219 3029 245 3068 a
291 3016 498 3072 Domino
543 3019 744 3075 alicubi
790 3030 1008 3076 cautum
1055 3023 1305 3093 legimus.
1338 3025 1476 3092 Quid
1504 3027 1795 3094 quodlth

219 3121 302 3176 per
319 3110 547 3179 symbola
573 3112 823 3168 tradendi
848 3113 1133 3170 methodus
1153 3115 1223 3171 ita
1249 3124 1333 3171 est
1360 3132 1388 3170 a
1417 3114 1644 3172 Domino
1665 3134 1790 3188 pro-

219 3197 344 3263 bata,
368 3215 420 3255 ut
447 3203 774 3260 multitudini
801 3208 1005 3274 omnia,
1035 3208 1314 3276 discipulis
1344 3211 1504 3264 etiam
1537 3211 1792 3281 pleraque

1906 2007 2040 2061 nihil
2097 2007 2167 2060 sit
2206 2007 2348 2076 quod
2396 2006 2462 2060 dc
2493 2015 2810 2074 argumento
2842 2015 3168 2060 metuamus.
3203 2004 3309 2060 Sed
3357 2004 3516 2060 aliam

1903 2100 1991 2154 hic
2031 2099 2477 2168 signiﬁcationem
2511 2099 2669 2167 hujus
2719 2099 2866 2152 vocis
2910 2088 3215 2168 intelligent
3261 2097 3516 2152 adversa-

1903 2194 1966 2247 rii
2008 2207 2166 2263 quam
2214 2209 2316 2263 qua
2350 2192 2695 2246 utinmrcum
2729 2191 2796 2246 dc
2841 2199 3183 2247 sacramento
3226 2189 3513 2260 loquimur.

1902 2285 2201 2341 Ostendant
2275 2286 2437 2354 igitur
2512 2283 2674 2338 aliant
2736 2285 2788 2338 in
2847 2283 2986 2337 illius
3047 2283 3144 2338 aevi
3203 2269 3516 2336 auctoribus

1903 2395 2062 2450 quam
2146 2393 2267 2448 qum.
2338 2377 2404 2432 ad
2479 2378 2846 2448 expiationem
2923 2378 3516 2448 sanctiﬁcationemque

1905 2472 2157 2542 pertinet.
2209 2471 2288 2526 Eo
2337 2479 2487 2526 certe
2541 2473 2878 2541 spectabant,
2914 2472 3145 2542 quitum
3199 2470 3516 2526 obtinebant

1905 2567 2176 2636 baptismi,
2232 2574 2292 2619 ut
2337 2567 2549 2637 opinor,
2607 2581 2818 2631 omnes,
2862 2581 2969 2619 non
3018 2565 3296 2620 hominum
3352 2564 3512 2621 modo

1902 2660 2164 2731 quibusin
2188 2659 2574 2730 pltariszcorttm
2600 2659 2926 2714 autJoannis
2954 2660 3291 2728 disciplinam
3315 2660 3513 2714 adscri-

1904 2756 2180 2818 berentur,
2229 2754 2326 2811 sed
2369 2765 2424 2809 et
2468 2770 2722 2809 vasorum
2770 2770 2986 2825 quoque
3020 2755 3095 2808 illi
3127 2769 3510 2826 sacrorumque

1903 2850 2227 2906 utensilium.
2273 2849 2499 2917 Quando
2546 2850 2707 2919 igitur
2759 2861 2898 2904 noue
2951 2848 3361 2919 signiﬁcationis
3415 2863 3510 2903 vo-

1900 2960 2018 3000 cem
2053 2945 2311 2998 Dominus
2350 2943 2537 2998 tribuit
2566 2943 2852 3013 martyrio,
2890 2942 2940 2996 id
2965 2941 3115 2996 iliutn
3145 2941 3384 2998 voluisse
3412 2957 3507 2997 ne-

1900 3054 2053 3093 cessc
2075 3048 2179 3104 cst,
2213 3039 2351 3092 idem
2382 3038 2500 3091 fore
2530 3053 2557 3089 a
2593 3037 2876 3108 martyrio.
2909 3036 3052 3106 quod
3082 3051 3108 3087 ιι
3135 3036 3417 3105 haptismis
3446 3037 3508 3091 il—

1901 3131 1968 3184 lis
1999 3128 2415 3198 expectandum,
2442 3138 2497 3182 ttt
2519 3129 2775 3183 nimirum
2807 3137 2913 3181 tam
2934 3128 3195 3197 sanguine
3221 3145 3249 3181 a
3268 3131 3381 3182 suis
3405 3130 3508 3182 int-

1901 3223 2224 3291 puritatihus
2238 3237 2398 3292 quam
2414 3236 2571 3291 aqua,
2589 3233 2946 3291 purgarentur
2961 3231 3121 3289 atque
3134 3223 3502 3290 expiarentur.

220 3306 300 3360 ρετ
316 3294 542 3365 δὲἠιῑιοίει
566 3297 883 3362 tradiderit;
913 3301 1223 3369 etquidem,
1251 3316 1348 3370 pro
1376 3311 1620 3357 veterum
1644 3303 1711 3358 de
1732 3318 1791 3360 se
1818 3303 1862 3366 C
1897 3311 2052 3380 Quod
2082 3315 2126 3368 si
2159 3314 2340 3369 dicant
2371 3314 2614 3384 nuSpiam
2649 3313 2917 3368 indicasse
2949 3314 3231 3368 Dominum
3261 3314 3360 3371 hos
3382 3329 3504 3370 esse

217 3389 587 3456 prophetiarum
641 3390 785 3458 ﬁde,
829 3393 899 3445 ita
929 3403 1044 3447 erat
1095 3395 1408 3450 traditurus.
1457 3395 1608 3450 Tunc
1654 3411 1788 3454 vero

218 3487 422 3541 maxime
446 3485 641 3543 idonea
663 3499 782 3544 erat
808 3504 873 3545 ea
903 3490 1146 3546 tradendi
1165 3493 1301 3546 ratio
1329 3507 1451 3547 cum
1477 3509 1563 3548 res
1595 3492 1788 3549 fqurze

215 3583 524 3641 traderentur
565 3586 763 3658 quibus
819 3587 1055 3642 nondum
1103 3597 1344 3643 maturus
1391 3598 1535 3644 esset
1571 3588 1785 3644 audito-

213 3691 312 3731 rum
356 3691 552 3750 Captus.
597 3678 733 3735 Cum
802 3681 947 3736 enim
1022 3683 1146 3735 talia
1207 3681 1442 3737 traderet
1496 3682 1781 3745 Salvator,

211 3768 350 3822 etiam
377 3771 665 3841 discipulos
695 3788 790 3841 per
820 3772 1064 3845 symbola
1096 3773 1328 3828 instituit
1351 3818 1364 3839 ,
1397 3775 1576 3830 dedita
1617 3774 1780 3830 nimi-

211 3875 312 3915 rum
352 3878 527 3932 Opera,
583 3881 648 3920 nc
698 3876 858 3921 antea
913 3867 1340 3938 intelligerentur
1375 3885 1533 3938 quam
1589 3885 1778 3924 eorum

211 3949 349 4008 ﬁdem
392 3965 614 4010 eventus
641 3958 1072 4028 eomprobasset.
1104 3963 1264 4030 Atqui
1313 3960 1544 4029 Spiritus
1580 3961 1780 4031 baptis-

209 4059 340 4113 mus,
382 4064 498 4116 qua:
548 4049 765 4121 quidem
819 4055 1137 4106 sacramenti
1171 4069 1293 4123 pars
1323 4063 1434 4108 erat
1475 4057 1774 4125 prtcc'rpua,

207 4151 299 4192 non
329 4151 492 4195 tamen
521 4152 648 4196 ante
681 4145 1134 4200 resurrectionem
1168 4156 1284 4200 erat
1309 4149 1735 4203 communicatus
1757 4190 1771 4214 ,

207 4239 254 4282 ut
295 4232 507 4300 proinde
549 4233 702 4287 illum
760 4250 974 4306 quoque
1007 4253 1111 4291 non
1154 4237 1373 4293 disertis
1413 4239 1591 4308 verbis
1617 4281 1632 4305 ,
1678 4241 1775 4297 sed

205 4336 336 4391 aqua:
375 4325 620 4396 symbolo
647 4369 663 4393 ,
707 4327 1027 4396 prardiceret
1053 4329 1147 4401 (S.
1190 4329 1371 4393 loan.,
1407 4347 1498 4396 vn,
1532 4333 1622 4398 38,
1654 4333 1766 4406 59).

205 4414 333 4482 Quod
376 4420 421 4474 si
448 4419 778 4490 baptismum
827 4421 1098 4491 Spiritus,
1150 4440 1239 4494 qut
1272 4424 1337 4479 ad
1389 4427 1615 4495 gloriam
1649 4429 1771 4495 ejus

206 4517 455 4581 tantopere
509 4513 778 4580 faciebat,
837 4497 1081 4571 obscuris
1161 4528 1338 4573 tamen
1395 4521 1769 4591 mnigntatibus

203 4600 556 4661 involvendum
607 4606 856 4686 duxerit,
905 4612 1068 4666 multo
1109 4623 1257 4667 certe
1310 4613 1504 4683 potiori
1557 4615 1768 4669 ratione

1897 3406 2103 3461 fructus
2159 3422 2186 3460 a
2242 3407 2505 3479 martyrio
2570 3406 2937 3477 expectandos
2968 3449 2983 3474 ,
3018 3407 3182 3463 iidem
3213 3407 3504 3462 observare

1894 3507 2143 3567 poterant
2196 3513 2262 3552 ne
2326 3497 2395 3553 de
2450 3498 2699 3570 baptismi
2758 3497 2974 3568 quidem
3046 3511 3386 3554 sacramento
3449 3499 3500 3554 id

1894 3605 2147 3659 umquam
2188 3589 2439 3644 docuisse
2469 3589 2832 3644 Salvatorem.
2891 3589 3047 3644 Nulla
3097 3601 3246 3645 certe.
3295 3591 3501 3645 mentio

1890 3694 2233 3753 peccatorum
2275 3682 2663 3754 expiandorum
2700 3686 2750 3739 iu
2777 3684 2894 3754 ejus
2921 3683 3060 3753 apud
3093 3684 3151 3738 S.
3185 3683 3495 3739 Matthmum

1889 3777 2253 3844 institutione,
2287 3779 2429 3834 nulla
2461 3763 2512 3832 in
2545 3779 2663 3849 ejus
2693 3793 2793 3834 usu
2839 3778 2979 3848 apud
3031 3779 3089 3834 S.
3117 3778 3402 3833 Joannem.
3434 3779 3502 3833 Et

1888 3880 2064 3926 tamen
2091 3873 2232 3926 hunc
2264 3871 2514 3942 baptismi
2543 3869 2950 3926 sacramentalis
2980 3870 3209 3925 fructum
3233 3885 3332 3925 nos
3370 3870 3496 3926 alibi

1884 3981 1948 4021 ex
1982 3966 2350 4033 apostolorum
2380 3964 2594 4034 scriptis
2639 3963 3006 4032 probavimus.
3044 3962 3200 4030 Quod
3257 3977 3385 4033 ergo
3426 3962 3496 4016 ita

1881 4057 2166 4112 docuerint
2221 4056 2470 4126 apostoli,
2521 4055 2573 4108 id
2614 4070 2680 4109 ex
2708 4063 2832 4108 uola
2858 4054 2968 4120 illa,
2999 4053 3315 4124 quatudixi,
3367 4063 3494 4109 tunc

1884 4153 2145 4222 temporis
2168 4149 2561 4220 signiﬁcatione
2590 4149 2759 4216 vocis,
2784 4159 2837 4203 et
2869 4149 2946 4204 rei
2980 4148 3147 4217 ipsius
3179 4149 3318 4218 apud
3349 4148 3489 4213 illos,

1880 4262 1908 4299 a
1927 4246 2119 4316 quibus
2151 4247 2292 4299 illam
2319 4243 2632 4311 Christiani,
2657 4260 2752 4299 usu
2775 4244 2896 4298 illos
2915 4243 3200 4298 deduxisse
3233 4254 3314 4298 est
3364 4259 3493 4298 sane

1879 4338 2362 4401 verisimillimutn,
2418 4337 2519 4391 nisi
2574 4336 2639 4391 ad
2670 4351 2862 4391 novatn
2911 4337 3085 4406 potius
3123 4337 3490 4404 apostolorum

1879 4432 2260 4487 rcvelationem
2304 4431 2412 4497 hic,
2443 4431 2561 4486 sine
2590 4431 2696 4485 ulla
2722 4445 2947 4500 prorsus
2976 4430 3321 4494 necessitate,
3355 4443 3486 4482 con-

1879 4524 2186 4594 fugiendum
2248 4535 2434 4593 putent
2478 4522 2798 4578 adversarii.
2855 4522 3007 4590 Quod
3039 4522 3082 4575 si
3134 4520 3366 4590 apostoli
3421 4536 3488 4575 ex

1876 4626 2000 4672 nota
2057 4617 2144 4671 illa
2193 4617 2340 4671 vocis
2399 4616 2794 4687 signiﬁcatione
2851 4614 3169 4684 collegerint
3220 4613 3487 4681 baptismo

203 4697 520 4753 occultandas
547 4709 664 4754 erat
693 4701 968 4771 sanguinis
1021 4704 1095 4757 illi
1126 4714 1286 4772 atque
1335 4702 1576 4776 martyrii
1608 4707 2254 4777 quetuDsacratnentali
2327 4711 2434 4765 vim
2509 4710 2653 4764 illam
2713 4717 3055 4779 peccatorum
3133 4707 3483 4776 expiatricem

201 4790 388 4846 modum
414 4803 640 4864 possent
669 4796 889 4849 omnino
917 4811 1132 4866 capere.
1178 4797 1287 4852 Nec
1339 4799 1483 4852 enim
1514 4797 1579 4853 ad
1630 4799 1771 4853 lnmc

203 4881 346 4951 ipsum
375 4887 660 4942 Dominum
693 4903 758 4943 eo
785 4890 1065 4960 sanguinis
1097 4891 1365 4961 baptismo
1404 4893 1547 4962 luttgi
1603 4907 1769 4962 opor-

203 4979 295 5030 tete
320 4978 698 5045 crediderant,
729 4981 782 5035 iu
817 4981 1191 5038 inﬁdelitatem
1225 4983 1337 5038 fere
1370 4985 1566 5054 relapsi
1598 5027 1611 5050 ,
1642 5002 1765 5041 cum

203 5066 242 5120 id
263 5085 429 5127 verum
454 5116 470 5139 ,
504 5085 702 5144 praeter
725 5077 1155 5145 expectationem
1185 5091 1360 5142 suam,
1399 5094 1587 5132 revera
1615 5095 1768 5134 com-

203 5162 424 5228 perissent
443 5166 534 5237 (S.
558 5165 713 5232 Lua,
741 5184 904 5235 XXIV,
924 5168 1037 5242 2t),
1065 5171 1282 5241 gravius
1313 5170 1534 5226 omnino
1557 5171 1764 5240 passuri

207 5255 474 5311 modum
503 5258 547 5313 si
582 5258 688 5312 sibi
719 5275 938 5331 quoque
960 5263 1208 5316 eumdem
1257 5263 1596 5318 subeundum
1626 5280 1764 5320 non-

207 5343 300 5401 dum
342 5351 530 5406 maturi
572 5351 923 5407 didicissent.
977 5353 1208 5410 Proinde
1254 5359 1500 5427 quamvis
1550 5373 1760 5423 eorum,

209 5455 294 5508 qua
317 5457 396 5497 sua
427 5461 589 5500 causa
614 5447 826 5515 passuri
857 5455 1012 5499 erant
1042 5447 1310 5517 discipuli,
1339 5449 1648 5504 meminerit
1677 5450 1766 5504 ali-

208 5537 362 5601 quoties
392 5539 654 5594 Dominus
677 5581 692 5604 ,
727 5555 799 5592 uc
829 5553 952 5591 eum
983 5541 1308 5604 evenisSent,
1343 5558 1464 5596 eum
1496 5543 1716 5597 latuisse
1743 5583 1758 5607 ,

209 5640 268 5681 aut
289 5644 458 5700 prmter
485 5635 637 5689 illius
672 5631 966 5686 consilium
997 5635 1260 5696 evenisse,
1311 5637 1758 5703 suspicarentur;

208 5721 240 5777 id
257 5735 394 5784 Limen
426 5741 586 5786 caute
614 5725 952 5788 admodum,
984 5735 1035 5780 ct
1089 5742 1184 5794 pro
1217 5728 1549 5782 inﬁrmorum
1605 5737 1761 5796 captu

200 5817 289 5888 fecit,
311 5841 369 5881 ne
385 5826 511 5881 dum
540 5835 600 5879 ut
633 5819 982 5889 baptismum
1011 5822 1301 5889 sanguinis,
1329 5824 1419 5893 qui
1450 5830 1623 5876 status
1648 5831 1763 5876 erat

194 5919 373 5986 μιιίρηιίῑ,
404 5920 722 5994 perspicue
753 5924 1232 5969 commemoraret.

1875 4821 1995 4862 esse
2035 4801 2408 4868 tribuendam;
2457 4801 2644 4875 quidni
2675 4812 2726 4857 et
2761 4817 2860 4856 nos
2885 4842 2900 4866 ,
2933 4816 3002 4855 ex
3049 4799 3290 4869 ejusdem
3332 4800 3483 4853 vocis

1873 4900 2266 4972 signiﬁcatione
2313 4897 2495 4953 itidem
2535 4898 2875 4966 colligamus,
2913 4896 3210 4964 sanguineo
3266 4907 3483 4962 quoque

1873 4993 2138 5063 baptismo
2204 4991 2312 5045 vim
2367 4989 2612 5045 eamdem
2679 4987 3039 5059 purgati-ieeur
3097 5001 3219 5042 esse
3281 4986 3484 5056 pariter

1874 5087 2210 5143 tribuendam
2235 5088 2258 5142 ?

1947 5180 1974 5250 §
2020 5181 2106 5236 1‘2.
2142 5179 2315 5235 —-Ne
2359 5181 2481 5250 quis
2535 5189 2711 5233 autem
2765 5184 2916 5248 putet
2971 5176 3184 5230 unicmn
3234 5182 3479 5229 nostrum

1869 5273 2180 5344 praesidium
2206 5272 2255 5326 in
2293 5271 2440 5326 vocis
2469 5271 2581 5341 ipsa
2629 5269 3026 5339 signiﬁcatione
3057 5282 3179 5321 esse
3207 5267 3478 5335 positum;

1870 5381 2002 5437 age,
2053 5366 2369 5430 videamus,
2427 5380 2608 5418 annon
2663 5379 2727 5419 ex
2788 5379 2845 5417 re
2899 5364 3011 5431 ipsa
3062 5367 3273 5412 constet
3332 5368 3477 5412 recte

1872 5459 1956 5513 hic
1997 5475 2022 5508 τι
2057 5459 2330 5512 veteribus
2373 5468 2647 5528 acceptum
2687 5472 2803 5510 CSSL:
2844 5451 3226 5511 Salvatoretn?
3274 5449 3472 5504 Obser-

1869 5551 2096 5605 vandum
2148 5551 2324 5618 itaque
2377 5550 2558 5611 tertio,
2617 5547 3059 5601 \'Cl‘lSlllllllltll'-Illl
3096 5543 3288 5596 horum
3323 5541 3468 5593 loco-

1870 5660 1985 5698 rum
2037 5643 2397 5706 occasionem,
2436 5643 2485 5694 in
2545 5643 2740 5711 quibus
2771 5639 2837 5693 de
2884 5640 3146 5706 baptismo
3194 5634 3472 5703 sanguinis

1867 5737 1949 5804 agi
1997 5735 2343 5790 crediderunt
2384 5748 2592 5787 veteres
2629 5777 2640 5799 ,
2698 5733 2864 5786 fuisse
2921 5731 3256 5800 ttt:tt‘l_\'t‘llllll.
3293 5728 3468 5782 Alium

1870 5832 2016 5884 illum
2051 5830 2395 5898 baptismum,
2430 5845 2535 5898 quo
2563 5844 2619 5881 se
2666 5827 2801 5879 dixit
2858 5826 3111 5878 Dominus
3139 5821 3254 5874 fore
3289 5824 3466 5889 bapti-

1870 5920 2137 5986 modum,
2195 5921 2258 5973 de
2309 5921 2557 5989 passione
2602 5918 2717 5982 ejus
2767 5918 2816 5970 in
2857 5931 3017 5970 cruce
3062 5911 3465 5976 intelligendum
