1944 3177
200 179 236 213 811
688 179 871 210 DODWELLI
890 179 1118 210 DISSER'I'ATIO
1134 179 1346 211 CYPRIANICA
1806 186 1837 214 so

200 250 260 272 esse
275 248 354 271 nemo
366 239 477 269 dubitet.
494 239 531 268 Ea
546 243 635 268 autem
653 239 709 275 ipsa
724 239 825 274 passio,
843 245 891 273 pro
912 245 988 265 more
1002 239 1029 268 Α
1041 237 1144 273 Nempe
1176 238 1246 266 inter
1269 238 1339 266 alios
1365 238 1469 267 Messias
1508 240 1616 274 titulos,
1643 241 1746 277 quibus
1769 234 1839 270 illum

200 290 279 319 etiam
300 288 458 324 scriptorum
480 293 629 319 sacrorum,
647 285 803 320 martyrium
826 283 987 319 appellatur.

201 335 264 364 Inde
285 339 312 363 et
331 335 388 370 ipse
406 332 534 361 Dominus
548 334 648 371 μάρτυς
670 332 683 360 ὁ
705 332 797 361 πιστὸς
820 331 864 358 καὶ
878 330 989 362 ἀληθινὸς

201 380 330 418 (Αροεαιη
343 388 361 413 1,
382 379 418 412 5;
434 387 473 411 Ill,
490 377 535 414 14)
548 378 645 405 dicitur
656 381 684 404 et
694 381 862 414 μαρτυρῆσαι
873 377 987 404 ὶπιῐιον-

200 429 255 457 τιυυ
266 427 371 455 Πιλάτου
381 428 426 456 τὴν
435 425 512 455 καλήν
527 424 658 461 ὁμολογίαν
672 422 693 459 (1
706 421 787 455 Tim.,
802 430 838 454 v1,
853 422 911 457 15).
924 422 990 456 Qun:

201 473 280 502 verba
294 472 382 500 omnia
394 470 557 507 martyrium,
571 476 619 505 pro
633 470 766 504 primaeva:
779 468 908 496 Ecclesia:
920 468 990 496 idio-

200 524 289 554 mste,
302 518 450 554 designant.
463 515 567 552 Nequid
579 520 669 543 autem
684 514 733 549 hic
751 515 785 542 ab
798 514 988 543 ecclesiasticis

200 565 344 595 conlictum
369 563 538 594 arbitremur,
555 561 636 589 etiam
649 561 735 596 ipsam
759 560 881 596 tnartyrii
895 567 988 588 vocem

200 610 394 647 signitlcntione
419 607 599 636 ecclesiastica
626 611 755 641 usurpant
772 613 857 634 sacra:
882 605 989 633 litterm.

201 657 237 685 Ill
245 657 347 694 μάρτυς
354 653 503 689 Stephanus
509 652 589 689 (Ach,
598 659 663 684 XXII,
670 651 760 692 30),.el
769 652 869 690 μάρτυς
877 651 890 678 ὁ
897 651 990 682 πιστὸς

201 703 315 738 Antipss
331 701 460 738 (Apocai.,
479 709 509 735 11,
527 700 582 737 15),
605 707 665 736 quae
677 699 770 727 eadem
786 698 900 726 Domino
912 703 990 726 antea

200 749 337 783 tribuerat,
355 753 383 776 ut
407 747 532 781 vidimus,
550 751 644 786 auctor
655 745 867 781 Apocalypseos,
882 752 916 772 ne
930 745 990 786 quis

200 796 244 824 hic
256 795 367 824 miretur
381 794 506 830 martyris
520 784 613 822 vocem
627 793 708 821 etiam
724 792 837 819 Domino
850 784 989 823 tributam,

200 849 281 871 sensu
300 841 500 872 ecclesiastico,
528 839 692 868 intellectam
716 845 777 866 esse
799 845 814 865 a
842 837 989 865 veteribus.

199 889 237 917 Ita
259 893 332 917 certe
354 888 470 916 alienam
493 894 547 915 non
572 885 746 914 crediderunt
760 893 774 912 a
793 884 906 912 Domino
920 884 990 912 hanc

201 935 281 971 hujus
295 935 368 964 vocis
388 927 618 970 signiﬁcationem,
643 937 672 961 ut
686 933 821 968 propriam
836 932 918 960 etiam
932 931 990 960 fere
1008 932 1029 962 Β

201 982 315 1011 Domino
330 981 442 1010 fecerint
468 981 518 1017 ipsi
534 985 666 1016 martyres
681 979 801 1006 nonttulli
815 979 885 1014 apud
908 979 994 1007 Euse-

203 1029 274 1058 bium
298 1027 418 1066 (Euseb.,
431 1026 499 1055 Hist.
522 1027 604 1059 «eL,
633 1033 662 1060 v,
684 1024 725 1061 2).
740 1024 816 1058 Quod
843 1025 865 1052 si
889 1024 995 1054 Domini

199 1075 288 1112 passio
312 1074 480 1110 martyrium,
514 1072 663 1107 eademque
677 1071 713 1099 sit
734 1070 860 1106 baptismi
887 1073 995 1106 quoque

200 1121 309 1150 nomine
333 1118 521 1155 insignienda,
546 1117 642 1153 ecquid
663 1124 763 1145 novum
786 1117 937 1145 alienutnve
954 1117 995 1145 di-

201 1168 286 1196 cimus
312 1167 335 1195 si
363 1166 444 1194 etiam
463 1165 499 1194 de
525 1163 687 1201 martyribus
711 1163 901 1191 ecclesiasticis
924 1163 994 1191 idem

200 1213 366 1243 al‘tlrmetnus
377 1213 389 1239 1
957 1220 960 1223 ·

236 1261 250 1298 ς
265 1261 346 1289 1δ.-
353 1258 406 1288 Sed
417 1263 444 1287 et
452 1258 565 1286 aliorum
576 1258 696 1286 locorum
709 1256 878 1285 occasionem
897 1257 994 1285 eodem

201 1307 340 1336 collimare
363 1310 404 1334 est
428 1312 493 1334 sane
520 1304 753 1333 verisimillimum.
777 1302 845 1331 Cum
865 1303 997 1332 scriberet

201 1353 338 1391 apostolus
360 1353 390 1381 S.
415 1352 550 1386 Joannes,
572 1352 628 1388 jam
648 1352 700 1380 orti
725 1351 850 1379 videntur
875 1351 995 1379 ltteretici

202 1401 391 1431 valentiuianis
422 1400 530 1437 quidem
562 1399 747 1435 antiquiores,
777 1405 871 1426 eorum
904 1402 995 1426 tamen

200 1454 325 1486 parentes
345 1454 425 1485 atque
444 1448 571 1484 origines.
597 1453 647 1475 nec
667 1445 741 1474 enim
766 1452 875 1481 prorsus
896 1452 995 1472 novum

201 1501 261 1525 erat
285 1495 528 1524 valentinianorum
551 1493 717 1526 institutum,
742 1491 789 1520 sed
810 1492 931 1523 priorum
943 1491 997 1518 lia:-

199 1542 342 1570 reticorum
367 1541 474 1569 inventa
488 1541 555 1576 πρὸς
573 1538 636 1567 ἴδιον
658 1542 819 1576 χαρακτῆρα
835 1539 996 1577 μεθήρμωσι,

199 1588 285 1624 inquit
309 1587 343 1616 de
366 1587 507 1615 Valentino
522 1585 639 1614 lrenaus
652 1584 748 1622 (Iram,
769 1584 815 1612 lib.
830 1592 850 1618 t,
864 1592 889 1612 ε.
905 1584 935 1619 5)
948 1591 997 1612 cu-

1041 283 1209 320 tlesignntum
1231 284 1417 312 intellexerant
1429 285 1456 312 in
1469 284 1630 322 Scripturis,
1644 293 1703 315 erat
1717 288 1761 315 vel
1773 295 1839 324 pra:-

1041 329 1137 364 cipuus
1160 329 1204 357 ille
1223 331 1387 368 Ερχομένου.
1409 330 1446 357 ita
1465 330 1598 360 habemus
1613 332 1640 360 in
1653 333 1682 361 S.
1698 332 1778 366 Luc.,
1796 341 1839 366 vn,

1043 375 1088 409 i9,
1108 375 1145 403 20
1166 380 1194 403 et
1216 375 1292 403 alibi.
1318 376 1397 404 Illum
1417 376 1533 406 fortasse
1557 387 1573 407 e
1598 379 1779 407 celeberrimo
1799 380 1842 408 illo

1042 421 1112 455 loco,
1138 421 1219 455 Gen.,
1236 429 1312 455 xtts,
1329 422 1373 457 10,
1397 422 1439 451 vel
1452 423 1499 451 Ps.
1514 432 1539 452 1..
1555 425 1582 458 3;
1599 432 1676 458 xctv,
1692 425 1738 458 15;
1752 432 1840 459 κει-111,

1042 468 1079 500 9,
1106 467 1282 502 collegerint,
1311 467 1406 496 aliisve
1440 469 1572 497 similibus
1603 469 1753 505 Scriptura:
1781 471 1842 499 locis

1041 512 1138 548 quibus
1151 512 1262 541 Messias
1276 518 1407 542 venturus
1428 514 1538 542 dicitur.
1552 515 1644 549 Quare
1657 523 1720 543 cum
1735 515 1842 544 Messias

1041 563 1173 586 venturus
1182 558 1374 593 appellaretur,
1384 560 1550 588 tantumdem
1559 561 1733 597 valentsigna
1741 561 1843 589 Messias

1041 610 1074 632 ac
1086 604 1163 639 signa
1177 603 1317 632 adventus.
1333 604 1370 631 Ita
1386 605 1420 633 de
1436 612 1500 633 vero
1514 605 1609 634 Messia
1628 605 1755 641 discipuli
1771 607 1842 641 eius;

1044 648 1119 697 Quod
1139 649 1241 685 signum
1269 650 1392 677 adventus
1416 650 1471 677 tui?
1495 650 1540 686 (S.
1563 650 1767 697 Mattlt.)et‘de
1780 652 1844 681 falso

1042 694 1138 723 Messia
1157 695 1318 729 Apostolus:
1333 694 1413 731 Cujus
1427 701 1464 723 est
1476 696 1599 724 adventus
1618 694 1762 724 secundum
1787 706 1845 733 ope.

1042 743 1168 769 rationem
1194 741 1302 770 Satanas
1323 743 1349 769 t'n
1373 743 1443 770 omni
1467 744 1557 771 virtuts
1569 749 1593 771 et
1617 744 1709 780 signis,
1734 750 1788 773 etc.
1816 744 1844 782 (tl

1045 787 1147 821 Tlteas.,
1165 796 1194 822 11,
1209 783 1248 822 θ’).
1264 788 1366 817 Venire
1392 790 1482 825 itaque
1499 797 1549 825 per
1568 797 1666 826 aquam
1690 795 1719 818 et
1740 793 1847 826 sangui-

1043 841 1104 862 nem
1127 833 1198 862 idem
1215 834 1286 862 valet
1308 842 1340 862 ac
1354 842 1403 870 per
1417 843 1519 871 (aquam
1535 840 1562 864 et
1581 837 1741 872 sanguinem
1755 844 1785 866 se
1797 845 1843 865 ve-

1044 887 1104 908 rum
1117 879 1242 908 Messium
1263 882 1451 916 comprobare.

1080 926 1095 963 ς
1109 927 1192 955 11-
1197 927 1300 963 Nempe
1309 927 1354 963 qui
1364 932 1492 956 venturus
1504 932 1563 956 erat
1572 928 1598 956 in
1604 928 1735 957 mundutn
1745 929 1769 956 is
1777 929 1846 957 idern

1047 979 1104 1001 erat
1117 981 1132 1001 a
1146 979 1221 1009 patre
1230 974 1377 1002 mittendus
1384 980 1465 1010 atque
1473 975 1683 1003 sanctilicandus
1696 975 1741 1012 (S.
1753 975 1845 1009 leam,

1048 1027 1077 1053 ι,
1088 1020 1144 1056 36).
1158 1020 1197 1048 Ea
1211 1025 1300 1048 autem
1313 1021 1493 1049 sanctiﬁcatio
1506 1022 1595 1057 qualis
1610 1022 1819 1057 intelligeretur,
1831 1029 1846 1050 e

1047 1069 1222 1097 sanctissimo
1234 1069 1389 1098 Judtnorum
1411 1070 1512 1105 ofﬁcio,
1541 1079 1647 1099 summo
1662 1072 1792 1100 nimirum
1804 1079 1846 1100 sa-

1048 1115 1181 1148 cerdotio,
1203 1116 1304 1152 optitne
1324 1117 1493 1153 colligemus.
1508 1117 1538 1146 In
1555 1114 1628 1146 illius
1642 1119 1734 1155 itaque
1747 1119 1847 1148 sancti-

1049 1162 1175 1190 ﬁcatione
1190 1167 1245 1190 tam
1265 1170 1362 1199 aquam
1377 1155 1457 1199 quam
1478 1164 1558 1192 etiatn
1577 1166 1735 1201 sanguinem
1757 1166 1846 1194 locum

1049 1208 1176 1236 ltabuisse
1202 1214 1309 1237 constat
1324 1218 1332 1243 ;
1346 1218 1440 1245 aquam
1461 1211 1585 1246 eqttidcm
1607 1211 1705 1245 Exod,
1720 1219 1797 1244 uix,
1809 1213 1845 1245 1;

1048 1254 1123 1289 Lam,
1140 1263 1199 1289 vnt,
1211 1256 1228 1283 6
1241 1264 1249 1286 ;
1263 1257 1415 1291 sanguinem
1434 1262 1524 1285 autem
1537 1257 1636 1291 Exod.,
1650 1266 1724 1292 χιιι,
1734 1258 1784 1293 20,
1799 1258 1845 1292 2|;

1050 1301 1122 1335 Lam,
1133 1308 1190 1336 vnt,
1200 1301 1300 1334 25,24.
1317 1301 1359 1330 Ad
1374 1302 1497 1331 Messiam
1511 1303 1583 1330 enim
1599 1308 1738 1339 tamquam
1753 1304 1847 1340 mysti-

1048 1354 1109 1375 cum
1133 1347 1284 1383 evangelici
1309 1347 1421 1376 fmderis
1441 1348 1621 1381 sacerdotem,
1634 1349 1726 1377 retulit
1740 1350 1768 1376 in
1797 1350 1847 1377 hac

1050 1395 1107 1429 ipsa
1131 1402 1213 1422 causa
1240 1394 1386 1430 Apostolus
1407 1394 1493 1423 Judaei
1517 1395 1652 1431 pontiﬁcis
1675 1396 1845 1432 exemplu,

1048 1440 1120 1476 quod
1148 1440 1193 1468 ille
1210 1441 1291 1468 etiatn
1305 1441 1432 1476 passione
1457 1448 1504 1468 sua
1526 1447 1598 1469 esset
1623 1441 1846 1470 sanctiﬁcandus.

1049 1486 1201 1518 Τιλιιὼσιος
1216 1494 1283 1514 voce
1293 1494 1358 1515 usus
1373 1491 1414 1514 est
1428 1486 1567 1522 apostolus
1579 1486 1684 1523 (Helm,
1694 1495 1724 1521 tt,
1740 1487 1786 1521 10,
1801 1488 1846 1522 11;

1050 1540 1077 1566 ν,
1090 1533 1117 1565 8,
1132 1533 1172 1569 9),
1183 1534 1294 1569 mystica
1309 1534 1435 1561 nimirum
1451 1534 1504 1567 illa,
1519 1539 1547 1562 et
1559 1541 1642 1562 sacra:
1653 1535 1847 1570 mysteriorum

1051 1578 1219 1614 prml‘ecturzc
1236 1580 1353 1615 propria.
1368 1580 1405 1607 ita
1421 1584 1509 1607 tamen
1531 1579 1630 1608 Christi
1645 1580 1699 1607 hoc
1718 1581 1848 1609 sacerdo-

196 1635 302 1672 jusdam
329 1634 427 1662 veteris
452 1632 585 1668 opinionis
609 1631 712 1660 sentina
738 1635 817 1658 natus
841 1634 902 1663 est,
929 1634 992 1658 teste

1053 1625 1119 1653 tium
1132 1632 1194 1653 cum
1207 1625 1362 1653 Judruorum
1377 1626 1528 1655 sacerdotio
1535 1625 1674 1654 contendit
1686 1626 1846 1661 Apostolus,

199 1682 363 1712 Tertulliano
373 1680 467 1718 (Ten,
481 1679 540 1707 adv.
555 1678 665 1712 ναίω..
678 1686 702 1706 c.
714 1676 754 1714 4).
768 1676 891 1718 Utigitur
903 1676 995 1705 Jesunt

198 1737 214 1758 a
226 1728 333 1758 Christo
346 1727 494 1756 diviserunt
506 1725 689 1758 valentinisni,
705 1725 738 1752 ad
749 1724 930 1760 antiquiorum
945 1723 996 1751 ha:-

198 1776 343 1804 reticorum
368 1773 520 1810 exemplum
540 1771 671 1809 Apostolo
697 1778 865 1804 coaevorum,
881 1777 996 1806 quorum

198 1821 339 1850 occasione
363 1824 418 1849 tam
440 1825 482 1848 est
506 1819 532 1847 in
558 1827 591 1847 eo
606 1819 665 1854 ipso
678 1822 836 1854 argumento
850 1816 952 1845 multus
969 1817 996 1845 in

198 1868 283 1905 prima
297 1875 345 1896 sua
364 1866 476 1902 epistola
491 1865 652 1901 Apostolus;
670 1865 705 1892 ita
732 1869 760 1892 et
779 1863 907 1900 martyria
933 1870 994 1891 cunt

199 1915 295 1945 iisdem
309 1915 501 1944 vateutinianis
523 1912 634 1941 eosdctn
647 1913 728 1941 etiam
743 1911 873 1948 Apostolo
887 1918 998 1939 octavos

198 1963 339 1992 hereticos
366 1961 507 1990 sustulisse
529 1959 669 1997 probabile
696 1963 747 1987 est.
770 1959 798 1987 ln
825 1958 897 1986 illam
922 1961 997 1985 certe

198 2011 359 2042 sententiam
372 2010 473 2046 optime
486 2008 659 2046 quadrabunt
673 2005 796 2042 Apostoi't
817 2009 975 2041 argmnenta
986 2024 994 2038 ,

199 2062 228 2086 ut
253 2062 315 2086 ante
343 2063 393 2085 nos
417 2060 510 2085 noster
536 2053 692 2084 observavit
707 2051 902 2081 Hammondus.
919 2050 997 2079 Anti-

198 2104 292 2133 christi
310 2108 387 2132 erant
409 2102 435 2131 bi
451 2101 570 2131 haeretici
585 2108 643 2135 seu,
660 2099 732 2137 quod
746 2099 816 2136 apud
838 2098 998 2134 Apostolum

201 2151 365 2181 tantumdem
399 2150 488 2184 valet,
526 2148 736 2186 pseudo-citriin
753 2168 761 2180 ,
791 2146 863 2183 quod
897 2145 998 2174 Christi

198 2198 298 2228 Judais
328 2198 454 2234 promissi
480 2203 622 2233 personam
646 2194 697 2232 ipsi
722 2195 748 2222 in
768 2201 798 2222 so
818 2192 997 2228 susciperent.

199 2245 315 2274 Proinde
343 2244 408 2273 illud
431 2243 517 2272 innuit
539 2241 685 2279 Apostolus
707 2241 788 2268 totius
802 2238 942 2274 Evangelii
957 2237 999 2265 sui

198 2292 281 2321 luisse
292 2291 446 2324 consilium,
461 2288 645 2318 utcredercnt
658 2288 748 2314 Jcsum
760 2282 840 2314 fuisse
853 2286 936 2313 liliunt
952 2285 997 2312 Dei

199 2338 300 2375 (leam,
317 2345 366 2372 xx,
382 2321 448 2374 51),
475 2336 567 2373 (quem
591 2342 685 2368 uctnpc
708 2334 812 2361 titulum
830 2333 933 2360 .tlcs:i:e
949 2339 997 2359 suo
1012 2330 1038 2360 D
1054 2326 1183 2375 landutll)
1211 2323 1380 2375 “amellos
1403 2322 1498 2352 iisdem
1511 2329 1585 2375 resse

201 2385 307 2419 el‘s.tt,
319 2385 347 2419 Ἰ,
357 2384 429 2412 illius
443 2382 535 2413 surculi
549 2381 634 2410 ,111111ιεί
649 2381 827 2414 asserebant),
842 2388 894 2406 non
906 2384 998 2406 autem

199 2430 260 2459 illos
283 2430 471 2459 haereticorum
493 2429 693 2463 antesignanos.
706 2428 794 2460 Quare
820 2428 888 2453 inter
901 2431 999 2454 cmtera

197 2482 355 2514 argumenta
376 2478 474 2514 quibus
498 2476 595 2505 falsum
616 2474 689 2500 illum
712 2474 744 2501 ile
759 2474 867 2501 Christo
884 2477 1000 2509 prietes-

199 2530 255 2553 tum
277 2524 376 2553 refellit
399 2523 565 2560 Apostolus,
582 2522 627 2548 illo
642 2528 746 2555 quoque
766 2528 830 2548 usus
841 2525 883 2548 est
896 2520 929 2548 de
942 2519 1000 2548 veri

199 2570 299 2600 Christi
319 2571 437 2599 adventu
461 2577 509 2606 per
523 2575 621 2605 aquam
636 2572 663 2593 et
685 2567 853 2601 sanguinem.
876 2566 925 2594 llic
945 2569 1000 2600 est.

201 2618 286 2654 inquit
303 2618 337 2656 (I
360 2617 454 2652 loton,
478 2625 505 2650 v,
523 2616 541 2645 ϐ
558 2615 577 2652 ),
602 2615 645 2649 qui
675 2613 747 2640 venit
771 2622 817 2649 per
848 2620 946 2650 aquam

200 2665 356 2701 sangttinetu
369 2664 449 2694 Jesus
463 2663 598 2693 Christus;
622 2668 674 2688 non
692 2660 717 2687 iu
739 2668 807 2695 aqua
830 2659 981 2701 solun!‘

200 2712 227 2740 in
240 2719 309 2748 aqua
332 2715 360 2739 et
372 2710 513 2747 sanguine.
529 2709 551 2737 Α
572 2707 656 2742 signis
672 2706 799 2735 nimirum
820 2706 877 2736 veri
894 2706 926 2748 η

200 2762 405 2794 argumentatus
418 2762 459 2786 est
472 2756 507 2785 de
519 2755 617 2792 quibus
632 2755 700 2781 inter
715 2753 834 2789 Judaos,

201 2805 273 2834 illius
298 2805 348 2834 sevi
370 2804 551 2836 christianos,
573 2806 745 2833 convenerat,
776 2806 823 2830 tstt

201 2858 322 2880 nostrum
355 2859 449 2881 verum
480 2849 605 2879 Messium
633 2847 793 2883 εοιιηηυὶηι

206 2898 437 2931 pseudo-ciuiuus
460 2897 523 2926 illos
545 2895 587 2923 vel
611 2903 643 2923 co
659 2894 718 2930 ipso
742 2894 754 2924 1

204 2943 381 2980 improbaret.
403 2943 493 2979 Venit,
509 2942 606 2978 inquit.
625 2948 672 2977 per
685 2946 749 2980 aqua

1050 1677 1090 1704 ut,
1105 1679 1166 1699 cum
1181 1672 1207 1699 iu
1230 1673 1371 1707 utriusque
1393 1672 1596 1700 consecratione
1614 1672 1753 1706 sanguinis
1768 1680 1846 1700 usum

1050 1718 1200 1746 adhibitum
1217 1718 1368 1754 probasset,
1384 1719 1457 1746 ineo
1476 1718 1620 1746 eminuerit
1639 1717 1739 1745 Christi
1753 1726 1846 1746 sacer-

1049 1766 1153 1795 dotiunt
1163 1766 1234 1802 quod
1245 1773 1294 1794 suo
1305 1765 1444 1794 dumtaxat
1454 1766 1584 1800 sanguine
1592 1770 1768 1793 consecratus
1781 1765 1848 1793 luis.

1050 1817 1091 1842 set
1100 1812 1223 1840 Christus
1232 1819 1293 1840 cum
1302 1816 1413 1840 externo
1419 1811 1558 1839 dumtaxat
1569 1810 1701 1846 pecudum
1714 1811 1847 1847 sanguine

1050 1859 1093 1888 usi
1107 1863 1203 1888 essent
1217 1858 1244 1885 in
1258 1857 1428 1886 sacerdotum
1449 1864 1559 1885 suorum
1574 1858 1781 1886 consecratione
1799 1858 1848 1887 Ju-

1050 1906 1114 1940 daei,
1124 1905 1219 1939 Helm,
1232 1912 1271 1938 ts,
1284 1904 1332 1937 25,
1344 1904 1390 1932 26.
1404 1904 1476 1932 ldetn
1492 1909 1519 1932 et
1531 1904 1595 1932 alibi
1605 1905 1705 1940 saepius
1718 1905 1845 1941 inculcat,

1050 1961 1111 1982 cutn
1119 1960 1173 1981 non
1186 1956 1323 1980 taurorum
1332 1951 1513 1984 bircorumvc,
1523 1951 1571 1979 sed
1582 1958 1647 1979 vero
1656 1952 1848 1987 propriodum-

1051 2004 1135 2033 taxat,
1152 1997 1282 2034 sanguine
1295 1996 1431 2026 Christum
1442 1997 1523 2025 docet
1536 1996 1681 2025 initiatum.
1698 1997 1770 2033 Ergo
1783 2005 1847 2026 cum

1051 2045 1154 2074 ludatis
1166 2045 1192 2072 in
1204 2051 1237 2072 eo
1250 2047 1415 2072 convenerat
1427 2042 1584 2078 Apostolus,
1597 2042 1630 2071 ad
1644 2050 1757 2079 quorum
1771 2044 1849 2080 priu-

1051 2092 1122 2128 cipia
1137 2099 1216 2119 suam
1232 2091 1275 2119 ltic
1289 2090 1390 2126 aptavit
1408 2090 1678 2127 argumentationem,
1693 2094 1723 2118 ut
1742 2091 1849 2126 pontiﬁ-

1051 2146 1110 2168 cem
1138 2137 1198 2166 [οι-θ
1219 2136 1358 2166 Christum
1380 2144 1396 2165 a
1410 2144 1517 2165 summo
1538 2136 1663 2165 nimirum
1688 2136 1846 2167 Judzeorum

1053 2184 1181 2222 pontiﬁce
1207 2184 1406 2219 sdumbratum,
1434 2184 1470 2211 ita
1484 2184 1530 2220 qui
1546 2191 1624 2212 verus
1649 2183 1753 2212 iuturus
1771 2190 1849 2215 esset

1052 2231 1176 2266 Messias,
1189 2230 1318 2267 sanguine
1340 2230 1440 2266 pariter
1451 2237 1483 2257 ac
1505 2237 1572 2266 aqua
1597 2234 1651 2258 tam
1676 2230 1763 2265 ipsum
1786 2229 1850 2260 fore

1054 2278 1222 2307 lustrandum
1237 2278 1302 2314 (vel,
1319 2281 1349 2304 ut
1368 2276 1523 2312 evangelica
1544 2283 1612 2304 voce
1632 2276 1850 2313 utamur.bapt't-

1055 2382 1133 2410 aqua:
1148 2372 1282 2409 baptismo
1296 2372 1323 2401 id
1335 2371 1503 2411 fuissem

1052 2422 1251 2459 pharisteorum

1052 2477 1211 2506 Pro-«sle

1052 2518 1174 2568 ⁸9⁸..

1916 220 1933 258 Ἀ

1918 283 1933 301 :1

1802 2278 1851 2345 ’ἐξ
1932 2283 1933 2345 l

1421 2345 1933 2443 Μ·
1523 2345 1585 2352 π

1053 2443 1115 2459 νην
1124 2443 1199 2450 -νν-ν-
1206 2443 1251 2450 --
1263 2443 1292 2456 τ·-

1052 2443 1933 2495 πωπω-ι...-

594 2949 1751 3177 -
1839 2949 1933 3177 Ν
