  <div class='ocr_page' id='page_1' title='image "/cluster/home/n/w/nwhite01/storage/ocr_20150623/5/uva.x000826532/042.png"; bbox 0 0 1944 3172; ppageno 0'>
   <div class='ocr_carea' id='block_1_1' title="bbox 22 2290 375 2475">
    <p class='ocr_par' dir='ltr' id='par_1_1' title="bbox 27 2290 375 2475">
     <span class='ocr_line' id='line_1_1' title="bbox 207 2290 375 2329; baseline 0.006 -32"><span class='ocrx_word' id='word_1_1' title='bbox 207 2290 375 2329; x_wconf 2' lang='lat' dir='ltr'><strong>om,</strong></span> 
     </span>
     <span class='ocr_line' id='line_1_2' title="bbox 260 2332 375 2368; baseline 0 -10"><span class='ocrx_word' id='word_1_2' title='bbox 260 2332 275 2368; x_wconf 53' lang='grc' dir='ltr'>χ</span> <span class='ocrx_word' id='word_1_3' title='bbox 321 2336 375 2358; x_wconf 79' lang='lat' dir='ltr'><strong>san</strong></span> 
     </span>
     <span class='ocr_line' id='line_1_3' title="bbox 27 2290 375 2475; baseline 0 0"><span class='ocrx_word' id='word_1_4' title='bbox 27 2290 375 2475; x_wconf 58' lang='lat' dir='ltr'><strong>Ea-</strong></span> 
     </span>
    </p>
   </div>
   <div class='ocr_carea' id='block_1_2' title="bbox 26 2475 464 2577">
    <p class='ocr_par' dir='ltr' id='par_1_2' title="bbox 27 2475 464 2577">
     <span class='ocr_line' id='line_1_4' title="bbox 27 2475 463 2577; baseline 0 0"><span class='ocrx_word' id='word_1_5' title='bbox 27 2475 463 2577; x_wconf 47' lang='grc' dir='ltr'><strong>ι</strong></span> 
     </span>
     <span class='ocr_line' id='line_1_5' title="bbox 456 2568 464 2577; baseline 0 0"><span class='ocrx_word' id='word_1_6' title='bbox 456 2568 464 2577; x_wconf 80' lang='grc' dir='ltr'>ι</span> 
     </span>
    </p>
   </div>
   <div class='ocr_carea' id='block_1_3' title="bbox 22 2577 604 3172">
    <p class='ocr_par' dir='ltr' id='par_1_3' title="bbox 27 2577 604 3172">
     <span class='ocr_line' id='line_1_6' title="bbox 446 2577 604 2602; baseline -0.013 -13"><span class='ocrx_word' id='word_1_7' title='bbox 446 2577 501 2602; x_wconf 73' lang='lat'><strong>,,_.,</strong></span> <span class='ocrx_word' id='word_1_8' title='bbox 514 2577 544 2590; x_wconf 88' lang='lat'><strong>...</strong></span> <span class='ocrx_word' id='word_1_9' title='bbox 557 2577 604 2597; x_wconf 56' lang='grc' dir='ltr'><strong>..ω</strong></span> 
     </span>
     <span class='ocr_line' id='line_1_7' title="bbox 27 2577 604 3172; baseline -0.017 0"><span class='ocrx_word' id='word_1_10' title='bbox 27 2577 604 3172; x_wconf 64' lang='grc' dir='ltr'><strong>Ι</strong></span> 
     </span>
    </p>
   </div>
   <div class='ocr_carea' id='block_1_4' title="bbox 137 185 1287 217">
    <p class='ocr_par' dir='ltr' id='par_1_4' title="bbox 137 185 1287 217">
     <span class='ocr_line' id='line_1_8' title="bbox 137 185 1287 217; baseline 0 0"><span class='ocrx_word' id='word_1_11' title='bbox 137 187 166 217; x_wconf 77' lang='lat' dir='ltr'><strong>6i</strong></span> <span class='ocrx_word' id='word_1_12' title='bbox 639 186 683 215; x_wconf 85' lang='lat' dir='ltr'><strong>DE</strong></span> <span class='ocrx_word' id='word_1_13' title='bbox 702 185 862 217; x_wconf 83' lang='lat' dir='ltr'><strong>SECUNDO</strong></span> <span class='ocrx_word' id='word_1_14' title='bbox 879 185 1077 217; x_wconf 68' lang='lat' dir='ltr'><strong>MARTYRUM</strong></span> <span class='ocrx_word' id='word_1_15' title='bbox 1104 187 1287 217; x_wconf 74' lang='lat' dir='ltr'><strong>BAPTISMO.</strong></span> 
     </span>
    </p>
   </div>
   <div class='ocr_carea' id='block_1_5' title="bbox 1743 188 1782 217">
    <p class='ocr_par' dir='ltr' id='par_1_5' title="bbox 1743 188 1782 217">
     <span class='ocr_line' id='line_1_9' title="bbox 1743 188 1782 217; baseline 0 0"><span class='ocrx_word' id='word_1_16' title='bbox 1743 188 1782 217; x_wconf 71' lang='grc' dir='ltr'><strong>θς</strong></span> 
     </span>
    </p>
   </div>
   <div class='ocr_carea' id='block_1_6' title="bbox 140 242 1774 283">
    <p class='ocr_par' dir='ltr' id='par_1_6' title="bbox 140 242 1774 283">
     <span class='ocr_line' id='line_1_10' title="bbox 140 242 1774 283; baseline 0.001 -9"><span class='ocrx_word' id='word_1_17' title='bbox 140 244 284 283; x_wconf 82' lang='lat' dir='ltr'><strong>quibusdam</strong></span> <span class='ocrx_word' id='word_1_18' title='bbox 298 244 373 273; x_wconf 87' lang='lat' dir='ltr'><strong>illius</strong></span> <span class='ocrx_word' id='word_1_19' title='bbox 382 244 479 273; x_wconf 80' lang='lat' dir='ltr'><strong>saeculi</strong></span> <span class='ocrx_word' id='word_1_20' title='bbox 488 244 645 279; x_wconf 84' lang='lat' dir='ltr'><strong>ratiociniis,</strong></span> <span class='ocrx_word' id='word_1_21' title='bbox 660 242 696 273; x_wconf 86' lang='lat' dir='ltr'><strong>de</strong></span> <span class='ocrx_word' id='word_1_22' title='bbox 711 244 809 273; x_wconf 76' lang='lat' dir='ltr'><strong>Messia</strong></span> <span class='ocrx_word' id='word_1_23' title='bbox 825 244 925 273; x_wconf 88' lang='lat' dir='ltr'><strong>intelli-</strong></span> <span class='ocrx_word' id='word_1_24' title='bbox 936 244 964 275; x_wconf 84' lang='lat' dir='ltr'><strong>A</strong></span> <span class='ocrx_word' id='word_1_25' title='bbox 976 245 1168 281; x_wconf 73' lang='lat' dir='ltr'><strong>sanguinisque</strong></span> <span class='ocrx_word' id='word_1_26' title='bbox 1190 246 1341 281; x_wconf 85' lang='lat' dir='ltr'><strong>baptismos</strong></span> <span class='ocrx_word' id='word_1_27' title='bbox 1364 252 1426 274; x_wconf 88' lang='lat' dir='ltr'><strong>esse</strong></span> <span class='ocrx_word' id='word_1_28' title='bbox 1439 244 1564 274; x_wconf 70' lang='lat' dir='ltr'><strong>similiter</strong></span> <span class='ocrx_word' id='word_1_29' title='bbox 1576 245 1774 282; x_wconf 79' lang='lat' dir='ltr'><strong>intelligendos.</strong></span> 
     </span>
    </p>
   </div>
   <div class='ocr_carea' id='block_1_7' title="bbox 140 290 926 328">
    <p class='ocr_par' dir='ltr' id='par_1_7' title="bbox 140 290 926 328">
     <span class='ocr_line' id='line_1_11' title="bbox 140 290 926 328; baseline -0.003 -8"><span class='ocrx_word' id='word_1_30' title='bbox 140 291 224 328; x_wconf 67' lang='lat' dir='ltr'><strong>gendze</strong></span> <span class='ocrx_word' id='word_1_31' title='bbox 248 295 346 323; x_wconf 85' lang='lat' dir='ltr'><strong>erant,</strong></span> <span class='ocrx_word' id='word_1_32' title='bbox 378 299 496 327; x_wconf 66' lang='lat' dir='ltr'><strong>quasque</strong></span> <span class='ocrx_word' id='word_1_33' title='bbox 536 290 649 319; x_wconf 83' lang='lat' dir='ltr'><strong>futuram</strong></span> <span class='ocrx_word' id='word_1_34' title='bbox 681 295 926 319; x_wconf 86' lang='lat' dir='ltr'><strong>commemorarent</strong></span> 
     </span>
    </p>
   </div>
   <div class='ocr_carea' id='block_1_8' title="bbox 141 337 925 373">
    <p class='ocr_par' dir='ltr' id='par_1_8' title="bbox 141 337 925 373">
     <span class='ocr_line' id='line_1_12' title="bbox 141 337 925 373; baseline -0.003 -6"><span class='ocrx_word' id='word_1_35' title='bbox 141 337 234 367; x_wconf 64' lang='lat' dir='ltr'><strong>lossia</strong></span> <span class='ocrx_word' id='word_1_36' title='bbox 250 337 419 373; x_wconf 71' lang='lat' dir='ltr'><strong>passionem,</strong></span> <span class='ocrx_word' id='word_1_37' title='bbox 435 337 531 373; x_wconf 86' lang='lat' dir='ltr'><strong>quales</strong></span> <span class='ocrx_word' id='word_1_38' title='bbox 554 337 691 373; x_wconf 87' lang='lat' dir='ltr'><strong>proferunt</strong></span> <span class='ocrx_word' id='word_1_39' title='bbox 712 337 925 373; x_wconf 79' lang='lat' dir='ltr'><strong>quamplurimas</strong></span> 
     </span>
    </p>
   </div>
   <div class='ocr_carea' id='block_1_9' title="bbox 140 382 926 420">
    <p class='ocr_par' dir='ltr' id='par_1_9' title="bbox 140 382 926 420">
     <span class='ocr_line' id='line_1_13' title="bbox 140 382 926 420; baseline -0.001 -8"><span class='ocrx_word' id='word_1_40' title='bbox 140 391 186 412; x_wconf 88' lang='lat' dir='ltr'><strong>nou</strong></span> <span class='ocrx_word' id='word_1_41' title='bbox 197 382 262 411; x_wconf 80' lang='lat' dir='ltr'><strong>Novi</strong></span> <span class='ocrx_word' id='word_1_42' title='bbox 274 382 354 411; x_wconf 88' lang='lat' dir='ltr'><strong>modo</strong></span> <span class='ocrx_word' id='word_1_43' title='bbox 363 383 531 411; x_wconf 83' lang='lat' dir='ltr'><strong>Testamenti</strong></span> <span class='ocrx_word' id='word_1_44' title='bbox 545 384 701 420; x_wconf 87' lang='lat' dir='ltr'><strong>scriptores,</strong></span> <span class='ocrx_word' id='word_1_45' title='bbox 709 383 758 412; x_wconf 90' lang='lat' dir='ltr'><strong>sed</strong></span> <span class='ocrx_word' id='word_1_46' title='bbox 770 388 799 412; x_wconf 91' lang='lat' dir='ltr'><strong>et</strong></span> <span class='ocrx_word' id='word_1_47' title='bbox 811 391 926 420; x_wconf 89' lang='lat' dir='ltr'><strong>sequen-</strong></span> 
     </span>
    </p>
   </div>
   <div class='ocr_carea' id='block_1_10' title="bbox 141 429 925 466">
    <p class='ocr_par' dir='ltr' id='par_1_10' title="bbox 141 429 925 466">
     <span class='ocr_line' id='line_1_14' title="bbox 141 429 925 466; baseline -0.001 -8"><span class='ocrx_word' id='word_1_48' title='bbox 141 430 197 459; x_wconf 91' lang='lat' dir='ltr'><strong>tium</strong></span> <span class='ocrx_word' id='word_1_49' title='bbox 211 430 369 458; x_wconf 61' lang='lat' dir='ltr'><strong>saeculorum</strong></span> <span class='ocrx_word' id='word_1_50' title='bbox 379 434 473 465; x_wconf 86' lang='lat' dir='ltr'><strong>patres</strong></span> <span class='ocrx_word' id='word_1_51' title='bbox 483 437 598 466; x_wconf 91' lang='lat' dir='ltr'><strong>quorum</strong></span> <span class='ocrx_word' id='word_1_52' title='bbox 611 434 703 458; x_wconf 82' lang='lat' dir='ltr'><strong>extant</strong></span> <span class='ocrx_word' id='word_1_53' title='bbox 714 430 794 457; x_wconf 86' lang='lat' dir='ltr'><strong>hodie</strong></span> <span class='ocrx_word' id='word_1_54' title='bbox 805 429 925 465; x_wconf 86' lang='lat' dir='ltr'><strong>disputa-</strong></span> 
     </span>
    </p>
   </div>
   <div class='ocr_carea' id='block_1_11' title="bbox 141 474 925 511">
    <p class='ocr_par' dir='ltr' id='par_1_11' title="bbox 141 474 925 511">
     <span class='ocr_line' id='line_1_15' title="bbox 141 474 925 511; baseline 0 -7"><span class='ocrx_word' id='word_1_55' title='bbox 141 476 218 504; x_wconf 81' lang='lat' dir='ltr'><strong>tiones</strong></span> <span class='ocrx_word' id='word_1_56' title='bbox 239 474 370 504; x_wconf 83' lang='lat' dir='ltr'><strong>adversus</strong></span> <span class='ocrx_word' id='word_1_57' title='bbox 379 475 500 510; x_wconf 68' lang='lat' dir='ltr'><strong>Iudaeos,</strong></span> <span class='ocrx_word' id='word_1_58' title='bbox 514 475 643 510; x_wconf 78' lang='lat' dir='ltr'><strong>Justinus,</strong></span> <span class='ocrx_word' id='word_1_59' title='bbox 657 475 854 511; x_wconf 77' lang='lat' dir='ltr'><strong>Tertullianus,</strong></span> <span class='ocrx_word' id='word_1_60' title='bbox 870 475 925 504; x_wconf 75' lang='lat' dir='ltr'><strong>Eu-</strong></span> 
     </span>
    </p>
   </div>
   <div class='ocr_carea' id='block_1_12' title="bbox 139 523 296 557">
    <p class='ocr_par' dir='ltr' id='par_1_12' title="bbox 139 523 296 557">
     <span class='ocr_line' id='line_1_16' title="bbox 139 523 296 557; baseline -0.013 -5"><span class='ocrx_word' id='word_1_61' title='bbox 139 523 230 557; x_wconf 78' lang='lat' dir='ltr'><strong>sebius,</strong></span> <span class='ocrx_word' id='word_1_62' title='bbox 243 528 296 551; x_wconf 83' lang='lat' dir='ltr'><strong>etc.</strong></span> 
     </span>
    </p>
   </div>
   <div class='ocr_carea' id='block_1_13' title="bbox 171 568 926 605">
    <p class='ocr_par' dir='ltr' id='par_1_13' title="bbox 171 568 926 605">
     <span class='ocr_line' id='line_1_17' title="bbox 171 568 926 605; baseline 0 -9"><span class='ocrx_word' id='word_1_63' title='bbox 171 569 184 605; x_wconf 77' lang='grc' dir='ltr'><strong>ς</strong></span> <span class='ocrx_word' id='word_1_64' title='bbox 197 568 279 597; x_wconf 79' lang='lat' dir='ltr'><strong>l5.—</strong></span> <span class='ocrx_word' id='word_1_65' title='bbox 288 568 344 596; x_wconf 74' lang='lat' dir='ltr'><strong>lllte</strong></span> <span class='ocrx_word' id='word_1_66' title='bbox 357 576 424 605; x_wconf 86' lang='lat' dir='ltr'><strong>ergo</strong></span> <span class='ocrx_word' id='word_1_67' title='bbox 438 569 585 605; x_wconf 67' lang='lat' dir='ltr'><strong>Scriptura:</strong></span> <span class='ocrx_word' id='word_1_68' title='bbox 599 577 671 605; x_wconf 71' lang='lat' dir='ltr'><strong>quae,</strong></span> <span class='ocrx_word' id='word_1_69' title='bbox 684 576 734 605; x_wconf 90' lang='lat' dir='ltr'><strong>pro</strong></span> <span class='ocrx_word' id='word_1_70' title='bbox 749 569 821 597; x_wconf 87' lang='lat' dir='ltr'><strong>illius</strong></span> <span class='ocrx_word' id='word_1_71' title='bbox 834 568 926 597; x_wconf 62' lang='lat' dir='ltr'><strong>satculi</strong></span> 
     </span>
    </p>
   </div>
   <div class='ocr_carea' id='block_1_14' title="bbox 139 615 926 652">
    <p class='ocr_par' dir='ltr' id='par_1_14' title="bbox 139 615 926 652">
     <span class='ocr_line' id='line_1_18' title="bbox 139 615 926 652; baseline -0.003 -7"><span class='ocrx_word' id='word_1_72' title='bbox 139 620 221 652; x_wconf 83' lang='lat' dir='ltr'><strong>captu,</strong></span> <span class='ocrx_word' id='word_1_73' title='bbox 235 615 269 644; x_wconf 90' lang='lat' dir='ltr'><strong>de</strong></span> <span class='ocrx_word' id='word_1_74' title='bbox 276 615 385 644; x_wconf 69' lang='lat' dir='ltr'><strong>Messias</strong></span> <span class='ocrx_word' id='word_1_75' title='bbox 393 616 521 652; x_wconf 78' lang='lat' dir='ltr'><strong>passione</strong></span> <span class='ocrx_word' id='word_1_76' title='bbox 534 616 678 644; x_wconf 85' lang='lat' dir='ltr'><strong>intellectae</strong></span> <span class='ocrx_word' id='word_1_77' title='bbox 692 621 767 650; x_wconf 89' lang='lat' dir='ltr'><strong>sunt,</strong></span> <span class='ocrx_word' id='word_1_78' title='bbox 776 616 926 652; x_wconf 88' lang='lat' dir='ltr'><strong>argumenti</strong></span> 
     </span>
    </p>
   </div>
   <div class='ocr_carea' id='block_1_15' title="bbox 138 662 925 698">
    <p class='ocr_par' dir='ltr' id='par_1_15' title="bbox 138 662 925 698">
     <span class='ocr_line' id='line_1_19' title="bbox 138 662 925 698; baseline -0.003 -7"><span class='ocrx_word' id='word_1_79' title='bbox 138 663 214 691; x_wconf 85' lang='lat' dir='ltr'><strong>vicem</strong></span> <span class='ocrx_word' id='word_1_80' title='bbox 228 662 351 690; x_wconf 86' lang='lat' dir='ltr'><strong>obtinere</strong></span> <span class='ocrx_word' id='word_1_81' title='bbox 365 667 491 698; x_wconf 78' lang='lat' dir='ltr'><strong>poterant</strong></span> <span class='ocrx_word' id='word_1_82' title='bbox 500 663 570 698; x_wconf 86' lang='lat' dir='ltr'><strong>apud</strong></span> <span class='ocrx_word' id='word_1_83' title='bbox 586 663 658 696; x_wconf 82' lang='lat' dir='ltr'><strong>illos,</strong></span> <span class='ocrx_word' id='word_1_84' title='bbox 672 663 728 698; x_wconf 88' lang='lat' dir='ltr'><strong>qui,</strong></span> <span class='ocrx_word' id='word_1_85' title='bbox 746 667 774 690; x_wconf 92' lang='lat' dir='ltr'><strong>ut</strong></span> <span class='ocrx_word' id='word_1_86' title='bbox 784 662 819 690; x_wconf 89' lang='lat' dir='ltr'><strong>ab</strong></span> <span class='ocrx_word' id='word_1_87' title='bbox 830 662 925 690; x_wconf 86' lang='lat' dir='ltr'><strong>ortho-</strong></span> 
     </span>
    </p>
   </div>
   <div class='ocr_carea' id='block_1_16' title="bbox 139 707 927 744">
    <p class='ocr_par' dir='ltr' id='par_1_16' title="bbox 139 707 927 744">
     <span class='ocr_line' id='line_1_20' title="bbox 139 707 927 744; baseline -0.001 -8"><span class='ocrx_word' id='word_1_88' title='bbox 139 708 210 736; x_wconf 80' lang='lat' dir='ltr'><strong>doxis</strong></span> <span class='ocrx_word' id='word_1_89' title='bbox 228 708 418 744; x_wconf 77' lang='lat' dir='ltr'><strong>discrepabunt</strong></span> <span class='ocrx_word' id='word_1_90' title='bbox 432 709 459 735; x_wconf 87' lang='lat' dir='ltr'><strong>iu</strong></span> <span class='ocrx_word' id='word_1_91' title='bbox 475 716 509 736; x_wconf 90' lang='lat' dir='ltr'><strong>eo</strong></span> <span class='ocrx_word' id='word_1_92' title='bbox 521 708 593 744; x_wconf 88' lang='lat' dir='ltr'><strong>quod</strong></span> <span class='ocrx_word' id='word_1_93' title='bbox 609 708 702 736; x_wconf 79' lang='lat' dir='ltr'><strong>.lesum</strong></span> <span class='ocrx_word' id='word_1_94' title='bbox 715 716 776 736; x_wconf 90' lang='lat' dir='ltr'><strong>esse</strong></span> <span class='ocrx_word' id='word_1_95' title='bbox 789 707 927 735; x_wconf 80' lang='lat' dir='ltr'><strong>Christum</strong></span> 
     </span>
    </p>
   </div>
   <div class='ocr_carea' id='block_1_17' title="bbox 139 754 926 790">
    <p class='ocr_par' dir='ltr' id='par_1_17' title="bbox 139 754 926 790">
     <span class='ocr_line' id='line_1_21' title="bbox 139 754 926 790; baseline -0.001 -8"><span class='ocrx_word' id='word_1_96' title='bbox 139 754 260 790; x_wconf 82' lang='lat' dir='ltr'><strong>negarint,</strong></span> <span class='ocrx_word' id='word_1_97' title='bbox 275 755 311 782; x_wconf 90' lang='lat' dir='ltr'><strong>ita</strong></span> <span class='ocrx_word' id='word_1_98' title='bbox 326 759 355 781; x_wconf 88' lang='lat' dir='ltr'><strong>et</strong></span> <span class='ocrx_word' id='word_1_99' title='bbox 370 754 396 782; x_wconf 92' lang='lat' dir='ltr'><strong>in</strong></span> <span class='ocrx_word' id='word_1_100' title='bbox 413 762 445 782; x_wconf 94' lang='lat' dir='ltr'><strong>eo</strong></span> <span class='ocrx_word' id='word_1_101' title='bbox 460 755 579 782; x_wconf 82' lang='lat' dir='ltr'><strong>vicissim</strong></span> <span class='ocrx_word' id='word_1_102' title='bbox 594 763 609 781; x_wconf 89' lang='lat' dir='ltr'><strong>a</strong></span> <span class='ocrx_word' id='word_1_103' title='bbox 629 754 741 786; x_wconf 63' lang='lat' dir='ltr'><strong>Jndmis.</strong></span> <span class='ocrx_word' id='word_1_104' title='bbox 759 754 830 789; x_wconf 90' lang='lat' dir='ltr'><strong>quod</strong></span> <span class='ocrx_word' id='word_1_105' title='bbox 846 754 926 782; x_wconf 90' lang='lat' dir='ltr'><strong>Chri-</strong></span> 
     </span>
    </p>
   </div>
   <div class='ocr_carea' id='block_1_18' title="bbox 139 800 927 836">
    <p class='ocr_par' dir='ltr' id='par_1_18' title="bbox 139 800 927 836">
     <span class='ocr_line' id='line_1_22' title="bbox 139 800 927 836; baseline -0.001 -8"><span class='ocrx_word' id='word_1_106' title='bbox 139 804 201 828; x_wconf 90' lang='lat' dir='ltr'><strong>stum</strong></span> <span class='ocrx_word' id='word_1_107' title='bbox 215 800 440 836; x_wconf 82' lang='lat' dir='ltr'><strong>qualemcumque</strong></span> <span class='ocrx_word' id='word_1_108' title='bbox 460 801 535 828; x_wconf 91' lang='lat' dir='ltr'><strong>illum</strong></span> <span class='ocrx_word' id='word_1_109' title='bbox 552 800 702 833; x_wconf 80' lang='lat' dir='ltr'><strong>finxissent,</strong></span> <span class='ocrx_word' id='word_1_110' title='bbox 718 801 824 828; x_wconf 86' lang='lat' dir='ltr'><strong>venisse</strong></span> <span class='ocrx_word' id='word_1_111' title='bbox 839 805 927 828; x_wconf 89' lang='lat' dir='ltr'><strong>tamen</strong></span> 
     </span>
    </p>
   </div>
   <div class='ocr_carea' id='block_1_19' title="bbox 138 846 927 883">
    <p class='ocr_par' dir='ltr' id='par_1_19' title="bbox 138 846 927 883">
     <span class='ocr_line' id='line_1_23' title="bbox 138 846 927 883; baseline 0 -9"><span class='ocrx_word' id='word_1_112' title='bbox 138 846 299 875; x_wconf 83' lang='lat' dir='ltr'><strong>crediderint.</strong></span> <span class='ocrx_word' id='word_1_113' title='bbox 312 846 350 874; x_wconf 87' lang='lat' dir='ltr'><strong>Ita</strong></span> <span class='ocrx_word' id='word_1_114' title='bbox 364 854 429 882; x_wconf 89' lang='lat' dir='ltr'><strong>ergo</strong></span> <span class='ocrx_word' id='word_1_115' title='bbox 438 847 529 875; x_wconf 81' lang='lat' dir='ltr'><strong>Jesnm</strong></span> <span class='ocrx_word' id='word_1_116' title='bbox 543 848 688 883; x_wconf 82' lang='lat' dir='ltr'><strong>Apostolus</strong></span> <span class='ocrx_word' id='word_1_117' title='bbox 696 847 831 875; x_wconf 91' lang='lat' dir='ltr'><strong>Christum</strong></span> <span class='ocrx_word' id='word_1_118' title='bbox 844 847 927 875; x_wconf 83' lang='lat' dir='ltr'><strong>fuisse</strong></span> 
     </span>
    </p>
   </div>
   <div class='ocr_carea' id='block_1_20' title="bbox 138 892 928 928">
    <p class='ocr_par' dir='ltr' id='par_1_20' title="bbox 138 892 928 928">
     <span class='ocr_line' id='line_1_24' title="bbox 138 892 928 928; baseline 0 -8"><span class='ocrx_word' id='word_1_119' title='bbox 138 893 316 926; x_wconf 86' lang='lat' dir='ltr'><strong>conﬁrmavit,</strong></span> <span class='ocrx_word' id='word_1_120' title='bbox 344 892 417 928; x_wconf 91' lang='lat' dir='ltr'><strong>quod</strong></span> <span class='ocrx_word' id='word_1_121' title='bbox 445 897 499 920; x_wconf 87' lang='lat' dir='ltr'><strong>tam</strong></span> <span class='ocrx_word' id='word_1_122' title='bbox 523 901 570 928; x_wconf 89' lang='lat' dir='ltr'><strong>per</strong></span> <span class='ocrx_word' id='word_1_123' title='bbox 593 893 750 928; x_wconf 81' lang='lat' dir='ltr'><strong>sanguinem</strong></span> <span class='ocrx_word' id='word_1_124' title='bbox 775 901 854 928; x_wconf 84' lang='lat' dir='ltr'><strong>quam</strong></span> <span class='ocrx_word' id='word_1_125' title='bbox 878 901 928 928; x_wconf 88' lang='lat' dir='ltr'><strong>per</strong></span> 
     </span>
    </p>
   </div>
   <div class='ocr_carea' id='block_1_21' title="bbox 978 290 1780 327">
    <p class='ocr_par' dir='ltr' id='par_1_21' title="bbox 978 290 1780 327">
     <span class='ocr_line' id='line_1_25' title="bbox 978 290 1780 327; baseline 0.006 -10"><span class='ocrx_word' id='word_1_126' title='bbox 978 290 1016 318; x_wconf 85' lang='lat' dir='ltr'><strong>Ita</strong></span> <span class='ocrx_word' id='word_1_127' title='bbox 1031 293 1121 326; x_wconf 84' lang='lat' dir='ltr'><strong>itaque</strong></span> <span class='ocrx_word' id='word_1_128' title='bbox 1134 299 1168 319; x_wconf 78' lang='lat' dir='ltr'><strong>ex</strong></span> <span class='ocrx_word' id='word_1_129' title='bbox 1181 292 1302 319; x_wconf 90' lang='lat' dir='ltr'><strong>locorum</strong></span> <span class='ocrx_word' id='word_1_130' title='bbox 1319 291 1461 320; x_wconf 89' lang='lat' dir='ltr'><strong>occasione</strong></span> <span class='ocrx_word' id='word_1_131' title='bbox 1475 291 1502 319; x_wconf 92' lang='lat' dir='ltr'><strong>in</strong></span> <span class='ocrx_word' id='word_1_132' title='bbox 1515 292 1613 327; x_wconf 89' lang='lat' dir='ltr'><strong>quibus</strong></span> <span class='ocrx_word' id='word_1_133' title='bbox 1626 299 1703 327; x_wconf 70' lang='lat' dir='ltr'><strong>aquae</strong></span> <span class='ocrx_word' id='word_1_134' title='bbox 1716 300 1780 322; x_wconf 65' lang='lat' dir='ltr'><strong>sam</strong></span> 
     </span>
    </p>
   </div>
   <div class='ocr_carea' id='block_1_22' title="bbox 976 332 1779 373">
    <p class='ocr_par' dir='ltr' id='par_1_22' title="bbox 976 332 1779 373">
     <span class='ocr_line' id='line_1_26' title="bbox 976 332 1779 373; baseline 0.004 -9"><span class='ocrx_word' id='word_1_135' title='bbox 976 336 1119 373; x_wconf 83' lang='lat' dir='ltr'><strong>guinisque</strong></span> <span class='ocrx_word' id='word_1_136' title='bbox 1131 338 1296 366; x_wconf 87' lang='lat' dir='ltr'><strong>mentionem</strong></span> <span class='ocrx_word' id='word_1_137' title='bbox 1312 332 1405 365; x_wconf 78' lang='lat' dir='ltr'><strong>retulit</strong></span> <span class='ocrx_word' id='word_1_138' title='bbox 1417 338 1470 365; x_wconf 88' lang='lat' dir='ltr'><strong>huc</strong></span> <span class='ocrx_word' id='word_1_139' title='bbox 1476 337 1669 372; x_wconf 83' lang='lat' dir='ltr'><strong>Tertulliauus,</strong></span> <span class='ocrx_word' id='word_1_140' title='bbox 1679 343 1707 367; x_wconf 91' lang='lat' dir='ltr'><strong>et</strong></span> <span class='ocrx_word' id='word_1_141' title='bbox 1716 346 1779 367; x_wconf 89' lang='lat' dir='ltr'><strong>cum</strong></span> 
     </span>
    </p>
   </div>
   <div class='ocr_carea' id='block_1_23' title="bbox 977 381 1781 421">
    <p class='ocr_par' dir='ltr' id='par_1_23' title="bbox 977 381 1781 421">
     <span class='ocr_line' id='line_1_27' title="bbox 977 381 1781 421; baseline 0.005 -12"><span class='ocrx_word' id='word_1_142' title='bbox 977 381 1144 411; x_wconf 85' lang='lat' dir='ltr'><strong>Tertulliano</strong></span> <span class='ocrx_word' id='word_1_143' title='bbox 1161 388 1240 411; x_wconf 88' lang='lat' dir='ltr'><strong>vetus</strong></span> <span class='ocrx_word' id='word_1_144' title='bbox 1263 383 1309 411; x_wconf 90' lang='lat' dir='ltr'><strong>illa</strong></span> <span class='ocrx_word' id='word_1_145' title='bbox 1332 383 1511 419; x_wconf 89' lang='lat' dir='ltr'><strong>proculdubio</strong></span> <span class='ocrx_word' id='word_1_146' title='bbox 1535 384 1781 421; x_wconf 84' lang='lat' dir='ltr'><strong>Eeclesia,colligi-</strong></span> 
     </span>
    </p>
   </div>
   <div class='ocr_carea' id='block_1_24' title="bbox 977 429 1781 467">
    <p class='ocr_par' dir='ltr' id='par_1_24' title="bbox 977 429 1781 467">
     <span class='ocr_line' id='line_1_28' title="bbox 977 429 1781 467; baseline 0.005 -11"><span class='ocrx_word' id='word_1_147' title='bbox 977 435 1049 463; x_wconf 91' lang='lat' dir='ltr'><strong>mus,</strong></span> <span class='ocrx_word' id='word_1_148' title='bbox 1063 435 1118 457; x_wconf 92' lang='lat' dir='ltr'><strong>non</strong></span> <span class='ocrx_word' id='word_1_149' title='bbox 1134 429 1217 457; x_wconf 88' lang='lat' dir='ltr'><strong>alium</strong></span> <span class='ocrx_word' id='word_1_150' title='bbox 1234 430 1326 465; x_wconf 88' lang='lat' dir='ltr'><strong>utique</strong></span> <span class='ocrx_word' id='word_1_151' title='bbox 1348 430 1507 465; x_wconf 87' lang='lat' dir='ltr'><strong>sanguittem</strong></span> <span class='ocrx_word' id='word_1_152' title='bbox 1531 438 1612 466; x_wconf 90' lang='lat' dir='ltr'><strong>quam</strong></span> <span class='ocrx_word' id='word_1_153' title='bbox 1632 430 1781 467; x_wconf 85' lang='lat' dir='ltr'><strong>baptisma-</strong></span> 
     </span>
    </p>
   </div>
   <div class='ocr_carea' id='block_1_25' title="bbox 978 473 1334 510">
    <p class='ocr_par' dir='ltr' id='par_1_25' title="bbox 978 473 1334 510">
     <span class='ocr_line' id='line_1_29' title="bbox 978 473 1334 510; baseline 0.003 -9"><span class='ocrx_word' id='word_1_154' title='bbox 978 473 1031 501; x_wconf 88' lang='lat' dir='ltr'><strong>lem</strong></span> <span class='ocrx_word' id='word_1_155' title='bbox 1045 480 1106 502; x_wconf 85' lang='lat' dir='ltr'><strong>esse</strong></span> <span class='ocrx_word' id='word_1_156' title='bbox 1118 473 1334 510; x_wconf 89' lang='lat' dir='ltr'><strong>intelligendum.</strong></span> 
     </span>
    </p>
   </div>
   <div class='ocr_carea' id='block_1_26' title="bbox 1015 519 1779 560">
    <p class='ocr_par' dir='ltr' id='par_1_26' title="bbox 1015 519 1779 560">
     <span class='ocr_line' id='line_1_30' title="bbox 1015 519 1779 560; baseline 0.005 -13"><span class='ocrx_word' id='word_1_157' title='bbox 1015 519 1128 556; x_wconf 77' lang='lat' dir='ltr'><strong>§l7.—</strong></span> <span class='ocrx_word' id='word_1_158' title='bbox 1143 521 1178 548; x_wconf 84' lang='lat' dir='ltr'><strong>At</strong></span> <span class='ocrx_word' id='word_1_159' title='bbox 1191 522 1340 556; x_wconf 68' lang='lat' dir='ltr'><strong>tequivoce,</strong></span> <span class='ocrx_word' id='word_1_160' title='bbox 1356 521 1473 556; x_wconf 87' lang='lat' dir='ltr'><strong>inquies,</strong></span> <span class='ocrx_word' id='word_1_161' title='bbox 1483 521 1635 550; x_wconf 81' lang='lat' dir='ltr'><strong>communis</strong></span> <span class='ocrx_word' id='word_1_162' title='bbox 1644 527 1705 551; x_wconf 86' lang='lat' dir='ltr'><strong>erat</strong></span> <span class='ocrx_word' id='word_1_163' title='bbox 1714 522 1779 560; x_wconf 83' lang='lat' dir='ltr'><strong>bap-</strong></span> 
     </span>
    </p>
   </div>
   <div class='ocr_carea' id='block_1_27' title="bbox 978 566 1781 606">
    <p class='ocr_par' dir='ltr' id='par_1_27' title="bbox 978 566 1781 606">
     <span class='ocr_line' id='line_1_31' title="bbox 978 566 1781 606; baseline 0.006 -13"><span class='ocrx_word' id='word_1_164' title='bbox 978 566 1050 594; x_wconf 90' lang='lat' dir='ltr'><strong>tismi</strong></span> <span class='ocrx_word' id='word_1_165' title='bbox 1062 566 1107 594; x_wconf 89' lang='lat' dir='ltr'><strong>illa</strong></span> <span class='ocrx_word' id='word_1_166' title='bbox 1122 567 1191 594; x_wconf 86' lang='lat' dir='ltr'><strong>ratio</strong></span> <span class='ocrx_word' id='word_1_167' title='bbox 1206 575 1293 602; x_wconf 68' lang='lat' dir='ltr'><strong>aquae,</strong></span> <span class='ocrx_word' id='word_1_168' title='bbox 1307 568 1434 603; x_wconf 78' lang='lat' dir='ltr'><strong>sanguini</strong></span> <span class='ocrx_word' id='word_1_169' title='bbox 1449 572 1530 604; x_wconf 90' lang='lat' dir='ltr'><strong>atque</strong></span> <span class='ocrx_word' id='word_1_170' title='bbox 1539 568 1664 604; x_wconf 87' lang='lat' dir='ltr'><strong>Spiritui,</strong></span> <span class='ocrx_word' id='word_1_171' title='bbox 1678 575 1708 597; x_wconf 90' lang='lat' dir='ltr'><strong>ut</strong></span> <span class='ocrx_word' id='word_1_172' title='bbox 1718 577 1781 606; x_wconf 86' lang='lat' dir='ltr'><strong>pro-</strong></span> 
     </span>
    </p>
   </div>
   <div class='ocr_carea' id='block_1_28' title="bbox 979 612 1778 651">
    <p class='ocr_par' dir='ltr' id='par_1_28' title="bbox 979 612 1778 651">
     <span class='ocr_line' id='line_1_32' title="bbox 979 612 1778 651; baseline 0.006 -12"><span class='ocrx_word' id='word_1_173' title='bbox 979 612 1042 640; x_wconf 91' lang='lat' dir='ltr'><strong>inde</strong></span> <span class='ocrx_word' id='word_1_174' title='bbox 1053 620 1106 640; x_wconf 92' lang='lat' dir='ltr'><strong>non</strong></span> <span class='ocrx_word' id='word_1_175' title='bbox 1118 613 1153 641; x_wconf 91' lang='lat' dir='ltr'><strong>sit</strong></span> <span class='ocrx_word' id='word_1_176' title='bbox 1167 613 1239 649; x_wconf 90' lang='lat' dir='ltr'><strong>quod</strong></span> <span class='ocrx_word' id='word_1_177' title='bbox 1256 622 1289 642; x_wconf 78' lang='lat' dir='ltr'><strong>ex</strong></span> <span class='ocrx_word' id='word_1_178' title='bbox 1304 615 1442 642; x_wconf 89' lang='lat' dir='ltr'><strong>communi</strong></span> <span class='ocrx_word' id='word_1_179' title='bbox 1454 616 1505 643; x_wconf 86' lang='lat' dir='ltr'><strong>hac</strong></span> <span class='ocrx_word' id='word_1_180' title='bbox 1520 616 1647 651; x_wconf 81' lang='lat' dir='ltr'><strong>baptismi</strong></span> <span class='ocrx_word' id='word_1_181' title='bbox 1670 617 1778 645; x_wconf 81' lang='lat' dir='ltr'><strong>ratione</strong></span> 
     </span>
    </p>
   </div>
   <div class='ocr_carea' id='block_1_29' title="bbox 978 657 1781 697">
    <p class='ocr_par' dir='ltr' id='par_1_29' title="bbox 978 657 1781 697">
     <span class='ocr_line' id='line_1_33' title="bbox 978 657 1781 697; baseline 0.007 -12"><span class='ocrx_word' id='word_1_182' title='bbox 978 657 1127 686; x_wconf 79' lang='lat' dir='ltr'><strong>inferamus</strong></span> <span class='ocrx_word' id='word_1_183' title='bbox 1153 660 1293 695; x_wconf 82' lang='lat' dir='ltr'><strong>sanguinei</strong></span> <span class='ocrx_word' id='word_1_184' title='bbox 1320 665 1401 695; x_wconf 86' lang='lat' dir='ltr'><strong>atque</strong></span> <span class='ocrx_word' id='word_1_185' title='bbox 1425 661 1504 695; x_wconf 89' lang='lat' dir='ltr'><strong>aquei</strong></span> <span class='ocrx_word' id='word_1_186' title='bbox 1529 659 1781 697; x_wconf 63' lang='lat' dir='ltr'><strong>baptismi&#39;fructus</strong></span> 
     </span>
    </p>
   </div>
   <div class='ocr_carea' id='block_1_30' title="bbox 978 703 1781 740">
    <p class='ocr_par' dir='ltr' id='par_1_30' title="bbox 978 703 1781 740">
     <span class='ocr_line' id='line_1_34' title="bbox 978 703 1781 740; baseline 0.007 -9"><span class='ocrx_word' id='word_1_187' title='bbox 978 703 1088 732; x_wconf 88' lang='lat' dir='ltr'><strong>eosdem</strong></span> <span class='ocrx_word' id='word_1_188' title='bbox 1101 712 1164 732; x_wconf 87' lang='lat' dir='ltr'><strong>esse</strong></span> <span class='ocrx_word' id='word_1_189' title='bbox 1178 705 1372 740; x_wconf 80' lang='lat' dir='ltr'><strong>expectandos.</strong></span> <span class='ocrx_word' id='word_1_190' title='bbox 1386 706 1413 734; x_wconf 94' lang='lat' dir='ltr'><strong>ld</strong></span> <span class='ocrx_word' id='word_1_191' title='bbox 1426 714 1459 734; x_wconf 91' lang='lat' dir='ltr'><strong>ne</strong></span> <span class='ocrx_word' id='word_1_192' title='bbox 1474 706 1589 740; x_wconf 86' lang='lat' dir='ltr'><strong>dicatur,</strong></span> <span class='ocrx_word' id='word_1_193' title='bbox 1605 708 1781 738; x_wconf 76' lang='lat' dir='ltr'><strong>observamus</strong></span> 
     </span>
    </p>
   </div>
   <div class='ocr_carea' id='block_1_31' title="bbox 979 751 1781 789">
    <p class='ocr_par' dir='ltr' id='par_1_31' title="bbox 979 751 1781 789">
     <span class='ocr_line' id='line_1_35' title="bbox 979 751 1781 789; baseline 0.006 -12"><span class='ocrx_word' id='word_1_194' title='bbox 979 755 1110 786; x_wconf 82' lang='lat' dir='ltr'><strong>praeterea</strong></span> <span class='ocrx_word' id='word_1_195' title='bbox 1123 755 1220 785; x_wconf 89' lang='lat' dir='ltr'><strong>quarto</strong></span> <span class='ocrx_word' id='word_1_196' title='bbox 1235 751 1262 778; x_wconf 91' lang='lat' dir='ltr'><strong>in</strong></span> <span class='ocrx_word' id='word_1_197' title='bbox 1285 752 1345 787; x_wconf 86' lang='lat' dir='ltr'><strong>ipso</strong></span> <span class='ocrx_word' id='word_1_198' title='bbox 1360 751 1406 780; x_wconf 92' lang='lat' dir='ltr'><strong>illo</strong></span> <span class='ocrx_word' id='word_1_199' title='bbox 1422 752 1580 781; x_wconf 88' lang='lat' dir='ltr'><strong>initiationis</strong></span> <span class='ocrx_word' id='word_1_200' title='bbox 1603 754 1781 789; x_wconf 80' lang='lat' dir='ltr'><strong>expiationis-</strong></span> 
     </span>
    </p>
   </div>
   <div class='ocr_carea' id='block_1_32' title="bbox 980 795 1783 835">
    <p class='ocr_par' dir='ltr' id='par_1_32' title="bbox 980 795 1783 835">
     <span class='ocr_line' id='line_1_36' title="bbox 980 795 1783 835; baseline 0.006 -11"><span class='ocrx_word' id='word_1_201' title='bbox 980 803 1033 831; x_wconf 90' lang='lat' dir='ltr'><strong>que</strong></span> <span class='ocrx_word' id='word_1_202' title='bbox 1048 795 1114 830; x_wconf 89' lang='lat' dir='ltr'><strong>ritu,</strong></span> <span class='ocrx_word' id='word_1_203' title='bbox 1131 797 1174 824; x_wconf 92' lang='lat' dir='ltr'><strong>cui</strong></span> <span class='ocrx_word' id='word_1_204' title='bbox 1190 802 1363 832; x_wconf 78' lang='lat' dir='ltr'><strong>peccaturum</strong></span> <span class='ocrx_word' id='word_1_205' title='bbox 1380 798 1453 825; x_wconf 84' lang='lat' dir='ltr'><strong>illam</strong></span> <span class='ocrx_word' id='word_1_206' title='bbox 1477 800 1665 835; x_wconf 88' lang='lat' dir='ltr'><strong>purgationem</strong></span> <span class='ocrx_word' id='word_1_207' title='bbox 1679 800 1783 829; x_wconf 87' lang='lat' dir='ltr'><strong>tribuc-</strong></span> 
     </span>
    </p>
   </div>
   <div class='ocr_carea' id='block_1_33' title="bbox 979 842 1783 881">
    <p class='ocr_par' dir='ltr' id='par_1_33' title="bbox 979 842 1783 881">
     <span class='ocr_line' id='line_1_37' title="bbox 979 842 1783 881; baseline 0.007 -11"><span class='ocrx_word' id='word_1_208' title='bbox 979 842 1046 870; x_wconf 89' lang='lat' dir='ltr'><strong>bant</strong></span> <span class='ocrx_word' id='word_1_209' title='bbox 1058 848 1175 876; x_wconf 86' lang='lat' dir='ltr'><strong>veteres,</strong></span> <span class='ocrx_word' id='word_1_210' title='bbox 1192 847 1245 871; x_wconf 91' lang='lat' dir='ltr'><strong>tam</strong></span> <span class='ocrx_word' id='word_1_211' title='bbox 1260 843 1429 880; x_wconf 79' lang='lat' dir='ltr'><strong>frequentem</strong></span> <span class='ocrx_word' id='word_1_212' title='bbox 1446 844 1533 873; x_wconf 86' lang='lat' dir='ltr'><strong>fuisse</strong></span> <span class='ocrx_word' id='word_1_213' title='bbox 1553 846 1625 881; x_wconf 87' lang='lat' dir='ltr'><strong>apud</strong></span> <span class='ocrx_word' id='word_1_214' title='bbox 1646 846 1706 875; x_wconf 89' lang='lat' dir='ltr'><strong>illos</strong></span> <span class='ocrx_word' id='word_1_215' title='bbox 1719 855 1783 875; x_wconf 84' lang='lat' dir='ltr'><strong>sau-</strong></span> 
     </span>
    </p>
   </div>
   <div class='ocr_carea' id='block_1_34' title="bbox 978 888 1784 926">
    <p class='ocr_par' dir='ltr' id='par_1_34' title="bbox 978 888 1784 926">
     <span class='ocr_line' id='line_1_38' title="bbox 978 888 1784 926; baseline 0.007 -11"><span class='ocrx_word' id='word_1_216' title='bbox 978 888 1068 924; x_wconf 86' lang='lat' dir='ltr'><strong>guinis</strong></span> <span class='ocrx_word' id='word_1_217' title='bbox 1091 896 1172 925; x_wconf 87' lang='lat' dir='ltr'><strong>quam</strong></span> <span class='ocrx_word' id='word_1_218' title='bbox 1194 897 1386 925; x_wconf 72' lang='lat' dir='ltr'><strong>aquzc,usum.</strong></span> <span class='ocrx_word' id='word_1_219' title='bbox 1401 890 1430 918; x_wconf 87' lang='lat' dir='ltr'><strong>In</strong></span> <span class='ocrx_word' id='word_1_220' title='bbox 1454 894 1568 926; x_wconf 88' lang='lat' dir='ltr'><strong>utraque</strong></span> <span class='ocrx_word' id='word_1_221' title='bbox 1591 891 1636 919; x_wconf 90' lang='lat' dir='ltr'><strong>illa</strong></span> <span class='ocrx_word' id='word_1_222' title='bbox 1662 897 1716 920; x_wconf 87' lang='lat' dir='ltr'><strong>tam</strong></span> <span class='ocrx_word' id='word_1_223' title='bbox 1735 892 1784 921; x_wconf 81' lang='lat' dir='ltr'><strong>Ju-</strong></span> 
     </span>
    </p>
   </div>
   <div class='ocr_carea' id='block_1_35' title="bbox 137 934 1781 974">
    <p class='ocr_par' dir='ltr' id='par_1_35' title="bbox 137 934 1781 974">
     <span class='ocr_line' id='line_1_39' title="bbox 137 934 1781 974; baseline 0 -8"><span class='ocrx_word' id='word_1_224' title='bbox 137 946 225 974; x_wconf 88' lang='lat' dir='ltr'><strong>aquam</strong></span> <span class='ocrx_word' id='word_1_225' title='bbox 237 938 353 972; x_wconf 78' lang='lat' dir='ltr'><strong>venerit,</strong></span> <span class='ocrx_word' id='word_1_226' title='bbox 369 938 395 965; x_wconf 90' lang='lat' dir='ltr'><strong>in</strong></span> <span class='ocrx_word' id='word_1_227' title='bbox 410 946 443 966; x_wconf 89' lang='lat' dir='ltr'><strong>eo</strong></span> <span class='ocrx_word' id='word_1_228' title='bbox 457 946 556 974; x_wconf 89' lang='lat' dir='ltr'><strong>nempe</strong></span> <span class='ocrx_word' id='word_1_229' title='bbox 572 947 675 974; x_wconf 89' lang='lat' dir='ltr'><strong>ponens</strong></span> <span class='ocrx_word' id='word_1_230' title='bbox 686 939 827 974; x_wconf 74' lang='lat' dir='ltr'><strong>emphasin</strong></span> <span class='ocrx_word' id='word_1_231' title='bbox 844 944 926 974; x_wconf 87' lang='lat' dir='ltr'><strong>atque</strong></span> <span class='ocrx_word' id='word_1_232' title='bbox 941 940 965 970; x_wconf 80' lang='grc' dir='ltr'>Β</span> <span class='ocrx_word' id='word_1_233' title='bbox 980 934 1113 968; x_wconf 59' lang='lat' dir='ltr'><strong>datorum,</strong></span> <span class='ocrx_word' id='word_1_234' title='bbox 1129 943 1211 971; x_wconf 80' lang='lat' dir='ltr'><strong>quant</strong></span> <span class='ocrx_word' id='word_1_235' title='bbox 1236 935 1396 968; x_wconf 88' lang='lat' dir='ltr'><strong>Gentilium,</strong></span> <span class='ocrx_word' id='word_1_236' title='bbox 1416 935 1569 965; x_wconf 84' lang='lat' dir='ltr'><strong>initiatione</strong></span> <span class='ocrx_word' id='word_1_237' title='bbox 1586 937 1781 966; x_wconf 85' lang='lat' dir='ltr'><strong>sacriﬁciorum</strong></span> 
     </span>
    </p>
   </div>
   <div class='ocr_carea' id='block_1_36' title="bbox 138 984 925 1020">
    <p class='ocr_par' dir='ltr' id='par_1_36' title="bbox 138 984 925 1020">
     <span class='ocr_line' id='line_1_40' title="bbox 138 984 925 1020; baseline -0.001 -7"><span class='ocrx_word' id='word_1_238' title='bbox 138 985 277 1020; x_wconf 78' lang='lat' dir='ltr'><strong>argumenti</strong></span> <span class='ocrx_word' id='word_1_239' title='bbox 293 984 362 1018; x_wconf 87' lang='lat' dir='ltr'><strong>vim,</strong></span> <span class='ocrx_word' id='word_1_240' title='bbox 376 985 448 1020; x_wconf 89' lang='lat' dir='ltr'><strong>quod</strong></span> <span class='ocrx_word' id='word_1_241' title='bbox 460 993 513 1012; x_wconf 87' lang='lat' dir='ltr'><strong>non</strong></span> <span class='ocrx_word' id='word_1_242' title='bbox 526 986 551 1012; x_wconf 91' lang='lat' dir='ltr'><strong>in</strong></span> <span class='ocrx_word' id='word_1_243' title='bbox 566 993 634 1020; x_wconf 89' lang='lat' dir='ltr'><strong>aqua</strong></span> <span class='ocrx_word' id='word_1_244' title='bbox 651 986 737 1012; x_wconf 87' lang='lat' dir='ltr'><strong>solum</strong></span> <span class='ocrx_word' id='word_1_245' title='bbox 750 985 865 1018; x_wconf 83' lang='lat' dir='ltr'><strong>venerit,</strong></span> <span class='ocrx_word' id='word_1_246' title='bbox 877 985 925 1012; x_wconf 89' lang='lat' dir='ltr'><strong>sed</strong></span> 
     </span>
    </p>
   </div>
   <div class='ocr_carea' id='block_1_37' title="bbox 137 1029 927 1067">
    <p class='ocr_par' dir='ltr' id='par_1_37' title="bbox 137 1029 927 1067">
     <span class='ocr_line' id='line_1_41' title="bbox 137 1029 927 1067; baseline -0.003 -8"><span class='ocrx_word' id='word_1_247' title='bbox 137 1031 162 1059; x_wconf 86' lang='lat' dir='ltr'><strong>in</strong></span> <span class='ocrx_word' id='word_1_248' title='bbox 187 1039 250 1067; x_wconf 88' lang='lat' dir='ltr'><strong>aqua</strong></span> <span class='ocrx_word' id='word_1_249' title='bbox 265 1035 292 1059; x_wconf 90' lang='lat' dir='ltr'><strong>et</strong></span> <span class='ocrx_word' id='word_1_250' title='bbox 320 1032 470 1066; x_wconf 83' lang='lat' dir='ltr'><strong>sanguine,</strong></span> <span class='ocrx_word' id='word_1_251' title='bbox 488 1032 558 1066; x_wconf 90' lang='lat' dir='ltr'><strong>quod</strong></span> <span class='ocrx_word' id='word_1_252' title='bbox 586 1031 712 1058; x_wconf 87' lang='lat' dir='ltr'><strong>nimirum</strong></span> <span class='ocrx_word' id='word_1_253' title='bbox 734 1032 809 1058; x_wconf 90' lang='lat' dir='ltr'><strong>illum</strong></span> <span class='ocrx_word' id='word_1_254' title='bbox 832 1031 865 1058; x_wconf 91' lang='lat' dir='ltr'><strong>de</strong></span> <span class='ocrx_word' id='word_1_255' title='bbox 880 1029 927 1058; x_wconf 88' lang='lat' dir='ltr'><strong>ad-</strong></span> 
     </span>
    </p>
   </div>
   <div class='ocr_carea' id='block_1_38' title="bbox 137 1077 926 1112">
    <p class='ocr_par' dir='ltr' id='par_1_38' title="bbox 137 1077 926 1112">
     <span class='ocr_line' id='line_1_42' title="bbox 137 1077 926 1112; baseline 0 -8"><span class='ocrx_word' id='word_1_256' title='bbox 137 1082 210 1105; x_wconf 86' lang='lat' dir='ltr'><strong>ventu</strong></span> <span class='ocrx_word' id='word_1_257' title='bbox 231 1077 257 1104; x_wconf 94' lang='lat' dir='ltr'><strong>in</strong></span> <span class='ocrx_word' id='word_1_258' title='bbox 279 1085 348 1112; x_wconf 82' lang='lat' dir='ltr'><strong>aqua</strong></span> <span class='ocrx_word' id='word_1_259' title='bbox 364 1082 524 1112; x_wconf 68' lang='lat' dir='ltr'><strong>prmtcxtum</strong></span> <span class='ocrx_word' id='word_1_260' title='bbox 541 1085 592 1105; x_wconf 85' lang='lat' dir='ltr'><strong>nec</strong></span> <span class='ocrx_word' id='word_1_261' title='bbox 608 1078 805 1112; x_wconf 85' lang='lat' dir='ltr'><strong>pseudochristi</strong></span> <span class='ocrx_word' id='word_1_262' title='bbox 818 1077 926 1112; x_wconf 91' lang='lat' dir='ltr'><strong>quidem</strong></span> 
     </span>
    </p>
   </div>
   <div class='ocr_carea' id='block_1_39' title="bbox 137 1123 927 1159">
    <p class='ocr_par' dir='ltr' id='par_1_39' title="bbox 137 1123 927 1159">
     <span class='ocr_line' id='line_1_43' title="bbox 137 1123 927 1159; baseline 0 -9"><span class='ocrx_word' id='word_1_263' title='bbox 137 1123 300 1158; x_wconf 69' lang='lat' dir='ltr'><strong>abiecissent,</strong></span> <span class='ocrx_word' id='word_1_264' title='bbox 316 1124 476 1159; x_wconf 82' lang='lat' dir='ltr'><strong>sanguinem</strong></span> <span class='ocrx_word' id='word_1_265' title='bbox 499 1124 640 1151; x_wconf 82' lang='lat' dir='ltr'><strong>dumtaxat</strong></span> <span class='ocrx_word' id='word_1_266' title='bbox 656 1124 726 1151; x_wconf 87' lang='lat' dir='ltr'><strong>inter</strong></span> <span class='ocrx_word' id='word_1_267' title='bbox 741 1123 873 1150; x_wconf 68' lang='lat' dir='ltr'><strong>adventus</strong></span> <span class='ocrx_word' id='word_1_268' title='bbox 886 1123 927 1151; x_wconf 90' lang='lat' dir='ltr'><strong>sui</strong></span> 
     </span>
    </p>
   </div>
   <div class='ocr_carea' id='block_1_40' title="bbox 137 1169 928 1205">
    <p class='ocr_par' dir='ltr' id='par_1_40' title="bbox 137 1169 928 1205">
     <span class='ocr_line' id='line_1_44' title="bbox 137 1169 928 1205; baseline -0.003 -8"><span class='ocrx_word' id='word_1_269' title='bbox 137 1170 204 1205; x_wconf 86' lang='lat' dir='ltr'><strong>signa</strong></span> <span class='ocrx_word' id='word_1_270' title='bbox 219 1177 271 1197; x_wconf 91' lang='lat' dir='ltr'><strong>non</strong></span> <span class='ocrx_word' id='word_1_271' title='bbox 287 1169 477 1197; x_wconf 88' lang='lat' dir='ltr'><strong>adhibuissent</strong></span> <span class='ocrx_word' id='word_1_272' title='bbox 490 1170 561 1204; x_wconf 87' lang='lat' dir='ltr'><strong>(cum</strong></span> <span class='ocrx_word' id='word_1_273' title='bbox 577 1177 627 1197; x_wconf 91' lang='lat' dir='ltr'><strong>nec</strong></span> <span class='ocrx_word' id='word_1_274' title='bbox 641 1170 691 1204; x_wconf 88' lang='lat' dir='ltr'><strong>ipsi</strong></span> <span class='ocrx_word' id='word_1_275' title='bbox 714 1169 866 1196; x_wconf 71' lang='lat' dir='ltr'><strong>antichristi</strong></span> <span class='ocrx_word' id='word_1_276' title='bbox 878 1176 928 1204; x_wconf 88' lang='lat' dir='ltr'><strong>pa-</strong></span> 
     </span>
    </p>
   </div>
   <div class='ocr_carea' id='block_1_41' title="bbox 137 1215 928 1251">
    <p class='ocr_par' dir='ltr' id='par_1_41' title="bbox 137 1215 928 1251">
     <span class='ocr_line' id='line_1_45' title="bbox 137 1215 928 1251; baseline -0.001 -8"><span class='ocrx_word' id='word_1_277' title='bbox 137 1216 224 1250; x_wconf 87' lang='lat' dir='ltr'><strong>tiendi,</strong></span> <span class='ocrx_word' id='word_1_278' title='bbox 240 1223 287 1244; x_wconf 85' lang='lat' dir='ltr'><strong>seu</strong></span> <span class='ocrx_word' id='word_1_279' title='bbox 313 1216 480 1251; x_wconf 82' lang='lat' dir='ltr'><strong>exemplum,</strong></span> <span class='ocrx_word' id='word_1_280' title='bbox 497 1223 544 1244; x_wconf 88' lang='lat' dir='ltr'><strong>seu</strong></span> <span class='ocrx_word' id='word_1_281' title='bbox 560 1216 641 1243; x_wconf 86' lang='lat' dir='ltr'><strong>etiam</strong></span> <span class='ocrx_word' id='word_1_282' title='bbox 663 1216 872 1249; x_wconf 84' lang='lat' dir='ltr'><strong>institutionem,</strong></span> <span class='ocrx_word' id='word_1_283' title='bbox 884 1215 928 1243; x_wconf 93' lang='lat' dir='ltr'><strong>di-</strong></span> 
     </span>
    </p>
   </div>
   <div class='ocr_carea' id='block_1_42' title="bbox 136 1262 929 1298">
    <p class='ocr_par' dir='ltr' id='par_1_42' title="bbox 136 1262 929 1298">
     <span class='ocr_line' id='line_1_46' title="bbox 136 1262 929 1298; baseline 0 -8"><span class='ocrx_word' id='word_1_284' title='bbox 136 1262 239 1298; x_wconf 85' lang='lat' dir='ltr'><strong>scipulis</strong></span> <span class='ocrx_word' id='word_1_285' title='bbox 253 1262 490 1298; x_wconf 87' lang='lat' dir='ltr'><strong>edidissent),qua</strong></span> <span class='ocrx_word' id='word_1_286' title='bbox 507 1263 565 1297; x_wconf 88' lang='lat' dir='ltr'><strong>ipsa</strong></span> <span class='ocrx_word' id='word_1_287' title='bbox 589 1262 693 1289; x_wconf 89' lang='lat' dir='ltr'><strong>ratione</strong></span> <span class='ocrx_word' id='word_1_288' title='bbox 719 1263 779 1289; x_wconf 85' lang='lat' dir='ltr'><strong>illos</strong></span> <span class='ocrx_word' id='word_1_289' title='bbox 805 1262 929 1297; x_wconf 87' lang='lat' dir='ltr'><strong>probata</strong></span> 
     </span>
    </p>
   </div>
   <div class='ocr_carea' id='block_1_43' title="bbox 136 1308 930 1344">
    <p class='ocr_par' dir='ltr' id='par_1_43' title="bbox 136 1308 930 1344">
     <span class='ocr_line' id='line_1_47' title="bbox 136 1308 930 1344; baseline 0.001 -7"><span class='ocrx_word' id='word_1_290' title='bbox 136 1308 227 1337; x_wconf 86' lang='lat' dir='ltr'><strong>Christi</strong></span> <span class='ocrx_word' id='word_1_291' title='bbox 240 1316 299 1337; x_wconf 80' lang='lat' dir='ltr'><strong>esse</strong></span> <span class='ocrx_word' id='word_1_292' title='bbox 325 1310 437 1337; x_wconf 93' lang='lat' dir='ltr'><strong>nomine</strong></span> <span class='ocrx_word' id='word_1_293' title='bbox 452 1309 645 1342; x_wconf 80' lang='lat' dir='ltr'><strong>excludendos,</strong></span> <span class='ocrx_word' id='word_1_294' title='bbox 671 1310 715 1344; x_wconf 93' lang='lat' dir='ltr'><strong>qui</strong></span> <span class='ocrx_word' id='word_1_295' title='bbox 733 1314 877 1344; x_wconf 87' lang='lat' dir='ltr'><strong>utrumque</strong></span> <span class='ocrx_word' id='word_1_296' title='bbox 892 1309 930 1338; x_wconf 86' lang='lat' dir='ltr'><strong>si-</strong></span> 
     </span>
    </p>
   </div>
   <div class='ocr_carea' id='block_1_44' title="bbox 137 1355 508 1390">
    <p class='ocr_par' dir='ltr' id='par_1_44' title="bbox 137 1355 508 1390">
     <span class='ocr_line' id='line_1_48' title="bbox 137 1355 508 1390; baseline 0 -7"><span class='ocrx_word' id='word_1_297' title='bbox 137 1362 211 1390; x_wconf 86' lang='lat' dir='ltr'><strong>gnum</strong></span> <span class='ocrx_word' id='word_1_298' title='bbox 225 1355 356 1383; x_wconf 88' lang='lat' dir='ltr'><strong>adhibere</strong></span> <span class='ocrx_word' id='word_1_299' title='bbox 371 1355 508 1383; x_wconf 85' lang='lat' dir='ltr'><strong>debuerit.</strong></span> 
     </span>
    </p>
   </div>
   <div class='ocr_carea' id='block_1_45' title="bbox 167 1402 929 1438">
    <p class='ocr_par' dir='ltr' id='par_1_45' title="bbox 167 1402 929 1438">
     <span class='ocr_line' id='line_1_49' title="bbox 167 1402 929 1438; baseline -0.001 -8"><span class='ocrx_word' id='word_1_300' title='bbox 167 1402 266 1438; x_wconf 82' lang='lat' dir='ltr'><strong>§l6.—</strong></span> <span class='ocrx_word' id='word_1_301' title='bbox 273 1402 329 1431; x_wconf 82' lang='lat' dir='ltr'><strong>Nec</strong></span> <span class='ocrx_word' id='word_1_302' title='bbox 335 1402 389 1430; x_wconf 90' lang='lat' dir='ltr'><strong>alio</strong></span> <span class='ocrx_word' id='word_1_303' title='bbox 397 1402 569 1430; x_wconf 81' lang='lat' dir='ltr'><strong>referendum</strong></span> <span class='ocrx_word' id='word_1_304' title='bbox 577 1402 704 1429; x_wconf 77' lang='lat' dir='ltr'><strong>existimo</strong></span> <span class='ocrx_word' id='word_1_305' title='bbox 713 1402 795 1437; x_wconf 91' lang='lat' dir='ltr'><strong>qttod,</strong></span> <span class='ocrx_word' id='word_1_306' title='bbox 804 1403 830 1430; x_wconf 91' lang='lat' dir='ltr'><strong>in</strong></span> <span class='ocrx_word' id='word_1_307' title='bbox 839 1402 929 1430; x_wconf 87' lang='lat' dir='ltr'><strong>Evan-</strong></span> 
     </span>
    </p>
   </div>
   <div class='ocr_carea' id='block_1_46' title="bbox 135 1448 930 1484">
    <p class='ocr_par' dir='ltr' id='par_1_46' title="bbox 135 1448 930 1484">
     <span class='ocr_line' id='line_1_50' title="bbox 135 1448 930 1484; baseline 0 -8"><span class='ocrx_word' id='word_1_308' title='bbox 135 1448 209 1483; x_wconf 81' lang='lat' dir='ltr'><strong>gelia,</strong></span> <span class='ocrx_word' id='word_1_309' title='bbox 219 1448 324 1484; x_wconf 84' lang='lat' dir='ltr'><strong>signum</strong></span> <span class='ocrx_word' id='word_1_310' title='bbox 340 1448 406 1476; x_wconf 87' lang='lat' dir='ltr'><strong>illud</strong></span> <span class='ocrx_word' id='word_1_311' title='bbox 420 1448 455 1476; x_wconf 88' lang='lat' dir='ltr'><strong>de</strong></span> <span class='ocrx_word' id='word_1_312' title='bbox 470 1456 540 1483; x_wconf 88' lang='lat' dir='ltr'><strong>aqua</strong></span> <span class='ocrx_word' id='word_1_313' title='bbox 555 1453 582 1475; x_wconf 92' lang='lat' dir='ltr'><strong>et</strong></span> <span class='ocrx_word' id='word_1_314' title='bbox 593 1449 723 1483; x_wconf 80' lang='lat' dir='ltr'><strong>sanguine</strong></span> <span class='ocrx_word' id='word_1_315' title='bbox 738 1457 753 1475; x_wconf 69' lang='grc' dir='ltr'>θ</span> <span class='ocrx_word' id='word_1_316' title='bbox 768 1449 861 1476; x_wconf 86' lang='lat' dir='ltr'><strong>lateris</strong></span> <span class='ocrx_word' id='word_1_317' title='bbox 872 1449 930 1477; x_wconf 83' lang='lat' dir='ltr'><strong>vul-</strong></span> 
     </span>
    </p>
   </div>
   <div class='ocr_carea' id='block_1_47' title="bbox 137 1494 928 1529">
    <p class='ocr_par' dir='ltr' id='par_1_47' title="bbox 137 1494 928 1529">
     <span class='ocr_line' id='line_1_51' title="bbox 137 1494 928 1529; baseline 0 -8"><span class='ocrx_word' id='word_1_318' title='bbox 137 1501 195 1522; x_wconf 84' lang='lat' dir='ltr'><strong>nere</strong></span> <span class='ocrx_word' id='word_1_319' title='bbox 213 1494 240 1521; x_wconf 91' lang='lat' dir='ltr'><strong>in</strong></span> <span class='ocrx_word' id='word_1_320' title='bbox 259 1502 343 1522; x_wconf 88' lang='lat' dir='ltr'><strong>cruce</strong></span> <span class='ocrx_word' id='word_1_321' title='bbox 358 1494 531 1522; x_wconf 83' lang='lat' dir='ltr'><strong>manantibus</strong></span> <span class='ocrx_word' id='word_1_322' title='bbox 557 1499 699 1529; x_wconf 88' lang='lat' dir='ltr'><strong>tantopere</strong></span> <span class='ocrx_word' id='word_1_323' title='bbox 714 1494 928 1522; x_wconf 89' lang='lat' dir='ltr'><strong>conﬁrmandum</strong></span> 
     </span>
    </p>
   </div>
   <div class='ocr_carea' id='block_1_48' title="bbox 137 1540 929 1578">
    <p class='ocr_par' dir='ltr' id='par_1_48' title="bbox 137 1540 929 1578">
     <span class='ocr_line' id='line_1_52' title="bbox 137 1540 929 1578; baseline 0 -11"><span class='ocrx_word' id='word_1_324' title='bbox 137 1540 273 1568; x_wconf 82' lang='lat' dir='ltr'><strong>crediderit</strong></span> <span class='ocrx_word' id='word_1_325' title='bbox 289 1540 446 1575; x_wconf 77' lang='lat' dir='ltr'><strong>Apostolus,</strong></span> <span class='ocrx_word' id='word_1_326' title='bbox 464 1541 541 1577; x_wconf 86' lang='lat' dir='ltr'><strong>quasi</strong></span> <span class='ocrx_word' id='word_1_327' title='bbox 565 1540 598 1578; x_wconf 81' lang='lat' dir='ltr'><strong>de</strong></span> <span class='ocrx_word' id='word_1_328' title='bbox 622 1549 655 1569; x_wconf 91' lang='lat' dir='ltr'><strong>eo</strong></span> <span class='ocrx_word' id='word_1_329' title='bbox 679 1541 774 1568; x_wconf 85' lang='lat' dir='ltr'><strong>fuisset</strong></span> <span class='ocrx_word' id='word_1_330' title='bbox 796 1541 929 1568; x_wconf 80' lang='lat' dir='ltr'><strong>maximo-</strong></span> 
     </span>
    </p>
   </div>
   <div class='ocr_carea' id='block_1_49' title="bbox 135 1585 931 1622">
    <p class='ocr_par' dir='ltr' id='par_1_49' title="bbox 135 1585 931 1622">
     <span class='ocr_line' id='line_1_53' title="bbox 135 1585 931 1622; baseline 0 -8"><span class='ocrx_word' id='word_1_331' title='bbox 135 1593 193 1621; x_wconf 86' lang='lat' dir='ltr'><strong>pere</strong></span> <span class='ocrx_word' id='word_1_332' title='bbox 220 1585 381 1614; x_wconf 84' lang='lat' dir='ltr'><strong>dubitatum.</strong></span> <span class='ocrx_word' id='word_1_333' title='bbox 413 1586 446 1613; x_wconf 83' lang='lat' dir='ltr'><strong>Et</strong></span> <span class='ocrx_word' id='word_1_334' title='bbox 477 1588 520 1622; x_wconf 83' lang='lat' dir='ltr'><strong>qui</strong></span> <span class='ocrx_word' id='word_1_335' title='bbox 552 1587 637 1619; x_wconf 81' lang='lat' dir='ltr'><strong>uidit,</strong></span> <span class='ocrx_word' id='word_1_336' title='bbox 668 1587 776 1621; x_wconf 86' lang='lat' dir='ltr'><strong>inquit,</strong></span> <span class='ocrx_word' id='word_1_337' title='bbox 809 1587 931 1614; x_wconf 83' lang='lat' dir='ltr'><strong>testiino-</strong></span> 
     </span>
    </p>
   </div>
   <div class='ocr_carea' id='block_1_50' title="bbox 978 980 1783 1017">
    <p class='ocr_par' dir='ltr' id='par_1_50' title="bbox 978 980 1783 1017">
     <span class='ocr_line' id='line_1_54' title="bbox 978 980 1783 1017; baseline 0.007 -10"><span class='ocrx_word' id='word_1_338' title='bbox 978 987 1056 1008; x_wconf 85' lang='lat' dir='ltr'><strong>usum</strong></span> <span class='ocrx_word' id='word_1_339' title='bbox 1063 980 1251 1010; x_wconf 83' lang='lat' dir='ltr'><strong>intercessisse</strong></span> <span class='ocrx_word' id='word_1_340' title='bbox 1264 989 1344 1009; x_wconf 90' lang='lat' dir='ltr'><strong>nemo</strong></span> <span class='ocrx_word' id='word_1_341' title='bbox 1351 986 1392 1010; x_wconf 86' lang='lat' dir='ltr'><strong>est</strong></span> <span class='ocrx_word' id='word_1_342' title='bbox 1402 982 1466 1017; x_wconf 90' lang='lat' dir='ltr'><strong>quin</strong></span> <span class='ocrx_word' id='word_1_343' title='bbox 1478 981 1783 1014; x_wconf 80' lang='lat' dir='ltr'><strong>facile;concedat.Nota</strong></span> 
     </span>
    </p>
   </div>
   <div class='ocr_carea' id='block_1_51' title="bbox 978 1026 1783 1062">
    <p class='ocr_par' dir='ltr' id='par_1_51' title="bbox 978 1026 1783 1062">
     <span class='ocr_line' id='line_1_55' title="bbox 978 1026 1783 1062; baseline 0.009 -9"><span class='ocrx_word' id='word_1_344' title='bbox 978 1031 1020 1054; x_wconf 87' lang='lat' dir='ltr'><strong>est</strong></span> <span class='ocrx_word' id='word_1_345' title='bbox 1035 1026 1106 1062; x_wconf 90' lang='lat' dir='ltr'><strong>apud</strong></span> <span class='ocrx_word' id='word_1_346' title='bbox 1125 1026 1235 1055; x_wconf 70' lang='lat' dir='ltr'><strong>.lndaaos</strong></span> <span class='ocrx_word' id='word_1_347' title='bbox 1253 1028 1335 1056; x_wconf 84' lang='lat' dir='ltr'><strong>etiam</strong></span> <span class='ocrx_word' id='word_1_348' title='bbox 1363 1029 1538 1058; x_wconf 83' lang='lat' dir='ltr'><strong>rabbinorum</strong></span> <span class='ocrx_word' id='word_1_349' title='bbox 1562 1030 1612 1058; x_wconf 71' lang='lat' dir='ltr'><strong>illa‘</strong></span> <span class='ocrx_word' id='word_1_350' title='bbox 1627 1031 1783 1061; x_wconf 74' lang='lat' dir='ltr'><strong>observatio</strong></span> 
     </span>
    </p>
   </div>
   <div class='ocr_carea' id='block_1_52' title="bbox 979 1072 1782 1113">
    <p class='ocr_par' dir='ltr' id='par_1_52' title="bbox 979 1072 1782 1113">
     <span class='ocr_line' id='line_1_56' title="bbox 979 1072 1782 1113; baseline 0.009 -14"><span class='ocrx_word' id='word_1_351' title='bbox 979 1079 1033 1107; x_wconf 88' lang='lat' dir='ltr'><strong>qua</strong></span> <span class='ocrx_word' id='word_1_352' title='bbox 1062 1072 1113 1100; x_wconf 85' lang='lat' dir='ltr'><strong>tria</strong></span> <span class='ocrx_word' id='word_1_353' title='bbox 1136 1072 1229 1101; x_wconf 88' lang='lat' dir='ltr'><strong>dicunt</strong></span> <span class='ocrx_word' id='word_1_354' title='bbox 1257 1074 1284 1101; x_wconf 93' lang='lat' dir='ltr'><strong>in</strong></span> <span class='ocrx_word' id='word_1_355' title='bbox 1303 1074 1496 1111; x_wconf 85' lang='lat' dir='ltr'><strong>proselytismo</strong></span> <span class='ocrx_word' id='word_1_356' title='bbox 1522 1083 1584 1105; x_wconf 89' lang='lat' dir='ltr'><strong>esse</strong></span> <span class='ocrx_word' id='word_1_357' title='bbox 1597 1077 1782 1113; x_wconf 85' lang='lat' dir='ltr'><strong>observanda,</strong></span> 
     </span>
    </p>
   </div>
   <div class='ocr_carea' id='block_1_53' title="bbox 979 1118 1785 1159">
    <p class='ocr_par' dir='ltr' id='par_1_53' title="bbox 979 1118 1785 1159">
     <span class='ocr_line' id='line_1_57' title="bbox 979 1118 1785 1159; baseline 0.01 -14"><span class='ocrx_word' id='word_1_358' title='bbox 979 1118 1234 1153; x_wconf 86' lang='lat' dir='ltr'><strong>eircumcisionem,</strong></span> <span class='ocrx_word' id='word_1_359' title='bbox 1272 1121 1434 1149; x_wconf 84' lang='lat' dir='ltr'><strong>sacriﬁcium</strong></span> <span class='ocrx_word' id='word_1_360' title='bbox 1458 1126 1539 1158; x_wconf 82' lang='lat' dir='ltr'><strong>atque</strong></span> <span class='ocrx_word' id='word_1_361' title='bbox 1562 1123 1737 1159; x_wconf 86' lang='lat' dir='ltr'><strong>baptismum.</strong></span> <span class='ocrx_word' id='word_1_362' title='bbox 1751 1125 1785 1153; x_wconf 84' lang='lat' dir='ltr'><strong>Et</strong></span> 
     </span>
    </p>
   </div>
   <div class='ocr_carea' id='block_1_54' title="bbox 981 1166 1783 1203">
    <p class='ocr_par' dir='ltr' id='par_1_54' title="bbox 981 1166 1783 1203">
     <span class='ocr_line' id='line_1_58' title="bbox 981 1166 1783 1203; baseline 0.009 -10"><span class='ocrx_word' id='word_1_363' title='bbox 981 1173 1046 1194; x_wconf 88' lang='lat' dir='ltr'><strong>vero</strong></span> <span class='ocrx_word' id='word_1_364' title='bbox 1059 1166 1185 1194; x_wconf 87' lang='lat' dir='ltr'><strong>sacriﬁcii</strong></span> <span class='ocrx_word' id='word_1_365' title='bbox 1200 1167 1288 1195; x_wconf 87' lang='lat' dir='ltr'><strong>vicem</strong></span> <span class='ocrx_word' id='word_1_366' title='bbox 1303 1168 1476 1203; x_wconf 84' lang='lat' dir='ltr'><strong>sustinuisse,</strong></span> <span class='ocrx_word' id='word_1_367' title='bbox 1492 1177 1526 1197; x_wconf 83' lang='lat' dir='ltr'><strong>ex</strong></span> <span class='ocrx_word' id='word_1_368' title='bbox 1536 1174 1658 1198; x_wconf 85' lang='lat' dir='ltr'><strong>veterum</strong></span> <span class='ocrx_word' id='word_1_369' title='bbox 1672 1175 1783 1200; x_wconf 88' lang='lat' dir='ltr'><strong>senten-</strong></span> 
     </span>
    </p>
   </div>
   <div class='ocr_carea' id='block_1_55' title="bbox 982 1212 1786 1252">
    <p class='ocr_par' dir='ltr' id='par_1_55' title="bbox 982 1212 1786 1252">
     <span class='ocr_line' id='line_1_59' title="bbox 982 1212 1786 1252; baseline 0.009 -13"><span class='ocrx_word' id='word_1_370' title='bbox 982 1212 1029 1243; x_wconf 84' lang='lat' dir='ltr'><strong>tia.</strong></span> <span class='ocrx_word' id='word_1_371' title='bbox 1044 1213 1204 1249; x_wconf 82' lang='lat' dir='ltr'><strong>martyrium</strong></span> <span class='ocrx_word' id='word_1_372' title='bbox 1217 1214 1273 1249; x_wconf 88' lang='lat' dir='ltr'><strong>jam</strong></span> <span class='ocrx_word' id='word_1_373' title='bbox 1289 1214 1473 1249; x_wconf 87' lang='lat' dir='ltr'><strong>probavimus.</strong></span> <span class='ocrx_word' id='word_1_374' title='bbox 1488 1216 1575 1244; x_wconf 83' lang='lat' dir='ltr'><strong>Porro</strong></span> <span class='ocrx_word' id='word_1_375' title='bbox 1592 1221 1692 1252; x_wconf 61' lang='lat' dir='ltr'><strong>praeter</strong></span> <span class='ocrx_word' id='word_1_376' title='bbox 1701 1218 1786 1246; x_wconf 86' lang='lat' dir='ltr'><strong>sacri-</strong></span> 
     </span>
    </p>
   </div>
   <div class='ocr_carea' id='block_1_56' title="bbox 982 1259 1785 1297">
    <p class='ocr_par' dir='ltr' id='par_1_56' title="bbox 982 1259 1785 1297">
     <span class='ocr_line' id='line_1_60' title="bbox 982 1259 1785 1297; baseline 0.009 -11"><span class='ocrx_word' id='word_1_377' title='bbox 982 1259 1104 1287; x_wconf 89' lang='lat' dir='ltr'><strong>liciorum</strong></span> <span class='ocrx_word' id='word_1_378' title='bbox 1112 1260 1284 1296; x_wconf 86' lang='lat' dir='ltr'><strong>sanguinem,</strong></span> <span class='ocrx_word' id='word_1_379' title='bbox 1293 1268 1328 1289; x_wconf 88' lang='lat' dir='ltr'><strong>ne</strong></span> <span class='ocrx_word' id='word_1_380' title='bbox 1337 1261 1364 1289; x_wconf 92' lang='lat' dir='ltr'><strong>id</strong></span> <span class='ocrx_word' id='word_1_381' title='bbox 1371 1262 1479 1297; x_wconf 88' lang='lat' dir='ltr'><strong>quidem</strong></span> <span class='ocrx_word' id='word_1_382' title='bbox 1487 1267 1545 1290; x_wconf 75' lang='lat' dir='ltr'><strong>erat</strong></span> <span class='ocrx_word' id='word_1_383' title='bbox 1555 1270 1570 1290; x_wconf 92' lang='lat' dir='ltr'><strong>a</strong></span> <span class='ocrx_word' id='word_1_384' title='bbox 1583 1264 1720 1292; x_wconf 90' lang='lat' dir='ltr'><strong>communi</strong></span> <span class='ocrx_word' id='word_1_385' title='bbox 1733 1265 1785 1293; x_wconf 88' lang='lat' dir='ltr'><strong>ini-</strong></span> 
     </span>
    </p>
   </div>
   <div class='ocr_carea' id='block_1_57' title="bbox 982 1305 1785 1345">
    <p class='ocr_par' dir='ltr' id='par_1_57' title="bbox 982 1305 1785 1345">
     <span class='ocr_line' id='line_1_61' title="bbox 982 1305 1785 1345; baseline 0.009 -13"><span class='ocrx_word' id='word_1_386' title='bbox 982 1305 1122 1333; x_wconf 91' lang='lat' dir='ltr'><strong>tiationum</strong></span> <span class='ocrx_word' id='word_1_387' title='bbox 1136 1314 1187 1334; x_wconf 87' lang='lat' dir='ltr'><strong>usu</strong></span> <span class='ocrx_word' id='word_1_388' title='bbox 1199 1307 1317 1335; x_wconf 89' lang='lat' dir='ltr'><strong>alienum</strong></span> <span class='ocrx_word' id='word_1_389' title='bbox 1329 1312 1359 1336; x_wconf 89' lang='lat' dir='ltr'><strong>ut</strong></span> <span class='ocrx_word' id='word_1_390' title='bbox 1368 1315 1447 1336; x_wconf 90' lang='lat' dir='ltr'><strong>suum</strong></span> <span class='ocrx_word' id='word_1_391' title='bbox 1460 1316 1568 1345; x_wconf 90' lang='lat' dir='ltr'><strong>quoque</strong></span> <span class='ocrx_word' id='word_1_392' title='bbox 1579 1310 1738 1345; x_wconf 86' lang='lat' dir='ltr'><strong>sanguinem</strong></span> <span class='ocrx_word' id='word_1_393' title='bbox 1749 1311 1785 1339; x_wconf 88' lang='lat' dir='ltr'><strong>ad</strong></span> 
     </span>
    </p>
   </div>
   <div class='ocr_carea' id='block_1_58' title="bbox 982 1352 1785 1389">
    <p class='ocr_par' dir='ltr' id='par_1_58' title="bbox 982 1352 1785 1389">
     <span class='ocr_line' id='line_1_62' title="bbox 982 1352 1785 1389; baseline 0.006 -9"><span class='ocrx_word' id='word_1_394' title='bbox 982 1352 1023 1380; x_wconf 90' lang='lat' dir='ltr'><strong>sui</strong></span> <span class='ocrx_word' id='word_1_395' title='bbox 1037 1353 1221 1389; x_wconf 80' lang='lat' dir='ltr'><strong>expiationem</strong></span> <span class='ocrx_word' id='word_1_396' title='bbox 1235 1354 1406 1383; x_wconf 83' lang='lat' dir='ltr'><strong>adhiberent.</strong></span> <span class='ocrx_word' id='word_1_397' title='bbox 1429 1354 1538 1384; x_wconf 89' lang='lat' dir='ltr'><strong>Clarum</strong></span> <span class='ocrx_word' id='word_1_398' title='bbox 1553 1356 1620 1385; x_wconf 90' lang='lat' dir='ltr'><strong>illud</strong></span> <span class='ocrx_word' id='word_1_399' title='bbox 1640 1362 1682 1386; x_wconf 91' lang='lat' dir='ltr'><strong>est</strong></span> <span class='ocrx_word' id='word_1_400' title='bbox 1694 1358 1721 1385; x_wconf 91' lang='lat' dir='ltr'><strong>in</strong></span> <span class='ocrx_word' id='word_1_401' title='bbox 1732 1358 1785 1386; x_wconf 88' lang='lat' dir='ltr'><strong>cir-</strong></span> 
     </span>
    </p>
   </div>
   <div class='ocr_carea' id='block_1_59' title="bbox 982 1399 1785 1438">
    <p class='ocr_par' dir='ltr' id='par_1_59' title="bbox 982 1399 1785 1438">
     <span class='ocr_line' id='line_1_63' title="bbox 982 1399 1785 1438; baseline 0.009 -12"><span class='ocrx_word' id='word_1_402' title='bbox 982 1399 1150 1428; x_wconf 87' lang='lat' dir='ltr'><strong>cumcisione</strong></span> <span class='ocrx_word' id='word_1_403' title='bbox 1169 1400 1241 1436; x_wconf 87' lang='lat' dir='ltr'><strong>apud</strong></span> <span class='ocrx_word' id='word_1_404' title='bbox 1258 1400 1374 1429; x_wconf 17' lang='lat' dir='ltr'><strong>Judteos‘</strong></span> <span class='ocrx_word' id='word_1_405' title='bbox 1391 1402 1557 1438; x_wconf 83' lang='lat' dir='ltr'><strong>exemplum.</strong></span> <span class='ocrx_word' id='word_1_406' title='bbox 1575 1403 1628 1432; x_wconf 89' lang='lat' dir='ltr'><strong>Sed</strong></span> <span class='ocrx_word' id='word_1_407' title='bbox 1643 1408 1671 1432; x_wconf 89' lang='lat' dir='ltr'><strong>et</strong></span> <span class='ocrx_word' id='word_1_408' title='bbox 1685 1404 1711 1432; x_wconf 94' lang='lat' dir='ltr'><strong>in</strong></span> <span class='ocrx_word' id='word_1_409' title='bbox 1725 1404 1785 1432; x_wconf 84' lang='lat' dir='ltr'><strong>Bel-</strong></span> 
     </span>
    </p>
   </div>
   <div class='ocr_carea' id='block_1_60' title="bbox 982 1445 1783 1484">
    <p class='ocr_par' dir='ltr' id='par_1_60' title="bbox 982 1445 1783 1484">
     <span class='ocr_line' id='line_1_64' title="bbox 982 1445 1783 1484; baseline 0.007 -11"><span class='ocrx_word' id='word_1_410' title='bbox 982 1445 1052 1474; x_wconf 74' lang='lat' dir='ltr'><strong>lona:</strong></span> <span class='ocrx_word' id='word_1_411' title='bbox 1077 1446 1164 1475; x_wconf 90' lang='lat' dir='ltr'><strong>initiis</strong></span> <span class='ocrx_word' id='word_1_412' title='bbox 1186 1449 1345 1484; x_wconf 82' lang='lat' dir='ltr'><strong>sanguinem</strong></span> <span class='ocrx_word' id='word_1_413' title='bbox 1368 1450 1499 1477; x_wconf 84' lang='lat' dir='ltr'><strong>emissum</strong></span> <span class='ocrx_word' id='word_1_414' title='bbox 1519 1457 1580 1478; x_wconf 85' lang='lat' dir='ltr'><strong>esse</strong></span> <span class='ocrx_word' id='word_1_415' title='bbox 1600 1450 1731 1479; x_wconf 84' lang='lat' dir='ltr'><strong>discimus</strong></span> <span class='ocrx_word' id='word_1_416' title='bbox 1750 1458 1783 1479; x_wconf 79' lang='lat' dir='ltr'><strong>ex</strong></span> 
     </span>
    </p>
   </div>
   <div class='ocr_carea' id='block_1_61' title="bbox 982 1491 1784 1532">
    <p class='ocr_par' dir='ltr' id='par_1_61' title="bbox 982 1491 1784 1532">
     <span class='ocr_line' id='line_1_65' title="bbox 982 1491 1784 1532; baseline 0.009 -14"><span class='ocrx_word' id='word_1_417' title='bbox 982 1491 1150 1520; x_wconf 87' lang='lat' dir='ltr'><strong>Tertulliano</strong></span> <span class='ocrx_word' id='word_1_418' title='bbox 1174 1493 1333 1530; x_wconf 78' lang='lat' dir='ltr'><strong>(Apologet..</strong></span> <span class='ocrx_word' id='word_1_419' title='bbox 1356 1502 1382 1522; x_wconf 91' lang='lat' dir='ltr'><strong>c.</strong></span> <span class='ocrx_word' id='word_1_420' title='bbox 1399 1493 1439 1532; x_wconf 60' lang='lat'><strong>8)’</strong></span> <span class='ocrx_word' id='word_1_421' title='bbox 1457 1504 1464 1522; x_wconf 88' lang='lat'><strong>:</strong></span> <span class='ocrx_word' id='word_1_422' title='bbox 1486 1495 1584 1530; x_wconf 84' lang='lat' dir='ltr'><strong>Hodie,</strong></span> <span class='ocrx_word' id='word_1_423' title='bbox 1610 1497 1707 1532; x_wconf 88' lang='lat' dir='ltr'><strong>inquit,</strong></span> <span class='ocrx_word' id='word_1_424' title='bbox 1722 1497 1784 1526; x_wconf 90' lang='lat' dir='ltr'><strong>istic</strong></span> 
     </span>
    </p>
   </div>
   <div class='ocr_carea' id='block_1_62' title="bbox 982 1538 1782 1579">
    <p class='ocr_par' dir='ltr' id='par_1_62' title="bbox 982 1538 1782 1579">
     <span class='ocr_line' id='line_1_66' title="bbox 982 1538 1782 1579; baseline 0.009 -13"><span class='ocrx_word' id='word_1_425' title='bbox 982 1538 1101 1567; x_wconf 80' lang='lat' dir='ltr'><strong>Bellonte</strong></span> <span class='ocrx_word' id='word_1_426' title='bbox 1125 1545 1248 1568; x_wconf 89' lang='lat' dir='ltr'><strong>sacratus</strong></span> <span class='ocrx_word' id='word_1_427' title='bbox 1275 1541 1384 1577; x_wconf 84' lang='lat' dir='ltr'><strong>sanguis</strong></span> <span class='ocrx_word' id='word_1_428' title='bbox 1411 1541 1446 1570; x_wconf 87' lang='lat' dir='ltr'><strong>de</strong></span> <span class='ocrx_word' id='word_1_429' title='bbox 1469 1542 1572 1571; x_wconf 82' lang='lat' dir='ltr'><strong>femore</strong></span> <span class='ocrx_word' id='word_1_430' title='bbox 1597 1544 1733 1579; x_wconf 89' lang='lat' dir='ltr'><strong>proscisso</strong></span> <span class='ocrx_word' id='word_1_431' title='bbox 1754 1546 1782 1573; x_wconf 92' lang='lat' dir='ltr'><strong>in</strong></span> 
     </span>
    </p>
   </div>
   <div class='ocr_carea' id='block_1_63' title="bbox 982 1586 1783 1626">
    <p class='ocr_par' dir='ltr' id='par_1_63' title="bbox 982 1586 1783 1626">
     <span class='ocr_line' id='line_1_67' title="bbox 982 1586 1783 1626; baseline 0.01 -14"><span class='ocrx_word' id='word_1_432' title='bbox 982 1586 1129 1620; x_wconf 84' lang='lat' dir='ltr'><strong>palmulam</strong></span> <span class='ocrx_word' id='word_1_433' title='bbox 1144 1591 1276 1622; x_wconf 79' lang='lat' dir='ltr'><strong>exceptus</strong></span> <span class='ocrx_word' id='word_1_434' title='bbox 1290 1587 1345 1615; x_wconf 87' lang='lat' dir='ltr'><strong>suis</strong></span> <span class='ocrx_word' id='word_1_435' title='bbox 1360 1587 1439 1616; x_wconf 92' lang='lat' dir='ltr'><strong>datur</strong></span> <span class='ocrx_word' id='word_1_436' title='bbox 1464 1589 1586 1624; x_wconf 85' lang='lat' dir='ltr'><strong>signatis.</strong></span> <span class='ocrx_word' id='word_1_437' title='bbox 1603 1589 1730 1626; x_wconf 77' lang='lat' dir='ltr'><strong>Ejusdem</strong></span> <span class='ocrx_word' id='word_1_438' title='bbox 1746 1592 1783 1620; x_wconf 89' lang='lat' dir='ltr'><strong>ri-</strong></span> 
     </span>
    </p>
   </div>
   <div class='ocr_carea' id='block_1_64' title="bbox 136 1631 1782 1668">
    <p class='ocr_par' dir='ltr' id='par_1_64' title="bbox 136 1631 1782 1668">
     <span class='ocr_line' id='line_1_68' title="bbox 136 1631 1782 1668; baseline 0.004 -10"><span class='ocrx_word' id='word_1_439' title='bbox 136 1631 201 1659; x_wconf 88' lang='lat' dir='ltr'><strong>nium</strong></span> <span class='ocrx_word' id='word_1_440' title='bbox 219 1632 367 1667; x_wconf 88' lang='lat' dir='ltr'><strong>perhibuit,</strong></span> <span class='ocrx_word' id='word_1_441' title='bbox 384 1636 515 1660; x_wconf 87' lang='lat' dir='ltr'><strong>ctvcrum</strong></span> <span class='ocrx_word' id='word_1_442' title='bbox 543 1638 584 1660; x_wconf 89' lang='lat' dir='ltr'><strong>est</strong></span> <span class='ocrx_word' id='word_1_443' title='bbox 611 1633 783 1659; x_wconf 78' lang='lat' dir='ltr'><strong>testimonium</strong></span> <span class='ocrx_word' id='word_1_444' title='bbox 812 1634 877 1668; x_wconf 75' lang='lat' dir='ltr'><strong>ejus.</strong></span> <span class='ocrx_word' id='word_1_445' title='bbox 897 1633 965 1666; x_wconf 74' lang='grc' dir='ltr'><strong>Ειο</strong></span> <span class='ocrx_word' id='word_1_446' title='bbox 983 1636 1027 1660; x_wconf 87' lang='lat' dir='ltr'><strong>tus</strong></span> <span class='ocrx_word' id='word_1_447' title='bbox 1053 1632 1237 1661; x_wconf 88' lang='lat' dir='ltr'><strong>meminerunt</strong></span> <span class='ocrx_word' id='word_1_448' title='bbox 1255 1639 1283 1662; x_wconf 91' lang='lat' dir='ltr'><strong>et</strong></span> <span class='ocrx_word' id='word_1_449' title='bbox 1306 1633 1363 1662; x_wconf 89' lang='lat' dir='ltr'><strong>alii.</strong></span> <span class='ocrx_word' id='word_1_450' title='bbox 1379 1633 1446 1664; x_wconf 90' lang='lat' dir='ltr'><strong>Cum</strong></span> <span class='ocrx_word' id='word_1_451' title='bbox 1470 1640 1559 1668; x_wconf 85' lang='lat' dir='ltr'><strong>tamen</strong></span> <span class='ocrx_word' id='word_1_452' title='bbox 1581 1637 1618 1664; x_wconf 91' lang='lat' dir='ltr'><strong>ita</strong></span> <span class='ocrx_word' id='word_1_453' title='bbox 1640 1638 1741 1665; x_wconf 84' lang='lat' dir='ltr'><strong>scribat</strong></span> <span class='ocrx_word' id='word_1_454' title='bbox 1756 1639 1782 1666; x_wconf 91' lang='lat' dir='ltr'><strong>in</strong></span> 
     </span>
    </p>
   </div>
   <div class='ocr_carea' id='block_1_65' title="bbox 135 1678 927 1716">
    <p class='ocr_par' dir='ltr' id='par_1_65' title="bbox 135 1678 927 1716">
     <span class='ocr_line' id='line_1_69' title="bbox 135 1678 927 1716; baseline 0.004 -11"><span class='ocrx_word' id='word_1_455' title='bbox 135 1678 173 1704; x_wconf 76' lang='lat' dir='ltr'><strong>ille</strong></span> <span class='ocrx_word' id='word_1_456' title='bbox 184 1678 229 1706; x_wconf 76' lang='lat' dir='ltr'><strong>scit</strong></span> <span class='ocrx_word' id='word_1_457' title='bbox 248 1679 311 1715; x_wconf 76' lang='lat' dir='ltr'><strong>quia</strong></span> <span class='ocrx_word' id='word_1_458' title='bbox 325 1687 384 1706; x_wconf 77' lang='lat' dir='ltr'><strong>vero</strong></span> <span class='ocrx_word' id='word_1_459' title='bbox 407 1679 485 1712; x_wconf 82' lang='lat' dir='ltr'><strong>dicit,</strong></span> <span class='ocrx_word' id='word_1_460' title='bbox 499 1685 526 1706; x_wconf 88' lang='lat' dir='ltr'><strong>ut</strong></span> <span class='ocrx_word' id='word_1_461' title='bbox 549 1686 573 1707; x_wconf 87' lang='lat' dir='ltr'><strong>et</strong></span> <span class='ocrx_word' id='word_1_462' title='bbox 596 1688 639 1706; x_wconf 77' lang='lat' dir='ltr'><strong>vos</strong></span> <span class='ocrx_word' id='word_1_463' title='bbox 659 1680 769 1707; x_wconf 73' lang='lat' dir='ltr'><strong>credatis</strong></span> <span class='ocrx_word' id='word_1_464' title='bbox 781 1681 927 1716; x_wconf 85' lang='lat' dir='ltr'><strong>(S.Joan.,</strong></span> 
     </span>
    </p>
   </div>
   <div class='ocr_carea' id='block_1_66' title="bbox 136 1724 928 1762">
    <p class='ocr_par' dir='ltr' id='par_1_66' title="bbox 136 1724 928 1762">
     <span class='ocr_line' id='line_1_70' title="bbox 136 1724 928 1762; baseline 0.005 -12"><span class='ocrx_word' id='word_1_465' title='bbox 136 1731 190 1758; x_wconf 77' lang='lat' dir='ltr'><strong>xu,</strong></span> <span class='ocrx_word' id='word_1_466' title='bbox 202 1724 258 1762; x_wconf 75' lang='lat'><strong>35).</strong></span> <span class='ocrx_word' id='word_1_467' title='bbox 273 1724 304 1753; x_wconf 80' lang='lat' dir='ltr'><strong>Ni</strong></span> <span class='ocrx_word' id='word_1_468' title='bbox 326 1726 443 1760; x_wconf 74' lang='lat' dir='ltr'><strong>qnazstio</strong></span> <span class='ocrx_word' id='word_1_469' title='bbox 456 1725 553 1753; x_wconf 83' lang='lat' dir='ltr'><strong>fuisset</strong></span> <span class='ocrx_word' id='word_1_470' title='bbox 566 1726 636 1753; x_wconf 91' lang='lat' dir='ltr'><strong>inter</strong></span> <span class='ocrx_word' id='word_1_471' title='bbox 646 1726 759 1753; x_wconf 60' lang='lat' dir='ltr'><strong>aemulus</strong></span> <span class='ocrx_word' id='word_1_472' title='bbox 768 1726 876 1760; x_wconf 88' lang='lat' dir='ltr'><strong>Christi,</strong></span> <span class='ocrx_word' id='word_1_473' title='bbox 885 1734 928 1761; x_wconf 85' lang='lat' dir='ltr'><strong>ea,</strong></span> 
     </span>
    </p>
   </div>
   <div class='ocr_carea' id='block_1_67' title="bbox 135 1771 930 1813">
    <p class='ocr_par' dir='ltr' id='par_1_67' title="bbox 135 1771 930 1813">
     <span class='ocr_line' id='line_1_71' title="bbox 135 1771 930 1813; baseline 0.003 -14"><span class='ocrx_word' id='word_1_474' title='bbox 135 1778 180 1806; x_wconf 82' lang='lat' dir='ltr'><strong>qua</strong></span> <span class='ocrx_word' id='word_1_475' title='bbox 193 1771 268 1805; x_wconf 79' lang='lat' dir='ltr'><strong>dixi,</strong></span> <span class='ocrx_word' id='word_1_476' title='bbox 285 1772 495 1799; x_wconf 83' lang='lat' dir='ltr'><strong>ratiocinatione</strong></span> <span class='ocrx_word' id='word_1_477' title='bbox 521 1772 690 1799; x_wconf 84' lang='lat' dir='ltr'><strong>terminanda</strong></span> <span class='ocrx_word' id='word_1_478' title='bbox 702 1793 709 1805; x_wconf 90' lang='lat'><strong>,</strong></span> <span class='ocrx_word' id='word_1_479' title='bbox 736 1772 793 1813; x_wconf 84' lang='lat' dir='ltr'><strong>alia_</strong></span> <span class='ocrx_word' id='word_1_480' title='bbox 809 1772 930 1807; x_wconf 86' lang='lat' dir='ltr'><strong>profecto</strong></span> 
     </span>
    </p>
   </div>
   <div class='ocr_carea' id='block_1_68' title="bbox 136 1817 927 1854">
    <p class='ocr_par' dir='ltr' id='par_1_68' title="bbox 136 1817 927 1854">
     <span class='ocr_line' id='line_1_72' title="bbox 136 1817 927 1854; baseline 0.003 -8"><span class='ocrx_word' id='word_1_481' title='bbox 136 1817 231 1846; x_wconf 84' lang='lat' dir='ltr'><strong>Domini</strong></span> <span class='ocrx_word' id='word_1_482' title='bbox 245 1819 378 1847; x_wconf 86' lang='lat' dir='ltr'><strong>miracula</strong></span> <span class='ocrx_word' id='word_1_483' title='bbox 387 1819 494 1847; x_wconf 86' lang='lat' dir='ltr'><strong>abunde</strong></span> <span class='ocrx_word' id='word_1_484' title='bbox 506 1820 565 1854; x_wconf 84' lang='lat' dir='ltr'><strong>ejus</strong></span> <span class='ocrx_word' id='word_1_485' title='bbox 574 1827 589 1846; x_wconf 81' lang='lat' dir='ltr'><strong>a</strong></span> <span class='ocrx_word' id='word_1_486' title='bbox 605 1824 679 1854; x_wconf 87' lang='lat' dir='ltr'><strong>patre</strong></span> <span class='ocrx_word' id='word_1_487' title='bbox 692 1820 848 1847; x_wconf 82' lang='lat' dir='ltr'><strong>missionem</strong></span> <span class='ocrx_word' id='word_1_488' title='bbox 859 1828 927 1849; x_wconf 90' lang='lat' dir='ltr'><strong>con-</strong></span> 
     </span>
    </p>
   </div>
   <div class='ocr_carea' id='block_1_69' title="bbox 137 1864 930 1896">
    <p class='ocr_par' dir='ltr' id='par_1_69' title="bbox 137 1864 930 1896">
     <span class='ocr_line' id='line_1_73' title="bbox 137 1864 930 1896; baseline 0.006 -5"><span class='ocrx_word' id='word_1_489' title='bbox 137 1864 293 1894; x_wconf 81' lang='lat' dir='ltr'><strong>ﬁrmassent.</strong></span> <span class='ocrx_word' id='word_1_490' title='bbox 311 1866 414 1893; x_wconf 85' lang='lat' dir='ltr'><strong>Eorum</strong></span> <span class='ocrx_word' id='word_1_491' title='bbox 429 1870 520 1893; x_wconf 88' lang='lat' dir='ltr'><strong>tamen</strong></span> <span class='ocrx_word' id='word_1_492' title='bbox 539 1866 731 1893; x_wconf 87' lang='lat' dir='ltr'><strong>miraculorum</strong></span> <span class='ocrx_word' id='word_1_493' title='bbox 744 1870 825 1893; x_wconf 84' lang='lat' dir='ltr'><strong>testes</strong></span> <span class='ocrx_word' id='word_1_494' title='bbox 840 1866 930 1896; x_wconf 79' lang='lat' dir='ltr'><strong>nullos</strong></span> 
     </span>
    </p>
   </div>
   <div class='ocr_carea' id='block_1_70' title="bbox 137 1911 929 1946">
    <p class='ocr_par' dir='ltr' id='par_1_70' title="bbox 137 1911 929 1946">
     <span class='ocr_line' id='line_1_74' title="bbox 137 1911 929 1946; baseline 0.005 -8"><span class='ocrx_word' id='word_1_495' title='bbox 137 1912 246 1945; x_wconf 84' lang='lat' dir='ltr'><strong>protulit,</strong></span> <span class='ocrx_word' id='word_1_496' title='bbox 262 1911 366 1940; x_wconf 86' lang='lat' dir='ltr'><strong>nedum</strong></span> <span class='ocrx_word' id='word_1_497' title='bbox 385 1916 459 1939; x_wconf 84' lang='lat' dir='ltr'><strong>tanta</strong></span> <span class='ocrx_word' id='word_1_498' title='bbox 488 1912 543 1944; x_wconf 86' lang='lat' dir='ltr'><strong>illa,</strong></span> <span class='ocrx_word' id='word_1_499' title='bbox 561 1920 622 1946; x_wconf 84' lang='lat' dir='ltr'><strong>qua-</strong></span> <span class='ocrx_word' id='word_1_500' title='bbox 634 1912 677 1939; x_wconf 89' lang='lat' dir='ltr'><strong>hic</strong></span> <span class='ocrx_word' id='word_1_501' title='bbox 706 1920 770 1939; x_wconf 87' lang='lat' dir='ltr'><strong>usus</strong></span> <span class='ocrx_word' id='word_1_502' title='bbox 785 1919 836 1945; x_wconf 87' lang='lat' dir='ltr'><strong>est,</strong></span> <span class='ocrx_word' id='word_1_503' title='bbox 853 1921 929 1942; x_wconf 57' lang='lat' dir='ltr'><strong>asse-</strong></span> 
     </span>
    </p>
   </div>
   <div class='ocr_carea' id='block_1_71' title="bbox 135 1957 929 1995">
    <p class='ocr_par' dir='ltr' id='par_1_71' title="bbox 135 1957 929 1995">
     <span class='ocr_line' id='line_1_75' title="bbox 135 1957 929 1995; baseline 0.005 -10"><span class='ocrx_word' id='word_1_504' title='bbox 135 1958 275 1987; x_wconf 77' lang='lat' dir='ltr'><strong>veratione.</strong></span> <span class='ocrx_word' id='word_1_505' title='bbox 293 1958 365 1991; x_wconf 86' lang='lat' dir='ltr'><strong>Quid</strong></span> <span class='ocrx_word' id='word_1_506' title='bbox 384 1957 456 1993; x_wconf 87' lang='lat' dir='ltr'><strong>quod</strong></span> <span class='ocrx_word' id='word_1_507' title='bbox 470 1959 552 1986; x_wconf 83' lang='lat' dir='ltr'><strong>verba</strong></span> <span class='ocrx_word' id='word_1_508' title='bbox 570 1959 624 1991; x_wconf 88' lang='lat' dir='ltr'><strong>illa,</strong></span> <span class='ocrx_word' id='word_1_509' title='bbox 641 1964 669 1986; x_wconf 92' lang='lat' dir='ltr'><strong>ut</strong></span> <span class='ocrx_word' id='word_1_510' title='bbox 683 1964 775 1993; x_wconf 84' lang='lat' dir='ltr'><strong>ctvos,</strong></span> <span class='ocrx_word' id='word_1_511' title='bbox 788 1960 929 1995; x_wconf 85' lang='lat' dir='ltr'><strong>emphasin</strong></span> 
     </span>
    </p>
   </div>
   <div class='ocr_carea' id='block_1_72' title="bbox 137 2001 930 2040">
    <p class='ocr_par' dir='ltr' id='par_1_72' title="bbox 137 2001 930 2040">
     <span class='ocr_line' id='line_1_76' title="bbox 137 2001 930 2040; baseline 0.004 -8"><span class='ocrx_word' id='word_1_512' title='bbox 137 2005 270 2040; x_wconf 76' lang='lat' dir='ltr'><strong>quamdam</strong></span> <span class='ocrx_word' id='word_1_513' title='bbox 291 2005 413 2033; x_wconf 85' lang='lat' dir='ltr'><strong>habeant</strong></span> <span class='ocrx_word' id='word_1_514' title='bbox 427 2006 565 2038; x_wconf 75' lang='lat' dir='ltr'><strong>eximiam,</strong></span> <span class='ocrx_word' id='word_1_515' title='bbox 582 2001 686 2039; x_wconf 86' lang='lat' dir='ltr'><strong>reliqua</strong></span> <span class='ocrx_word' id='word_1_516' title='bbox 703 2006 930 2035; x_wconf 66' lang='lat' dir='ltr'><strong>nimirutmmira-</strong></span> 
     </span>
    </p>
   </div>
   <div class='ocr_carea' id='block_1_73' title="bbox 135 2049 930 2089">
    <p class='ocr_par' dir='ltr' id='par_1_73' title="bbox 135 2049 930 2089">
     <span class='ocr_line' id='line_1_77' title="bbox 135 2049 930 2089; baseline 0.004 -10"><span class='ocrx_word' id='word_1_517' title='bbox 135 2049 188 2079; x_wconf 77' lang='lat' dir='ltr'><strong>cuia</strong></span> <span class='ocrx_word' id='word_1_518' title='bbox 198 2051 350 2080; x_wconf 86' lang='lat' dir='ltr'><strong>inﬁdelium</strong></span> <span class='ocrx_word' id='word_1_519' title='bbox 360 2059 443 2080; x_wconf 85' lang='lat' dir='ltr'><strong>causa</strong></span> <span class='ocrx_word' id='word_1_520' title='bbox 454 2052 537 2080; x_wconf 87' lang='lat' dir='ltr'><strong>fuisse</strong></span> <span class='ocrx_word' id='word_1_521' title='bbox 554 2058 607 2079; x_wconf 83' lang='lat' dir='ltr'><strong>tant</strong></span> <span class='ocrx_word' id='word_1_522' title='bbox 631 2053 713 2086; x_wconf 88' lang='lat' dir='ltr'><strong>edita,</strong></span> <span class='ocrx_word' id='word_1_523' title='bbox 726 2060 806 2088; x_wconf 89' lang='lat' dir='ltr'><strong>quam</strong></span> <span class='ocrx_word' id='word_1_524' title='bbox 822 2054 930 2089; x_wconf 78' lang='lat' dir='ltr'><strong>scriptis</strong></span> 
     </span>
    </p>
   </div>
   <div class='ocr_carea' id='block_1_74' title="bbox 136 2097 929 2135">
    <p class='ocr_par' dir='ltr' id='par_1_74' title="bbox 136 2097 929 2135">
     <span class='ocr_line' id='line_1_78' title="bbox 136 2097 929 2135; baseline 0.004 -10"><span class='ocrx_word' id='word_1_525' title='bbox 136 2097 206 2126; x_wconf 72' lang='lat' dir='ltr'><strong>ethtn</strong></span> <span class='ocrx_word' id='word_1_526' title='bbox 218 2099 380 2135; x_wconf 79' lang='lat' dir='ltr'><strong>consignata</strong></span> <span class='ocrx_word' id='word_1_527' title='bbox 391 2107 400 2132; x_wconf 81' lang='lat'><strong>;</strong></span> <span class='ocrx_word' id='word_1_528' title='bbox 412 2098 465 2127; x_wconf 87' lang='lat' dir='ltr'><strong>hoc</strong></span> <span class='ocrx_word' id='word_1_529' title='bbox 478 2107 561 2126; x_wconf 92' lang='lat' dir='ltr'><strong>unum</strong></span> <span class='ocrx_word' id='word_1_530' title='bbox 573 2098 633 2125; x_wconf 88' lang='lat' dir='ltr'><strong>aliis</strong></span> <span class='ocrx_word' id='word_1_531' title='bbox 642 2100 753 2126; x_wconf 87' lang='lat' dir='ltr'><strong>omnino</strong></span> <span class='ocrx_word' id='word_1_532' title='bbox 766 2099 929 2128; x_wconf 86' lang='lat' dir='ltr'><strong>adversariis</strong></span> 
     </span>
    </p>
   </div>
   <div class='ocr_carea' id='block_1_75' title="bbox 135 2136 929 2181">
    <p class='ocr_par' dir='ltr' id='par_1_75' title="bbox 135 2136 929 2181">
     <span class='ocr_line' id='line_1_79' title="bbox 135 2136 929 2181; baseline 0 -9"><span class='ocrx_word' id='word_1_533' title='bbox 135 2136 389 2173; x_wconf 51' lang='lat' dir='ltr'><strong>[laudationum</strong></span> <span class='ocrx_word' id='word_1_534' title='bbox 405 2144 459 2172; x_wconf 90' lang='lat' dir='ltr'><strong>illis</strong></span> <span class='ocrx_word' id='word_1_535' title='bbox 470 2146 599 2173; x_wconf 92' lang='lat' dir='ltr'><strong>nimirum</strong></span> <span class='ocrx_word' id='word_1_536' title='bbox 613 2153 728 2181; x_wconf 88' lang='lat' dir='ltr'><strong>quorum</strong></span> <span class='ocrx_word' id='word_1_537' title='bbox 742 2145 827 2180; x_wconf 85' lang='lat' dir='ltr'><strong>gratia</strong></span> <span class='ocrx_word' id='word_1_538' title='bbox 842 2146 929 2181; x_wconf 57' lang='lat' dir='ltr'><strong>scrip.</strong></span> 
     </span>
    </p>
   </div>
   <div class='ocr_carea' id='block_1_76' title="bbox 135 2189 929 2226">
    <p class='ocr_par' dir='ltr' id='par_1_76' title="bbox 135 2189 929 2226">
     <span class='ocr_line' id='line_1_80' title="bbox 135 2189 929 2226; baseline 0.001 -7"><span class='ocrx_word' id='word_1_539' title='bbox 135 2191 190 2222; x_wconf 66' lang='lat' dir='ltr'><strong>tu</strong></span> <span class='ocrx_word' id='word_1_540' title='bbox 205 2189 300 2220; x_wconf 71' lang='grc' dir='ltr'><strong>Μιωι</strong></span> <span class='ocrx_word' id='word_1_541' title='bbox 313 2191 504 2226; x_wconf 80' lang='lat' dir='ltr'><strong>Evangelium,</strong></span> <span class='ocrx_word' id='word_1_542' title='bbox 516 2192 737 2219; x_wconf 89' lang='lat' dir='ltr'><strong>antichristorum</strong></span> <span class='ocrx_word' id='word_1_543' title='bbox 768 2191 929 2220; x_wconf 66' lang='lat' dir='ltr'><strong>mutulorum</strong></span> 
     </span>
    </p>
   </div>
   <div class='ocr_carea' id='block_1_77' title="bbox 150 2230 930 2274">
    <p class='ocr_par' dir='ltr' id='par_1_77' title="bbox 150 2230 930 2274">
     <span class='ocr_line' id='line_1_81' title="bbox 150 2230 930 2274; baseline 0 -8"><span class='ocrx_word' id='word_1_544' title='bbox 339 2235 426 2265; x_wconf 75' lang='lat' dir='ltr'><strong>Recte</strong></span> <span class='ocrx_word' id='word_1_545' title='bbox 441 2237 532 2272; x_wconf 83' lang='lat' dir='ltr'><strong>itaque</strong></span> <span class='ocrx_word' id='word_1_546' title='bbox 544 2236 615 2264; x_wconf 89' lang='lat' dir='ltr'><strong>hanc</strong></span> <span class='ocrx_word' id='word_1_547' title='bbox 630 2237 768 2272; x_wconf 87' lang='lat' dir='ltr'><strong>sanguinis</strong></span> <span class='ocrx_word' id='word_1_548' title='bbox 783 2238 885 2272; x_wconf 91' lang='lat' dir='ltr'><strong>pariter</strong></span> <span class='ocrx_word' id='word_1_549' title='bbox 897 2245 930 2266; x_wconf 85' lang='lat' dir='ltr'><strong>ac</strong></span> 
     </span>
    </p>
   </div>
   <div class='ocr_carea' id='block_1_78' title="bbox 192 2282 928 2323">
    <p class='ocr_par' dir='ltr' id='par_1_78' title="bbox 192 2282 928 2323">
     <span class='ocr_line' id='line_1_82' title="bbox 192 2282 928 2323; baseline 0.001 -11"><span class='ocrx_word' id='word_1_550' title='bbox 372 2283 460 2311; x_wconf 85' lang='lat' dir='ltr'><strong>latere</strong></span> <span class='ocrx_word' id='word_1_551' title='bbox 482 2283 675 2316; x_wconf 89' lang='lat' dir='ltr'><strong>emissionem,</strong></span> <span class='ocrx_word' id='word_1_552' title='bbox 690 2288 770 2319; x_wconf 88' lang='lat' dir='ltr'><strong>atque</strong></span> <span class='ocrx_word' id='word_1_553' title='bbox 792 2284 928 2319; x_wconf 84' lang='lat' dir='ltr'><strong>duplicem</strong></span> 
     </span>
    </p>
   </div>
   <div class='ocr_carea' id='block_1_79' title="bbox 235 2365 930 2410">
    <p class='ocr_par' dir='ltr' id='par_1_79' title="bbox 235 2365 930 2410">
     <span class='ocr_line' id='line_1_83' title="bbox 235 2365 930 2410; baseline 0.006 -10"><span class='ocrx_word' id='word_1_554' title='bbox 427 2374 500 2403; x_wconf 83' lang='lat' dir='ltr'><strong>enim</strong></span> <span class='ocrx_word' id='word_1_555' title='bbox 515 2375 647 2403; x_wconf 86' lang='lat' dir='ltr'><strong>adversus</strong></span> <span class='ocrx_word' id='word_1_556' title='bbox 670 2375 781 2403; x_wconf 86' lang='lat' dir='ltr'><strong>eosdem</strong></span> <span class='ocrx_word' id='word_1_557' title='bbox 804 2376 930 2405; x_wconf 75' lang='lat' dir='ltr'><strong>adversa-</strong></span> 
     </span>
    </p>
   </div>
   <div class='ocr_carea' id='block_1_80' title="bbox 263 2416 931 2459">
    <p class='ocr_par' dir='ltr' id='par_1_80' title="bbox 263 2416 931 2459">
     <span class='ocr_line' id='line_1_84' title="bbox 263 2416 931 2459; baseline 0.003 -10"><span class='ocrx_word' id='word_1_558' title='bbox 263 2416 358 2459; x_wconf 56' lang='grc' dir='ltr'><strong>η.</strong></span> <span class='ocrx_word' id='word_1_559' title='bbox 375 2425 471 2450; x_wconf 72' lang='lat' dir='ltr'><strong>uacat</strong></span> <span class='ocrx_word' id='word_1_560' title='bbox 492 2421 527 2450; x_wconf 87' lang='lat' dir='ltr'><strong>ab</strong></span> <span class='ocrx_word' id='word_1_561' title='bbox 539 2422 682 2457; x_wconf 76' lang='lat' dir='ltr'><strong>Apostolo,</strong></span> <span class='ocrx_word' id='word_1_562' title='bbox 698 2422 760 2450; x_wconf 87' lang='lat' dir='ltr'><strong>inde</strong></span> <span class='ocrx_word' id='word_1_563' title='bbox 785 2430 849 2451; x_wconf 88' lang='lat' dir='ltr'><strong>sane</strong></span> <span class='ocrx_word' id='word_1_564' title='bbox 864 2423 931 2452; x_wconf 86' lang='lat' dir='ltr'><strong>veri-</strong></span> 
     </span>
    </p>
   </div>
   <div class='ocr_carea' id='block_1_81' title="bbox 315 2459 930 2507">
    <p class='ocr_par' dir='ltr' id='par_1_81' title="bbox 315 2459 930 2507">
     <span class='ocr_line' id='line_1_85' title="bbox 315 2459 930 2507; baseline 0 -10"><span class='ocrx_word' id='word_1_565' title='bbox 406 2473 472 2497; x_wconf 77' lang='lat' dir='ltr'><strong>sue</strong></span> <span class='ocrx_word' id='word_1_566' title='bbox 483 2466 638 2496; x_wconf 84' lang='lat' dir='ltr'><strong>referenda.</strong></span> <span class='ocrx_word' id='word_1_567' title='bbox 656 2468 690 2495; x_wconf 84' lang='lat' dir='ltr'><strong>Et</strong></span> <span class='ocrx_word' id='word_1_568' title='bbox 701 2469 763 2503; x_wconf 84' lang='lat' dir='ltr'><strong>quia</strong></span> <span class='ocrx_word' id='word_1_569' title='bbox 777 2476 839 2496; x_wconf 90' lang='lat' dir='ltr'><strong>cum</strong></span> <span class='ocrx_word' id='word_1_570' title='bbox 852 2476 930 2504; x_wconf 69' lang='lat' dir='ltr'><strong>aqua:</strong></span> 
     </span>
    </p>
   </div>
   <div class='ocr_carea' id='block_1_82' title="bbox 341 2509 940 2556">
    <p class='ocr_par' dir='ltr' id='par_1_82' title="bbox 341 2509 940 2556">
     <span class='ocr_line' id='line_1_86' title="bbox 341 2509 940 2556; baseline 0 -12"><span class='ocrx_word' id='word_1_571' title='bbox 341 2509 489 2556; x_wconf 47' lang='grc' dir='ltr'><strong>ῌηιι</strong></span> <span class='ocrx_word' id='word_1_572' title='bbox 517 2515 557 2544; x_wconf 87' lang='lat' dir='ltr'><strong>ita</strong></span> <span class='ocrx_word' id='word_1_573' title='bbox 588 2515 698 2550; x_wconf 86' lang='lat' dir='ltr'><strong>sanguis</strong></span> <span class='ocrx_word' id='word_1_574' title='bbox 731 2515 766 2543; x_wconf 85' lang='lat' dir='ltr'><strong>ab</strong></span> <span class='ocrx_word' id='word_1_575' title='bbox 799 2515 940 2556; x_wconf 30' lang='lat' dir='ltr'><strong>Apostolo‘</strong></span> 
     </span>
    </p>
   </div>
   <div class='ocr_carea' id='block_1_83' title="bbox 374 2551 929 2598">
    <p class='ocr_par' dir='ltr' id='par_1_83' title="bbox 374 2551 929 2598">
     <span class='ocr_line' id='line_1_87' title="bbox 374 2551 929 2598; baseline 0 -9"><span class='ocrx_word' id='word_1_576' title='bbox 513 2566 544 2590; x_wconf 83' lang='lat' dir='ltr'><strong>ut</strong></span> <span class='ocrx_word' id='word_1_577' title='bbox 557 2561 616 2597; x_wconf 90' lang='lat' dir='ltr'><strong>ipse</strong></span> <span class='ocrx_word' id='word_1_578' title='bbox 638 2561 790 2589; x_wconf 70' lang='lat' dir='ltr'><strong>ternarium</strong></span> <span class='ocrx_word' id='word_1_579' title='bbox 799 2569 860 2589; x_wconf 92' lang='lat' dir='ltr'><strong>cum</strong></span> <span class='ocrx_word' id='word_1_580' title='bbox 874 2552 929 2589; x_wconf 80' lang='lat' dir='ltr'><strong>illis</strong></span> 
     </span>
    </p>
   </div>
   <div class='ocr_carea' id='block_1_84' title="bbox 425 2599 929 2645">
    <p class='ocr_par' dir='ltr' id='par_1_84' title="bbox 425 2599 929 2645">
     <span class='ocr_line' id='line_1_88' title="bbox 425 2599 929 2645; baseline 0.004 -10"><span class='ocrx_word' id='word_1_581' title='bbox 547 2608 672 2644; x_wconf 59' lang='lat' dir='ltr'><strong>nequitur</strong></span> <span class='ocrx_word' id='word_1_582' title='bbox 698 2608 823 2643; x_wconf 87' lang='lat' dir='ltr'><strong>baptismi</strong></span> <span class='ocrx_word' id='word_1_583' title='bbox 847 2607 929 2637; x_wconf 87' lang='lat' dir='ltr'><strong>etiam</strong></span> 
     </span>
    </p>
   </div>
   <div class='ocr_carea' id='block_1_85' title="bbox 675 2653 929 2689">
    <p class='ocr_par' dir='ltr' id='par_1_85' title="bbox 675 2653 929 2689">
     <span class='ocr_line' id='line_1_89' title="bbox 675 2653 929 2689; baseline 0.008 -9"><span class='ocrx_word' id='word_1_584' title='bbox 675 2661 845 2682; x_wconf 64' lang='lat' dir='ltr'><strong>ommunem.</strong></span> <span class='ocrx_word' id='word_1_585' title='bbox 860 2653 929 2689; x_wconf 82' lang='lat' dir='ltr'><strong>Quia</strong></span> 
     </span>
    </p>
   </div>
   <div class='ocr_carea' id='block_1_86' title="bbox 755 2700 928 2729">
    <p class='ocr_par' dir='ltr' id='par_1_86' title="bbox 755 2700 928 2729">
     <span class='ocr_line' id='line_1_90' title="bbox 755 2700 928 2729; baseline 0.012 -3"><span class='ocrx_word' id='word_1_586' title='bbox 755 2700 928 2729; x_wconf 70' lang='lat' dir='ltr'><strong>autichristos</strong></span> 
     </span>
    </p>
   </div>
   <div class='ocr_carea' id='block_1_87' title="bbox 759 2747 928 2782">
    <p class='ocr_par' dir='ltr' id='par_1_87' title="bbox 759 2747 928 2782">
     <span class='ocr_line' id='line_1_91' title="bbox 759 2747 928 2782; baseline 0.012 -9"><span class='ocrx_word' id='word_1_587' title='bbox 759 2751 794 2773; x_wconf 65' lang='lat' dir='ltr'><strong>cat</strong></span> <span class='ocrx_word' id='word_1_588' title='bbox 818 2754 867 2782; x_wconf 85' lang='lat' dir='ltr'><strong>per</strong></span> <span class='ocrx_word' id='word_1_589' title='bbox 878 2747 928 2775; x_wconf 92' lang='lat' dir='ltr'><strong>ad-</strong></span> 
     </span>
    </p>
   </div>
   <div class='ocr_carea' id='block_1_88' title="bbox 751 2794 927 2828">
    <p class='ocr_par' dir='ltr' id='par_1_88' title="bbox 751 2794 927 2828">
     <span class='ocr_line' id='line_1_92' title="bbox 751 2794 927 2828; baseline 0.017 -9"><span class='ocrx_word' id='word_1_590' title='bbox 751 2799 890 2828; x_wconf 66' lang='lat' dir='ltr'><strong>lirreterca,</strong></span> <span class='ocrx_word' id='word_1_591' title='bbox 904 2794 927 2822; x_wconf 92' lang='lat' dir='ltr'><strong>si</strong></span> 
     </span>
    </p>
   </div>
   <div class='ocr_carea' id='block_1_89' title="bbox 743 2840 928 2876">
    <p class='ocr_par' dir='ltr' id='par_1_89' title="bbox 743 2840 928 2876">
     <span class='ocr_line' id='line_1_93' title="bbox 743 2840 928 2876; baseline 0.016 -10"><span class='ocrx_word' id='word_1_592' title='bbox 743 2840 830 2876; x_wconf 62' lang='lat' dir='ltr'><strong>guinis</strong></span> <span class='ocrx_word' id='word_1_593' title='bbox 845 2840 928 2870; x_wconf 75' lang='lat' dir='ltr'><strong>intel~</strong></span> 
     </span>
    </p>
   </div>
   <div class='ocr_carea' id='block_1_90' title="bbox 727 2891 927 2922">
    <p class='ocr_par' dir='ltr' id='par_1_90' title="bbox 727 2891 927 2922">
     <span class='ocr_line' id='line_1_94' title="bbox 727 2891 927 2922; baseline 0.005 -8"><span class='ocrx_word' id='word_1_594' title='bbox 727 2894 800 2922; x_wconf 55' lang='lat' dir='ltr'><strong>aqum</strong></span> <span class='ocrx_word' id='word_1_595' title='bbox 820 2891 847 2914; x_wconf 90' lang='lat' dir='ltr'><strong>et</strong></span> <span class='ocrx_word' id='word_1_596' title='bbox 861 2894 927 2915; x_wconf 84' lang='lat' dir='ltr'><strong>san-</strong></span> 
     </span>
    </p>
   </div>
   <div class='ocr_carea' id='block_1_91' title="bbox 707 2933 927 2970">
    <p class='ocr_par' dir='ltr' id='par_1_91' title="bbox 707 2933 927 2970">
     <span class='ocr_line' id='line_1_95' title="bbox 707 2933 927 2970; baseline 0.018 -8"><span class='ocrx_word' id='word_1_597' title='bbox 707 2944 729 2969; x_wconf 90' lang='lat'><strong>.-,</strong></span> <span class='ocrx_word' id='word_1_598' title='bbox 753 2941 830 2970; x_wconf 68' lang='lat' dir='ltr'><strong>aqua:</strong></span> <span class='ocrx_word' id='word_1_599' title='bbox 846 2933 927 2966; x_wconf 87' lang='lat' dir='ltr'><strong>etiam</strong></span> 
     </span>
    </p>
   </div>
   <div class='ocr_carea' id='block_1_92' title="bbox 982 1676 1784 1715">
    <p class='ocr_par' dir='ltr' id='par_1_92' title="bbox 982 1676 1784 1715">
     <span class='ocr_line' id='line_1_96' title="bbox 982 1676 1784 1715; baseline 0.007 -10"><span class='ocrx_word' id='word_1_600' title='bbox 982 1676 1132 1706; x_wconf 84' lang='lat' dir='ltr'><strong>Commodo</strong></span> <span class='ocrx_word' id='word_1_601' title='bbox 1145 1686 1195 1706; x_wconf 89' lang='lat' dir='ltr'><strong>suo</strong></span> <span class='ocrx_word' id='word_1_602' title='bbox 1207 1678 1390 1715; x_wconf 87' lang='lat' dir='ltr'><strong>Lampridius,</strong></span> <span class='ocrx_word' id='word_1_603' title='bbox 1405 1690 1415 1706; x_wconf 76' lang='grc' dir='ltr'><strong>ε</strong></span> <span class='ocrx_word' id='word_1_604' title='bbox 1429 1679 1548 1708; x_wconf 68' lang='lat' dir='ltr'><strong>Bellona:</strong></span> <span class='ocrx_word' id='word_1_605' title='bbox 1559 1682 1708 1710; x_wconf 83' lang='lat' dir='ltr'><strong>servientes</strong></span> <span class='ocrx_word' id='word_1_606' title='bbox 1720 1691 1784 1711; x_wconf 88' lang='lat' dir='ltr'><strong>vcrc</strong></span> 
     </span>
    </p>
   </div>
   <div class='ocr_carea' id='block_1_93' title="bbox 982 1724 1784 1763">
    <p class='ocr_par' dir='ltr' id='par_1_93' title="bbox 982 1724 1784 1763">
     <span class='ocr_line' id='line_1_97' title="bbox 982 1724 1784 1763; baseline 0.007 -12"><span class='ocrx_word' id='word_1_607' title='bbox 982 1730 1113 1751; x_wconf 75' lang='lat' dir='ltr'><strong>enecare</strong></span> <span class='ocrx_word' id='word_1_608' title='bbox 1128 1724 1269 1753; x_wconf 88' lang='lat' dir='ltr'><strong>brachium</strong></span> <span class='ocrx_word' id='word_1_609' title='bbox 1283 1727 1432 1761; x_wconf 61' lang='lat' dir='ltr'><strong>praecepit;</strong></span> <span class='ocrx_word' id='word_1_610' title='bbox 1451 1735 1462 1753; x_wconf 76' lang='grc' dir='ltr'><strong><em>ι</em></strong></span> <span class='ocrx_word' id='word_1_611' title='bbox 1477 1726 1581 1763; x_wconf 85' lang='lat' dir='ltr'><strong>colligit</strong></span> <span class='ocrx_word' id='word_1_612' title='bbox 1607 1726 1784 1757; x_wconf 86' lang='lat' dir='ltr'><strong>Casaubonus</strong></span> 
     </span>
    </p>
   </div>
   <div class='ocr_carea' id='block_1_94' title="bbox 983 1769 1783 1805">
    <p class='ocr_par' dir='ltr' id='par_1_94' title="bbox 983 1769 1783 1805">
     <span class='ocr_line' id='line_1_98' title="bbox 983 1769 1783 1805; baseline 0.008 -8"><span class='ocrx_word' id='word_1_613' title='bbox 983 1769 1142 1805; x_wconf 89' lang='lat' dir='ltr'><strong>plerumque</strong></span> <span class='ocrx_word' id='word_1_614' title='bbox 1163 1770 1225 1798; x_wconf 86' lang='lat' dir='ltr'><strong>ﬁcta</strong></span> <span class='ocrx_word' id='word_1_615' title='bbox 1244 1775 1273 1799; x_wconf 90' lang='lat' dir='ltr'><strong>et</strong></span> <span class='ocrx_word' id='word_1_616' title='bbox 1287 1771 1413 1799; x_wconf 89' lang='lat' dir='ltr'><strong>simulata</strong></span> <span class='ocrx_word' id='word_1_617' title='bbox 1439 1776 1543 1800; x_wconf 89' lang='lat' dir='ltr'><strong>tantum</strong></span> <span class='ocrx_word' id='word_1_618' title='bbox 1573 1772 1657 1802; x_wconf 86' lang='lat' dir='ltr'><strong>fuisse</strong></span> <span class='ocrx_word' id='word_1_619' title='bbox 1670 1774 1783 1803; x_wconf 83' lang='lat' dir='ltr'><strong>vulnera</strong></span> 
     </span>
    </p>
   </div>
   <div class='ocr_carea' id='block_1_95' title="bbox 982 1815 1783 1849">
    <p class='ocr_par' dir='ltr' id='par_1_95' title="bbox 982 1815 1783 1849">
     <span class='ocr_line' id='line_1_99' title="bbox 982 1815 1783 1849; baseline 0.007 -6"><span class='ocrx_word' id='word_1_620' title='bbox 982 1815 1207 1844; x_wconf 87' lang='lat' dir='ltr'><strong>Bellonariorum.</strong></span> <span class='ocrx_word' id='word_1_621' title='bbox 1219 1817 1260 1845; x_wconf 84' lang='lat' dir='ltr'><strong>Eo</strong></span> <span class='ocrx_word' id='word_1_622' title='bbox 1273 1823 1407 1846; x_wconf 87' lang='lat' dir='ltr'><strong>venerunt</strong></span> <span class='ocrx_word' id='word_1_623' title='bbox 1418 1817 1535 1847; x_wconf 80' lang='lat' dir='ltr'><strong>fortasse</strong></span> <span class='ocrx_word' id='word_1_624' title='bbox 1546 1819 1715 1849; x_wconf 88' lang='lat' dir='ltr'><strong>mollioribus</strong></span> <span class='ocrx_word' id='word_1_625' title='bbox 1725 1821 1783 1849; x_wconf 85' lang='lat' dir='ltr'><strong>suis</strong></span> 
     </span>
    </p>
   </div>
   <div class='ocr_carea' id='block_1_96' title="bbox 982 1863 1782 1898">
    <p class='ocr_par' dir='ltr' id='par_1_96' title="bbox 982 1863 1782 1898">
     <span class='ocr_line' id='line_1_100' title="bbox 982 1863 1782 1898; baseline 0.008 -8"><span class='ocrx_word' id='word_1_626' title='bbox 982 1863 1258 1898; x_wconf 80' lang='lat' dir='ltr'><strong>lnterpretatiunculis</strong></span> <span class='ocrx_word' id='word_1_627' title='bbox 1286 1864 1395 1893; x_wconf 85' lang='lat' dir='ltr'><strong>fanatici</strong></span> <span class='ocrx_word' id='word_1_628' title='bbox 1421 1865 1598 1894; x_wconf 83' lang='lat' dir='ltr'><strong>recentiores.</strong></span> <span class='ocrx_word' id='word_1_629' title='bbox 1618 1866 1672 1895; x_wconf 85' lang='lat' dir='ltr'><strong>Sed</strong></span> <span class='ocrx_word' id='word_1_630' title='bbox 1687 1875 1782 1896; x_wconf 88' lang='lat' dir='ltr'><strong>verum</strong></span> 
     </span>
    </p>
   </div>
   <div class='ocr_carea' id='block_1_97' title="bbox 982 1907 1783 1950">
    <p class='ocr_par' dir='ltr' id='par_1_97' title="bbox 982 1907 1783 1950">
     <span class='ocr_line' id='line_1_101' title="bbox 982 1907 1783 1950; baseline 0.007 -14"><span class='ocrx_word' id='word_1_631' title='bbox 982 1907 1068 1937; x_wconf 81' lang='lat' dir='ltr'><strong>fuisse</strong></span> <span class='ocrx_word' id='word_1_632' title='bbox 1092 1910 1231 1945; x_wconf 85' lang='lat' dir='ltr'><strong>sanguinis</strong></span> <span class='ocrx_word' id='word_1_633' title='bbox 1251 1911 1425 1940; x_wconf 87' lang='lat' dir='ltr'><strong>emissionem</strong></span> <span class='ocrx_word' id='word_1_634' title='bbox 1450 1920 1510 1948; x_wconf 75' lang='lat' dir='ltr'><strong>qua:</strong></span> <span class='ocrx_word' id='word_1_635' title='bbox 1536 1912 1570 1940; x_wconf 89' lang='lat' dir='ltr'><strong>ab</strong></span> <span class='ocrx_word' id='word_1_636' title='bbox 1584 1913 1783 1950; x_wconf 89' lang='lat' dir='ltr'><strong>antiquioribus</strong></span> 
     </span>
    </p>
   </div>
   <div class='ocr_carea' id='block_1_98' title="bbox 982 1954 1783 1994">
    <p class='ocr_par' dir='ltr' id='par_1_98' title="bbox 982 1954 1783 1994">
     <span class='ocr_line' id='line_1_102' title="bbox 982 1954 1783 1994; baseline 0.007 -12"><span class='ocrx_word' id='word_1_637' title='bbox 982 1954 1134 1984; x_wconf 82' lang='lat' dir='ltr'><strong>introducta</strong></span> <span class='ocrx_word' id='word_1_638' title='bbox 1159 1961 1213 1990; x_wconf 85' lang='lat' dir='ltr'><strong>est,</strong></span> <span class='ocrx_word' id='word_1_639' title='bbox 1229 1961 1258 1985; x_wconf 88' lang='lat' dir='ltr'><strong>ct</strong></span> <span class='ocrx_word' id='word_1_640' title='bbox 1277 1965 1370 1985; x_wconf 88' lang='lat' dir='ltr'><strong>verum</strong></span> <span class='ocrx_word' id='word_1_641' title='bbox 1387 1957 1460 1986; x_wconf 80' lang='lat' dir='ltr'><strong>illam</strong></span> <span class='ocrx_word' id='word_1_642' title='bbox 1473 1966 1534 1994; x_wconf 72' lang='lat' dir='ltr'><strong>qua:</strong></span> <span class='ocrx_word' id='word_1_643' title='bbox 1558 1967 1573 1987; x_wconf 88' lang='lat' dir='ltr'><strong>a</strong></span> <span class='ocrx_word' id='word_1_644' title='bbox 1590 1960 1720 1989; x_wconf 86' lang='lat' dir='ltr'><strong>militibus</strong></span> <span class='ocrx_word' id='word_1_645' title='bbox 1732 1960 1783 1988; x_wconf 90' lang='lat' dir='ltr'><strong>ob-</strong></span> 
     </span>
    </p>
   </div>
   <div class='ocr_carea' id='block_1_99' title="bbox 981 2003 1819 2041">
    <p class='ocr_par' dir='ltr' id='par_1_99' title="bbox 981 2003 1819 2041">
     <span class='ocr_line' id='line_1_103' title="bbox 981 2003 1819 2041; baseline 0.008 -11"><span class='ocrx_word' id='word_1_646' title='bbox 981 2007 1091 2030; x_wconf 80' lang='lat' dir='ltr'><strong>servata</strong></span> <span class='ocrx_word' id='word_1_647' title='bbox 1101 2007 1143 2031; x_wconf 87' lang='lat' dir='ltr'><strong>est</strong></span> <span class='ocrx_word' id='word_1_648' title='bbox 1155 2003 1275 2034; x_wconf 60' lang='lat' dir='ltr'><strong>Bellonae</strong></span> <span class='ocrx_word' id='word_1_649' title='bbox 1288 2004 1411 2038; x_wconf 85' lang='lat' dir='ltr'><strong>initiatis,</strong></span> <span class='ocrx_word' id='word_1_650' title='bbox 1423 2011 1439 2034; x_wconf 85' lang='lat' dir='ltr'><strong>e</strong></span> <span class='ocrx_word' id='word_1_651' title='bbox 1453 2005 1610 2041; x_wconf 85' lang='lat' dir='ltr'><strong>supradicto</strong></span> <span class='ocrx_word' id='word_1_652' title='bbox 1623 2006 1784 2038; x_wconf 85' lang='lat' dir='ltr'><strong>Tertulliani</strong></span> <span class='ocrx_word' id='word_1_653' title='bbox 1816 2005 1819 2008; x_wconf 85' lang='grc'><em>’</em></span> 
     </span>
    </p>
   </div>
   <div class='ocr_carea' id='block_1_100' title="bbox 981 2046 1784 2088">
    <p class='ocr_par' dir='ltr' id='par_1_100' title="bbox 981 2046 1784 2088">
     <span class='ocr_line' id='line_1_104' title="bbox 981 2046 1784 2088; baseline 0.007 -13"><span class='ocrx_word' id='word_1_654' title='bbox 981 2046 1043 2075; x_wconf 88' lang='lat' dir='ltr'><strong>loco</strong></span> <span class='ocrx_word' id='word_1_655' title='bbox 1057 2048 1212 2084; x_wconf 86' lang='lat' dir='ltr'><strong>colligimus</strong></span> <span class='ocrx_word' id='word_1_656' title='bbox 1227 2055 1308 2085; x_wconf 84' lang='lat' dir='ltr'><strong>atque</strong></span> <span class='ocrx_word' id='word_1_657' title='bbox 1322 2049 1438 2087; x_wconf 83' lang='lat' dir='ltr'><strong>Vegetii,</strong></span> <span class='ocrx_word' id='word_1_658' title='bbox 1449 2051 1619 2088; x_wconf 89' lang='lat' dir='ltr'><strong>aliorumque</strong></span> <span class='ocrx_word' id='word_1_659' title='bbox 1632 2052 1784 2088; x_wconf 80' lang='lat' dir='ltr'><strong>plerarum-</strong></span> 
     </span>
    </p>
   </div>
   <div class='ocr_carea' id='block_1_101' title="bbox 981 2094 1786 2130">
    <p class='ocr_par' dir='ltr' id='par_1_101' title="bbox 981 2094 1786 2130">
     <span class='ocr_line' id='line_1_105' title="bbox 981 2094 1786 2130; baseline 0.011 -10"><span class='ocrx_word' id='word_1_660' title='bbox 981 2100 1035 2129; x_wconf 89' lang='lat' dir='ltr'><strong>que</strong></span> <span class='ocrx_word' id='word_1_661' title='bbox 1041 2094 1086 2129; x_wconf 90' lang='lat' dir='ltr'><strong>qui</strong></span> <span class='ocrx_word' id='word_1_662' title='bbox 1094 2094 1173 2130; x_wconf 85' lang='lat' dir='ltr'><strong>hujus</strong></span> <span class='ocrx_word' id='word_1_663' title='bbox 1180 2096 1249 2124; x_wconf 85' lang='lat' dir='ltr'><strong>ritus</strong></span> <span class='ocrx_word' id='word_1_664' title='bbox 1256 2097 1448 2126; x_wconf 88' lang='lat' dir='ltr'><strong>meminerunt.</strong></span> <span class='ocrx_word' id='word_1_665' title='bbox 1455 2097 1491 2126; x_wconf 83' lang='lat' dir='ltr'><strong>Et</strong></span> <span class='ocrx_word' id='word_1_666' title='bbox 1498 2106 1563 2127; x_wconf 89' lang='lat' dir='ltr'><strong>vero</strong></span> <span class='ocrx_word' id='word_1_667' title='bbox 1571 2099 1786 2128; x_wconf 86' lang='lat' dir='ltr'><strong>vetustissimum</strong></span> 
     </span>
    </p>
   </div>
   <div class='ocr_carea' id='block_1_102' title="bbox 981 2138 1785 2182">
    <p class='ocr_par' dir='ltr' id='par_1_102' title="bbox 981 2138 1785 2182">
     <span class='ocr_line' id='line_1_106' title="bbox 981 2138 1785 2182; baseline 0.011 -15"><span class='ocrx_word' id='word_1_668' title='bbox 981 2138 1068 2168; x_wconf 84' lang='lat' dir='ltr'><strong>fuisse</strong></span> <span class='ocrx_word' id='word_1_669' title='bbox 1078 2140 1155 2169; x_wconf 86' lang='lat' dir='ltr'><strong>illum</strong></span> <span class='ocrx_word' id='word_1_670' title='bbox 1170 2141 1338 2172; x_wconf 78' lang='lat' dir='ltr'><strong>lustrationis</strong></span> <span class='ocrx_word' id='word_1_671' title='bbox 1355 2152 1459 2173; x_wconf 88' lang='lat' dir='ltr'><strong>morem</strong></span> <span class='ocrx_word' id='word_1_672' title='bbox 1475 2152 1524 2181; x_wconf 87' lang='lat' dir='ltr'><strong>per</strong></span> <span class='ocrx_word' id='word_1_673' title='bbox 1546 2147 1686 2182; x_wconf 79' lang='lat' dir='ltr'><strong>sanguinis</strong></span> <span class='ocrx_word' id='word_1_674' title='bbox 1705 2148 1785 2176; x_wconf 76' lang='lat' dir='ltr'><strong>emis-</strong></span> 
     </span>
    </p>
   </div>
   <div class='ocr_carea' id='block_1_103' title="bbox 981 2186 1783 2232">
    <p class='ocr_par' dir='ltr' id='par_1_103' title="bbox 981 2186 1783 2232">
     <span class='ocr_line' id='line_1_107' title="bbox 981 2186 1783 2232; baseline 0.01 -19"><span class='ocrx_word' id='word_1_675' title='bbox 981 2186 1086 2214; x_wconf 85' lang='lat' dir='ltr'><strong>sionem</strong></span> <span class='ocrx_word' id='word_1_676' title='bbox 1095 2194 1111 2215; x_wconf 89' lang='lat' dir='ltr'><strong>e</strong></span> <span class='ocrx_word' id='word_1_677' title='bbox 1123 2188 1332 2224; x_wconf 85' lang='lat' dir='ltr'><strong>quamplurimis</strong></span> <span class='ocrx_word' id='word_1_678' title='bbox 1344 2191 1684 2232; x_wconf 49' lang='lat' dir='ltr'><strong>constatScripturmlocis</strong></span> <span class='ocrx_word' id='word_1_679' title='bbox 1694 2192 1783 2232; x_wconf 53' lang='grc' dir='ltr'><strong>πιθα,</strong></span> 
     </span>
    </p>
   </div>
   <div class='ocr_carea' id='block_1_104' title="bbox 981 2232 1782 2273">
    <p class='ocr_par' dir='ltr' id='par_1_104' title="bbox 981 2232 1782 2273">
     <span class='ocr_line' id='line_1_108' title="bbox 981 2232 1782 2273; baseline 0.01 -14"><span class='ocrx_word' id='word_1_680' title='bbox 981 2239 1040 2266; x_wconf 82' lang='lat' dir='ltr'><strong>mt,</strong></span> <span class='ocrx_word' id='word_1_681' title='bbox 1055 2232 1091 2260; x_wconf 74' lang='lat'><strong>28</strong></span> <span class='ocrx_word' id='word_1_682' title='bbox 1103 2241 1111 2267; x_wconf 87' lang='lat'><strong>;</strong></span> <span class='ocrx_word' id='word_1_683' title='bbox 1124 2233 1216 2268; x_wconf 58' lang='lat' dir='ltr'><strong>Deut,</strong></span> <span class='ocrx_word' id='word_1_684' title='bbox 1231 2241 1286 2268; x_wconf 79' lang='lat' dir='ltr'><strong>xtv.</strong></span> <span class='ocrx_word' id='word_1_685' title='bbox 1303 2236 1316 2264; x_wconf 87' lang='lat' dir='ltr'><strong>l</strong></span> <span class='ocrx_word' id='word_1_686' title='bbox 1331 2243 1339 2269; x_wconf 88' lang='lat'><strong>;</strong></span> <span class='ocrx_word' id='word_1_687' title='bbox 1354 2236 1366 2264; x_wconf 87' lang='grc' dir='ltr'><strong>Ι</strong></span> <span class='ocrx_word' id='word_1_688' title='bbox 1381 2236 1459 2273; x_wconf 71' lang='grc' dir='ltr'><strong>1ης..</strong></span> <span class='ocrx_word' id='word_1_689' title='bbox 1477 2245 1553 2271; x_wconf 79' lang='lat' dir='ltr'><strong>xvm,</strong></span> <span class='ocrx_word' id='word_1_690' title='bbox 1568 2237 1623 2272; x_wconf 70' lang='lat'><strong>28;</strong></span> <span class='ocrx_word' id='word_1_691' title='bbox 1639 2238 1710 2273; x_wconf 80' lang='lat' dir='ltr'><strong>Jer.,</strong></span> <span class='ocrx_word' id='word_1_692' title='bbox 1727 2246 1782 2272; x_wconf 82' lang='lat' dir='ltr'><strong>xvi,</strong></span> 
     </span>
    </p>
   </div>
   <div class='ocr_carea' id='block_1_105' title="bbox 981 2277 1785 2320">
    <p class='ocr_par' dir='ltr' id='par_1_105' title="bbox 981 2277 1785 2320">
     <span class='ocr_line' id='line_1_109' title="bbox 981 2277 1785 2320; baseline 0.009 -14"><span class='ocrx_word' id='word_1_693' title='bbox 981 2277 1008 2306; x_wconf 84' lang='lat'><strong>6.</strong></span> <span class='ocrx_word' id='word_1_694' title='bbox 1018 2278 1058 2306; x_wconf 88' lang='lat' dir='ltr'><strong>lta</strong></span> <span class='ocrx_word' id='word_1_695' title='bbox 1070 2287 1170 2315; x_wconf 88' lang='lat' dir='ltr'><strong>nempe</strong></span> <span class='ocrx_word' id='word_1_696' title='bbox 1184 2280 1306 2316; x_wconf 81' lang='lat' dir='ltr'><strong>Baalitae,</strong></span> <span class='ocrx_word' id='word_1_697' title='bbox 1316 2282 1351 2310; x_wconf 81' lang='lat' dir='ltr'><strong>ita</strong></span> <span class='ocrx_word' id='word_1_698' title='bbox 1365 2282 1436 2311; x_wconf 84' lang='lat' dir='ltr'><strong>Galli</strong></span> <span class='ocrx_word' id='word_1_699' title='bbox 1449 2283 1576 2320; x_wconf 90' lang='lat' dir='ltr'><strong>(quorum</strong></span> <span class='ocrx_word' id='word_1_700' title='bbox 1591 2284 1664 2313; x_wconf 90' lang='lat' dir='ltr'><strong>diem</strong></span> <span class='ocrx_word' id='word_1_701' title='bbox 1677 2292 1785 2313; x_wconf 84' lang='lat' dir='ltr'><strong>sacrum</strong></span> 
     </span>
    </p>
   </div>
   <div class='ocr_carea' id='block_1_106' title="bbox 233 2325 1783 2367">
    <p class='ocr_par' dir='ltr' id='par_1_106' title="bbox 233 2325 1783 2367">
     <span class='ocr_line' id='line_1_110' title="bbox 233 2325 1783 2367; baseline 0.002 -10"><span class='ocrx_word' id='word_1_702' title='bbox 321 2328 517 2366; x_wconf 73' lang='lat' dir='ltr'><strong>sanguinisque</strong></span> <span class='ocrx_word' id='word_1_703' title='bbox 536 2329 710 2365; x_wconf 85' lang='lat' dir='ltr'><strong>baptismum,</strong></span> <span class='ocrx_word' id='word_1_704' title='bbox 725 2330 821 2358; x_wconf 88' lang='lat' dir='ltr'><strong>eodem</strong></span> <span class='ocrx_word' id='word_1_705' title='bbox 837 2330 929 2359; x_wconf 82' lang='lat' dir='ltr'><strong>retulit</strong></span> <span class='ocrx_word' id='word_1_706' title='bbox 941 2331 969 2363; x_wconf 76' lang='grc' dir='ltr'><strong>ι)</strong></span> <span class='ocrx_word' id='word_1_707' title='bbox 981 2332 1009 2352; x_wconf 80' lang='lat' dir='ltr'><strong>Ix</strong></span> <span class='ocrx_word' id='word_1_708' title='bbox 1021 2325 1077 2354; x_wconf 79' lang='lat' dir='ltr'><strong>Ital.</strong></span> <span class='ocrx_word' id='word_1_709' title='bbox 1103 2326 1183 2362; x_wconf 90' lang='lat' dir='ltr'><strong>april.</strong></span> <span class='ocrx_word' id='word_1_710' title='bbox 1207 2335 1288 2364; x_wconf 91' lang='lat' dir='ltr'><strong>quem</strong></span> <span class='ocrx_word' id='word_1_711' title='bbox 1314 2333 1343 2357; x_wconf 89' lang='lat' dir='ltr'><strong>et</strong></span> <span class='ocrx_word' id='word_1_712' title='bbox 1355 2330 1495 2366; x_wconf 86' lang='lat' dir='ltr'><strong>sanguinis</strong></span> <span class='ocrx_word' id='word_1_713' title='bbox 1509 2330 1581 2359; x_wconf 88' lang='lat' dir='ltr'><strong>diem</strong></span> <span class='ocrx_word' id='word_1_714' title='bbox 1600 2331 1783 2367; x_wconf 81' lang='lat' dir='ltr'><strong>appellabant,</strong></span> 
     </span>
    </p>
   </div>
   <div class='ocr_carea' id='block_1_107' title="bbox 982 2373 1785 2414">
    <p class='ocr_par' dir='ltr' id='par_1_107' title="bbox 982 2373 1785 2414">
     <span class='ocr_line' id='line_1_111' title="bbox 982 2373 1785 2414; baseline 0.01 -15"><span class='ocrx_word' id='word_1_715' title='bbox 982 2377 1118 2401; x_wconf 88' lang='lat' dir='ltr'><strong>memorat</strong></span> <span class='ocrx_word' id='word_1_716' title='bbox 1132 2374 1159 2402; x_wconf 90' lang='lat' dir='ltr'><strong>in</strong></span> <span class='ocrx_word' id='word_1_717' title='bbox 1175 2374 1208 2403; x_wconf 83' lang='grc' dir='ltr'><strong>Ι).</strong></span> <span class='ocrx_word' id='word_1_718' title='bbox 1228 2373 1341 2404; x_wconf 86' lang='lat' dir='ltr'><strong>Claudio</strong></span> <span class='ocrx_word' id='word_1_719' title='bbox 1359 2376 1513 2405; x_wconf 86' lang='lat' dir='ltr'><strong>Trebellius</strong></span> <span class='ocrx_word' id='word_1_720' title='bbox 1528 2377 1626 2412; x_wconf 90' lang='lat' dir='ltr'><strong>Pollio,</strong></span> <span class='ocrx_word' id='word_1_721' title='bbox 1642 2385 1785 2414; x_wconf 81' lang='lat' dir='ltr'><strong>perperam</strong></span> 
     </span>
    </p>
   </div>
   <div class='ocr_carea' id='block_1_108' title="bbox 981 2419 1785 2461">
    <p class='ocr_par' dir='ltr' id='par_1_108' title="bbox 981 2419 1785 2461">
     <span class='ocr_line' id='line_1_112' title="bbox 981 2419 1785 2461; baseline 0.009 -15"><span class='ocrx_word' id='word_1_722' title='bbox 981 2419 1055 2447; x_wconf 88' lang='lat' dir='ltr'><strong>enim</strong></span> <span class='ocrx_word' id='word_1_723' title='bbox 1078 2427 1111 2448; x_wconf 89' lang='lat' dir='ltr'><strong>ea</strong></span> <span class='ocrx_word' id='word_1_724' title='bbox 1125 2420 1160 2449; x_wconf 87' lang='lat' dir='ltr'><strong>ad</strong></span> <span class='ocrx_word' id='word_1_725' title='bbox 1183 2420 1324 2450; x_wconf 85' lang='lat' dir='ltr'><strong>Bellonam</strong></span> <span class='ocrx_word' id='word_1_726' title='bbox 1347 2423 1442 2452; x_wconf 88' lang='lat' dir='ltr'><strong>retulit</strong></span> <span class='ocrx_word' id='word_1_727' title='bbox 1466 2423 1652 2458; x_wconf 78' lang='lat' dir='ltr'><strong>CasaubOnus,</strong></span> <span class='ocrx_word' id='word_1_728' title='bbox 1677 2432 1738 2461; x_wconf 62' lang='lat' dir='ltr'><strong>qua:</strong></span> <span class='ocrx_word' id='word_1_729' title='bbox 1750 2425 1785 2453; x_wconf 86' lang='lat' dir='ltr'><strong>ad</strong></span> 
     </span>
    </p>
   </div>
   <div class='ocr_carea' id='block_1_109' title="bbox 980 2469 1786 2508">
    <p class='ocr_par' dir='ltr' id='par_1_109' title="bbox 980 2469 1786 2508">
     <span class='ocr_line' id='line_1_113' title="bbox 980 2469 1786 2508; baseline 0.009 -15"><span class='ocrx_word' id='word_1_730' title='bbox 980 2474 1106 2502; x_wconf 83' lang='lat' dir='ltr'><strong>magnam</strong></span> <span class='ocrx_word' id='word_1_731' title='bbox 1122 2473 1236 2497; x_wconf 83' lang='lat' dir='ltr'><strong>matrem</strong></span> <span class='ocrx_word' id='word_1_732' title='bbox 1251 2469 1311 2505; x_wconf 86' lang='lat' dir='ltr'><strong>ipse</strong></span> <span class='ocrx_word' id='word_1_733' title='bbox 1322 2470 1414 2499; x_wconf 90' lang='lat' dir='ltr'><strong>retulit</strong></span> <span class='ocrx_word' id='word_1_734' title='bbox 1424 2470 1600 2508; x_wconf 82' lang='lat' dir='ltr'><strong>Trebellius),</strong></span> <span class='ocrx_word' id='word_1_735' title='bbox 1614 2471 1651 2499; x_wconf 85' lang='lat' dir='ltr'><strong>ita</strong></span> <span class='ocrx_word' id='word_1_736' title='bbox 1663 2471 1741 2499; x_wconf 85' lang='lat' dir='ltr'><strong>Isiaci</strong></span> <span class='ocrx_word' id='word_1_737' title='bbox 1757 2476 1786 2500; x_wconf 89' lang='lat' dir='ltr'><strong>et</strong></span> 
     </span>
    </p>
   </div>
   <div class='ocr_carea' id='block_1_110' title="bbox 980 2513 1786 2554">
    <p class='ocr_par' dir='ltr' id='par_1_110' title="bbox 980 2513 1786 2554">
     <span class='ocr_line' id='line_1_114' title="bbox 980 2513 1786 2554; baseline 0.006 -12"><span class='ocrx_word' id='word_1_738' title='bbox 980 2513 1095 2550; x_wconf 79' lang='lat' dir='ltr'><strong>Luperci</strong></span> <span class='ocrx_word' id='word_1_739' title='bbox 1107 2514 1198 2552; x_wconf 74' lang='lat' dir='ltr'><strong>ﬂagris</strong></span> <span class='ocrx_word' id='word_1_740' title='bbox 1214 2523 1276 2545; x_wconf 85' lang='lat' dir='ltr'><strong>sese</strong></span> <span class='ocrx_word' id='word_1_741' title='bbox 1294 2522 1469 2554; x_wconf 86' lang='lat' dir='ltr'><strong>pectorumve</strong></span> <span class='ocrx_word' id='word_1_742' title='bbox 1480 2518 1651 2547; x_wconf 82' lang='lat' dir='ltr'><strong>lunsionibus</strong></span> <span class='ocrx_word' id='word_1_743' title='bbox 1665 2518 1736 2547; x_wconf 84' lang='lat' dir='ltr'><strong>male</strong></span> <span class='ocrx_word' id='word_1_744' title='bbox 1750 2519 1786 2547; x_wconf 89' lang='lat' dir='ltr'><strong>ad</strong></span> 
     </span>
    </p>
   </div>
   <div class='ocr_carea' id='block_1_111' title="bbox 980 2558 1790 2603">
    <p class='ocr_par' dir='ltr' id='par_1_111' title="bbox 980 2558 1790 2603">
     <span class='ocr_line' id='line_1_115' title="bbox 980 2558 1790 2603; baseline 0.007 -15"><span class='ocrx_word' id='word_1_745' title='bbox 980 2561 1119 2597; x_wconf 80' lang='lat' dir='ltr'><strong>sanguinis</strong></span> <span class='ocrx_word' id='word_1_746' title='bbox 1131 2562 1289 2592; x_wconf 86' lang='lat' dir='ltr'><strong>missionem</strong></span> <span class='ocrx_word' id='word_1_747' title='bbox 1299 2558 1385 2600; x_wconf 85' lang='lat' dir='ltr'><strong>usque</strong></span> <span class='ocrx_word' id='word_1_748' title='bbox 1396 2565 1673 2595; x_wconf 76' lang='lat' dir='ltr'><strong>mulctamesJSodem</strong></span> <span class='ocrx_word' id='word_1_749' title='bbox 1681 2566 1790 2603; x_wconf 38' lang='lat' dir='ltr'><strong>scilicet,</strong></span> 
     </span>
    </p>
   </div>
   <div class='ocr_carea' id='block_1_112' title="bbox 979 2608 1784 2647">
    <p class='ocr_par' dir='ltr' id='par_1_112' title="bbox 979 2608 1784 2647">
     <span class='ocr_line' id='line_1_116' title="bbox 979 2608 1784 2647; baseline 0.007 -12"><span class='ocrx_word' id='word_1_750' title='bbox 979 2608 1106 2644; x_wconf 79' lang='lat' dir='ltr'><strong>exemplo</strong></span> <span class='ocrx_word' id='word_1_751' title='bbox 1129 2616 1184 2645; x_wconf 89' lang='lat' dir='ltr'><strong>quo</strong></span> <span class='ocrx_word' id='word_1_752' title='bbox 1208 2617 1257 2638; x_wconf 84' lang='lat' dir='ltr'><strong>sua</strong></span> <span class='ocrx_word' id='word_1_753' title='bbox 1271 2618 1379 2647; x_wconf 87' lang='lat' dir='ltr'><strong>quoque</strong></span> <span class='ocrx_word' id='word_1_754' title='bbox 1402 2619 1464 2640; x_wconf 88' lang='lat' dir='ltr'><strong>cum</strong></span> <span class='ocrx_word' id='word_1_755' title='bbox 1489 2612 1658 2641; x_wconf 69' lang='lat' dir='ltr'><strong>daamonibus</strong></span> <span class='ocrx_word' id='word_1_756' title='bbox 1681 2612 1784 2641; x_wconf 72' lang='lat' dir='ltr'><strong>findere</strong></span> 
     </span>
    </p>
   </div>
   <div class='ocr_carea' id='block_1_113' title="bbox 980 2654 1716 2694">
    <p class='ocr_par' dir='ltr' id='par_1_113' title="bbox 980 2654 1716 2694">
     <span class='ocr_line' id='line_1_117' title="bbox 980 2654 1716 2694; baseline 0.005 -11"><span class='ocrx_word' id='word_1_757' title='bbox 980 2654 1115 2684; x_wconf 66' lang='lat' dir='ltr'><strong>Veneﬁca</strong></span> <span class='ocrx_word' id='word_1_758' title='bbox 1128 2657 1210 2685; x_wconf 87' lang='lat' dir='ltr'><strong>etiam</strong></span> <span class='ocrx_word' id='word_1_759' title='bbox 1220 2658 1353 2694; x_wconf 81' lang='lat' dir='ltr'><strong>sanguine</strong></span> <span class='ocrx_word' id='word_1_760' title='bbox 1365 2658 1495 2688; x_wconf 89' lang='lat' dir='ltr'><strong>dicuntur</strong></span> <span class='ocrx_word' id='word_1_761' title='bbox 1506 2659 1587 2687; x_wconf 88' lang='lat' dir='ltr'><strong>hodie</strong></span> <span class='ocrx_word' id='word_1_762' title='bbox 1598 2659 1716 2688; x_wconf 84' lang='lat' dir='ltr'><strong>sancire.</strong></span> 
     </span>
    </p>
   </div>
   <div class='ocr_carea' id='block_1_114' title="bbox 1016 2701 1785 2742">
    <p class='ocr_par' dir='ltr' id='par_1_114' title="bbox 1016 2701 1785 2742">
     <span class='ocr_line' id='line_1_118' title="bbox 1016 2701 1785 2742; baseline 0.005 -12"><span class='ocrx_word' id='word_1_763' title='bbox 1016 2701 1030 2739; x_wconf 69' lang='grc' dir='ltr'><strong><em>ς</em></strong></span> <span class='ocrx_word' id='word_1_764' title='bbox 1044 2702 1128 2730; x_wconf 78' lang='lat' dir='ltr'><strong>l8.—</strong></span> <span class='ocrx_word' id='word_1_765' title='bbox 1137 2702 1231 2740; x_wconf 84' lang='lat' dir='ltr'><strong>Neque</strong></span> <span class='ocrx_word' id='word_1_766' title='bbox 1240 2711 1305 2732; x_wconf 91' lang='lat' dir='ltr'><strong>vero</strong></span> <span class='ocrx_word' id='word_1_767' title='bbox 1316 2705 1455 2734; x_wconf 88' lang='lat' dir='ltr'><strong>initiorum</strong></span> <span class='ocrx_word' id='word_1_768' title='bbox 1468 2706 1609 2734; x_wconf 76' lang='lat' dir='ltr'><strong>dumtaxat</strong></span> <span class='ocrx_word' id='word_1_769' title='bbox 1621 2706 1709 2734; x_wconf 83' lang='lat' dir='ltr'><strong>vicem</strong></span> <span class='ocrx_word' id='word_1_770' title='bbox 1719 2714 1785 2742; x_wconf 89' lang='lat' dir='ltr'><strong>sup-</strong></span> 
     </span>
    </p>
   </div>
   <div class='ocr_carea' id='block_1_115' title="bbox 981 2748 1786 2787">
    <p class='ocr_par' dir='ltr' id='par_1_115' title="bbox 981 2748 1786 2787">
     <span class='ocr_line' id='line_1_119' title="bbox 981 2748 1786 2787; baseline 0.006 -11"><span class='ocrx_word' id='word_1_771' title='bbox 981 2748 1071 2784; x_wconf 86' lang='lat' dir='ltr'><strong>plebat</strong></span> <span class='ocrx_word' id='word_1_772' title='bbox 1097 2749 1268 2786; x_wconf 84' lang='lat' dir='ltr'><strong>baptismus,</strong></span> <span class='ocrx_word' id='word_1_773' title='bbox 1296 2751 1368 2787; x_wconf 89' lang='lat' dir='ltr'><strong>pacti</strong></span> <span class='ocrx_word' id='word_1_774' title='bbox 1386 2752 1467 2779; x_wconf 83' lang='lat' dir='ltr'><strong>etiam</strong></span> <span class='ocrx_word' id='word_1_775' title='bbox 1492 2752 1566 2779; x_wconf 85' lang='lat' dir='ltr'><strong>illam</strong></span> <span class='ocrx_word' id='word_1_776' title='bbox 1585 2751 1734 2780; x_wconf 84' lang='lat' dir='ltr'><strong>obtinebat.</strong></span> <span class='ocrx_word' id='word_1_777' title='bbox 1748 2753 1786 2781; x_wconf 85' lang='lat' dir='ltr'><strong>At</strong></span> 
     </span>
    </p>
   </div>
   <div class='ocr_carea' id='block_1_116' title="bbox 980 2794 1784 2833">
    <p class='ocr_par' dir='ltr' id='par_1_116' title="bbox 980 2794 1784 2833">
     <span class='ocr_line' id='line_1_120' title="bbox 980 2794 1784 2833; baseline 0.006 -11"><span class='ocrx_word' id='word_1_778' title='bbox 980 2794 1174 2830; x_wconf 82' lang='lat' dir='ltr'><strong>paciscentium</strong></span> <span class='ocrx_word' id='word_1_779' title='bbox 1187 2804 1295 2833; x_wconf 90' lang='lat' dir='ltr'><strong>quoque</strong></span> <span class='ocrx_word' id='word_1_780' title='bbox 1309 2805 1368 2825; x_wconf 88' lang='lat' dir='ltr'><strong>mos</strong></span> <span class='ocrx_word' id='word_1_781' title='bbox 1380 2802 1439 2826; x_wconf 86' lang='lat' dir='ltr'><strong>erat</strong></span> <span class='ocrx_word' id='word_1_782' title='bbox 1453 2805 1503 2825; x_wconf 90' lang='lat' dir='ltr'><strong>suo</strong></span> <span class='ocrx_word' id='word_1_783' title='bbox 1517 2797 1636 2826; x_wconf 86' lang='lat' dir='ltr'><strong>invicem</strong></span> <span class='ocrx_word' id='word_1_784' title='bbox 1650 2798 1784 2833; x_wconf 86' lang='lat' dir='ltr'><strong>sanguine</strong></span> 
     </span>
    </p>
   </div>
   <div class='ocr_carea' id='block_1_117' title="bbox 979 2834 1785 2880">
    <p class='ocr_par' dir='ltr' id='par_1_117' title="bbox 979 2834 1785 2880">
     <span class='ocr_line' id='line_1_121' title="bbox 979 2834 1785 2880; baseline 0.005 -11"><span class='ocrx_word' id='word_1_785' title='bbox 979 2840 1083 2870; x_wconf 68' lang='lat' dir='ltr'><strong>hedera</strong></span> <span class='ocrx_word' id='word_1_786' title='bbox 1105 2843 1222 2871; x_wconf 84' lang='lat' dir='ltr'><strong>sancire.</strong></span> <span class='ocrx_word' id='word_1_787' title='bbox 1238 2843 1277 2871; x_wconf 86' lang='lat' dir='ltr'><strong>lla</strong></span> <span class='ocrx_word' id='word_1_788' title='bbox 1299 2834 1535 2872; x_wconf 85' lang='lat' dir='ltr'><strong>circumcisionem</strong></span> <span class='ocrx_word' id='word_1_789' title='bbox 1557 2850 1634 2871; x_wconf 89' lang='lat' dir='ltr'><strong>suam</strong></span> <span class='ocrx_word' id='word_1_790' title='bbox 1648 2843 1785 2880; x_wconf 82' lang='lat' dir='ltr'><strong>intellige-</strong></span> 
     </span>
    </p>
   </div>
   <div class='ocr_carea' id='block_1_118' title="bbox 980 2888 1783 2926">
    <p class='ocr_par' dir='ltr' id='par_1_118' title="bbox 980 2888 1783 2926">
     <span class='ocr_line' id='line_1_122' title="bbox 980 2888 1783 2926; baseline 0.001 -9"><span class='ocrx_word' id='word_1_791' title='bbox 980 2888 1045 2917; x_wconf 86' lang='lat' dir='ltr'><strong>bant</strong></span> <span class='ocrx_word' id='word_1_792' title='bbox 1058 2888 1155 2917; x_wconf 67' lang='lat' dir='ltr'><strong>ludati.</strong></span> <span class='ocrx_word' id='word_1_793' title='bbox 1167 2888 1244 2917; x_wconf 84' lang='lat' dir='ltr'><strong>Unde</strong></span> <span class='ocrx_word' id='word_1_794' title='bbox 1262 2889 1344 2918; x_wconf 90' lang='lat' dir='ltr'><strong>etiam</strong></span> <span class='ocrx_word' id='word_1_795' title='bbox 1367 2889 1412 2926; x_wconf 89' lang='lat' dir='ltr'><strong>qui</strong></span> <span class='ocrx_word' id='word_1_796' title='bbox 1425 2893 1505 2925; x_wconf 87' lang='lat' dir='ltr'><strong>pacto</strong></span> <span class='ocrx_word' id='word_1_797' title='bbox 1526 2889 1647 2917; x_wconf 88' lang='lat' dir='ltr'><strong>mosaico</strong></span> <span class='ocrx_word' id='word_1_798' title='bbox 1660 2896 1712 2924; x_wconf 80' lang='lat' dir='ltr'><strong>per</strong></span> <span class='ocrx_word' id='word_1_799' title='bbox 1724 2897 1783 2918; x_wconf 89' lang='lat' dir='ltr'><strong>san-</strong></span> 
     </span>
    </p>
   </div>
   <div class='ocr_carea' id='block_1_119' title="bbox 979 2933 1786 2972">
    <p class='ocr_par' dir='ltr' id='par_1_119' title="bbox 979 2933 1786 2972">
     <span class='ocr_line' id='line_1_123' title="bbox 979 2933 1786 2972; baseline 0 -7"><span class='ocrx_word' id='word_1_800' title='bbox 979 2935 1091 2972; x_wconf 79' lang='lat' dir='ltr'><strong>guinem</strong></span> <span class='ocrx_word' id='word_1_801' title='bbox 1107 2935 1229 2967; x_wconf 81' lang='lat' dir='ltr'><strong>initiatus</strong></span> <span class='ocrx_word' id='word_1_802' title='bbox 1240 2936 1346 2972; x_wconf 83' lang='lat' dir='ltr'><strong>fuisset,</strong></span> <span class='ocrx_word' id='word_1_803' title='bbox 1358 2943 1429 2972; x_wconf 89' lang='lat' dir='ltr'><strong>eum,</strong></span> <span class='ocrx_word' id='word_1_804' title='bbox 1441 2943 1490 2972; x_wconf 86' lang='lat' dir='ltr'><strong>pro</strong></span> <span class='ocrx_word' id='word_1_805' title='bbox 1503 2935 1620 2971; x_wconf 81' lang='lat' dir='ltr'><strong>receptis</strong></span> <span class='ocrx_word' id='word_1_806' title='bbox 1630 2933 1786 2965; x_wconf 73' lang='lat' dir='ltr'><strong>Judarorum</strong></span> 
     </span>
    </p>
   </div>
  </div>
