  <div class='ocr_page' id='page_1' title='image "/cluster/home/n/w/nwhite01/storage/ocr_20150623/5/uva.x000826532/043.png"; bbox 0 0 3888 6350; ppageno 0'>
   <div class='ocr_carea' id='block_1_1' title="bbox 396 338 3702 423">
    <p class='ocr_par' dir='ltr' id='par_1_1' title="bbox 396 338 3702 423">
     <span class='ocr_line' id='line_1_1' title="bbox 396 338 3702 423; baseline 0.006 -20"><span class='ocrx_word' id='word_1_1' title='bbox 396 338 466 404; x_wconf 71' lang='grc'><strong>69</strong></span> <span class='ocrx_word' id='word_1_2' title='bbox 1388 349 1758 410; x_wconf 85' lang='lat' dir='ltr'><strong>DODWELLI</strong></span> <span class='ocrx_word' id='word_1_3' title='bbox 1797 351 2251 412; x_wconf 79' lang='lat' dir='ltr'><strong>DISSERTATIO</strong></span> <span class='ocrx_word' id='word_1_4' title='bbox 2285 353 2706 417; x_wconf 81' lang='lat' dir='ltr'><strong>CYPRIANICA</strong></span> <span class='ocrx_word' id='word_1_5' title='bbox 3634 368 3702 423; x_wconf 70' lang='lat'><strong>(£0</strong></span> 
     </span>
    </p>
   </div>
   <div class='ocr_carea' id='block_1_2' title="bbox 395 462 3707 550">
    <p class='ocr_par' dir='ltr' id='par_1_2' title="bbox 395 462 3707 550">
     <span class='ocr_line' id='line_1_2' title="bbox 395 462 3707 550; baseline 0.003 -28"><span class='ocrx_word' id='word_1_6' title='bbox 395 481 518 522; x_wconf 88' lang='lat' dir='ltr'><strong>esse</strong></span> <span class='ocrx_word' id='word_1_7' title='bbox 549 479 708 521; x_wconf 89' lang='lat' dir='ltr'><strong>nemo</strong></span> <span class='ocrx_word' id='word_1_8' title='bbox 734 462 960 521; x_wconf 89' lang='lat' dir='ltr'><strong>dubitet.</strong></span> <span class='ocrx_word' id='word_1_9' title='bbox 994 464 1071 520; x_wconf 84' lang='lat' dir='ltr'><strong>Ea</strong></span> <span class='ocrx_word' id='word_1_10' title='bbox 1101 474 1280 523; x_wconf 90' lang='lat' dir='ltr'><strong>autem</strong></span> <span class='ocrx_word' id='word_1_11' title='bbox 1317 467 1429 538; x_wconf 90' lang='lat' dir='ltr'><strong>ipsa</strong></span> <span class='ocrx_word' id='word_1_12' title='bbox 1461 470 1664 538; x_wconf 86' lang='lat' dir='ltr'><strong>passio,</strong></span> <span class='ocrx_word' id='word_1_13' title='bbox 1701 484 1798 538; x_wconf 91' lang='lat' dir='ltr'><strong>pro</strong></span> <span class='ocrx_word' id='word_1_14' title='bbox 1841 483 1992 524; x_wconf 90' lang='lat' dir='ltr'><strong>more</strong></span> <span class='ocrx_word' id='word_1_15' title='bbox 2021 472 2073 530; x_wconf 81' lang='grc' dir='ltr'><strong>Α</strong></span> <span class='ocrx_word' id='word_1_16' title='bbox 2099 468 2303 540; x_wconf 80' lang='lat' dir='ltr'><strong>Nempe</strong></span> <span class='ocrx_word' id='word_1_17' title='bbox 2369 472 2508 528; x_wconf 90' lang='lat' dir='ltr'><strong>inter</strong></span> <span class='ocrx_word' id='word_1_18' title='bbox 2555 473 2690 528; x_wconf 91' lang='lat' dir='ltr'><strong>alios</strong></span> <span class='ocrx_word' id='word_1_19' title='bbox 2745 473 2952 530; x_wconf 57' lang='lat' dir='ltr'><strong>Messias</strong></span> <span class='ocrx_word' id='word_1_20' title='bbox 3029 477 3244 544; x_wconf 88' lang='lat' dir='ltr'><strong>titulos,</strong></span> <span class='ocrx_word' id='word_1_21' title='bbox 3299 480 3498 550; x_wconf 80' lang='lat' dir='ltr'><strong>quibus</strong></span> <span class='ocrx_word' id='word_1_22' title='bbox 3548 465 3707 534; x_wconf 82' lang='lat' dir='ltr'><strong>illum</strong></span> 
     </span>
    </p>
   </div>
   <div class='ocr_carea' id='block_1_3' title="bbox 396 559 1989 630">
    <p class='ocr_par' dir='ltr' id='par_1_3' title="bbox 396 559 1989 630">
     <span class='ocr_line' id='line_1_3' title="bbox 396 559 1989 630; baseline -0.003 -14"><span class='ocrx_word' id='word_1_23' title='bbox 396 560 556 616; x_wconf 86' lang='lat' dir='ltr'><strong>etiam</strong></span> <span class='ocrx_word' id='word_1_24' title='bbox 599 560 920 629; x_wconf 90' lang='lat' dir='ltr'><strong>scriptorum</strong></span> <span class='ocrx_word' id='word_1_25' title='bbox 967 573 1268 625; x_wconf 88' lang='lat' dir='ltr'><strong>sacrorum,</strong></span> <span class='ocrx_word' id='word_1_26' title='bbox 1306 561 1619 630; x_wconf 77' lang='lat' dir='ltr'><strong>martyrium</strong></span> <span class='ocrx_word' id='word_1_27' title='bbox 1667 559 1989 629; x_wconf 73' lang='lat' dir='ltr'><strong>appellatur.</strong></span> 
     </span>
    </p>
   </div>
   <div class='ocr_carea' id='block_1_4' title="bbox 396 651 1994 729">
    <p class='ocr_par' dir='ltr' id='par_1_4' title="bbox 396 651 1994 729">
     <span class='ocr_line' id='line_1_4' title="bbox 396 651 1994 729; baseline 0.001 -23"><span class='ocrx_word' id='word_1_28' title='bbox 396 651 525 707; x_wconf 85' lang='lat' dir='ltr'><strong>Inde</strong></span> <span class='ocrx_word' id='word_1_29' title='bbox 569 661 624 706; x_wconf 90' lang='lat' dir='ltr'><strong>et</strong></span> <span class='ocrx_word' id='word_1_30' title='bbox 664 652 778 721; x_wconf 91' lang='lat' dir='ltr'><strong>ipse</strong></span> <span class='ocrx_word' id='word_1_31' title='bbox 817 651 1074 705; x_wconf 81' lang='lat' dir='ltr'><strong>Dominus</strong></span> <span class='ocrx_word' id='word_1_32' title='bbox 1104 655 1306 729; x_wconf 80' lang='grc' dir='ltr'><strong>μάρτυς</strong></span> <span class='ocrx_word' id='word_1_33' title='bbox 1352 653 1377 707; x_wconf 87' lang='grc' dir='ltr'>ὁ</span> <span class='ocrx_word' id='word_1_34' title='bbox 1423 655 1608 712; x_wconf 80' lang='grc' dir='ltr'><strong>πιστὸς</strong></span> <span class='ocrx_word' id='word_1_35' title='bbox 1656 656 1742 707; x_wconf 81' lang='grc' dir='ltr'><strong>καὶ</strong></span> <span class='ocrx_word' id='word_1_36' title='bbox 1771 653 1994 717; x_wconf 77' lang='grc' dir='ltr'><strong>ἀληθινὸς</strong></span> 
     </span>
    </p>
   </div>
   <div class='ocr_carea' id='block_1_5' title="bbox 397 742 1989 818">
    <p class='ocr_par' dir='ltr' id='par_1_5' title="bbox 397 742 1989 818">
     <span class='ocr_line' id='line_1_5' title="bbox 397 742 1989 818; baseline 0.002 -22"><span class='ocrx_word' id='word_1_37' title='bbox 397 743 659 816; x_wconf 79' lang='lat' dir='ltr'><strong>(Apocal.,</strong></span> <span class='ocrx_word' id='word_1_38' title='bbox 687 759 723 809; x_wconf 89' lang='lat' dir='ltr'><strong>t,</strong></span> <span class='ocrx_word' id='word_1_39' title='bbox 767 743 800 798; x_wconf 86' lang='lat'><strong>5</strong></span> <span class='ocrx_word' id='word_1_40' title='bbox 825 759 840 808; x_wconf 88' lang='lat'><strong>;</strong></span> <span class='ocrx_word' id='word_1_41' title='bbox 873 759 951 807; x_wconf 86' lang='lat' dir='ltr'><strong>Ill,</strong></span> <span class='ocrx_word' id='word_1_42' title='bbox 986 742 1076 812; x_wconf 76' lang='grc'><strong>14)</strong></span> <span class='ocrx_word' id='word_1_43' title='bbox 1104 743 1299 798; x_wconf 91' lang='lat' dir='ltr'><strong>dicitur</strong></span> <span class='ocrx_word' id='word_1_44' title='bbox 1325 752 1378 797; x_wconf 90' lang='lat' dir='ltr'><strong>et</strong></span> <span class='ocrx_word' id='word_1_45' title='bbox 1401 753 1736 818; x_wconf 79' lang='grc' dir='ltr'><strong>μαρτυρῆσαι</strong></span> <span class='ocrx_word' id='word_1_46' title='bbox 1762 746 1847 799; x_wconf 72' lang='lat' dir='ltr'><strong>im</strong></span> <span class='ocrx_word' id='word_1_47' title='bbox 1867 757 1989 800; x_wconf 73' lang='grc' dir='ltr'><strong>Πονο</strong></span> 
     </span>
    </p>
   </div>
   <div class='ocr_carea' id='block_1_6' title="bbox 395 833 1993 909">
    <p class='ocr_par' dir='ltr' id='par_1_6' title="bbox 395 833 1993 909">
     <span class='ocr_line' id='line_1_6' title="bbox 395 833 1993 909; baseline 0.001 -19"><span class='ocrx_word' id='word_1_48' title='bbox 395 839 507 894; x_wconf 63' lang='lat' dir='ltr'><strong>rion</strong></span> <span class='ocrx_word' id='word_1_49' title='bbox 529 838 742 892; x_wconf 79' lang='grc' dir='ltr'><strong>Πιλάτου</strong></span> <span class='ocrx_word' id='word_1_50' title='bbox 765 841 854 895; x_wconf 77' lang='grc' dir='ltr'><strong>τήν</strong></span> <span class='ocrx_word' id='word_1_51' title='bbox 875 837 1030 895; x_wconf 77' lang='grc' dir='ltr'>καλὴν</span> <span class='ocrx_word' id='word_1_52' title='bbox 1061 835 1325 909; x_wconf 73' lang='grc' dir='ltr'>ὁμολογίαν</span> <span class='ocrx_word' id='word_1_53' title='bbox 1355 835 1396 906; x_wconf 84' lang='grc' dir='ltr'><strong>(Ι</strong></span> <span class='ocrx_word' id='word_1_54' title='bbox 1424 833 1586 901; x_wconf 76' lang='grc' dir='ltr'><strong><em>Τὶηιο,</em></strong></span> <span class='ocrx_word' id='word_1_55' title='bbox 1618 851 1689 899; x_wconf 72' lang='grc' dir='ltr'>γι,</span> <span class='ocrx_word' id='word_1_56' title='bbox 1722 837 1835 905; x_wconf 74' lang='grc'><strong>15).</strong></span> <span class='ocrx_word' id='word_1_57' title='bbox 1863 837 1993 904; x_wconf 73' lang='lat' dir='ltr'><strong>Qua:</strong></span> 
     </span>
    </p>
   </div>
   <div class='ocr_carea' id='block_1_7' title="bbox 396 928 1992 999">
    <p class='ocr_par' dir='ltr' id='par_1_7' title="bbox 396 928 1992 999">
     <span class='ocr_line' id='line_1_7' title="bbox 396 928 1992 999; baseline 0.003 -19"><span class='ocrx_word' id='word_1_58' title='bbox 396 929 558 984; x_wconf 85' lang='lat' dir='ltr'><strong>verba</strong></span> <span class='ocrx_word' id='word_1_59' title='bbox 587 930 765 983; x_wconf 84' lang='lat' dir='ltr'><strong>omnia</strong></span> <span class='ocrx_word' id='word_1_60' title='bbox 791 928 1121 999; x_wconf 89' lang='lat' dir='ltr'><strong>martyrium,</strong></span> <span class='ocrx_word' id='word_1_61' title='bbox 1150 943 1247 998; x_wconf 93' lang='lat' dir='ltr'><strong>pro</strong></span> <span class='ocrx_word' id='word_1_62' title='bbox 1276 929 1543 998; x_wconf 65' lang='lat' dir='ltr'><strong>prirnzevze</strong></span> <span class='ocrx_word' id='word_1_63' title='bbox 1572 929 1829 984; x_wconf 65' lang='lat' dir='ltr'><strong>Ecclesiae</strong></span> <span class='ocrx_word' id='word_1_64' title='bbox 1855 931 1992 984; x_wconf 86' lang='lat' dir='ltr'><strong>idio-</strong></span> 
     </span>
    </p>
   </div>
   <div class='ocr_carea' id='block_1_8' title="bbox 395 1019 1989 1092">
    <p class='ocr_par' dir='ltr' id='par_1_8' title="bbox 395 1019 1989 1092">
     <span class='ocr_line' id='line_1_8' title="bbox 395 1019 1989 1092; baseline 0.001 -16"><span class='ocrx_word' id='word_1_65' title='bbox 395 1029 539 1077; x_wconf 79' lang='lat' dir='ltr'><strong>male</strong></span> <span class='ocrx_word' id='word_1_66' title='bbox 558 1064 575 1091; x_wconf 83' lang='lat'><strong>,</strong></span> <span class='ocrx_word' id='word_1_67' title='bbox 603 1021 902 1092; x_wconf 85' lang='lat' dir='ltr'><strong>designant.</strong></span> <span class='ocrx_word' id='word_1_68' title='bbox 931 1019 1140 1090; x_wconf 86' lang='lat' dir='ltr'><strong>Nequid</strong></span> <span class='ocrx_word' id='word_1_69' title='bbox 1166 1030 1348 1074; x_wconf 89' lang='lat' dir='ltr'><strong>autem</strong></span> <span class='ocrx_word' id='word_1_70' title='bbox 1377 1020 1476 1088; x_wconf 26' lang='lat' dir='ltr'><strong>hic,</strong></span> <span class='ocrx_word' id='word_1_71' title='bbox 1513 1021 1581 1074; x_wconf 90' lang='lat' dir='ltr'><strong>ab</strong></span> <span class='ocrx_word' id='word_1_72' title='bbox 1608 1023 1989 1078; x_wconf 76' lang='lat' dir='ltr'><strong>ecclesiasticis</strong></span> 
     </span>
    </p>
   </div>
   <div class='ocr_carea' id='block_1_9' title="bbox 395 1111 1989 1185">
    <p class='ocr_par' dir='ltr' id='par_1_9' title="bbox 395 1111 1989 1185">
     <span class='ocr_line' id='line_1_9' title="bbox 395 1111 1989 1185; baseline -0.001 -15"><span class='ocrx_word' id='word_1_73' title='bbox 395 1114 688 1170; x_wconf 82' lang='lat' dir='ltr'><strong>conﬁctam</strong></span> <span class='ocrx_word' id='word_1_74' title='bbox 741 1111 1083 1176; x_wconf 90' lang='lat' dir='ltr'><strong>arbitremur,</strong></span> <span class='ocrx_word' id='word_1_75' title='bbox 1118 1111 1279 1166; x_wconf 90' lang='lat' dir='ltr'><strong>etiam</strong></span> <span class='ocrx_word' id='word_1_76' title='bbox 1308 1113 1480 1180; x_wconf 82' lang='lat' dir='ltr'><strong>ipsam</strong></span> <span class='ocrx_word' id='word_1_77' title='bbox 1530 1114 1774 1185; x_wconf 82' lang='lat' dir='ltr'><strong>martyrii</strong></span> <span class='ocrx_word' id='word_1_78' title='bbox 1803 1129 1989 1169; x_wconf 74' lang='lat' dir='ltr'><strong>vocem</strong></span> 
     </span>
    </p>
   </div>
   <div class='ocr_carea' id='block_1_10' title="bbox 395 1202 1988 1276">
    <p class='ocr_par' dir='ltr' id='par_1_10' title="bbox 395 1202 1988 1276">
     <span class='ocr_line' id='line_1_10' title="bbox 395 1202 1988 1276; baseline -0.003 -16"><span class='ocrx_word' id='word_1_79' title='bbox 395 1204 788 1276; x_wconf 86' lang='lat' dir='ltr'><strong>signiﬁcatione</strong></span> <span class='ocrx_word' id='word_1_80' title='bbox 841 1202 1206 1258; x_wconf 86' lang='lat' dir='ltr'><strong>ecclesiastica</strong></span> <span class='ocrx_word' id='word_1_81' title='bbox 1260 1214 1520 1273; x_wconf 91' lang='lat' dir='ltr'><strong>usurpant</strong></span> <span class='ocrx_word' id='word_1_82' title='bbox 1555 1218 1726 1259; x_wconf 80' lang='lat' dir='ltr'><strong>sacra:</strong></span> <span class='ocrx_word' id='word_1_83' title='bbox 1778 1205 1988 1258; x_wconf 70' lang='lat' dir='ltr'><strong>litterm.</strong></span> 
     </span>
    </p>
   </div>
   <div class='ocr_carea' id='block_1_11' title="bbox 397 1292 1991 1375">
    <p class='ocr_par' dir='ltr' id='par_1_11' title="bbox 397 1292 1991 1375">
     <span class='ocr_line' id='line_1_11' title="bbox 397 1292 1991 1375; baseline -0.001 -25"><span class='ocrx_word' id='word_1_84' title='bbox 397 1297 469 1352; x_wconf 89' lang='lat' dir='ltr'><strong>lta</strong></span> <span class='ocrx_word' id='word_1_85' title='bbox 488 1298 692 1370; x_wconf 80' lang='grc' dir='ltr'><strong>μάρτυς</strong></span> <span class='ocrx_word' id='word_1_86' title='bbox 709 1292 1010 1364; x_wconf 91' lang='lat' dir='ltr'><strong>Stephanus</strong></span> <span class='ocrx_word' id='word_1_87' title='bbox 1024 1293 1185 1365; x_wconf 82' lang='lat' dir='ltr'><strong>(Act.,</strong></span> <span class='ocrx_word' id='word_1_88' title='bbox 1205 1309 1334 1358; x_wconf 80' lang='lat' dir='ltr'><strong>xm,</strong></span> <span class='ocrx_word' id='word_1_89' title='bbox 1349 1294 1530 1375; x_wconf 35' lang='lat' dir='ltr'><strong>20),.et</strong></span> <span class='ocrx_word' id='word_1_90' title='bbox 1549 1297 1748 1371; x_wconf 79' lang='grc' dir='ltr'><strong>μάρτυς</strong></span> <span class='ocrx_word' id='word_1_91' title='bbox 1766 1296 1790 1350; x_wconf 89' lang='grc' dir='ltr'><strong>ὁ</strong></span> <span class='ocrx_word' id='word_1_92' title='bbox 1808 1297 1991 1357; x_wconf 80' lang='grc' dir='ltr'><strong>πιστὸς</strong></span> 
     </span>
    </p>
   </div>
   <div class='ocr_carea' id='block_1_12' title="bbox 398 1389 1990 1461">
    <p class='ocr_par' dir='ltr' id='par_1_12' title="bbox 398 1389 1990 1461">
     <span class='ocr_line' id='line_1_12' title="bbox 398 1389 1990 1461; baseline -0.001 -15"><span class='ocrx_word' id='word_1_93' title='bbox 398 1390 629 1460; x_wconf 87' lang='lat' dir='ltr'><strong>Antipas</strong></span> <span class='ocrx_word' id='word_1_94' title='bbox 663 1389 924 1460; x_wconf 83' lang='lat' dir='ltr'><strong>(Apocat.,</strong></span> <span class='ocrx_word' id='word_1_95' title='bbox 964 1405 1022 1456; x_wconf 88' lang='lat' dir='ltr'><strong>ll,</strong></span> <span class='ocrx_word' id='word_1_96' title='bbox 1060 1389 1171 1461; x_wconf 77' lang='lat' dir='ltr'><strong>l5),</strong></span> <span class='ocrx_word' id='word_1_97' title='bbox 1218 1405 1338 1460; x_wconf 74' lang='lat' dir='ltr'><strong>quae</strong></span> <span class='ocrx_word' id='word_1_98' title='bbox 1363 1390 1550 1445; x_wconf 84' lang='lat' dir='ltr'><strong>eadem</strong></span> <span class='ocrx_word' id='word_1_99' title='bbox 1584 1390 1810 1444; x_wconf 88' lang='lat' dir='ltr'><strong>Domino</strong></span> <span class='ocrx_word' id='word_1_100' title='bbox 1837 1401 1990 1444; x_wconf 85' lang='lat' dir='ltr'><strong>antea</strong></span> 
     </span>
    </p>
   </div>
   <div class='ocr_carea' id='block_1_13' title="bbox 395 1482 1991 1564">
    <p class='ocr_par' dir='ltr' id='par_1_13' title="bbox 395 1482 1991 1564">
     <span class='ocr_line' id='line_1_13' title="bbox 395 1482 1991 1564; baseline 0.001 -28"><span class='ocrx_word' id='word_1_101' title='bbox 395 1482 674 1549; x_wconf 84' lang='lat' dir='ltr'><strong>tribuerat,</strong></span> <span class='ocrx_word' id='word_1_102' title='bbox 711 1492 767 1536; x_wconf 94' lang='lat' dir='ltr'><strong>ut</strong></span> <span class='ocrx_word' id='word_1_103' title='bbox 818 1482 1070 1548; x_wconf 83' lang='lat' dir='ltr'><strong>vidimus,</strong></span> <span class='ocrx_word' id='word_1_104' title='bbox 1107 1493 1296 1538; x_wconf 88' lang='lat' dir='ltr'><strong>auctor</strong></span> <span class='ocrx_word' id='word_1_105' title='bbox 1319 1482 1745 1554; x_wconf 84' lang='lat' dir='ltr'><strong>Apocalypscos,</strong></span> <span class='ocrx_word' id='word_1_106' title='bbox 1776 1497 1842 1536; x_wconf 90' lang='lat' dir='ltr'><strong>ne</strong></span> <span class='ocrx_word' id='word_1_107' title='bbox 1872 1484 1991 1564; x_wconf 85' lang='lat' dir='ltr'><strong>quis</strong></span> 
     </span>
    </p>
   </div>
   <div class='ocr_carea' id='block_1_14' title="bbox 395 1575 1988 1646">
    <p class='ocr_par' dir='ltr' id='par_1_14' title="bbox 395 1575 1988 1646">
     <span class='ocr_line' id='line_1_14' title="bbox 395 1575 1988 1646; baseline -0.001 -16"><span class='ocrx_word' id='word_1_108' title='bbox 395 1576 483 1631; x_wconf 84' lang='lat' dir='ltr'><strong>hic</strong></span> <span class='ocrx_word' id='word_1_109' title='bbox 511 1576 736 1631; x_wconf 86' lang='lat' dir='ltr'><strong>miretur</strong></span> <span class='ocrx_word' id='word_1_110' title='bbox 763 1576 1018 1646; x_wconf 86' lang='lat' dir='ltr'><strong>martyris</strong></span> <span class='ocrx_word' id='word_1_111' title='bbox 1045 1589 1233 1630; x_wconf 83' lang='lat' dir='ltr'><strong>vocem</strong></span> <span class='ocrx_word' id='word_1_112' title='bbox 1263 1576 1424 1630; x_wconf 87' lang='lat' dir='ltr'><strong>etiam</strong></span> <span class='ocrx_word' id='word_1_113' title='bbox 1457 1575 1683 1629; x_wconf 86' lang='lat' dir='ltr'><strong>Domino</strong></span> <span class='ocrx_word' id='word_1_114' title='bbox 1712 1575 1988 1639; x_wconf 87' lang='lat' dir='ltr'><strong>tributam,</strong></span> 
     </span>
    </p>
   </div>
   <div class='ocr_carea' id='block_1_15' title="bbox 395 1668 1987 1732">
    <p class='ocr_par' dir='ltr' id='par_1_15' title="bbox 395 1668 1987 1732">
     <span class='ocr_line' id='line_1_15' title="bbox 395 1668 1987 1732; baseline 0 -9"><span class='ocrx_word' id='word_1_115' title='bbox 395 1682 560 1724; x_wconf 91' lang='lat' dir='ltr'><strong>sensu</strong></span> <span class='ocrx_word' id='word_1_116' title='bbox 599 1669 1005 1732; x_wconf 80' lang='lat' dir='ltr'><strong>ecclesiastico,</strong></span> <span class='ocrx_word' id='word_1_117' title='bbox 1062 1668 1390 1723; x_wconf 87' lang='lat' dir='ltr'><strong>intellectam</strong></span> <span class='ocrx_word' id='word_1_118' title='bbox 1443 1682 1562 1722; x_wconf 88' lang='lat' dir='ltr'><strong>esse</strong></span> <span class='ocrx_word' id='word_1_119' title='bbox 1607 1682 1636 1720; x_wconf 88' lang='lat' dir='ltr'><strong>a</strong></span> <span class='ocrx_word' id='word_1_120' title='bbox 1694 1669 1987 1723; x_wconf 87' lang='lat' dir='ltr'><strong>veteribus.</strong></span> 
     </span>
    </p>
   </div>
   <div class='ocr_carea' id='block_1_16' title="bbox 394 1761 1990 1817">
    <p class='ocr_par' dir='ltr' id='par_1_16' title="bbox 394 1761 1990 1817">
     <span class='ocr_line' id='line_1_16' title="bbox 394 1761 1990 1817; baseline 0.001 -1"><span class='ocrx_word' id='word_1_121' title='bbox 394 1762 470 1816; x_wconf 83' lang='lat' dir='ltr'><strong>Ita</strong></span> <span class='ocrx_word' id='word_1_122' title='bbox 515 1771 663 1817; x_wconf 86' lang='lat' dir='ltr'><strong>certe</strong></span> <span class='ocrx_word' id='word_1_123' title='bbox 709 1763 944 1817; x_wconf 88' lang='lat' dir='ltr'><strong>alienam</strong></span> <span class='ocrx_word' id='word_1_124' title='bbox 992 1777 1098 1816; x_wconf 93' lang='lat' dir='ltr'><strong>non</strong></span> <span class='ocrx_word' id='word_1_125' title='bbox 1151 1761 1500 1816; x_wconf 87' lang='lat' dir='ltr'><strong>crediderunt</strong></span> <span class='ocrx_word' id='word_1_126' title='bbox 1529 1777 1557 1814; x_wconf 90' lang='lat' dir='ltr'><strong>a</strong></span> <span class='ocrx_word' id='word_1_127' title='bbox 1595 1761 1821 1815; x_wconf 89' lang='lat' dir='ltr'><strong>Domino</strong></span> <span class='ocrx_word' id='word_1_128' title='bbox 1851 1762 1990 1817; x_wconf 90' lang='lat' dir='ltr'><strong>hanc</strong></span> 
     </span>
    </p>
   </div>
   <div class='ocr_carea' id='block_1_17' title="bbox 2099 561 3708 643">
    <p class='ocr_par' dir='ltr' id='par_1_17' title="bbox 2099 561 3708 643">
     <span class='ocr_line' id='line_1_17' title="bbox 2099 561 3708 643; baseline 0.006 -27"><span class='ocrx_word' id='word_1_129' title='bbox 2099 561 2433 633; x_wconf 79' lang='lat' dir='ltr'><strong>designatum</strong></span> <span class='ocrx_word' id='word_1_130' title='bbox 2477 565 2847 620; x_wconf 86' lang='lat' dir='ltr'><strong>intellexerant</strong></span> <span class='ocrx_word' id='word_1_131' title='bbox 2873 567 2924 621; x_wconf 91' lang='lat' dir='ltr'><strong>in</strong></span> <span class='ocrx_word' id='word_1_132' title='bbox 2953 565 3269 640; x_wconf 88' lang='lat' dir='ltr'><strong>Scripturis,</strong></span> <span class='ocrx_word' id='word_1_133' title='bbox 3299 582 3416 626; x_wconf 89' lang='lat' dir='ltr'><strong>erat</strong></span> <span class='ocrx_word' id='word_1_134' title='bbox 3444 573 3528 626; x_wconf 89' lang='lat' dir='ltr'><strong>vel</strong></span> <span class='ocrx_word' id='word_1_135' title='bbox 3556 587 3708 643; x_wconf 71' lang='lat' dir='ltr'><strong>prm-</strong></span> 
     </span>
    </p>
   </div>
   <div class='ocr_carea' id='block_1_18' title="bbox 2098 654 3708 731">
    <p class='ocr_par' dir='ltr' id='par_1_18' title="bbox 2098 654 3708 731">
     <span class='ocr_line' id='line_1_18' title="bbox 2098 654 3708 731; baseline 0.005 -23"><span class='ocrx_word' id='word_1_136' title='bbox 2098 654 2289 722; x_wconf 89' lang='lat' dir='ltr'><strong>cipuus</strong></span> <span class='ocrx_word' id='word_1_137' title='bbox 2336 655 2422 709; x_wconf 91' lang='lat' dir='ltr'><strong>ille</strong></span> <span class='ocrx_word' id='word_1_138' title='bbox 2464 659 2786 731; x_wconf 80' lang='grc' dir='ltr'><strong>Ερχομένου.</strong></span> <span class='ocrx_word' id='word_1_139' title='bbox 2833 658 2905 711; x_wconf 88' lang='lat' dir='ltr'><strong>Ita</strong></span> <span class='ocrx_word' id='word_1_140' title='bbox 2945 658 3206 716; x_wconf 87' lang='lat' dir='ltr'><strong>habemus</strong></span> <span class='ocrx_word' id='word_1_141' title='bbox 3238 661 3290 716; x_wconf 93' lang='lat' dir='ltr'><strong>in</strong></span> <span class='ocrx_word' id='word_1_142' title='bbox 3319 663 3373 717; x_wconf 88' lang='lat' dir='ltr'><strong>S.</strong></span> <span class='ocrx_word' id='word_1_143' title='bbox 3409 662 3562 729; x_wconf 89' lang='lat' dir='ltr'><strong>Luc.,</strong></span> <span class='ocrx_word' id='word_1_144' title='bbox 3611 678 3708 727; x_wconf 86' lang='lat' dir='ltr'><strong>vn,</strong></span> 
     </span>
    </p>
   </div>
   <div class='ocr_carea' id='block_1_19' title="bbox 2101 746 3713 812">
    <p class='ocr_par' dir='ltr' id='par_1_19' title="bbox 2101 746 3713 812">
     <span class='ocr_line' id='line_1_19' title="bbox 2101 746 3713 812; baseline 0.008 -14"><span class='ocrx_word' id='word_1_145' title='bbox 2101 746 2189 812; x_wconf 75' lang='grc'>19,</span> <span class='ocrx_word' id='word_1_146' title='bbox 2233 747 2305 801; x_wconf 77' lang='lat'><strong>20</strong></span> <span class='ocrx_word' id='word_1_147' title='bbox 2348 755 2403 800; x_wconf 94' lang='lat' dir='ltr'><strong>et</strong></span> <span class='ocrx_word' id='word_1_148' title='bbox 2449 747 2597 802; x_wconf 86' lang='lat' dir='ltr'><strong>alibi.</strong></span> <span class='ocrx_word' id='word_1_149' title='bbox 2650 749 2806 804; x_wconf 89' lang='lat' dir='ltr'><strong>Illum</strong></span> <span class='ocrx_word' id='word_1_150' title='bbox 2848 750 3078 808; x_wconf 82' lang='lat' dir='ltr'><strong>fortasse</strong></span> <span class='ocrx_word' id='word_1_151' title='bbox 3126 772 3157 810; x_wconf 91' lang='lat' dir='ltr'><strong>e</strong></span> <span class='ocrx_word' id='word_1_152' title='bbox 3209 755 3566 811; x_wconf 88' lang='lat' dir='ltr'><strong>celeberrimo</strong></span> <span class='ocrx_word' id='word_1_153' title='bbox 3618 758 3713 811; x_wconf 91' lang='lat' dir='ltr'><strong>illo</strong></span> 
     </span>
    </p>
   </div>
   <div class='ocr_carea' id='block_1_20' title="bbox 2099 837 3709 914">
    <p class='ocr_par' dir='ltr' id='par_1_20' title="bbox 2099 837 3709 914">
     <span class='ocr_line' id='line_1_20' title="bbox 2099 837 3709 914; baseline 0.006 -22"><span class='ocrx_word' id='word_1_154' title='bbox 2099 838 2238 903; x_wconf 90' lang='lat' dir='ltr'><strong>loco,</strong></span> <span class='ocrx_word' id='word_1_155' title='bbox 2291 837 2452 904; x_wconf 87' lang='lat' dir='ltr'><strong>Ceu.,</strong></span> <span class='ocrx_word' id='word_1_156' title='bbox 2488 855 2636 906; x_wconf 75' lang='lat' dir='ltr'><strong>xm,</strong></span> <span class='ocrx_word' id='word_1_157' title='bbox 2671 841 2759 909; x_wconf 79' lang='grc'>10,</span> <span class='ocrx_word' id='word_1_158' title='bbox 2807 842 2890 898; x_wconf 78' lang='lat' dir='ltr'><strong>vel</strong></span> <span class='ocrx_word' id='word_1_159' title='bbox 2919 843 3008 898; x_wconf 93' lang='lat' dir='ltr'><strong>Ps.</strong></span> <span class='ocrx_word' id='word_1_160' title='bbox 3041 861 3090 899; x_wconf 78' lang='grc' dir='ltr'><strong>ι..</strong></span> <span class='ocrx_word' id='word_1_161' title='bbox 3123 847 3175 912; x_wconf 77' lang='grc'><strong>5;</strong></span> <span class='ocrx_word' id='word_1_162' title='bbox 3211 861 3361 912; x_wconf 78' lang='lat' dir='ltr'><strong>xcuv,</strong></span> <span class='ocrx_word' id='word_1_163' title='bbox 3394 847 3480 914; x_wconf 76' lang='lat' dir='ltr'><strong>i3;</strong></span> <span class='ocrx_word' id='word_1_164' title='bbox 3511 862 3709 913; x_wconf 72' lang='lat' dir='ltr'><strong>xcvm,</strong></span> 
     </span>
    </p>
   </div>
   <div class='ocr_carea' id='block_1_21' title="bbox 2099 929 3713 1006">
    <p class='ocr_par' dir='ltr' id='par_1_21' title="bbox 2099 929 3713 1006">
     <span class='ocr_line' id='line_1_21' title="bbox 2099 929 3713 1006; baseline 0.004 -20"><span class='ocrx_word' id='word_1_165' title='bbox 2099 932 2172 995; x_wconf 89' lang='lat'><strong>9,</strong></span> <span class='ocrx_word' id='word_1_166' title='bbox 2227 929 2577 999; x_wconf 90' lang='lat' dir='ltr'><strong>collegerint,</strong></span> <span class='ocrx_word' id='word_1_167' title='bbox 2637 932 2824 988; x_wconf 87' lang='lat' dir='ltr'><strong>aliisve</strong></span> <span class='ocrx_word' id='word_1_168' title='bbox 2893 935 3156 989; x_wconf 82' lang='lat' dir='ltr'><strong>similibus</strong></span> <span class='ocrx_word' id='word_1_169' title='bbox 3219 936 3509 1006; x_wconf 78' lang='lat' dir='ltr'><strong>Scriptura:</strong></span> <span class='ocrx_word' id='word_1_170' title='bbox 3568 939 3713 993; x_wconf 90' lang='lat' dir='ltr'><strong>locis</strong></span> 
     </span>
    </p>
   </div>
   <div class='ocr_carea' id='block_1_22' title="bbox 2097 1020 3713 1094">
    <p class='ocr_par' dir='ltr' id='par_1_22' title="bbox 2097 1020 3713 1094">
     <span class='ocr_line' id='line_1_22' title="bbox 2097 1020 3713 1094; baseline 0.006 -20"><span class='ocrx_word' id='word_1_171' title='bbox 2097 1020 2289 1090; x_wconf 90' lang='lat' dir='ltr'><strong>quibus</strong></span> <span class='ocrx_word' id='word_1_172' title='bbox 2316 1020 2536 1077; x_wconf 79' lang='lat' dir='ltr'><strong>Messias</strong></span> <span class='ocrx_word' id='word_1_173' title='bbox 2567 1033 2826 1079; x_wconf 85' lang='lat' dir='ltr'><strong>venturus</strong></span> <span class='ocrx_word' id='word_1_174' title='bbox 2869 1025 3086 1080; x_wconf 89' lang='lat' dir='ltr'><strong>dicitur.</strong></span> <span class='ocrx_word' id='word_1_175' title='bbox 3117 1027 3296 1094; x_wconf 88' lang='lat' dir='ltr'><strong>Quare</strong></span> <span class='ocrx_word' id='word_1_176' title='bbox 3324 1043 3445 1082; x_wconf 91' lang='lat' dir='ltr'><strong>cum</strong></span> <span class='ocrx_word' id='word_1_177' title='bbox 3477 1028 3713 1083; x_wconf 78' lang='lat' dir='ltr'><strong>Messias</strong></span> 
     </span>
    </p>
   </div>
   <div class='ocr_carea' id='block_1_23' title="bbox 2097 1113 3712 1189">
    <p class='ocr_par' dir='ltr' id='par_1_23' title="bbox 2097 1113 3712 1189">
     <span class='ocr_line' id='line_1_23' title="bbox 2097 1113 3712 1189; baseline 0.006 -24"><span class='ocrx_word' id='word_1_178' title='bbox 2097 1122 2358 1167; x_wconf 89' lang='lat' dir='ltr'><strong>venturus</strong></span> <span class='ocrx_word' id='word_1_179' title='bbox 2378 1113 2760 1182; x_wconf 87' lang='lat' dir='ltr'><strong>appellaretur,</strong></span> <span class='ocrx_word' id='word_1_180' title='bbox 2780 1117 3110 1172; x_wconf 86' lang='lat' dir='ltr'><strong>tantumdem</strong></span> <span class='ocrx_word' id='word_1_181' title='bbox 3131 1119 3471 1189; x_wconf 85' lang='lat' dir='ltr'><strong>valcntsigna</strong></span> <span class='ocrx_word' id='word_1_182' title='bbox 3489 1120 3712 1175; x_wconf 67' lang='lat' dir='ltr'><strong>Messian</strong></span> 
     </span>
    </p>
   </div>
   <div class='ocr_carea' id='block_1_24' title="bbox 2096 1201 3711 1279">
    <p class='ocr_par' dir='ltr' id='par_1_24' title="bbox 2096 1201 3711 1279">
     <span class='ocr_line' id='line_1_24' title="bbox 2096 1201 3711 1279; baseline 0.007 -25"><span class='ocrx_word' id='word_1_183' title='bbox 2096 1215 2160 1258; x_wconf 91' lang='lat' dir='ltr'><strong>ac</strong></span> <span class='ocrx_word' id='word_1_184' title='bbox 2185 1203 2337 1273; x_wconf 88' lang='lat' dir='ltr'><strong>signa</strong></span> <span class='ocrx_word' id='word_1_185' title='bbox 2367 1201 2645 1260; x_wconf 87' lang='lat' dir='ltr'><strong>adventus.</strong></span> <span class='ocrx_word' id='word_1_186' title='bbox 2679 1205 2751 1258; x_wconf 82' lang='lat' dir='ltr'><strong>lla</strong></span> <span class='ocrx_word' id='word_1_187' title='bbox 2785 1207 2852 1260; x_wconf 91' lang='lat' dir='ltr'><strong>de</strong></span> <span class='ocrx_word' id='word_1_188' title='bbox 2883 1221 3011 1262; x_wconf 91' lang='lat' dir='ltr'><strong>vero</strong></span> <span class='ocrx_word' id='word_1_189' title='bbox 3039 1207 3228 1263; x_wconf 82' lang='lat' dir='ltr'><strong>Messia</strong></span> <span class='ocrx_word' id='word_1_190' title='bbox 3265 1208 3514 1279; x_wconf 90' lang='lat' dir='ltr'><strong>discipuli</strong></span> <span class='ocrx_word' id='word_1_191' title='bbox 3549 1211 3711 1279; x_wconf 79' lang='lat' dir='ltr'><strong>ejus;</strong></span> 
     </span>
    </p>
   </div>
   <div class='ocr_carea' id='block_1_25' title="bbox 2101 1291 3713 1390">
    <p class='ocr_par' dir='ltr' id='par_1_25' title="bbox 2101 1291 3713 1390">
     <span class='ocr_line' id='line_1_25' title="bbox 2101 1291 3713 1390; baseline 0.009 -46"><span class='ocrx_word' id='word_1_192' title='bbox 2101 1291 2250 1356; x_wconf 83' lang='lat' dir='ltr'><strong>Quod</strong></span> <span class='ocrx_word' id='word_1_193' title='bbox 2291 1295 2493 1364; x_wconf 80' lang='lat' dir='ltr'><strong>signum</strong></span> <span class='ocrx_word' id='word_1_194' title='bbox 2551 1295 2794 1349; x_wconf 82' lang='lat' dir='ltr'><strong>adventus</strong></span> <span class='ocrx_word' id='word_1_195' title='bbox 2843 1297 2951 1350; x_wconf 81' lang='lat' dir='ltr'><strong>tui?</strong></span> <span class='ocrx_word' id='word_1_196' title='bbox 3001 1297 3089 1368; x_wconf 92' lang='lat' dir='ltr'><strong>(S.</strong></span> <span class='ocrx_word' id='word_1_197' title='bbox 3138 1298 3351 1368; x_wconf 71' lang='lat' dir='ltr'><strong>Matth.)</strong></span> <span class='ocrx_word' id='word_1_198' title='bbox 3385 1301 3538 1390; x_wconf 49' lang='lat' dir='ltr'><strong>et‘de</strong></span> <span class='ocrx_word' id='word_1_199' title='bbox 3567 1302 3713 1358; x_wconf 84' lang='lat' dir='ltr'><strong>falso</strong></span> 
     </span>
    </p>
   </div>
   <div class='ocr_carea' id='block_1_26' title="bbox 2095 1382 3714 1464">
    <p class='ocr_par' dir='ltr' id='par_1_26' title="bbox 2095 1382 3714 1464">
     <span class='ocr_line' id='line_1_26' title="bbox 2095 1382 3714 1464; baseline 0.006 -26"><span class='ocrx_word' id='word_1_200' title='bbox 2095 1382 2286 1440; x_wconf 78' lang='lat' dir='ltr'><strong>Messia</strong></span> <span class='ocrx_word' id='word_1_201' title='bbox 2327 1387 2646 1452; x_wconf 79' lang='lat' dir='ltr'><strong>Apostolus:</strong></span> <span class='ocrx_word' id='word_1_202' title='bbox 2677 1385 2836 1458; x_wconf 86' lang='lat' dir='ltr'><strong>Cujus</strong></span> <span class='ocrx_word' id='word_1_203' title='bbox 2866 1399 2938 1442; x_wconf 83' lang='lat' dir='ltr'><strong>est</strong></span> <span class='ocrx_word' id='word_1_204' title='bbox 2964 1389 3208 1444; x_wconf 81' lang='lat' dir='ltr'><strong>adventus</strong></span> <span class='ocrx_word' id='word_1_205' title='bbox 3248 1382 3528 1445; x_wconf 69' lang='lat' dir='ltr'><strong>secundum</strong></span> <span class='ocrx_word' id='word_1_206' title='bbox 3584 1410 3714 1464; x_wconf 84' lang='lat' dir='ltr'><strong>ope-</strong></span> 
     </span>
    </p>
   </div>
   <div class='ocr_carea' id='block_1_27' title="bbox 2096 1478 3712 1560">
    <p class='ocr_par' dir='ltr' id='par_1_27' title="bbox 2096 1478 3712 1560">
     <span class='ocr_line' id='line_1_27' title="bbox 2096 1478 3712 1560; baseline 0.007 -29"><span class='ocrx_word' id='word_1_207' title='bbox 2096 1481 2347 1533; x_wconf 81' lang='lat' dir='ltr'><strong>rationem</strong></span> <span class='ocrx_word' id='word_1_208' title='bbox 2399 1478 2614 1534; x_wconf 68' lang='lat' dir='ltr'><strong>Satanas</strong></span> <span class='ocrx_word' id='word_1_209' title='bbox 2657 1482 2709 1534; x_wconf 80' lang='lat' dir='ltr'><strong>in</strong></span> <span class='ocrx_word' id='word_1_210' title='bbox 2757 1483 2896 1536; x_wconf 77' lang='grc' dir='ltr'><strong>ωιιηὶ</strong></span> <span class='ocrx_word' id='word_1_211' title='bbox 2944 1485 3124 1537; x_wconf 81' lang='lat' dir='ltr'><strong>virtute</strong></span> <span class='ocrx_word' id='word_1_212' title='bbox 3149 1495 3195 1538; x_wconf 84' lang='lat' dir='ltr'><strong>et</strong></span> <span class='ocrx_word' id='word_1_213' title='bbox 3246 1486 3425 1555; x_wconf 76' lang='lat' dir='ltr'><strong>signis,</strong></span> <span class='ocrx_word' id='word_1_214' title='bbox 3473 1497 3584 1542; x_wconf 85' lang='lat' dir='ltr'><strong>etc.</strong></span> <span class='ocrx_word' id='word_1_215' title='bbox 3651 1487 3712 1560; x_wconf 88' lang='lat' dir='ltr'><strong>(tt</strong></span> 
     </span>
    </p>
   </div>
   <div class='ocr_carea' id='block_1_28' title="bbox 2101 1562 3719 1649">
    <p class='ocr_par' dir='ltr' id='par_1_28' title="bbox 2101 1562 3719 1649">
     <span class='ocr_line' id='line_1_28' title="bbox 2101 1562 3719 1649; baseline 0.006 -25"><span class='ocrx_word' id='word_1_216' title='bbox 2101 1569 2304 1635; x_wconf 55' lang='lat' dir='ltr'><strong>Thess,</strong></span> <span class='ocrx_word' id='word_1_217' title='bbox 2341 1588 2398 1638; x_wconf 86' lang='grc' dir='ltr'>ιι,</span> <span class='ocrx_word' id='word_1_218' title='bbox 2429 1562 2505 1638; x_wconf 71' lang='grc'><strong>9’).</strong></span> <span class='ocrx_word' id='word_1_219' title='bbox 2540 1573 2742 1630; x_wconf 80' lang='lat' dir='ltr'><strong>Venire</strong></span> <span class='ocrx_word' id='word_1_220' title='bbox 2796 1576 2974 1646; x_wconf 88' lang='lat' dir='ltr'><strong>itaque</strong></span> <span class='ocrx_word' id='word_1_221' title='bbox 3009 1591 3107 1646; x_wconf 90' lang='lat' dir='ltr'><strong>per</strong></span> <span class='ocrx_word' id='word_1_222' title='bbox 3147 1591 3340 1647; x_wconf 86' lang='lat' dir='ltr'><strong>aquam</strong></span> <span class='ocrx_word' id='word_1_223' title='bbox 3389 1587 3445 1632; x_wconf 89' lang='lat' dir='ltr'><strong>et</strong></span> <span class='ocrx_word' id='word_1_224' title='bbox 3487 1584 3719 1649; x_wconf 87' lang='lat' dir='ltr'><strong>sangui-</strong></span> 
     </span>
    </p>
   </div>
   <div class='ocr_carea' id='block_1_29' title="bbox 2097 1663 3709 1740">
    <p class='ocr_par' dir='ltr' id='par_1_29' title="bbox 2097 1663 3709 1740">
     <span class='ocr_line' id='line_1_29' title="bbox 2097 1663 3709 1740; baseline 0.005 -22"><span class='ocrx_word' id='word_1_225' title='bbox 2097 1677 2219 1718; x_wconf 89' lang='lat' dir='ltr'><strong>nem</strong></span> <span class='ocrx_word' id='word_1_226' title='bbox 2265 1663 2404 1718; x_wconf 86' lang='lat' dir='ltr'><strong>idem</strong></span> <span class='ocrx_word' id='word_1_227' title='bbox 2442 1665 2580 1719; x_wconf 83' lang='lat' dir='ltr'><strong>valet</strong></span> <span class='ocrx_word' id='word_1_228' title='bbox 2627 1681 2689 1720; x_wconf 89' lang='lat' dir='ltr'><strong>ac</strong></span> <span class='ocrx_word' id='word_1_229' title='bbox 2719 1681 2815 1736; x_wconf 90' lang='lat' dir='ltr'><strong>per</strong></span> <span class='ocrx_word' id='word_1_230' title='bbox 2853 1683 3047 1738; x_wconf 87' lang='lat' dir='ltr'><strong>aquam</strong></span> <span class='ocrx_word' id='word_1_231' title='bbox 3079 1677 3134 1724; x_wconf 91' lang='lat' dir='ltr'><strong>et</strong></span> <span class='ocrx_word' id='word_1_232' title='bbox 3173 1671 3488 1740; x_wconf 89' lang='lat' dir='ltr'><strong>sanguinem</strong></span> <span class='ocrx_word' id='word_1_233' title='bbox 3515 1686 3578 1728; x_wconf 89' lang='lat' dir='ltr'><strong>se</strong></span> <span class='ocrx_word' id='word_1_234' title='bbox 3607 1687 3709 1726; x_wconf 55' lang='lat' dir='ltr'><strong>ve-</strong></span> 
     </span>
    </p>
   </div>
   <div class='ocr_carea' id='block_1_30' title="bbox 2099 1755 2911 1828">
    <p class='ocr_par' dir='ltr' id='par_1_30' title="bbox 2099 1755 2911 1828">
     <span class='ocr_line' id='line_1_30' title="bbox 2099 1755 2911 1828; baseline 0.006 -19"><span class='ocrx_word' id='word_1_235' title='bbox 2099 1770 2217 1809; x_wconf 88' lang='lat' dir='ltr'><strong>rum</strong></span> <span class='ocrx_word' id='word_1_236' title='bbox 2245 1755 2493 1811; x_wconf 78' lang='lat' dir='ltr'><strong>Messiam</strong></span> <span class='ocrx_word' id='word_1_237' title='bbox 2537 1760 2911 1828; x_wconf 84' lang='lat' dir='ltr'><strong>comprobare.</strong></span> 
     </span>
    </p>
   </div>
   <div class='ocr_carea' id='block_1_31' title="bbox 396 1842 3713 1925">
    <p class='ocr_par' dir='ltr' id='par_1_31' title="bbox 396 1842 3713 1925">
     <span class='ocr_line' id='line_1_31' title="bbox 396 1842 3713 1925; baseline 0 -14"><span class='ocrx_word' id='word_1_238' title='bbox 396 1854 560 1924; x_wconf 87' lang='lat' dir='ltr'><strong>hujus</strong></span> <span class='ocrx_word' id='word_1_239' title='bbox 590 1855 737 1911; x_wconf 88' lang='lat' dir='ltr'><strong>vocis</strong></span> <span class='ocrx_word' id='word_1_240' title='bbox 777 1842 1243 1924; x_wconf 86' lang='lat' dir='ltr'><strong>signiﬁcationem,</strong></span> <span class='ocrx_word' id='word_1_241' title='bbox 1294 1865 1352 1910; x_wconf 91' lang='lat' dir='ltr'><strong>ut</strong></span> <span class='ocrx_word' id='word_1_242' title='bbox 1380 1857 1650 1925; x_wconf 85' lang='lat' dir='ltr'><strong>propriam</strong></span> <span class='ocrx_word' id='word_1_243' title='bbox 1682 1857 1845 1910; x_wconf 91' lang='lat' dir='ltr'><strong>etiam</strong></span> <span class='ocrx_word' id='word_1_244' title='bbox 1875 1856 1988 1912; x_wconf 88' lang='lat' dir='ltr'><strong>fere</strong></span> <span class='ocrx_word' id='word_1_245' title='bbox 2026 1859 2067 1917; x_wconf 84' lang='grc' dir='ltr'><strong>Β</strong></span> <span class='ocrx_word' id='word_1_246' title='bbox 2171 1847 2199 1918; x_wconf 67' lang='grc' dir='ltr'>δ</span> <span class='ocrx_word' id='word_1_247' title='bbox 2229 1849 2608 1921; x_wconf 70' lang='grc' dir='ltr'><strong>Μο-Νθῐηρθ</strong></span> <span class='ocrx_word' id='word_1_248' title='bbox 2627 1852 2716 1922; x_wconf 83' lang='lat' dir='ltr'><strong>qui</strong></span> <span class='ocrx_word' id='word_1_249' title='bbox 2737 1861 2992 1908; x_wconf 81' lang='lat' dir='ltr'><strong>venturus</strong></span> <span class='ocrx_word' id='word_1_250' title='bbox 3017 1861 3134 1908; x_wconf 78' lang='lat' dir='ltr'><strong>erat</strong></span> <span class='ocrx_word' id='word_1_251' title='bbox 3154 1854 3474 1910; x_wconf 85' lang='lat' dir='ltr'><strong>inmundum</strong></span> <span class='ocrx_word' id='word_1_252' title='bbox 3497 1855 3543 1909; x_wconf 86' lang='lat' dir='ltr'><strong>is</strong></span> <span class='ocrx_word' id='word_1_253' title='bbox 3561 1856 3713 1911; x_wconf 86' lang='lat' dir='ltr'><strong>idem</strong></span> 
     </span>
    </p>
   </div>
   <div class='ocr_carea' id='block_1_32' title="bbox 396 1948 1996 2020">
    <p class='ocr_par' dir='ltr' id='par_1_32' title="bbox 396 1948 1996 2020">
     <span class='ocr_line' id='line_1_32' title="bbox 396 1948 1996 2020; baseline 0.001 -16"><span class='ocrx_word' id='word_1_254' title='bbox 396 1948 628 2004; x_wconf 89' lang='lat' dir='ltr'><strong>Domino</strong></span> <span class='ocrx_word' id='word_1_255' title='bbox 659 1948 886 2004; x_wconf 77' lang='lat' dir='ltr'><strong>fecerint</strong></span> <span class='ocrx_word' id='word_1_256' title='bbox 941 1949 1040 2018; x_wconf 87' lang='lat' dir='ltr'><strong>ipsi</strong></span> <span class='ocrx_word' id='word_1_257' title='bbox 1074 1958 1338 2020; x_wconf 85' lang='lat' dir='ltr'><strong>martyres</strong></span> <span class='ocrx_word' id='word_1_258' title='bbox 1369 1950 1610 2002; x_wconf 87' lang='lat' dir='ltr'><strong>nonnulli</strong></span> <span class='ocrx_word' id='word_1_259' title='bbox 1639 1949 1778 2020; x_wconf 89' lang='lat' dir='ltr'><strong>apud</strong></span> <span class='ocrx_word' id='word_1_260' title='bbox 1826 1951 1996 2006; x_wconf 87' lang='lat' dir='ltr'><strong>Euse-</strong></span> 
     </span>
    </p>
   </div>
   <div class='ocr_carea' id='block_1_33' title="bbox 400 2039 1998 2114">
    <p class='ocr_par' dir='ltr' id='par_1_33' title="bbox 400 2039 1998 2114">
     <span class='ocr_line' id='line_1_33' title="bbox 400 2039 1998 2114; baseline -0.001 -17"><span class='ocrx_word' id='word_1_261' title='bbox 400 2041 545 2097; x_wconf 84' lang='lat' dir='ltr'><strong>bium</strong></span> <span class='ocrx_word' id='word_1_262' title='bbox 594 2039 837 2114; x_wconf 82' lang='lat' dir='ltr'><strong>(Euseb.,</strong></span> <span class='ocrx_word' id='word_1_263' title='bbox 865 2039 1002 2096; x_wconf 84' lang='lat' dir='ltr'><strong>Hist.</strong></span> <span class='ocrx_word' id='word_1_264' title='bbox 1050 2042 1214 2105; x_wconf 86' lang='lat' dir='ltr'><strong>ecct.,</strong></span> <span class='ocrx_word' id='word_1_265' title='bbox 1275 2055 1330 2107; x_wconf 88' lang='lat' dir='ltr'><strong>v,</strong></span> <span class='ocrx_word' id='word_1_266' title='bbox 1377 2039 1458 2111; x_wconf 69' lang='grc' dir='ltr'><strong>Ξ).</strong></span> <span class='ocrx_word' id='word_1_267' title='bbox 1489 2040 1640 2107; x_wconf 84' lang='lat' dir='ltr'><strong>Quod</strong></span> <span class='ocrx_word' id='word_1_268' title='bbox 1695 2043 1738 2094; x_wconf 89' lang='lat' dir='ltr'><strong>si</strong></span> <span class='ocrx_word' id='word_1_269' title='bbox 1787 2041 1998 2098; x_wconf 88' lang='lat' dir='ltr'><strong>Domini</strong></span> 
     </span>
    </p>
   </div>
   <div class='ocr_carea' id='block_1_34' title="bbox 394 2131 1997 2205">
    <p class='ocr_par' dir='ltr' id='par_1_34' title="bbox 394 2131 1997 2205">
     <span class='ocr_line' id='line_1_34' title="bbox 394 2131 1997 2205; baseline -0.001 -16"><span class='ocrx_word' id='word_1_270' title='bbox 394 2133 573 2205; x_wconf 86' lang='lat' dir='ltr'><strong>passio</strong></span> <span class='ocrx_word' id='word_1_271' title='bbox 624 2134 963 2204; x_wconf 87' lang='lat' dir='ltr'><strong>martyrium,</strong></span> <span class='ocrx_word' id='word_1_272' title='bbox 1033 2132 1332 2202; x_wconf 89' lang='lat' dir='ltr'><strong>eademque</strong></span> <span class='ocrx_word' id='word_1_273' title='bbox 1363 2131 1433 2186; x_wconf 86' lang='lat' dir='ltr'><strong>sit</strong></span> <span class='ocrx_word' id='word_1_274' title='bbox 1476 2131 1727 2202; x_wconf 88' lang='lat' dir='ltr'><strong>baptismi</strong></span> <span class='ocrx_word' id='word_1_275' title='bbox 1783 2140 1997 2204; x_wconf 86' lang='lat' dir='ltr'><strong>quoque</strong></span> 
     </span>
    </p>
   </div>
   <div class='ocr_carea' id='block_1_35' title="bbox 395 2223 1997 2294">
    <p class='ocr_par' dir='ltr' id='par_1_35' title="bbox 395 2223 1997 2294">
     <span class='ocr_line' id='line_1_35' title="bbox 395 2223 1997 2294; baseline 0.001 -14"><span class='ocrx_word' id='word_1_276' title='bbox 395 2225 616 2281; x_wconf 84' lang='lat' dir='ltr'><strong>nomine</strong></span> <span class='ocrx_word' id='word_1_277' title='bbox 667 2223 1046 2294; x_wconf 88' lang='lat' dir='ltr'><strong>insignienda,</strong></span> <span class='ocrx_word' id='word_1_278' title='bbox 1097 2223 1291 2293; x_wconf 86' lang='lat' dir='ltr'><strong>ecquid</strong></span> <span class='ocrx_word' id='word_1_279' title='bbox 1334 2239 1533 2278; x_wconf 90' lang='lat' dir='ltr'><strong>novum</strong></span> <span class='ocrx_word' id='word_1_280' title='bbox 1580 2225 1882 2281; x_wconf 86' lang='lat' dir='ltr'><strong>alienumve</strong></span> <span class='ocrx_word' id='word_1_281' title='bbox 1916 2227 1997 2281; x_wconf 88' lang='lat' dir='ltr'><strong>di-</strong></span> 
     </span>
    </p>
   </div>
   <div class='ocr_carea' id='block_1_36' title="bbox 397 2316 1995 2389">
    <p class='ocr_par' dir='ltr' id='par_1_36' title="bbox 397 2316 1995 2389">
     <span class='ocr_line' id='line_1_36' title="bbox 397 2316 1995 2389; baseline 0 -15"><span class='ocrx_word' id='word_1_282' title='bbox 397 2321 570 2375; x_wconf 87' lang='lat' dir='ltr'><strong>cimus</strong></span> <span class='ocrx_word' id='word_1_283' title='bbox 623 2319 669 2372; x_wconf 94' lang='lat' dir='ltr'><strong>si</strong></span> <span class='ocrx_word' id='word_1_284' title='bbox 726 2317 890 2372; x_wconf 90' lang='lat' dir='ltr'><strong>etiam</strong></span> <span class='ocrx_word' id='word_1_285' title='bbox 930 2316 1002 2372; x_wconf 92' lang='lat' dir='ltr'><strong>de</strong></span> <span class='ocrx_word' id='word_1_286' title='bbox 1055 2316 1381 2389; x_wconf 78' lang='lat' dir='ltr'><strong>martyribus</strong></span> <span class='ocrx_word' id='word_1_287' title='bbox 1431 2316 1809 2373; x_wconf 81' lang='lat' dir='ltr'><strong>ecclesiasticis</strong></span> <span class='ocrx_word' id='word_1_288' title='bbox 1856 2318 1995 2374; x_wconf 89' lang='lat' dir='ltr'><strong>idem</strong></span> 
     </span>
    </p>
   </div>
   <div class='ocr_carea' id='block_1_37' title="bbox 395 2410 1926 2466">
    <p class='ocr_par' dir='ltr' id='par_1_37' title="bbox 395 2410 1926 2466">
     <span class='ocr_line' id='line_1_37' title="bbox 395 2410 1926 2466; baseline -0.001 0"><span class='ocrx_word' id='word_1_289' title='bbox 395 2410 732 2466; x_wconf 85' lang='lat' dir='ltr'><strong>affirmemus</strong></span> <span class='ocrx_word' id='word_1_290' title='bbox 755 2411 778 2461; x_wconf 74' lang='grc' dir='ltr'><strong><em>τ</em></strong></span> <span class='ocrx_word' id='word_1_291' title='bbox 1921 2432 1926 2437; x_wconf 91' lang='grc'>·</span> 
     </span>
    </p>
   </div>
   <div class='ocr_carea' id='block_1_38' title="bbox 469 2502 1994 2577">
    <p class='ocr_par' dir='ltr' id='par_1_38' title="bbox 469 2502 1994 2577">
     <span class='ocr_line' id='line_1_38' title="bbox 469 2502 1994 2577; baseline 0.001 -18"><span class='ocrx_word' id='word_1_292' title='bbox 469 2505 497 2577; x_wconf 68' lang='grc' dir='ltr'><strong>ς</strong></span> <span class='ocrx_word' id='word_1_293' title='bbox 528 2506 690 2560; x_wconf 77' lang='grc'><strong>15.-</strong></span> <span class='ocrx_word' id='word_1_294' title='bbox 706 2502 812 2559; x_wconf 86' lang='lat' dir='ltr'><strong>Sed</strong></span> <span class='ocrx_word' id='word_1_295' title='bbox 835 2512 889 2558; x_wconf 91' lang='lat' dir='ltr'><strong>et</strong></span> <span class='ocrx_word' id='word_1_296' title='bbox 907 2502 1134 2558; x_wconf 90' lang='lat' dir='ltr'><strong>aliorum</strong></span> <span class='ocrx_word' id='word_1_297' title='bbox 1156 2503 1398 2558; x_wconf 90' lang='lat' dir='ltr'><strong>locorum</strong></span> <span class='ocrx_word' id='word_1_298' title='bbox 1425 2503 1762 2560; x_wconf 86' lang='lat' dir='ltr'><strong>occasionem</strong></span> <span class='ocrx_word' id='word_1_299' title='bbox 1801 2505 1994 2561; x_wconf 83' lang='lat' dir='ltr'><strong>eodem</strong></span> 
     </span>
    </p>
   </div>
   <div class='ocr_carea' id='block_1_39' title="bbox 399 2593 1999 2654">
    <p class='ocr_par' dir='ltr' id='par_1_39' title="bbox 399 2593 1999 2654">
     <span class='ocr_line' id='line_1_39' title="bbox 399 2593 1999 2654; baseline 0.001 -2"><span class='ocrx_word' id='word_1_300' title='bbox 399 2596 679 2652; x_wconf 89' lang='lat' dir='ltr'><strong>collimare</strong></span> <span class='ocrx_word' id='word_1_301' title='bbox 727 2606 809 2650; x_wconf 88' lang='lat' dir='ltr'><strong>est</strong></span> <span class='ocrx_word' id='word_1_302' title='bbox 857 2611 988 2651; x_wconf 86' lang='lat' dir='ltr'><strong>sane</strong></span> <span class='ocrx_word' id='word_1_303' title='bbox 1043 2595 1512 2652; x_wconf 90' lang='lat' dir='ltr'><strong>verisimillimum.</strong></span> <span class='ocrx_word' id='word_1_304' title='bbox 1562 2593 1694 2651; x_wconf 91' lang='lat' dir='ltr'><strong>Cum</strong></span> <span class='ocrx_word' id='word_1_305' title='bbox 1736 2597 1999 2654; x_wconf 84' lang='lat' dir='ltr'><strong>scriberet</strong></span> 
     </span>
    </p>
   </div>
   <div class='ocr_carea' id='block_1_40' title="bbox 398 2689 1994 2762">
    <p class='ocr_par' dir='ltr' id='par_1_40' title="bbox 398 2689 1994 2762">
     <span class='ocr_line' id='line_1_40' title="bbox 398 2689 1994 2762; baseline 0.001 -16"><span class='ocrx_word' id='word_1_306' title='bbox 398 2689 674 2762; x_wconf 86' lang='lat' dir='ltr'><strong>apostolus</strong></span> <span class='ocrx_word' id='word_1_307' title='bbox 721 2689 779 2745; x_wconf 92' lang='lat' dir='ltr'><strong>S.</strong></span> <span class='ocrx_word' id='word_1_308' title='bbox 832 2689 1103 2756; x_wconf 83' lang='lat' dir='ltr'><strong>Joannes,</strong></span> <span class='ocrx_word' id='word_1_309' title='bbox 1149 2690 1261 2760; x_wconf 86' lang='lat' dir='ltr'><strong>jam</strong></span> <span class='ocrx_word' id='word_1_310' title='bbox 1303 2692 1406 2746; x_wconf 90' lang='lat' dir='ltr'><strong>orti</strong></span> <span class='ocrx_word' id='word_1_311' title='bbox 1457 2691 1706 2746; x_wconf 89' lang='lat' dir='ltr'><strong>videntur</strong></span> <span class='ocrx_word' id='word_1_312' title='bbox 1755 2691 1994 2748; x_wconf 66' lang='grc' dir='ltr'><strong>ιιωιιθιίεἱ</strong></span> 
     </span>
    </p>
   </div>
   <div class='ocr_carea' id='block_1_41' title="bbox 399 2784 1995 2856">
    <p class='ocr_par' dir='ltr' id='par_1_41' title="bbox 399 2784 1995 2856">
     <span class='ocr_line' id='line_1_41' title="bbox 399 2784 1995 2856; baseline 0 -16"><span class='ocrx_word' id='word_1_313' title='bbox 399 2785 781 2842; x_wconf 89' lang='lat' dir='ltr'><strong>valentinianis</strong></span> <span class='ocrx_word' id='word_1_314' title='bbox 846 2784 1064 2856; x_wconf 91' lang='lat' dir='ltr'><strong>quidem</strong></span> <span class='ocrx_word' id='word_1_315' title='bbox 1129 2785 1498 2856; x_wconf 86' lang='lat' dir='ltr'><strong>antiquiores,</strong></span> <span class='ocrx_word' id='word_1_316' title='bbox 1560 2800 1748 2840; x_wconf 89' lang='lat' dir='ltr'><strong>eorum</strong></span> <span class='ocrx_word' id='word_1_317' title='bbox 1813 2794 1995 2841; x_wconf 88' lang='lat' dir='ltr'><strong>tamen</strong></span> 
     </span>
    </p>
   </div>
   <div class='ocr_carea' id='block_1_42' title="bbox 395 2878 1994 2953">
    <p class='ocr_par' dir='ltr' id='par_1_42' title="bbox 395 2878 1994 2953">
     <span class='ocr_line' id='line_1_42' title="bbox 395 2878 1994 2953; baseline -0.003 -17"><span class='ocrx_word' id='word_1_318' title='bbox 395 2891 649 2953; x_wconf 87' lang='lat' dir='ltr'><strong>parentes</strong></span> <span class='ocrx_word' id='word_1_319' title='bbox 689 2891 850 2951; x_wconf 84' lang='lat' dir='ltr'><strong>atque</strong></span> <span class='ocrx_word' id='word_1_320' title='bbox 889 2880 1145 2951; x_wconf 89' lang='lat' dir='ltr'><strong>origines,</strong></span> <span class='ocrx_word' id='word_1_321' title='bbox 1199 2893 1299 2934; x_wconf 90' lang='lat' dir='ltr'><strong>nec</strong></span> <span class='ocrx_word' id='word_1_322' title='bbox 1341 2878 1486 2934; x_wconf 91' lang='lat' dir='ltr'><strong>enim</strong></span> <span class='ocrx_word' id='word_1_323' title='bbox 1539 2894 1754 2948; x_wconf 84' lang='lat' dir='ltr'><strong>prorsus</strong></span> <span class='ocrx_word' id='word_1_324' title='bbox 1796 2894 1994 2933; x_wconf 81' lang='lat' dir='ltr'><strong>novum</strong></span> 
     </span>
    </p>
   </div>
   <div class='ocr_carea' id='block_1_43' title="bbox 399 2971 1998 3036">
    <p class='ocr_par' dir='ltr' id='par_1_43' title="bbox 399 2971 1998 3036">
     <span class='ocr_line' id='line_1_43' title="bbox 399 2971 1998 3036; baseline -0.003 -5"><span class='ocrx_word' id='word_1_325' title='bbox 399 2984 519 3030; x_wconf 89' lang='lat' dir='ltr'><strong>erat</strong></span> <span class='ocrx_word' id='word_1_326' title='bbox 568 2973 1059 3029; x_wconf 86' lang='lat' dir='ltr'><strong>valentinianorum</strong></span> <span class='ocrx_word' id='word_1_327' title='bbox 1108 2972 1438 3036; x_wconf 89' lang='lat' dir='ltr'><strong>institutum,</strong></span> <span class='ocrx_word' id='word_1_328' title='bbox 1490 2971 1582 3026; x_wconf 90' lang='lat' dir='ltr'><strong>sed</strong></span> <span class='ocrx_word' id='word_1_329' title='bbox 1625 2972 1865 3032; x_wconf 86' lang='lat' dir='ltr'><strong>priorum</strong></span> <span class='ocrx_word' id='word_1_330' title='bbox 1890 2973 1998 3026; x_wconf 56' lang='lat' dir='ltr'><strong>hac-</strong></span> 
     </span>
    </p>
   </div>
   <div class='ocr_carea' id='block_1_44' title="bbox 393 3061 1994 3142">
    <p class='ocr_par' dir='ltr' id='par_1_44' title="bbox 393 3061 1994 3142">
     <span class='ocr_line' id='line_1_44' title="bbox 393 3061 1994 3142; baseline -0.001 -22"><span class='ocrx_word' id='word_1_331' title='bbox 393 3066 683 3120; x_wconf 88' lang='lat' dir='ltr'><strong>reticorum</strong></span> <span class='ocrx_word' id='word_1_332' title='bbox 735 3064 950 3118; x_wconf 90' lang='lat' dir='ltr'><strong>inventa</strong></span> <span class='ocrx_word' id='word_1_333' title='bbox 979 3066 1113 3133; x_wconf 80' lang='grc' dir='ltr'><strong>πρός</strong></span> <span class='ocrx_word' id='word_1_334' title='bbox 1151 3061 1276 3118; x_wconf 79' lang='grc' dir='ltr'><strong>ἴδιον</strong></span> <span class='ocrx_word' id='word_1_335' title='bbox 1321 3071 1640 3136; x_wconf 79' lang='grc' dir='ltr'><strong>χαρακτῆρα</strong></span> <span class='ocrx_word' id='word_1_336' title='bbox 1675 3067 1994 3142; x_wconf 80' lang='grc' dir='ltr'><strong>μεθήρμωσε,</strong></span> 
     </span>
    </p>
   </div>
   <div class='ocr_carea' id='block_1_45' title="bbox 393 3154 1996 3228">
    <p class='ocr_par' dir='ltr' id='par_1_45' title="bbox 393 3154 1996 3228">
     <span class='ocr_line' id='line_1_45' title="bbox 393 3154 1996 3228; baseline -0.001 -16"><span class='ocrx_word' id='word_1_337' title='bbox 393 3157 566 3228; x_wconf 90' lang='lat' dir='ltr'><strong>inquit</strong></span> <span class='ocrx_word' id='word_1_338' title='bbox 618 3155 686 3212; x_wconf 90' lang='lat' dir='ltr'><strong>de</strong></span> <span class='ocrx_word' id='word_1_339' title='bbox 733 3155 1017 3211; x_wconf 81' lang='lat' dir='ltr'><strong>Valentino</strong></span> <span class='ocrx_word' id='word_1_340' title='bbox 1047 3154 1282 3210; x_wconf 72' lang='lat' dir='ltr'><strong>lrenzeus</strong></span> <span class='ocrx_word' id='word_1_341' title='bbox 1309 3154 1500 3226; x_wconf 83' lang='lat' dir='ltr'><strong>(lren.,</strong></span> <span class='ocrx_word' id='word_1_342' title='bbox 1543 3155 1633 3209; x_wconf 86' lang='lat' dir='ltr'><strong>tib.</strong></span> <span class='ocrx_word' id='word_1_343' title='bbox 1664 3172 1702 3222; x_wconf 84' lang='grc' dir='ltr'>ι,</span> <span class='ocrx_word' id='word_1_344' title='bbox 1733 3172 1780 3210; x_wconf 81' lang='lat' dir='ltr'><strong>c.</strong></span> <span class='ocrx_word' id='word_1_345' title='bbox 1814 3157 1873 3225; x_wconf 76' lang='grc' dir='ltr'><strong>ὃ)</strong></span> <span class='ocrx_word' id='word_1_346' title='bbox 1901 3172 1996 3211; x_wconf 82' lang='lat' dir='ltr'><strong>eu-</strong></span> 
     </span>
    </p>
   </div>
   <div class='ocr_carea' id='block_1_46' title="bbox 2104 1945 3710 2020">
    <p class='ocr_par' dir='ltr' id='par_1_46' title="bbox 2104 1945 3710 2020">
     <span class='ocr_line' id='line_1_46' title="bbox 2104 1945 3710 2020; baseline 0.004 -24"><span class='ocrx_word' id='word_1_347' title='bbox 2104 1952 2217 1996; x_wconf 88' lang='lat' dir='ltr'><strong>erat</strong></span> <span class='ocrx_word' id='word_1_348' title='bbox 2244 1957 2272 1996; x_wconf 89' lang='lat' dir='ltr'><strong>a</strong></span> <span class='ocrx_word' id='word_1_349' title='bbox 2301 1953 2451 2011; x_wconf 87' lang='lat' dir='ltr'><strong>patre</strong></span> <span class='ocrx_word' id='word_1_350' title='bbox 2470 1945 2762 2000; x_wconf 88' lang='lat' dir='ltr'><strong>mittendus</strong></span> <span class='ocrx_word' id='word_1_351' title='bbox 2779 1956 2939 2016; x_wconf 87' lang='lat' dir='ltr'><strong>atque</strong></span> <span class='ocrx_word' id='word_1_352' title='bbox 2957 1947 3374 2002; x_wconf 85' lang='lat' dir='ltr'><strong>sanctilicandus</strong></span> <span class='ocrx_word' id='word_1_353' title='bbox 3402 1947 3488 2020; x_wconf 81' lang='lat' dir='ltr'><strong>(S.</strong></span> <span class='ocrx_word' id='word_1_354' title='bbox 3514 1948 3710 2014; x_wconf 83' lang='lat' dir='ltr'><strong>Joan.,</strong></span> 
     </span>
    </p>
   </div>
   <div class='ocr_carea' id='block_1_47' title="bbox 2105 2035 3712 2111">
    <p class='ocr_par' dir='ltr' id='par_1_47' title="bbox 2105 2035 3712 2111">
     <span class='ocr_line' id='line_1_47' title="bbox 2105 2035 3712 2111; baseline 0.007 -24"><span class='ocrx_word' id='word_1_355' title='bbox 2105 2049 2162 2100; x_wconf 71' lang='grc' dir='ltr'>κ,</span> <span class='ocrx_word' id='word_1_356' title='bbox 2186 2035 2296 2105; x_wconf 82' lang='lat'><strong>56).</strong></span> <span class='ocrx_word' id='word_1_357' title='bbox 2325 2035 2402 2090; x_wconf 85' lang='lat' dir='ltr'><strong>Ea</strong></span> <span class='ocrx_word' id='word_1_358' title='bbox 2431 2046 2609 2091; x_wconf 91' lang='lat' dir='ltr'><strong>autem</strong></span> <span class='ocrx_word' id='word_1_359' title='bbox 2635 2040 2995 2094; x_wconf 88' lang='lat' dir='ltr'><strong>sanctiﬁcatio</strong></span> <span class='ocrx_word' id='word_1_360' title='bbox 3022 2041 3198 2110; x_wconf 90' lang='lat' dir='ltr'><strong>qualis</strong></span> <span class='ocrx_word' id='word_1_361' title='bbox 3229 2040 3651 2111; x_wconf 82' lang='lat' dir='ltr'><strong>intelligeretur,</strong></span> <span class='ocrx_word' id='word_1_362' title='bbox 3679 2057 3712 2098; x_wconf 88' lang='lat' dir='ltr'><strong>e</strong></span> 
     </span>
    </p>
   </div>
   <div class='ocr_carea' id='block_1_48' title="bbox 2102 2133 3711 2207">
    <p class='ocr_par' dir='ltr' id='par_1_48' title="bbox 2102 2133 3711 2207">
     <span class='ocr_line' id='line_1_48' title="bbox 2102 2133 3711 2207; baseline 0.007 -21"><span class='ocrx_word' id='word_1_363' title='bbox 2102 2133 2451 2188; x_wconf 82' lang='lat' dir='ltr'><strong>sanctissimo</strong></span> <span class='ocrx_word' id='word_1_364' title='bbox 2477 2134 2786 2190; x_wconf 65' lang='lat' dir='ltr'><strong>Judanorum</strong></span> <span class='ocrx_word' id='word_1_365' title='bbox 2831 2137 3031 2207; x_wconf 85' lang='lat' dir='ltr'><strong>ofﬁcio,</strong></span> <span class='ocrx_word' id='word_1_366' title='bbox 3090 2155 3301 2195; x_wconf 87' lang='lat' dir='ltr'><strong>summo</strong></span> <span class='ocrx_word' id='word_1_367' title='bbox 3333 2141 3591 2196; x_wconf 89' lang='lat' dir='ltr'><strong>nimirum</strong></span> <span class='ocrx_word' id='word_1_368' title='bbox 3619 2157 3711 2197; x_wconf 87' lang='lat' dir='ltr'><strong>sa-</strong></span> 
     </span>
    </p>
   </div>
   <div class='ocr_carea' id='block_1_49' title="bbox 2104 2225 3713 2305">
    <p class='ocr_par' dir='ltr' id='par_1_49' title="bbox 2104 2225 3713 2305">
     <span class='ocr_line' id='line_1_49' title="bbox 2104 2225 3713 2305; baseline 0.009 -27"><span class='ocrx_word' id='word_1_369' title='bbox 2104 2225 2370 2291; x_wconf 90' lang='lat' dir='ltr'><strong>cerdotio,</strong></span> <span class='ocrx_word' id='word_1_370' title='bbox 2415 2229 2615 2297; x_wconf 83' lang='lat' dir='ltr'><strong>Optime</strong></span> <span class='ocrx_word' id='word_1_371' title='bbox 2655 2230 2994 2301; x_wconf 75' lang='lat' dir='ltr'><strong>colligemus.</strong></span> <span class='ocrx_word' id='word_1_372' title='bbox 3025 2232 3083 2287; x_wconf 85' lang='lat' dir='ltr'><strong>In</strong></span> <span class='ocrx_word' id='word_1_373' title='bbox 3120 2234 3264 2288; x_wconf 93' lang='lat' dir='ltr'><strong>illius</strong></span> <span class='ocrx_word' id='word_1_374' title='bbox 3293 2234 3474 2305; x_wconf 84' lang='lat' dir='ltr'><strong>itaque</strong></span> <span class='ocrx_word' id='word_1_375' title='bbox 3501 2237 3713 2291; x_wconf 90' lang='lat' dir='ltr'><strong>sancti-</strong></span> 
     </span>
    </p>
   </div>
   <div class='ocr_carea' id='block_1_50' title="bbox 2105 2307 3710 2398">
    <p class='ocr_par' dir='ltr' id='par_1_50' title="bbox 2105 2307 3710 2398">
     <span class='ocr_line' id='line_1_50' title="bbox 2105 2307 3710 2398; baseline 0.01 -28"><span class='ocrx_word' id='word_1_376' title='bbox 2105 2317 2356 2373; x_wconf 84' lang='lat' dir='ltr'><strong>ficatione</strong></span> <span class='ocrx_word' id='word_1_377' title='bbox 2389 2329 2496 2374; x_wconf 89' lang='lat' dir='ltr'><strong>tam</strong></span> <span class='ocrx_word' id='word_1_378' title='bbox 2539 2336 2730 2392; x_wconf 86' lang='lat' dir='ltr'><strong>aquam</strong></span> <span class='ocrx_word' id='word_1_379' title='bbox 2763 2307 2921 2393; x_wconf 75' lang='lat' dir='ltr'><strong>quam</strong></span> <span class='ocrx_word' id='word_1_380' title='bbox 2963 2326 3124 2380; x_wconf 91' lang='lat' dir='ltr'><strong>etiam</strong></span> <span class='ocrx_word' id='word_1_381' title='bbox 3163 2329 3476 2398; x_wconf 89' lang='lat' dir='ltr'><strong>sanguinem</strong></span> <span class='ocrx_word' id='word_1_382' title='bbox 3521 2330 3710 2386; x_wconf 91' lang='lat' dir='ltr'><strong>locum</strong></span> 
     </span>
    </p>
   </div>
   <div class='ocr_carea' id='block_1_51' title="bbox 2105 2411 3706 2488">
    <p class='ocr_par' dir='ltr' id='par_1_51' title="bbox 2105 2411 3706 2488">
     <span class='ocr_line' id='line_1_51' title="bbox 2105 2411 3706 2488; baseline 0.008 -25"><span class='ocrx_word' id='word_1_383' title='bbox 2105 2411 2359 2466; x_wconf 83' lang='lat' dir='ltr'><strong>habuisse</strong></span> <span class='ocrx_word' id='word_1_384' title='bbox 2413 2424 2626 2469; x_wconf 88' lang='lat' dir='ltr'><strong>constat</strong></span> <span class='ocrx_word' id='word_1_385' title='bbox 2655 2431 2670 2480; x_wconf 87' lang='lat'><strong>;</strong></span> <span class='ocrx_word' id='word_1_386' title='bbox 2700 2433 2886 2486; x_wconf 82' lang='lat' dir='ltr'><strong>aquam</strong></span> <span class='ocrx_word' id='word_1_387' title='bbox 2930 2419 3178 2488; x_wconf 90' lang='lat' dir='ltr'><strong>equidem</strong></span> <span class='ocrx_word' id='word_1_388' title='bbox 3223 2418 3420 2487; x_wconf 55' lang='lat' dir='ltr'><strong>Exod,</strong></span> <span class='ocrx_word' id='word_1_389' title='bbox 3449 2436 3603 2486; x_wconf 74' lang='lat' dir='ltr'><strong>xxix,</strong></span> <span class='ocrx_word' id='word_1_390' title='bbox 3628 2423 3664 2476; x_wconf 77' lang='grc'><strong>4</strong></span> <span class='ocrx_word' id='word_1_391' title='bbox 3690 2438 3706 2487; x_wconf 90' lang='grc'><strong>;</strong></span> 
     </span>
    </p>
   </div>
   <div class='ocr_carea' id='block_1_52' title="bbox 2104 2502 3707 2581">
    <p class='ocr_par' dir='ltr' id='par_1_52' title="bbox 2104 2502 3707 2581">
     <span class='ocr_line' id='line_1_52' title="bbox 2104 2502 3707 2581; baseline 0.008 -25"><span class='ocrx_word' id='word_1_392' title='bbox 2104 2502 2253 2570; x_wconf 79' lang='lat' dir='ltr'><strong>Lev.,</strong></span> <span class='ocrx_word' id='word_1_393' title='bbox 2288 2520 2404 2570; x_wconf 87' lang='lat' dir='ltr'><strong>vm,</strong></span> <span class='ocrx_word' id='word_1_394' title='bbox 2429 2506 2463 2560; x_wconf 88' lang='lat'><strong>6</strong></span> <span class='ocrx_word' id='word_1_395' title='bbox 2489 2522 2503 2565; x_wconf 87' lang='lat'>:</span> <span class='ocrx_word' id='word_1_396' title='bbox 2534 2509 2836 2577; x_wconf 83' lang='lat' dir='ltr'><strong>sanguinem</strong></span> <span class='ocrx_word' id='word_1_397' title='bbox 2875 2520 3054 2566; x_wconf 88' lang='lat' dir='ltr'><strong>autem</strong></span> <span class='ocrx_word' id='word_1_398' title='bbox 3083 2511 3280 2578; x_wconf 66' lang='lat' dir='ltr'><strong>Exod.,</strong></span> <span class='ocrx_word' id='word_1_399' title='bbox 3309 2529 3456 2580; x_wconf 77' lang='lat' dir='ltr'><strong>nix,</strong></span> <span class='ocrx_word' id='word_1_400' title='bbox 3477 2513 3573 2581; x_wconf 72' lang='lat'><strong>‘20,</strong></span> <span class='ocrx_word' id='word_1_401' title='bbox 3607 2514 3707 2581; x_wconf 64' lang='grc' dir='ltr'><strong>εἰς</strong></span> 
     </span>
    </p>
   </div>
   <div class='ocr_carea' id='block_1_53' title="bbox 2107 2595 3710 2676">
    <p class='ocr_par' dir='ltr' id='par_1_53' title="bbox 2107 2595 3710 2676">
     <span class='ocr_line' id='line_1_53' title="bbox 2107 2595 3710 2676; baseline 0.008 -28"><span class='ocrx_word' id='word_1_402' title='bbox 2107 2595 2249 2663; x_wconf 64' lang='grc' dir='ltr'><strong>ιω,</strong></span> <span class='ocrx_word' id='word_1_403' title='bbox 2273 2611 2386 2664; x_wconf 85' lang='lat' dir='ltr'><strong>vm,</strong></span> <span class='ocrx_word' id='word_1_404' title='bbox 2407 2597 2606 2662; x_wconf 64' lang='lat'><strong>25,24.</strong></span> <span class='ocrx_word' id='word_1_405' title='bbox 2642 2597 2723 2654; x_wconf 84' lang='lat' dir='ltr'><strong>Ad</strong></span> <span class='ocrx_word' id='word_1_406' title='bbox 2754 2601 3001 2656; x_wconf 72' lang='lat' dir='ltr'><strong>Messium</strong></span> <span class='ocrx_word' id='word_1_407' title='bbox 3031 2603 3173 2656; x_wconf 92' lang='lat' dir='ltr'><strong>enim</strong></span> <span class='ocrx_word' id='word_1_408' title='bbox 3208 2613 3480 2673; x_wconf 89' lang='lat' dir='ltr'><strong>tamquam</strong></span> <span class='ocrx_word' id='word_1_409' title='bbox 3512 2607 3710 2676; x_wconf 88' lang='lat' dir='ltr'><strong>mysti-</strong></span> 
     </span>
    </p>
   </div>
   <div class='ocr_carea' id='block_1_54' title="bbox 2102 2689 3709 2759">
    <p class='ocr_par' dir='ltr' id='par_1_54' title="bbox 2102 2689 3709 2759">
     <span class='ocr_line' id='line_1_54' title="bbox 2102 2689 3709 2759; baseline 0.007 -18"><span class='ocrx_word' id='word_1_410' title='bbox 2102 2701 2223 2741; x_wconf 92' lang='lat' dir='ltr'><strong>cum</strong></span> <span class='ocrx_word' id='word_1_411' title='bbox 2274 2690 2572 2759; x_wconf 74' lang='lat' dir='ltr'><strong>evangelici</strong></span> <span class='ocrx_word' id='word_1_412' title='bbox 2624 2689 2847 2746; x_wconf 74' lang='lat' dir='ltr'><strong>ftederis</strong></span> <span class='ocrx_word' id='word_1_413' title='bbox 2889 2693 3250 2758; x_wconf 89' lang='lat' dir='ltr'><strong>sacerdotem,</strong></span> <span class='ocrx_word' id='word_1_414' title='bbox 3278 2695 3458 2750; x_wconf 88' lang='lat' dir='ltr'><strong>retulit</strong></span> <span class='ocrx_word' id='word_1_415' title='bbox 3487 2696 3540 2749; x_wconf 92' lang='lat' dir='ltr'><strong>in</strong></span> <span class='ocrx_word' id='word_1_416' title='bbox 3603 2697 3709 2752; x_wconf 90' lang='lat' dir='ltr'><strong>bac</strong></span> 
     </span>
    </p>
   </div>
   <div class='ocr_carea' id='block_1_55' title="bbox 2105 2782 3703 2859">
    <p class='ocr_par' dir='ltr' id='par_1_55' title="bbox 2105 2782 3703 2859">
     <span class='ocr_line' id='line_1_55' title="bbox 2105 2782 3703 2859; baseline 0.006 -25"><span class='ocrx_word' id='word_1_417' title='bbox 2105 2782 2217 2850; x_wconf 86' lang='lat' dir='ltr'><strong>ipsa</strong></span> <span class='ocrx_word' id='word_1_418' title='bbox 2268 2797 2430 2836; x_wconf 88' lang='lat' dir='ltr'><strong>causa</strong></span> <span class='ocrx_word' id='word_1_419' title='bbox 2486 2783 2776 2854; x_wconf 87' lang='lat' dir='ltr'><strong>Apostolus</strong></span> <span class='ocrx_word' id='word_1_420' title='bbox 2820 2784 2993 2841; x_wconf 70' lang='lat' dir='ltr'><strong>Judaei</strong></span> <span class='ocrx_word' id='word_1_421' title='bbox 3041 2787 3312 2857; x_wconf 87' lang='lat' dir='ltr'><strong>pontiﬁcis</strong></span> <span class='ocrx_word' id='word_1_422' title='bbox 3360 2789 3703 2859; x_wconf 82' lang='lat' dir='ltr'><strong>exemplum,</strong></span> 
     </span>
    </p>
   </div>
   <div class='ocr_carea' id='block_1_56' title="bbox 2102 2874 3705 2946">
    <p class='ocr_par' dir='ltr' id='par_1_56' title="bbox 2102 2874 3705 2946">
     <span class='ocr_line' id='line_1_56' title="bbox 2102 2874 3705 2946; baseline 0.007 -23"><span class='ocrx_word' id='word_1_423' title='bbox 2102 2874 2244 2943; x_wconf 80' lang='lat' dir='ltr'><strong>quod</strong></span> <span class='ocrx_word' id='word_1_424' title='bbox 2301 2875 2390 2928; x_wconf 91' lang='lat' dir='ltr'><strong>ille</strong></span> <span class='ocrx_word' id='word_1_425' title='bbox 2425 2877 2586 2930; x_wconf 88' lang='lat' dir='ltr'><strong>etiam</strong></span> <span class='ocrx_word' id='word_1_426' title='bbox 2617 2878 2869 2946; x_wconf 84' lang='lat' dir='ltr'><strong>passione</strong></span> <span class='ocrx_word' id='word_1_427' title='bbox 2920 2893 3014 2932; x_wconf 91' lang='lat' dir='ltr'><strong>sua</strong></span> <span class='ocrx_word' id='word_1_428' title='bbox 3060 2891 3203 2934; x_wconf 87' lang='lat' dir='ltr'><strong>esset</strong></span> <span class='ocrx_word' id='word_1_429' title='bbox 3255 2880 3705 2938; x_wconf 87' lang='lat' dir='ltr'><strong>sanctilieandus.</strong></span> 
     </span>
    </p>
   </div>
   <div class='ocr_carea' id='block_1_57' title="bbox 2104 2965 3704 3042">
    <p class='ocr_par' dir='ltr' id='par_1_57' title="bbox 2104 2965 3704 3042">
     <span class='ocr_line' id='line_1_57' title="bbox 2104 2965 3704 3042; baseline 0.006 -24"><span class='ocrx_word' id='word_1_430' title='bbox 2104 2965 2406 3027; x_wconf 76' lang='grc' dir='ltr'><strong>Τιλειὼσιος</strong></span> <span class='ocrx_word' id='word_1_431' title='bbox 2436 2982 2568 3022; x_wconf 89' lang='lat' dir='ltr'><strong>voce</strong></span> <span class='ocrx_word' id='word_1_432' title='bbox 2592 2984 2721 3023; x_wconf 91' lang='lat' dir='ltr'><strong>usus</strong></span> <span class='ocrx_word' id='word_1_433' title='bbox 2751 2978 2833 3023; x_wconf 86' lang='lat' dir='ltr'><strong>est</strong></span> <span class='ocrx_word' id='word_1_434' title='bbox 2861 2970 3140 3039; x_wconf 90' lang='lat' dir='ltr'><strong>apostolus</strong></span> <span class='ocrx_word' id='word_1_435' title='bbox 3167 2969 3376 3042; x_wconf 71' lang='lat' dir='ltr'><strong>(Helm,</strong></span> <span class='ocrx_word' id='word_1_436' title='bbox 3397 2988 3454 3037; x_wconf 85' lang='lat' dir='ltr'><strong>ll,</strong></span> <span class='ocrx_word' id='word_1_437' title='bbox 3486 2971 3578 3038; x_wconf 78' lang='grc'><strong>10,</strong></span> <span class='ocrx_word' id='word_1_438' title='bbox 3611 2975 3704 3040; x_wconf 78' lang='lat' dir='ltr'><strong>ﬂ;</strong></span> 
     </span>
    </p>
   </div>
   <div class='ocr_carea' id='block_1_58' title="bbox 2104 3058 3705 3136">
    <p class='ocr_par' dir='ltr' id='par_1_58' title="bbox 2104 3058 3705 3136">
     <span class='ocr_line' id='line_1_58' title="bbox 2104 3058 3705 3136; baseline 0.007 -26"><span class='ocrx_word' id='word_1_439' title='bbox 2104 3072 2157 3122; x_wconf 80' lang='grc' dir='ltr'>ν,</span> <span class='ocrx_word' id='word_1_440' title='bbox 2184 3059 2237 3121; x_wconf 92' lang='lat'><strong>8,</strong></span> <span class='ocrx_word' id='word_1_441' title='bbox 2267 3058 2347 3128; x_wconf 88' lang='lat'><strong>9),</strong></span> <span class='ocrx_word' id='word_1_442' title='bbox 2371 3062 2592 3130; x_wconf 87' lang='lat' dir='ltr'><strong>mystica</strong></span> <span class='ocrx_word' id='word_1_443' title='bbox 2621 3063 2874 3116; x_wconf 91' lang='lat' dir='ltr'><strong>nimirum</strong></span> <span class='ocrx_word' id='word_1_444' title='bbox 2906 3064 3013 3128; x_wconf 91' lang='lat' dir='ltr'><strong>illa,</strong></span> <span class='ocrx_word' id='word_1_445' title='bbox 3045 3074 3099 3119; x_wconf 92' lang='lat' dir='ltr'><strong>et</strong></span> <span class='ocrx_word' id='word_1_446' title='bbox 3125 3079 3292 3120; x_wconf 78' lang='lat' dir='ltr'><strong>sacra:</strong></span> <span class='ocrx_word' id='word_1_447' title='bbox 3315 3067 3705 3136; x_wconf 86' lang='lat' dir='ltr'><strong>mysteriorum</strong></span> 
     </span>
    </p>
   </div>
   <div class='ocr_carea' id='block_1_59' title="bbox 2107 3149 3708 3222">
    <p class='ocr_par' dir='ltr' id='par_1_59' title="bbox 2107 3149 3708 3222">
     <span class='ocr_line' id='line_1_59' title="bbox 2107 3149 3708 3222; baseline 0.007 -20"><span class='ocrx_word' id='word_1_448' title='bbox 2107 3149 2441 3218; x_wconf 55' lang='lat' dir='ltr'><strong>praefectura:</strong></span> <span class='ocrx_word' id='word_1_449' title='bbox 2476 3154 2708 3222; x_wconf 87' lang='lat' dir='ltr'><strong>propria.</strong></span> <span class='ocrx_word' id='word_1_450' title='bbox 2740 3154 2813 3208; x_wconf 86' lang='lat' dir='ltr'><strong>ita</strong></span> <span class='ocrx_word' id='word_1_451' title='bbox 2847 3163 3023 3209; x_wconf 89' lang='lat' dir='ltr'><strong>tamen</strong></span> <span class='ocrx_word' id='word_1_452' title='bbox 3068 3155 3266 3210; x_wconf 80' lang='lat' dir='ltr'><strong>Christi</strong></span> <span class='ocrx_word' id='word_1_453' title='bbox 3298 3156 3400 3210; x_wconf 87' lang='lat' dir='ltr'><strong>hoc</strong></span> <span class='ocrx_word' id='word_1_454' title='bbox 3445 3159 3708 3214; x_wconf 84' lang='lat' dir='ltr'><strong>sacerdo-</strong></span> 
     </span>
    </p>
   </div>
   <div class='ocr_carea' id='block_1_60' title="bbox 389 3241 3702 3322">
    <p class='ocr_par' dir='ltr' id='par_1_60' title="bbox 389 3241 3702 3322">
     <span class='ocr_line' id='line_1_60' title="bbox 389 3241 3702 3322; baseline -0 -16"><span class='ocrx_word' id='word_1_455' title='bbox 389 3251 603 3322; x_wconf 88' lang='lat' dir='ltr'><strong>jusdam</strong></span> <span class='ocrx_word' id='word_1_456' title='bbox 658 3249 855 3304; x_wconf 85' lang='lat' dir='ltr'><strong>veteris</strong></span> <span class='ocrx_word' id='word_1_457' title='bbox 906 3247 1174 3317; x_wconf 89' lang='lat' dir='ltr'><strong>opinionis</strong></span> <span class='ocrx_word' id='word_1_458' title='bbox 1222 3247 1428 3301; x_wconf 89' lang='lat' dir='ltr'><strong>semina</strong></span> <span class='ocrx_word' id='word_1_459' title='bbox 1480 3257 1637 3302; x_wconf 87' lang='lat' dir='ltr'><strong>natus</strong></span> <span class='ocrx_word' id='word_1_460' title='bbox 1685 3257 1806 3312; x_wconf 88' lang='lat' dir='ltr'><strong>est,</strong></span> <span class='ocrx_word' id='word_1_461' title='bbox 1861 3258 1997 3304; x_wconf 85' lang='lat' dir='ltr'><strong>tcsle</strong></span> <span class='ocrx_word' id='word_1_462' title='bbox 2025 3243 2070 3306; x_wconf 88' lang='lat' dir='ltr'><strong>C</strong></span> <span class='ocrx_word' id='word_1_463' title='bbox 2109 3241 2240 3295; x_wconf 89' lang='lat' dir='ltr'><strong>tium</strong></span> <span class='ocrx_word' id='word_1_464' title='bbox 2267 3257 2388 3296; x_wconf 89' lang='lat' dir='ltr'><strong>cum</strong></span> <span class='ocrx_word' id='word_1_465' title='bbox 2416 3243 2726 3300; x_wconf 72' lang='lat' dir='ltr'><strong>Juda-orum</strong></span> <span class='ocrx_word' id='word_1_466' title='bbox 2758 3247 3356 3302; x_wconf 89' lang='lat' dir='ltr'><strong>sacerdotiocontendit</strong></span> <span class='ocrx_word' id='word_1_467' title='bbox 3381 3250 3702 3318; x_wconf 82' lang='lat' dir='ltr'><strong>Apostolus,</strong></span> 
     </span>
    </p>
   </div>
   <div class='ocr_carea' id='block_1_61' title="bbox 394 3337 1992 3415">
    <p class='ocr_par' dir='ltr' id='par_1_61' title="bbox 394 3337 1992 3415">
     <span class='ocr_line' id='line_1_61' title="bbox 394 3337 1992 3415; baseline -0.002 -15"><span class='ocrx_word' id='word_1_468' title='bbox 394 3343 726 3401; x_wconf 89' lang='lat' dir='ltr'><strong>Tertulliano</strong></span> <span class='ocrx_word' id='word_1_469' title='bbox 747 3341 935 3415; x_wconf 84' lang='lat' dir='ltr'><strong>(Tert.,</strong></span> <span class='ocrx_word' id='word_1_470' title='bbox 966 3341 1082 3394; x_wconf 86' lang='lat' dir='ltr'><strong>adv.</strong></span> <span class='ocrx_word' id='word_1_471' title='bbox 1114 3339 1334 3405; x_wconf 81' lang='lat' dir='ltr'><strong>Valent.,</strong></span> <span class='ocrx_word' id='word_1_472' title='bbox 1361 3356 1407 3394; x_wconf 77' lang='grc' dir='ltr'><strong>ο.</strong></span> <span class='ocrx_word' id='word_1_473' title='bbox 1432 3337 1511 3411; x_wconf 78' lang='grc'><strong>4).</strong></span> <span class='ocrx_word' id='word_1_474' title='bbox 1540 3338 1608 3395; x_wconf 91' lang='lat' dir='ltr'><strong>Ut</strong></span> <span class='ocrx_word' id='word_1_475' title='bbox 1627 3341 1784 3411; x_wconf 90' lang='lat' dir='ltr'><strong>igitur</strong></span> <span class='ocrx_word' id='word_1_476' title='bbox 1810 3340 1992 3397; x_wconf 83' lang='lat' dir='ltr'><strong>Jesum</strong></span> 
     </span>
    </p>
   </div>
   <div class='ocr_carea' id='block_1_62' title="bbox 393 3433 1994 3503">
    <p class='ocr_par' dir='ltr' id='par_1_62' title="bbox 393 3433 1994 3503">
     <span class='ocr_line' id='line_1_62' title="bbox 393 3433 1994 3503; baseline -0.003 -11"><span class='ocrx_word' id='word_1_477' title='bbox 393 3453 423 3492; x_wconf 89' lang='lat' dir='ltr'><strong>a</strong></span> <span class='ocrx_word' id='word_1_478' title='bbox 450 3436 665 3492; x_wconf 85' lang='lat' dir='ltr'><strong>Christo</strong></span> <span class='ocrx_word' id='word_1_479' title='bbox 693 3435 991 3490; x_wconf 88' lang='lat' dir='ltr'><strong>diviserunt</strong></span> <span class='ocrx_word' id='word_1_480' title='bbox 1015 3433 1380 3497; x_wconf 88' lang='lat' dir='ltr'><strong>valentiniani,</strong></span> <span class='ocrx_word' id='word_1_481' title='bbox 1414 3433 1479 3486; x_wconf 87' lang='lat' dir='ltr'><strong>ad</strong></span> <span class='ocrx_word' id='word_1_482' title='bbox 1502 3434 1861 3503; x_wconf 85' lang='lat' dir='ltr'><strong>antiquiorum</strong></span> <span class='ocrx_word' id='word_1_483' title='bbox 1893 3433 1994 3488; x_wconf 73' lang='lat' dir='ltr'><strong>lue-</strong></span> 
     </span>
    </p>
   </div>
   <div class='ocr_carea' id='block_1_63' title="bbox 393 3525 1993 3597">
    <p class='ocr_par' dir='ltr' id='par_1_63' title="bbox 393 3525 1993 3597">
     <span class='ocr_line' id='line_1_63' title="bbox 393 3525 1993 3597; baseline -0.002 -13"><span class='ocrx_word' id='word_1_484' title='bbox 393 3531 686 3585; x_wconf 89' lang='lat' dir='ltr'><strong>reticorum</strong></span> <span class='ocrx_word' id='word_1_485' title='bbox 737 3526 1041 3597; x_wconf 82' lang='lat' dir='ltr'><strong>exemplum</strong></span> <span class='ocrx_word' id='word_1_486' title='bbox 1083 3525 1346 3596; x_wconf 89' lang='lat' dir='ltr'><strong>Apostolo</strong></span> <span class='ocrx_word' id='word_1_487' title='bbox 1397 3539 1731 3592; x_wconf 74' lang='lat' dir='ltr'><strong>cozcvorum,</strong></span> <span class='ocrx_word' id='word_1_488' title='bbox 1764 3542 1993 3597; x_wconf 91' lang='lat' dir='ltr'><strong>quorum</strong></span> 
     </span>
    </p>
   </div>
   <div class='ocr_carea' id='block_1_64' title="bbox 393 3618 1992 3688">
    <p class='ocr_par' dir='ltr' id='par_1_64' title="bbox 393 3618 1992 3688">
     <span class='ocr_line' id='line_1_64' title="bbox 393 3618 1992 3688; baseline -0.001 -12"><span class='ocrx_word' id='word_1_489' title='bbox 393 3621 678 3676; x_wconf 84' lang='lat' dir='ltr'><strong>occasione</strong></span> <span class='ocrx_word' id='word_1_490' title='bbox 727 3627 836 3674; x_wconf 88' lang='lat' dir='ltr'><strong>tam</strong></span> <span class='ocrx_word' id='word_1_491' title='bbox 882 3629 964 3674; x_wconf 91' lang='lat' dir='ltr'><strong>est</strong></span> <span class='ocrx_word' id='word_1_492' title='bbox 1015 3618 1067 3673; x_wconf 92' lang='lat' dir='ltr'><strong>in</strong></span> <span class='ocrx_word' id='word_1_493' title='bbox 1118 3633 1184 3673; x_wconf 90' lang='lat' dir='ltr'><strong>eo</strong></span> <span class='ocrx_word' id='word_1_494' title='bbox 1216 3619 1332 3686; x_wconf 90' lang='lat' dir='ltr'><strong>ipso</strong></span> <span class='ocrx_word' id='word_1_495' title='bbox 1360 3627 1674 3688; x_wconf 87' lang='lat' dir='ltr'><strong>argumento</strong></span> <span class='ocrx_word' id='word_1_496' title='bbox 1704 3619 1906 3672; x_wconf 88' lang='lat' dir='ltr'><strong>multus</strong></span> <span class='ocrx_word' id='word_1_497' title='bbox 1940 3621 1992 3674; x_wconf 90' lang='lat' dir='ltr'><strong>in</strong></span> 
     </span>
    </p>
   </div>
   <div class='ocr_carea' id='block_1_65' title="bbox 395 3710 1989 3784">
    <p class='ocr_par' dir='ltr' id='par_1_65' title="bbox 395 3710 1989 3784">
     <span class='ocr_line' id='line_1_65' title="bbox 395 3710 1989 3784; baseline -0.002 -16"><span class='ocrx_word' id='word_1_498' title='bbox 395 3714 564 3784; x_wconf 89' lang='lat' dir='ltr'><strong>prima</strong></span> <span class='ocrx_word' id='word_1_499' title='bbox 594 3727 690 3767; x_wconf 88' lang='lat' dir='ltr'><strong>sua</strong></span> <span class='ocrx_word' id='word_1_500' title='bbox 729 3711 953 3779; x_wconf 89' lang='lat' dir='ltr'><strong>epistola</strong></span> <span class='ocrx_word' id='word_1_501' title='bbox 985 3710 1306 3779; x_wconf 83' lang='lat' dir='ltr'><strong>Apostolus;</strong></span> <span class='ocrx_word' id='word_1_502' title='bbox 1343 3711 1412 3764; x_wconf 89' lang='lat' dir='ltr'><strong>ita</strong></span> <span class='ocrx_word' id='word_1_503' title='bbox 1467 3719 1521 3765; x_wconf 92' lang='lat' dir='ltr'><strong>et</strong></span> <span class='ocrx_word' id='word_1_504' title='bbox 1561 3711 1816 3782; x_wconf 87' lang='lat' dir='ltr'><strong>martyria</strong></span> <span class='ocrx_word' id='word_1_505' title='bbox 1868 3726 1989 3765; x_wconf 82' lang='lat' dir='ltr'><strong>cuni</strong></span> 
     </span>
    </p>
   </div>
   <div class='ocr_carea' id='block_1_66' title="bbox 397 3803 1996 3874">
    <p class='ocr_par' dir='ltr' id='par_1_66' title="bbox 397 3803 1996 3874">
     <span class='ocr_line' id='line_1_66' title="bbox 397 3803 1996 3874; baseline -0.003 -10"><span class='ocrx_word' id='word_1_506' title='bbox 397 3808 588 3864; x_wconf 90' lang='lat' dir='ltr'><strong>iisdem</strong></span> <span class='ocrx_word' id='word_1_507' title='bbox 619 3807 1004 3862; x_wconf 88' lang='lat' dir='ltr'><strong>valentinianis</strong></span> <span class='ocrx_word' id='word_1_508' title='bbox 1049 3803 1270 3859; x_wconf 89' lang='lat' dir='ltr'><strong>eosdem</strong></span> <span class='ocrx_word' id='word_1_509' title='bbox 1297 3805 1458 3860; x_wconf 87' lang='lat' dir='ltr'><strong>etiam</strong></span> <span class='ocrx_word' id='word_1_510' title='bbox 1488 3805 1747 3874; x_wconf 91' lang='lat' dir='ltr'><strong>Apostolo</strong></span> <span class='ocrx_word' id='word_1_511' title='bbox 1776 3820 1996 3860; x_wconf 80' lang='lat' dir='ltr'><strong>coaevus</strong></span> 
     </span>
    </p>
   </div>
   <div class='ocr_carea' id='block_1_67' title="bbox 394 3897 1994 3969">
    <p class='ocr_par' dir='ltr' id='par_1_67' title="bbox 394 3897 1994 3969">
     <span class='ocr_line' id='line_1_67' title="bbox 394 3897 1994 3969; baseline -0.003 -12"><span class='ocrx_word' id='word_1_512' title='bbox 394 3903 678 3958; x_wconf 75' lang='lat' dir='ltr'><strong>bzereticos</strong></span> <span class='ocrx_word' id='word_1_513' title='bbox 732 3899 1016 3954; x_wconf 88' lang='lat' dir='ltr'><strong>sustulisse</strong></span> <span class='ocrx_word' id='word_1_514' title='bbox 1061 3897 1340 3969; x_wconf 89' lang='lat' dir='ltr'><strong>probabile</strong></span> <span class='ocrx_word' id='word_1_515' title='bbox 1394 3905 1497 3952; x_wconf 89' lang='lat' dir='ltr'><strong>est.</strong></span> <span class='ocrx_word' id='word_1_516' title='bbox 1542 3898 1597 3953; x_wconf 94' lang='lat' dir='ltr'><strong>ln</strong></span> <span class='ocrx_word' id='word_1_517' title='bbox 1651 3899 1795 3952; x_wconf 90' lang='lat' dir='ltr'><strong>illam</strong></span> <span class='ocrx_word' id='word_1_518' title='bbox 1845 3907 1994 3952; x_wconf 89' lang='lat' dir='ltr'><strong>certe</strong></span> 
     </span>
    </p>
   </div>
   <div class='ocr_carea' id='block_1_68' title="bbox 393 3990 1988 4066">
    <p class='ocr_par' dir='ltr' id='par_1_68' title="bbox 393 3990 1988 4066">
     <span class='ocr_line' id='line_1_68' title="bbox 393 3990 1988 4066; baseline -0.007 -11"><span class='ocrx_word' id='word_1_519' title='bbox 393 3998 718 4056; x_wconf 88' lang='lat' dir='ltr'><strong>sententiam</strong></span> <span class='ocrx_word' id='word_1_520' title='bbox 745 3995 948 4066; x_wconf 90' lang='lat' dir='ltr'><strong>optime</strong></span> <span class='ocrx_word' id='word_1_521' title='bbox 974 3993 1319 4065; x_wconf 86' lang='lat' dir='ltr'><strong>quadrabunt</strong></span> <span class='ocrx_word' id='word_1_522' title='bbox 1349 3990 1592 4060; x_wconf 88' lang='lat' dir='ltr'><strong>Apostoli</strong></span> <span class='ocrx_word' id='word_1_523' title='bbox 1636 4000 1950 4062; x_wconf 89' lang='lat' dir='ltr'><strong>argumenta</strong></span> <span class='ocrx_word' id='word_1_524' title='bbox 1973 4031 1988 4056; x_wconf 96' lang='lat'><strong>,</strong></span> 
     </span>
    </p>
   </div>
   <div class='ocr_carea' id='block_1_69' title="bbox 395 4082 1993 4145">
    <p class='ocr_par' dir='ltr' id='par_1_69' title="bbox 395 4082 1993 4145">
     <span class='ocr_line' id='line_1_69' title="bbox 395 4082 1993 4145; baseline -0.004 0"><span class='ocrx_word' id='word_1_525' title='bbox 395 4098 454 4145; x_wconf 84' lang='lat' dir='ltr'><strong>ut</strong></span> <span class='ocrx_word' id='word_1_526' title='bbox 505 4099 630 4145; x_wconf 84' lang='lat' dir='ltr'><strong>ante</strong></span> <span class='ocrx_word' id='word_1_527' title='bbox 685 4101 786 4143; x_wconf 90' lang='lat' dir='ltr'><strong>nos</strong></span> <span class='ocrx_word' id='word_1_528' title='bbox 835 4094 1020 4142; x_wconf 90' lang='lat' dir='ltr'><strong>noster</strong></span> <span class='ocrx_word' id='word_1_529' title='bbox 1074 4083 1384 4141; x_wconf 86' lang='lat' dir='ltr'><strong>observavit</strong></span> <span class='ocrx_word' id='word_1_530' title='bbox 1415 4082 1804 4138; x_wconf 81' lang='lat' dir='ltr'><strong>Hammondus.</strong></span> <span class='ocrx_word' id='word_1_531' title='bbox 1839 4082 1993 4138; x_wconf 84' lang='lat' dir='ltr'><strong>Anti-</strong></span> 
     </span>
    </p>
   </div>
   <div class='ocr_carea' id='block_1_70' title="bbox 394 4175 1994 4246">
    <p class='ocr_par' dir='ltr' id='par_1_70' title="bbox 394 4175 1994 4246">
     <span class='ocr_line' id='line_1_70' title="bbox 394 4175 1994 4246; baseline -0.004 -9"><span class='ocrx_word' id='word_1_532' title='bbox 394 4181 582 4238; x_wconf 87' lang='lat' dir='ltr'><strong>christi</strong></span> <span class='ocrx_word' id='word_1_533' title='bbox 621 4190 774 4236; x_wconf 88' lang='lat' dir='ltr'><strong>erant</strong></span> <span class='ocrx_word' id='word_1_534' title='bbox 819 4179 871 4233; x_wconf 89' lang='lat' dir='ltr'><strong>bi</strong></span> <span class='ocrx_word' id='word_1_535' title='bbox 905 4177 1142 4234; x_wconf 74' lang='lat' dir='ltr'><strong>lueretici</strong></span> <span class='ocrx_word' id='word_1_536' title='bbox 1171 4191 1288 4243; x_wconf 90' lang='lat' dir='ltr'><strong>seu,</strong></span> <span class='ocrx_word' id='word_1_537' title='bbox 1322 4175 1465 4246; x_wconf 89' lang='lat' dir='ltr'><strong>quod</strong></span> <span class='ocrx_word' id='word_1_538' title='bbox 1494 4175 1633 4246; x_wconf 89' lang='lat' dir='ltr'><strong>apud</strong></span> <span class='ocrx_word' id='word_1_539' title='bbox 1677 4176 1994 4245; x_wconf 88' lang='lat' dir='ltr'><strong>Apostolum</strong></span> 
     </span>
    </p>
   </div>
   <div class='ocr_carea' id='block_1_71' title="bbox 400 4269 1994 4342">
    <p class='ocr_par' dir='ltr' id='par_1_71' title="bbox 400 4269 1994 4342">
     <span class='ocr_line' id='line_1_71' title="bbox 400 4269 1994 4342; baseline -0.005 -10"><span class='ocrx_word' id='word_1_540' title='bbox 400 4275 730 4332; x_wconf 90' lang='lat' dir='ltr'><strong>tantumdem</strong></span> <span class='ocrx_word' id='word_1_541' title='bbox 800 4273 978 4339; x_wconf 91' lang='lat' dir='ltr'><strong>valet,</strong></span> <span class='ocrx_word' id='word_1_542' title='bbox 1054 4270 1472 4342; x_wconf 87' lang='lat' dir='ltr'><strong>pseudo-chriin</strong></span> <span class='ocrx_word' id='word_1_543' title='bbox 1508 4310 1523 4334; x_wconf 92' lang='lat'><strong>,</strong></span> <span class='ocrx_word' id='word_1_544' title='bbox 1583 4269 1725 4340; x_wconf 92' lang='lat' dir='ltr'><strong>quod</strong></span> <span class='ocrx_word' id='word_1_545' title='bbox 1794 4269 1994 4324; x_wconf 89' lang='lat' dir='ltr'><strong>Christi</strong></span> 
     </span>
    </p>
   </div>
   <div class='ocr_carea' id='block_1_72' title="bbox 395 4362 1991 4438">
    <p class='ocr_par' dir='ltr' id='par_1_72' title="bbox 395 4362 1991 4438">
     <span class='ocr_line' id='line_1_72' title="bbox 395 4362 1991 4438; baseline -0.006 -13"><span class='ocrx_word' id='word_1_546' title='bbox 395 4370 595 4426; x_wconf 66' lang='lat' dir='ltr'><strong>Iudaeis</strong></span> <span class='ocrx_word' id='word_1_547' title='bbox 657 4367 908 4438; x_wconf 88' lang='lat' dir='ltr'><strong>promissi</strong></span> <span class='ocrx_word' id='word_1_548' title='bbox 960 4380 1244 4436; x_wconf 86' lang='lat' dir='ltr'><strong>personam</strong></span> <span class='ocrx_word' id='word_1_549' title='bbox 1294 4363 1394 4434; x_wconf 90' lang='lat' dir='ltr'><strong>ipsi</strong></span> <span class='ocrx_word' id='word_1_550' title='bbox 1445 4363 1495 4416; x_wconf 92' lang='lat' dir='ltr'><strong>in</strong></span> <span class='ocrx_word' id='word_1_551' title='bbox 1537 4377 1594 4416; x_wconf 90' lang='lat' dir='ltr'><strong>se</strong></span> <span class='ocrx_word' id='word_1_552' title='bbox 1635 4362 1991 4432; x_wconf 87' lang='lat' dir='ltr'><strong>susciperent.</strong></span> 
     </span>
    </p>
   </div>
   <div class='ocr_carea' id='block_1_73' title="bbox 396 4453 1996 4528">
    <p class='ocr_par' dir='ltr' id='par_1_73' title="bbox 396 4453 1996 4528">
     <span class='ocr_line' id='line_1_73' title="bbox 396 4453 1996 4528; baseline -0.006 -11"><span class='ocrx_word' id='word_1_553' title='bbox 396 4462 629 4517; x_wconf 83' lang='lat' dir='ltr'><strong>Proinde</strong></span> <span class='ocrx_word' id='word_1_554' title='bbox 687 4459 815 4516; x_wconf 89' lang='lat' dir='ltr'><strong>illud</strong></span> <span class='ocrx_word' id='word_1_555' title='bbox 863 4458 1034 4513; x_wconf 90' lang='lat' dir='ltr'><strong>innuit</strong></span> <span class='ocrx_word' id='word_1_556' title='bbox 1079 4455 1369 4528; x_wconf 79' lang='lat' dir='ltr'><strong>Apostolus</strong></span> <span class='ocrx_word' id='word_1_557' title='bbox 1415 4454 1576 4509; x_wconf 86' lang='lat' dir='ltr'><strong>totius</strong></span> <span class='ocrx_word' id='word_1_558' title='bbox 1605 4453 1882 4523; x_wconf 84' lang='lat' dir='ltr'><strong>Evangelii</strong></span> <span class='ocrx_word' id='word_1_559' title='bbox 1913 4453 1996 4507; x_wconf 86' lang='lat' dir='ltr'><strong>sui</strong></span> 
     </span>
    </p>
   </div>
   <div class='ocr_carea' id='block_1_74' title="bbox 393 4535 1993 4617">
    <p class='ocr_par' dir='ltr' id='par_1_74' title="bbox 393 4535 1993 4617">
     <span class='ocr_line' id='line_1_74' title="bbox 393 4535 1993 4617; baseline -0.005 -9"><span class='ocrx_word' id='word_1_560' title='bbox 393 4555 560 4610; x_wconf 89' lang='lat' dir='ltr'><strong>fuisse</strong></span> <span class='ocrx_word' id='word_1_561' title='bbox 585 4552 893 4617; x_wconf 90' lang='lat' dir='ltr'><strong>consilium,</strong></span> <span class='ocrx_word' id='word_1_562' title='bbox 923 4559 981 4604; x_wconf 94' lang='lat' dir='ltr'><strong>ut</strong></span> <span class='ocrx_word' id='word_1_563' title='bbox 1002 4547 1291 4604; x_wconf 91' lang='lat' dir='ltr'><strong>crederent</strong></span> <span class='ocrx_word' id='word_1_564' title='bbox 1315 4545 1498 4602; x_wconf 82' lang='lat' dir='ltr'><strong>Jesum</strong></span> <span class='ocrx_word' id='word_1_565' title='bbox 1518 4535 1680 4600; x_wconf 83' lang='lat' dir='ltr'><strong>fuisse</strong></span> <span class='ocrx_word' id='word_1_566' title='bbox 1705 4544 1872 4600; x_wconf 88' lang='lat' dir='ltr'><strong>tilium</strong></span> <span class='ocrx_word' id='word_1_567' title='bbox 1901 4545 1993 4600; x_wconf 84' lang='lat' dir='ltr'><strong>Dei</strong></span> 
     </span>
    </p>
   </div>
   <div class='ocr_carea' id='block_1_75' title="bbox 2103 3337 3703 3408">
    <p class='ocr_par' dir='ltr' id='par_1_75' title="bbox 2103 3337 3703 3408">
     <span class='ocr_line' id='line_1_75' title="bbox 2103 3337 3703 3408; baseline 0.006 -21"><span class='ocrx_word' id='word_1_568' title='bbox 2103 3345 2181 3398; x_wconf 93' lang='lat' dir='ltr'><strong>ut,</strong></span> <span class='ocrx_word' id='word_1_569' title='bbox 2212 3351 2333 3388; x_wconf 90' lang='lat' dir='ltr'><strong>cum</strong></span> <span class='ocrx_word' id='word_1_570' title='bbox 2365 3337 2415 3389; x_wconf 92' lang='lat' dir='ltr'><strong>in</strong></span> <span class='ocrx_word' id='word_1_571' title='bbox 2463 3339 2744 3408; x_wconf 84' lang='lat' dir='ltr'><strong>utriusque</strong></span> <span class='ocrx_word' id='word_1_572' title='bbox 2789 3340 3196 3394; x_wconf 81' lang='lat' dir='ltr'><strong>consecratione</strong></span> <span class='ocrx_word' id='word_1_573' title='bbox 3234 3341 3510 3408; x_wconf 85' lang='lat' dir='ltr'><strong>sanguinis</strong></span> <span class='ocrx_word' id='word_1_574' title='bbox 3541 3356 3703 3396; x_wconf 89' lang='lat' dir='ltr'><strong>usum</strong></span> 
     </span>
    </p>
   </div>
   <div class='ocr_carea' id='block_1_76' title="bbox 2102 3427 3703 3499">
    <p class='ocr_par' dir='ltr' id='par_1_76' title="bbox 2102 3427 3703 3499">
     <span class='ocr_line' id='line_1_76' title="bbox 2102 3427 3703 3499; baseline 0.006 -19"><span class='ocrx_word' id='word_1_575' title='bbox 2102 3427 2401 3482; x_wconf 88' lang='lat' dir='ltr'><strong>adhibitum</strong></span> <span class='ocrx_word' id='word_1_576' title='bbox 2436 3431 2736 3499; x_wconf 88' lang='lat' dir='ltr'><strong>probasset,</strong></span> <span class='ocrx_word' id='word_1_577' title='bbox 2772 3432 2822 3486; x_wconf 93' lang='lat' dir='ltr'><strong>in</strong></span> <span class='ocrx_word' id='word_1_578' title='bbox 2851 3447 2916 3486; x_wconf 87' lang='lat' dir='ltr'><strong>eo</strong></span> <span class='ocrx_word' id='word_1_579' title='bbox 2956 3433 3245 3486; x_wconf 87' lang='lat' dir='ltr'><strong>eminuerit</strong></span> <span class='ocrx_word' id='word_1_580' title='bbox 3285 3431 3480 3486; x_wconf 85' lang='lat' dir='ltr'><strong>Christi</strong></span> <span class='ocrx_word' id='word_1_581' title='bbox 3511 3448 3703 3489; x_wconf 78' lang='lat' dir='ltr'><strong>sacer-</strong></span> 
     </span>
    </p>
   </div>
   <div class='ocr_carea' id='block_1_77' title="bbox 2101 3521 3707 3596">
    <p class='ocr_par' dir='ltr' id='par_1_77' title="bbox 2101 3521 3707 3596">
     <span class='ocr_line' id='line_1_77' title="bbox 2101 3521 3707 3596; baseline 0.004 -20"><span class='ocrx_word' id='word_1_582' title='bbox 2101 3521 2307 3576; x_wconf 85' lang='lat' dir='ltr'><strong>detium</strong></span> <span class='ocrx_word' id='word_1_583' title='bbox 2327 3525 2468 3593; x_wconf 89' lang='lat' dir='ltr'><strong>quod</strong></span> <span class='ocrx_word' id='word_1_584' title='bbox 2492 3540 2590 3579; x_wconf 92' lang='lat' dir='ltr'><strong>suo</strong></span> <span class='ocrx_word' id='word_1_585' title='bbox 2613 3524 2890 3580; x_wconf 74' lang='lat' dir='ltr'><strong>dumtaxat</strong></span> <span class='ocrx_word' id='word_1_586' title='bbox 2911 3527 3172 3596; x_wconf 84' lang='lat' dir='ltr'><strong>sanguine</strong></span> <span class='ocrx_word' id='word_1_587' title='bbox 3190 3536 3540 3581; x_wconf 88' lang='lat' dir='ltr'><strong>consecratus</strong></span> <span class='ocrx_word' id='word_1_588' title='bbox 3568 3527 3707 3582; x_wconf 49' lang='lat' dir='ltr'><strong>fuise</strong></span> 
     </span>
    </p>
   </div>
   <div class='ocr_carea' id='block_1_78' title="bbox 2100 3614 3705 3690">
    <p class='ocr_par' dir='ltr' id='par_1_78' title="bbox 2100 3614 3705 3690">
     <span class='ocr_line' id='line_1_78' title="bbox 2100 3614 3705 3690; baseline 0.004 -19"><span class='ocrx_word' id='word_1_589' title='bbox 2100 3623 2182 3671; x_wconf 89' lang='lat' dir='ltr'><strong>set</strong></span> <span class='ocrx_word' id='word_1_590' title='bbox 2202 3614 2446 3670; x_wconf 86' lang='lat' dir='ltr'><strong>Christus</strong></span> <span class='ocrx_word' id='word_1_591' title='bbox 2465 3631 2585 3670; x_wconf 91' lang='lat' dir='ltr'><strong>cum</strong></span> <span class='ocrx_word' id='word_1_592' title='bbox 2605 3626 2828 3671; x_wconf 82' lang='lat' dir='ltr'><strong>externo</strong></span> <span class='ocrx_word' id='word_1_593' title='bbox 2841 3616 3119 3671; x_wconf 80' lang='lat' dir='ltr'><strong>dumtaxat</strong></span> <span class='ocrx_word' id='word_1_594' title='bbox 3143 3617 3407 3686; x_wconf 87' lang='lat' dir='ltr'><strong>pecudum</strong></span> <span class='ocrx_word' id='word_1_595' title='bbox 3435 3620 3705 3690; x_wconf 81' lang='lat' dir='ltr'><strong>sanguine</strong></span> 
     </span>
    </p>
   </div>
   <div class='ocr_carea' id='block_1_79' title="bbox 2102 3706 3707 3769">
    <p class='ocr_par' dir='ltr' id='par_1_79' title="bbox 2102 3706 3707 3769">
     <span class='ocr_line' id='line_1_79' title="bbox 2102 3706 3707 3769; baseline 0.006 -8"><span class='ocrx_word' id='word_1_596' title='bbox 2102 3707 2184 3761; x_wconf 88' lang='lat' dir='ltr'><strong>usi</strong></span> <span class='ocrx_word' id='word_1_597' title='bbox 2215 3717 2404 3762; x_wconf 90' lang='lat' dir='ltr'><strong>essent</strong></span> <span class='ocrx_word' id='word_1_598' title='bbox 2434 3708 2487 3760; x_wconf 91' lang='lat' dir='ltr'><strong>in</strong></span> <span class='ocrx_word' id='word_1_599' title='bbox 2517 3706 2856 3762; x_wconf 85' lang='lat' dir='ltr'><strong>sacerdotum</strong></span> <span class='ocrx_word' id='word_1_600' title='bbox 2901 3724 3120 3764; x_wconf 89' lang='lat' dir='ltr'><strong>suorum</strong></span> <span class='ocrx_word' id='word_1_601' title='bbox 3153 3713 3566 3768; x_wconf 87' lang='lat' dir='ltr'><strong>consecratione</strong></span> <span class='ocrx_word' id='word_1_602' title='bbox 3606 3714 3707 3769; x_wconf 83' lang='lat' dir='ltr'><strong>Ju-</strong></span> 
     </span>
    </p>
   </div>
   <div class='ocr_carea' id='block_1_80' title="bbox 2101 3799 3701 3876">
    <p class='ocr_par' dir='ltr' id='par_1_80' title="bbox 2101 3799 3701 3876">
     <span class='ocr_line' id='line_1_80' title="bbox 2101 3799 3701 3876; baseline 0.006 -22"><span class='ocrx_word' id='word_1_603' title='bbox 2101 3799 2226 3866; x_wconf 71' lang='lat' dir='ltr'><strong>dmi,</strong></span> <span class='ocrx_word' id='word_1_604' title='bbox 2248 3799 2437 3866; x_wconf 82' lang='lat' dir='ltr'><strong>llebr.,</strong></span> <span class='ocrx_word' id='word_1_605' title='bbox 2465 3816 2540 3866; x_wconf 78' lang='lat' dir='ltr'><strong>ut,</strong></span> <span class='ocrx_word' id='word_1_606' title='bbox 2569 3799 2662 3866; x_wconf 75' lang='lat'><strong>25,</strong></span> <span class='ocrx_word' id='word_1_607' title='bbox 2689 3800 2780 3856; x_wconf 72' lang='grc'><strong>26.</strong></span> <span class='ocrx_word' id='word_1_608' title='bbox 2811 3803 2953 3857; x_wconf 86' lang='lat' dir='ltr'><strong>Idem</strong></span> <span class='ocrx_word' id='word_1_609' title='bbox 2985 3814 3040 3858; x_wconf 90' lang='lat' dir='ltr'><strong>et</strong></span> <span class='ocrx_word' id='word_1_610' title='bbox 3066 3804 3193 3858; x_wconf 82' lang='lat' dir='ltr'><strong>alibi</strong></span> <span class='ocrx_word' id='word_1_611' title='bbox 3216 3807 3416 3875; x_wconf 67' lang='lat' dir='ltr'><strong>sacpius</strong></span> <span class='ocrx_word' id='word_1_612' title='bbox 3443 3806 3701 3876; x_wconf 90' lang='lat' dir='ltr'><strong>inculcat,</strong></span> 
     </span>
    </p>
   </div>
   <div class='ocr_carea' id='block_1_81' title="bbox 2099 3894 3705 3969">
    <p class='ocr_par' dir='ltr' id='par_1_81' title="bbox 2099 3894 3705 3969">
     <span class='ocr_line' id='line_1_81' title="bbox 2099 3894 3705 3969; baseline 0.005 -21"><span class='ocrx_word' id='word_1_613' title='bbox 2099 3907 2221 3948; x_wconf 89' lang='lat' dir='ltr'><strong>cum</strong></span> <span class='ocrx_word' id='word_1_614' title='bbox 2239 3908 2344 3947; x_wconf 93' lang='lat' dir='ltr'><strong>non</strong></span> <span class='ocrx_word' id='word_1_615' title='bbox 2372 3902 2645 3948; x_wconf 90' lang='lat' dir='ltr'><strong>taurorum</strong></span> <span class='ocrx_word' id='word_1_616' title='bbox 2665 3894 3028 3960; x_wconf 86' lang='lat' dir='ltr'><strong>bircorumve,</strong></span> <span class='ocrx_word' id='word_1_617' title='bbox 3049 3897 3144 3951; x_wconf 88' lang='lat' dir='ltr'><strong>sed</strong></span> <span class='ocrx_word' id='word_1_618' title='bbox 3168 3912 3298 3952; x_wconf 85' lang='lat' dir='ltr'><strong>vero</strong></span> <span class='ocrx_word' id='word_1_619' title='bbox 3319 3900 3705 3969; x_wconf 79' lang='lat' dir='ltr'><strong>propriodum—</strong></span> 
     </span>
    </p>
   </div>
   <div class='ocr_carea' id='block_1_82' title="bbox 2103 3983 3703 4061">
    <p class='ocr_par' dir='ltr' id='par_1_82' title="bbox 2103 3983 3703 4061">
     <span class='ocr_line' id='line_1_82' title="bbox 2103 3983 3703 4061; baseline 0.005 -21"><span class='ocrx_word' id='word_1_620' title='bbox 2103 3993 2268 4051; x_wconf 80' lang='lat' dir='ltr'><strong>taxat,</strong></span> <span class='ocrx_word' id='word_1_621' title='bbox 2303 3984 2562 4056; x_wconf 80' lang='lat' dir='ltr'><strong>sanguine</strong></span> <span class='ocrx_word' id='word_1_622' title='bbox 2590 3983 2862 4041; x_wconf 87' lang='lat' dir='ltr'><strong>Christum</strong></span> <span class='ocrx_word' id='word_1_623' title='bbox 2886 3987 3048 4042; x_wconf 88' lang='lat' dir='ltr'><strong>docet</strong></span> <span class='ocrx_word' id='word_1_624' title='bbox 3075 3988 3366 4044; x_wconf 91' lang='lat' dir='ltr'><strong>initiatum.</strong></span> <span class='ocrx_word' id='word_1_625' title='bbox 3401 3989 3545 4061; x_wconf 76' lang='lat' dir='ltr'><strong>Ergo</strong></span> <span class='ocrx_word' id='word_1_626' title='bbox 3571 4007 3703 4048; x_wconf 87' lang='lat' dir='ltr'><strong>cum</strong></span> 
     </span>
    </p>
   </div>
   <div class='ocr_carea' id='block_1_83' title="bbox 2102 4075 3708 4155">
    <p class='ocr_par' dir='ltr' id='par_1_83' title="bbox 2102 4075 3708 4155">
     <span class='ocr_line' id='line_1_83' title="bbox 2102 4075 3708 4155; baseline 0.004 -23"><span class='ocrx_word' id='word_1_627' title='bbox 2102 4075 2306 4132; x_wconf 68' lang='lat' dir='ltr'><strong>Judaeis</strong></span> <span class='ocrx_word' id='word_1_628' title='bbox 2331 4078 2382 4130; x_wconf 91' lang='lat' dir='ltr'><strong>in</strong></span> <span class='ocrx_word' id='word_1_629' title='bbox 2406 4091 2472 4132; x_wconf 93' lang='lat' dir='ltr'><strong>eo</strong></span> <span class='ocrx_word' id='word_1_630' title='bbox 2499 4088 2829 4134; x_wconf 82' lang='lat' dir='ltr'><strong>convenerat</strong></span> <span class='ocrx_word' id='word_1_631' title='bbox 2855 4079 3169 4149; x_wconf 88' lang='lat' dir='ltr'><strong>Apostolus,</strong></span> <span class='ocrx_word' id='word_1_632' title='bbox 3197 4081 3263 4136; x_wconf 90' lang='lat' dir='ltr'><strong>ad</strong></span> <span class='ocrx_word' id='word_1_633' title='bbox 3292 4096 3519 4152; x_wconf 89' lang='lat' dir='ltr'><strong>quorum</strong></span> <span class='ocrx_word' id='word_1_634' title='bbox 3550 4084 3708 4155; x_wconf 89' lang='lat' dir='ltr'><strong>prin-</strong></span> 
     </span>
    </p>
   </div>
   <div class='ocr_carea' id='block_1_84' title="bbox 2101 4168 3706 4248">
    <p class='ocr_par' dir='ltr' id='par_1_84' title="bbox 2101 4168 3706 4248">
     <span class='ocr_line' id='line_1_84' title="bbox 2101 4168 3706 4248; baseline 0.006 -24"><span class='ocrx_word' id='word_1_635' title='bbox 2101 4168 2241 4239; x_wconf 88' lang='lat' dir='ltr'><strong>cipia</strong></span> <span class='ocrx_word' id='word_1_636' title='bbox 2272 4183 2428 4224; x_wconf 91' lang='lat' dir='ltr'><strong>suam</strong></span> <span class='ocrx_word' id='word_1_637' title='bbox 2461 4169 2548 4225; x_wconf 93' lang='lat' dir='ltr'><strong>hic</strong></span> <span class='ocrx_word' id='word_1_638' title='bbox 2576 4172 2779 4241; x_wconf 91' lang='lat' dir='ltr'><strong>aptavit</strong></span> <span class='ocrx_word' id='word_1_639' title='bbox 2817 4175 3360 4244; x_wconf 88' lang='lat' dir='ltr'><strong>argumentationem,</strong></span> <span class='ocrx_word' id='word_1_640' title='bbox 3393 4185 3450 4231; x_wconf 94' lang='lat' dir='ltr'><strong>ut</strong></span> <span class='ocrx_word' id='word_1_641' title='bbox 3489 4179 3706 4248; x_wconf 86' lang='lat' dir='ltr'><strong>pontiﬁ-</strong></span> 
     </span>
    </p>
   </div>
   <div class='ocr_carea' id='block_1_85' title="bbox 2101 4259 3700 4330">
    <p class='ocr_par' dir='ltr' id='par_1_85' title="bbox 2101 4259 3700 4330">
     <span class='ocr_line' id='line_1_85' title="bbox 2101 4259 3700 4330; baseline 0.008 -14"><span class='ocrx_word' id='word_1_642' title='bbox 2101 4276 2218 4316; x_wconf 89' lang='lat' dir='ltr'><strong>cem</strong></span> <span class='ocrx_word' id='word_1_643' title='bbox 2275 4259 2391 4317; x_wconf 91' lang='lat' dir='ltr'><strong>fore</strong></span> <span class='ocrx_word' id='word_1_644' title='bbox 2435 4261 2713 4319; x_wconf 86' lang='lat' dir='ltr'><strong>Christum</strong></span> <span class='ocrx_word' id='word_1_645' title='bbox 2758 4280 2789 4320; x_wconf 86' lang='lat' dir='ltr'><strong>a</strong></span> <span class='ocrx_word' id='word_1_646' title='bbox 2819 4281 3033 4322; x_wconf 88' lang='lat' dir='ltr'><strong>summo</strong></span> <span class='ocrx_word' id='word_1_647' title='bbox 3078 4269 3329 4325; x_wconf 89' lang='lat' dir='ltr'><strong>nimirum</strong></span> <span class='ocrx_word' id='word_1_648' title='bbox 3381 4269 3700 4330; x_wconf 73' lang='lat' dir='ltr'><strong>Judznoruni</strong></span> 
     </span>
    </p>
   </div>
   <div class='ocr_carea' id='block_1_86' title="bbox 2104 4353 3704 4431">
    <p class='ocr_par' dir='ltr' id='par_1_86' title="bbox 2104 4353 3704 4431">
     <span class='ocr_line' id='line_1_86' title="bbox 2104 4353 3704 4431; baseline 0.009 -23"><span class='ocrx_word' id='word_1_649' title='bbox 2104 4353 2358 4424; x_wconf 87' lang='lat' dir='ltr'><strong>pontiﬁce</strong></span> <span class='ocrx_word' id='word_1_650' title='bbox 2412 4356 2810 4427; x_wconf 88' lang='lat' dir='ltr'><strong>adumbratum,</strong></span> <span class='ocrx_word' id='word_1_651' title='bbox 2867 4360 2938 4414; x_wconf 90' lang='lat' dir='ltr'><strong>ita</strong></span> <span class='ocrx_word' id='word_1_652' title='bbox 2968 4361 3059 4431; x_wconf 93' lang='lat' dir='ltr'><strong>qui</strong></span> <span class='ocrx_word' id='word_1_653' title='bbox 3092 4377 3250 4416; x_wconf 87' lang='lat' dir='ltr'><strong>verus</strong></span> <span class='ocrx_word' id='word_1_654' title='bbox 3302 4362 3510 4419; x_wconf 91' lang='lat' dir='ltr'><strong>futurus</strong></span> <span class='ocrx_word' id='word_1_655' title='bbox 3549 4377 3704 4424; x_wconf 90' lang='lat' dir='ltr'><strong>esset</strong></span> 
     </span>
    </p>
   </div>
   <div class='ocr_carea' id='block_1_87' title="bbox 2102 4444 3705 4524">
    <p class='ocr_par' dir='ltr' id='par_1_87' title="bbox 2102 4444 3705 4524">
     <span class='ocr_line' id='line_1_87' title="bbox 2102 4444 3705 4524; baseline 0.01 -26"><span class='ocrx_word' id='word_1_656' title='bbox 2102 4444 2348 4514; x_wconf 81' lang='lat' dir='ltr'><strong>Messias,</strong></span> <span class='ocrx_word' id='word_1_657' title='bbox 2374 4449 2632 4519; x_wconf 87' lang='lat' dir='ltr'><strong>sanguine</strong></span> <span class='ocrx_word' id='word_1_658' title='bbox 2678 4450 2877 4519; x_wconf 87' lang='lat' dir='ltr'><strong>pariter</strong></span> <span class='ocrx_word' id='word_1_659' title='bbox 2901 4466 2965 4506; x_wconf 90' lang='lat' dir='ltr'><strong>ac</strong></span> <span class='ocrx_word' id='word_1_660' title='bbox 3009 4467 3144 4524; x_wconf 88' lang='lat' dir='ltr'><strong>aqua</strong></span> <span class='ocrx_word' id='word_1_661' title='bbox 3196 4463 3304 4509; x_wconf 89' lang='lat' dir='ltr'><strong>tam</strong></span> <span class='ocrx_word' id='word_1_662' title='bbox 3357 4455 3532 4524; x_wconf 89' lang='lat' dir='ltr'><strong>ipsum</strong></span> <span class='ocrx_word' id='word_1_663' title='bbox 3577 4455 3705 4515; x_wconf 85' lang='lat' dir='ltr'><strong>fore</strong></span> 
     </span>
    </p>
   </div>
   <div class='ocr_carea' id='block_1_88' title="bbox 2103 4537 3705 4620">
    <p class='ocr_par' dir='ltr' id='par_1_88' title="bbox 2103 4537 3705 4620">
     <span class='ocr_line' id='line_1_88' title="bbox 2103 4537 3705 4620; baseline 0.009 -29"><span class='ocrx_word' id='word_1_664' title='bbox 2103 4537 2440 4594; x_wconf 87' lang='lat' dir='ltr'><strong>lustrandum</strong></span> <span class='ocrx_word' id='word_1_665' title='bbox 2469 4540 2599 4612; x_wconf 90' lang='lat' dir='ltr'><strong>(vel,</strong></span> <span class='ocrx_word' id='word_1_666' title='bbox 2633 4550 2694 4597; x_wconf 91' lang='lat' dir='ltr'><strong>ut</strong></span> <span class='ocrx_word' id='word_1_667' title='bbox 2731 4543 3044 4614; x_wconf 87' lang='lat' dir='ltr'><strong>evangelica</strong></span> <span class='ocrx_word' id='word_1_668' title='bbox 3088 4560 3223 4602; x_wconf 87' lang='lat' dir='ltr'><strong>voce</strong></span> <span class='ocrx_word' id='word_1_669' title='bbox 3265 4555 3500 4613; x_wconf 85' lang='lat' dir='ltr'><strong>utamur,</strong></span> <span class='ocrx_word' id='word_1_670' title='bbox 3523 4548 3705 4620; x_wconf 83' lang='lat' dir='ltr'><strong>bapti-</strong></span> 
     </span>
    </p>
   </div>
   <div class='ocr_carea' id='block_1_89' title="bbox 397 4631 1992 4719">
    <p class='ocr_par' dir='ltr' id='par_1_89' title="bbox 397 4636 1992 4719">
     <span class='ocr_line' id='line_1_89' title="bbox 397 4636 1992 4719; baseline -0.005 -19"><span class='ocrx_word' id='word_1_671' title='bbox 397 4646 600 4719; x_wconf 82' lang='lat' dir='ltr'><strong>(Joan.,</strong></span> <span class='ocrx_word' id='word_1_672' title='bbox 635 4660 731 4712; x_wconf 82' lang='lat' dir='ltr'><strong>xx,</strong></span> <span class='ocrx_word' id='word_1_673' title='bbox 765 4642 858 4716; x_wconf 78' lang='lat' dir='ltr'><strong>5i)</strong></span> <span class='ocrx_word' id='word_1_674' title='bbox 880 4684 896 4711; x_wconf 91' lang='lat'><strong>,</strong></span> <span class='ocrx_word' id='word_1_675' title='bbox 951 4641 1133 4714; x_wconf 89' lang='lat' dir='ltr'><strong>(quem</strong></span> <span class='ocrx_word' id='word_1_676' title='bbox 1178 4654 1371 4710; x_wconf 89' lang='lat' dir='ltr'><strong>nempe</strong></span> <span class='ocrx_word' id='word_1_677' title='bbox 1415 4637 1624 4693; x_wconf 84' lang='lat' dir='ltr'><strong>titulum</strong></span> <span class='ocrx_word' id='word_1_678' title='bbox 1659 4636 1866 4692; x_wconf 78' lang='lat' dir='ltr'><strong>Messias</strong></span> <span class='ocrx_word' id='word_1_679' title='bbox 1895 4651 1992 4692; x_wconf 90' lang='lat' dir='ltr'><strong>suo</strong></span> 
     </span>
    </p>
   </div>
   <div class='ocr_carea' id='block_1_90' title="bbox 2102 4631 3706 4719">
    <p class='ocr_par' dir='ltr' id='par_1_90' title="bbox 2103 4631 3706 4704">
     <span class='ocr_line' id='line_1_90' title="bbox 2103 4631 3706 4704; baseline 0.009 -18"><span class='ocrx_word' id='word_1_680' title='bbox 2103 4631 2362 4701; x_wconf 84' lang='lat' dir='ltr'><strong>zandum)</strong></span> <span class='ocrx_word' id='word_1_681' title='bbox 2417 4649 2579 4704; x_wconf 88' lang='lat' dir='ltr'><strong>quam</strong></span> <span class='ocrx_word' id='word_1_682' title='bbox 2619 4634 2755 4692; x_wconf 89' lang='lat' dir='ltr'><strong>alios</strong></span> <span class='ocrx_word' id='word_1_683' title='bbox 2803 4636 2994 4694; x_wconf 90' lang='lat' dir='ltr'><strong>iisdem</strong></span> <span class='ocrx_word' id='word_1_684' title='bbox 3044 4653 3168 4695; x_wconf 88' lang='lat' dir='ltr'><strong>esse</strong></span> <span class='ocrx_word' id='word_1_685' title='bbox 3224 4639 3584 4697; x_wconf 89' lang='lat' dir='ltr'><strong>lustrandum.</strong></span> <span class='ocrx_word' id='word_1_686' title='bbox 3619 4643 3706 4700; x_wconf 85' lang='lat' dir='ltr'><strong>De</strong></span> 
     </span>
    </p>
   </div>
   <div class='ocr_carea' id='block_1_91' title="bbox 399 4730 1993 4805">
    <p class='ocr_par' dir='ltr' id='par_1_91' title="bbox 399 4730 1993 4805">
     <span class='ocr_line' id='line_1_91' title="bbox 399 4730 1993 4805; baseline -0.006 -11"><span class='ocrx_word' id='word_1_687' title='bbox 399 4754 429 4794; x_wconf 92' lang='lat' dir='ltr'><strong>e</strong></span> <span class='ocrx_word' id='word_1_688' title='bbox 448 4740 535 4794; x_wconf 87' lang='lat' dir='ltr'><strong>Ps.</strong></span> <span class='ocrx_word' id='word_1_689' title='bbox 555 4754 612 4805; x_wconf 87' lang='grc' dir='ltr'><strong>ιι,</strong></span> <span class='ocrx_word' id='word_1_690' title='bbox 639 4739 692 4804; x_wconf 87' lang='grc'>7,</span> <span class='ocrx_word' id='word_1_691' title='bbox 715 4738 856 4792; x_wconf 91' lang='lat' dir='ltr'><strong>illius</strong></span> <span class='ocrx_word' id='word_1_692' title='bbox 887 4735 1068 4791; x_wconf 68' lang='lat' dir='ltr'><strong>saeculi</strong></span> <span class='ocrx_word' id='word_1_693' title='bbox 1097 4733 1268 4790; x_wconf 68' lang='lat' dir='ltr'><strong>Judaei</strong></span> <span class='ocrx_word' id='word_1_694' title='bbox 1295 4730 1653 4799; x_wconf 89' lang='lat' dir='ltr'><strong>asserebant),</strong></span> <span class='ocrx_word' id='word_1_695' title='bbox 1681 4746 1786 4785; x_wconf 91' lang='lat' dir='ltr'><strong>non</strong></span> <span class='ocrx_word' id='word_1_696' title='bbox 1809 4739 1993 4786; x_wconf 89' lang='lat' dir='ltr'><strong>autem</strong></span> 
     </span>
    </p>
   </div>
   <div class='ocr_carea' id='block_1_92' title="bbox 395 4823 1996 4896">
    <p class='ocr_par' dir='ltr' id='par_1_92' title="bbox 395 4823 1996 4896">
     <span class='ocr_line' id='line_1_92' title="bbox 395 4823 1996 4896; baseline -0.004 -12"><span class='ocrx_word' id='word_1_697' title='bbox 395 4830 516 4885; x_wconf 89' lang='lat' dir='ltr'><strong>illos</strong></span> <span class='ocrx_word' id='word_1_698' title='bbox 564 4829 940 4884; x_wconf 66' lang='lat' dir='ltr'><strong>haereticorum</strong></span> <span class='ocrx_word' id='word_1_699' title='bbox 985 4827 1384 4896; x_wconf 78' lang='lat' dir='ltr'><strong>antesignanos.</strong></span> <span class='ocrx_word' id='word_1_700' title='bbox 1409 4823 1587 4891; x_wconf 85' lang='lat' dir='ltr'><strong>Quare</strong></span> <span class='ocrx_word' id='word_1_701' title='bbox 1635 4824 1774 4878; x_wconf 90' lang='lat' dir='ltr'><strong>inter</strong></span> <span class='ocrx_word' id='word_1_702' title='bbox 1797 4832 1996 4878; x_wconf 62' lang='lat' dir='ltr'><strong>extera</strong></span> 
     </span>
    </p>
   </div>
   <div class='ocr_carea' id='block_1_93' title="bbox 393 4915 1995 4995">
    <p class='ocr_par' dir='ltr' id='par_1_93' title="bbox 393 4915 1995 4995">
     <span class='ocr_line' id='line_1_93' title="bbox 393 4915 1995 4995; baseline -0.005 -15"><span class='ocrx_word' id='word_1_703' title='bbox 393 4931 707 4995; x_wconf 86' lang='lat' dir='ltr'><strong>argumenta</strong></span> <span class='ocrx_word' id='word_1_704' title='bbox 752 4923 946 4993; x_wconf 90' lang='lat' dir='ltr'><strong>quibus</strong></span> <span class='ocrx_word' id='word_1_705' title='bbox 994 4922 1189 4976; x_wconf 86' lang='lat' dir='ltr'><strong>falsum</strong></span> <span class='ocrx_word' id='word_1_706' title='bbox 1225 4918 1376 4973; x_wconf 90' lang='lat' dir='ltr'><strong>illum</strong></span> <span class='ocrx_word' id='word_1_707' title='bbox 1419 4917 1487 4974; x_wconf 90' lang='lat' dir='ltr'><strong>de</strong></span> <span class='ocrx_word' id='word_1_708' title='bbox 1513 4915 1732 4973; x_wconf 92' lang='lat' dir='ltr'><strong>Christo</strong></span> <span class='ocrx_word' id='word_1_709' title='bbox 1763 4926 1995 4988; x_wconf 77' lang='lat' dir='ltr'><strong>przetex-</strong></span> 
     </span>
    </p>
   </div>
   <div class='ocr_carea' id='block_1_94' title="bbox 395 5009 1994 5085">
    <p class='ocr_par' dir='ltr' id='par_1_94' title="bbox 395 5009 1994 5085">
     <span class='ocr_line' id='line_1_94' title="bbox 395 5009 1994 5085; baseline -0.004 -13"><span class='ocrx_word' id='word_1_710' title='bbox 395 5028 505 5072; x_wconf 92' lang='lat' dir='ltr'><strong>tum</strong></span> <span class='ocrx_word' id='word_1_711' title='bbox 551 5015 750 5072; x_wconf 78' lang='lat' dir='ltr'><strong>refellit</strong></span> <span class='ocrx_word' id='word_1_712' title='bbox 796 5015 1126 5085; x_wconf 91' lang='lat' dir='ltr'><strong>Apostolus,</strong></span> <span class='ocrx_word' id='word_1_713' title='bbox 1158 5014 1251 5067; x_wconf 91' lang='lat' dir='ltr'><strong>illo</strong></span> <span class='ocrx_word' id='word_1_714' title='bbox 1278 5026 1492 5082; x_wconf 89' lang='lat' dir='ltr'><strong>quoque</strong></span> <span class='ocrx_word' id='word_1_715' title='bbox 1527 5025 1657 5066; x_wconf 91' lang='lat' dir='ltr'><strong>usus</strong></span> <span class='ocrx_word' id='word_1_716' title='bbox 1678 5020 1762 5066; x_wconf 89' lang='lat' dir='ltr'><strong>est</strong></span> <span class='ocrx_word' id='word_1_717' title='bbox 1787 5009 1854 5066; x_wconf 91' lang='lat' dir='ltr'><strong>de</strong></span> <span class='ocrx_word' id='word_1_718' title='bbox 1879 5009 1994 5066; x_wconf 91' lang='lat' dir='ltr'><strong>veri</strong></span> 
     </span>
    </p>
   </div>
   <div class='ocr_carea' id='block_1_95' title="bbox 393 5101 1991 5178">
    <p class='ocr_par' dir='ltr' id='par_1_95' title="bbox 393 5101 1991 5178">
     <span class='ocr_line' id='line_1_95' title="bbox 393 5101 1991 5178; baseline -0.006 -12"><span class='ocrx_word' id='word_1_719' title='bbox 393 5108 595 5166; x_wconf 87' lang='lat' dir='ltr'><strong>Christi</strong></span> <span class='ocrx_word' id='word_1_720' title='bbox 636 5109 872 5164; x_wconf 89' lang='lat' dir='ltr'><strong>adventu</strong></span> <span class='ocrx_word' id='word_1_721' title='bbox 921 5122 1015 5178; x_wconf 90' lang='lat' dir='ltr'><strong>per</strong></span> <span class='ocrx_word' id='word_1_722' title='bbox 1043 5119 1238 5177; x_wconf 88' lang='lat' dir='ltr'><strong>aquam</strong></span> <span class='ocrx_word' id='word_1_723' title='bbox 1267 5114 1323 5159; x_wconf 91' lang='lat' dir='ltr'><strong>et</strong></span> <span class='ocrx_word' id='word_1_724' title='bbox 1365 5103 1702 5173; x_wconf 84' lang='lat' dir='ltr'><strong>sanguinem.</strong></span> <span class='ocrx_word' id='word_1_725' title='bbox 1747 5101 1844 5156; x_wconf 80' lang='lat' dir='ltr'><strong>llic</strong></span> <span class='ocrx_word' id='word_1_726' title='bbox 1885 5110 1991 5168; x_wconf 90' lang='lat' dir='ltr'><strong>est,</strong></span> 
     </span>
    </p>
   </div>
   <div class='ocr_carea' id='block_1_96' title="bbox 397 5197 1997 5276">
    <p class='ocr_par' dir='ltr' id='par_1_96' title="bbox 397 5197 1997 5276">
     <span class='ocr_line' id='line_1_96' title="bbox 397 5197 1997 5276; baseline -0.005 -18"><span class='ocrx_word' id='word_1_727' title='bbox 397 5204 567 5274; x_wconf 90' lang='lat' dir='ltr'><strong>inquit</strong></span> <span class='ocrx_word' id='word_1_728' title='bbox 603 5203 672 5276; x_wconf 87' lang='grc' dir='ltr'>(Ι</span> <span class='ocrx_word' id='word_1_729' title='bbox 718 5201 905 5270; x_wconf 77' lang='grc' dir='ltr'><strong>Ιοαη.,</strong></span> <span class='ocrx_word' id='word_1_730' title='bbox 954 5218 1007 5267; x_wconf 89' lang='lat' dir='ltr'><strong>v,</strong></span> <span class='ocrx_word' id='word_1_731' title='bbox 1043 5200 1150 5272; x_wconf 84' lang='lat'><strong>6),</strong></span> <span class='ocrx_word' id='word_1_732' title='bbox 1198 5199 1287 5270; x_wconf 84' lang='lat' dir='ltr'><strong>qui</strong></span> <span class='ocrx_word' id='word_1_733' title='bbox 1344 5197 1491 5252; x_wconf 90' lang='lat' dir='ltr'><strong>venit</strong></span> <span class='ocrx_word' id='word_1_734' title='bbox 1537 5212 1630 5267; x_wconf 88' lang='lat' dir='ltr'><strong>per</strong></span> <span class='ocrx_word' id='word_1_735' title='bbox 1691 5210 1884 5265; x_wconf 77' lang='lat' dir='ltr'><strong>squam</strong></span> <span class='ocrx_word' id='word_1_736' title='bbox 1939 5203 1997 5250; x_wconf 88' lang='lat' dir='ltr'><strong>et</strong></span> 
     </span>
    </p>
   </div>
   <div class='ocr_carea' id='block_1_97' title="bbox 394 5285 1993 5367">
    <p class='ocr_par' dir='ltr' id='par_1_97' title="bbox 394 5285 1993 5367">
     <span class='ocr_line' id='line_1_97' title="bbox 394 5285 1993 5367; baseline -0.007 -14"><span class='ocrx_word' id='word_1_737' title='bbox 394 5297 708 5367; x_wconf 85' lang='lat' dir='ltr'><strong>sanguinem</strong></span> <span class='ocrx_word' id='word_1_738' title='bbox 736 5295 895 5352; x_wconf 84' lang='lat' dir='ltr'><strong>Jesus</strong></span> <span class='ocrx_word' id='word_1_739' title='bbox 923 5294 1191 5359; x_wconf 86' lang='lat' dir='ltr'><strong>Christus;</strong></span> <span class='ocrx_word' id='word_1_740' title='bbox 1238 5290 1430 5347; x_wconf 89' lang='lat' dir='ltr'><strong>nonin</strong></span> <span class='ocrx_word' id='word_1_741' title='bbox 1472 5303 1609 5359; x_wconf 85' lang='lat' dir='ltr'><strong>aqua</strong></span> <span class='ocrx_word' id='word_1_742' title='bbox 1657 5287 1854 5352; x_wconf 90' lang='lat' dir='ltr'><strong>solum,</strong></span> <span class='ocrx_word' id='word_1_743' title='bbox 1898 5285 1993 5342; x_wconf 88' lang='lat' dir='ltr'><strong>sed</strong></span> 
     </span>
    </p>
   </div>
   <div class='ocr_carea' id='block_1_98' title="bbox 394 5380 1994 5460">
    <p class='ocr_par' dir='ltr' id='par_1_98' title="bbox 394 5380 1994 5460">
     <span class='ocr_line' id='line_1_98' title="bbox 394 5380 1994 5460; baseline -0.008 -15"><span class='ocrx_word' id='word_1_744' title='bbox 394 5391 449 5445; x_wconf 93' lang='lat' dir='ltr'><strong>in</strong></span> <span class='ocrx_word' id='word_1_745' title='bbox 476 5403 614 5460; x_wconf 92' lang='lat' dir='ltr'><strong>aqua</strong></span> <span class='ocrx_word' id='word_1_746' title='bbox 661 5395 717 5442; x_wconf 94' lang='lat' dir='ltr'><strong>et</strong></span> <span class='ocrx_word' id='word_1_747' title='bbox 741 5387 1022 5458; x_wconf 86' lang='lat' dir='ltr'><strong>sanguine.</strong></span> <span class='ocrx_word' id='word_1_748' title='bbox 1052 5387 1097 5440; x_wconf 87' lang='lat' dir='ltr'><strong>A</strong></span> <span class='ocrx_word' id='word_1_749' title='bbox 1138 5383 1306 5456; x_wconf 89' lang='lat' dir='ltr'><strong>signis</strong></span> <span class='ocrx_word' id='word_1_750' title='bbox 1336 5381 1591 5437; x_wconf 89' lang='lat' dir='ltr'><strong>nimirum</strong></span> <span class='ocrx_word' id='word_1_751' title='bbox 1634 5381 1744 5435; x_wconf 84' lang='lat' dir='ltr'><strong>veri</strong></span> <span class='ocrx_word' id='word_1_752' title='bbox 1785 5380 1994 5435; x_wconf 80' lang='lat' dir='ltr'><strong>Messi-.e</strong></span> 
     </span>
    </p>
   </div>
   <div class='ocr_carea' id='block_1_99' title="bbox 395 5473 1994 5553">
    <p class='ocr_par' dir='ltr' id='par_1_99' title="bbox 395 5473 1994 5553">
     <span class='ocr_line' id='line_1_99' title="bbox 395 5473 1994 5553; baseline -0.007 -15"><span class='ocrx_word' id='word_1_753' title='bbox 395 5491 806 5553; x_wconf 84' lang='lat' dir='ltr'><strong>argumentatus</strong></span> <span class='ocrx_word' id='word_1_754' title='bbox 833 5489 915 5535; x_wconf 90' lang='lat' dir='ltr'><strong>est</strong></span> <span class='ocrx_word' id='word_1_755' title='bbox 941 5480 1010 5535; x_wconf 89' lang='lat' dir='ltr'><strong>de</strong></span> <span class='ocrx_word' id='word_1_756' title='bbox 1033 5479 1228 5550; x_wconf 91' lang='lat' dir='ltr'><strong>quibus</strong></span> <span class='ocrx_word' id='word_1_757' title='bbox 1255 5479 1395 5533; x_wconf 92' lang='lat' dir='ltr'><strong>inter</strong></span> <span class='ocrx_word' id='word_1_758' title='bbox 1422 5474 1660 5540; x_wconf 61' lang='lat' dir='ltr'><strong>Judaos,</strong></span> <span class='ocrx_word' id='word_1_759' title='bbox 1685 5474 1766 5529; x_wconf 91' lang='lat' dir='ltr'><strong>vel</strong></span> <span class='ocrx_word' id='word_1_760' title='bbox 1799 5473 1994 5528; x_wconf 89' lang='lat' dir='ltr'><strong>saltem</strong></span> 
     </span>
    </p>
   </div>
   <div class='ocr_carea' id='block_1_100' title="bbox 395 5567 1991 5640">
    <p class='ocr_par' dir='ltr' id='par_1_100' title="bbox 395 5567 1991 5640">
     <span class='ocr_line' id='line_1_100' title="bbox 395 5567 1991 5640; baseline -0.008 -6"><span class='ocrx_word' id='word_1_761' title='bbox 395 5578 541 5634; x_wconf 89' lang='lat' dir='ltr'><strong>illius</strong></span> <span class='ocrx_word' id='word_1_762' title='bbox 592 5576 694 5632; x_wconf 64' lang='lat' dir='ltr'><strong>aevi</strong></span> <span class='ocrx_word' id='word_1_763' title='bbox 737 5573 1095 5640; x_wconf 77' lang='lat' dir='ltr'><strong>christianos,</strong></span> <span class='ocrx_word' id='word_1_764' title='bbox 1137 5579 1484 5635; x_wconf 85' lang='lat' dir='ltr'><strong>convenerat,</strong></span> <span class='ocrx_word' id='word_1_765' title='bbox 1546 5580 1652 5622; x_wconf 87' lang='lat' dir='ltr'><strong>tam</strong></span> <span class='ocrx_word' id='word_1_766' title='bbox 1705 5578 1762 5623; x_wconf 90' lang='lat' dir='ltr'><strong>ut</strong></span> <span class='ocrx_word' id='word_1_767' title='bbox 1807 5567 1991 5623; x_wconf 89' lang='lat' dir='ltr'><strong>Jesum</strong></span> 
     </span>
    </p>
   </div>
   <div class='ocr_carea' id='block_1_101' title="bbox 397 5664 1998 5734">
    <p class='ocr_par' dir='ltr' id='par_1_101' title="bbox 397 5664 1998 5734">
     <span class='ocr_line' id='line_1_101' title="bbox 397 5664 1998 5734; baseline -0.007 -8"><span class='ocrx_word' id='word_1_768' title='bbox 397 5681 640 5726; x_wconf 87' lang='lat' dir='ltr'><strong>nostrum</strong></span> <span class='ocrx_word' id='word_1_769' title='bbox 708 5683 895 5724; x_wconf 84' lang='lat' dir='ltr'><strong>verum</strong></span> <span class='ocrx_word' id='word_1_770' title='bbox 956 5665 1202 5722; x_wconf 83' lang='lat' dir='ltr'><strong>Messiam</strong></span> <span class='ocrx_word' id='word_1_771' title='bbox 1257 5664 1664 5734; x_wconf 85' lang='lat' dir='ltr'><strong>comprobaret,</strong></span> <span class='ocrx_word' id='word_1_772' title='bbox 1723 5677 1883 5732; x_wconf 87' lang='lat' dir='ltr'><strong>quam</strong></span> <span class='ocrx_word' id='word_1_773' title='bbox 1940 5670 1998 5715; x_wconf 93' lang='lat' dir='ltr'><strong>ut</strong></span> 
     </span>
    </p>
   </div>
   <div class='ocr_carea' id='block_1_102' title="bbox 406 5755 1997 5828">
    <p class='ocr_par' dir='ltr' id='par_1_102' title="bbox 406 5755 1997 5828">
     <span class='ocr_line' id='line_1_102' title="bbox 406 5755 1997 5828; baseline -0.004 -12"><span class='ocrx_word' id='word_1_774' title='bbox 406 5760 870 5828; x_wconf 77' lang='lat' dir='ltr'><strong>pseutlo-cbristos</strong></span> <span class='ocrx_word' id='word_1_775' title='bbox 918 5759 1039 5814; x_wconf 89' lang='lat' dir='ltr'><strong>illos</strong></span> <span class='ocrx_word' id='word_1_776' title='bbox 1084 5757 1165 5814; x_wconf 74' lang='lat' dir='ltr'><strong>vel</strong></span> <span class='ocrx_word' id='word_1_777' title='bbox 1213 5772 1278 5813; x_wconf 89' lang='lat' dir='ltr'><strong>co</strong></span> <span class='ocrx_word' id='word_1_778' title='bbox 1309 5757 1427 5828; x_wconf 87' lang='lat' dir='ltr'><strong>ipso</strong></span> <span class='ocrx_word' id='word_1_779' title='bbox 1477 5755 1728 5826; x_wconf 89' lang='lat' dir='ltr'><strong>baptismi</strong></span> <span class='ocrx_word' id='word_1_780' title='bbox 1776 5755 1997 5810; x_wconf 87' lang='lat' dir='ltr'><strong>nomine</strong></span> 
     </span>
    </p>
   </div>
   <div class='ocr_carea' id='block_1_103' title="bbox 401 5845 1996 5924">
    <p class='ocr_par' dir='ltr' id='par_1_103' title="bbox 401 5845 1996 5924">
     <span class='ocr_line' id='line_1_103' title="bbox 401 5845 1996 5924; baseline -0.005 -17"><span class='ocrx_word' id='word_1_781' title='bbox 401 5851 757 5924; x_wconf 76' lang='lat' dir='ltr'><strong>improbaret.</strong></span> <span class='ocrx_word' id='word_1_782' title='bbox 802 5849 980 5920; x_wconf 78' lang='lat' dir='ltr'><strong>Venit,</strong></span> <span class='ocrx_word' id='word_1_783' title='bbox 1013 5849 1204 5918; x_wconf 81' lang='lat' dir='ltr'><strong>inquit,</strong></span> <span class='ocrx_word' id='word_1_784' title='bbox 1240 5863 1334 5920; x_wconf 84' lang='lat' dir='ltr'><strong>per</strong></span> <span class='ocrx_word' id='word_1_785' title='bbox 1360 5863 1552 5918; x_wconf 87' lang='lat' dir='ltr'><strong>aquam</strong></span> <span class='ocrx_word' id='word_1_786' title='bbox 1579 5857 1632 5904; x_wconf 88' lang='lat' dir='ltr'><strong>et</strong></span> <span class='ocrx_word' id='word_1_787' title='bbox 1659 5845 1996 5919; x_wconf 79' lang='lat' dir='ltr'><strong>sanguinem.</strong></span> 
     </span>
    </p>
   </div>
   <div class='ocr_carea' id='block_1_104' title="bbox 2105 4727 3703 4807">
    <p class='ocr_par' dir='ltr' id='par_1_104' title="bbox 2105 4727 3703 4807">
     <span class='ocr_line' id='line_1_104' title="bbox 2105 4727 3703 4807; baseline 0.006 -25"><span class='ocrx_word' id='word_1_788' title='bbox 2105 4742 2260 4798; x_wconf 81' lang='lat' dir='ltr'><strong>aqua:</strong></span> <span class='ocrx_word' id='word_1_789' title='bbox 2291 4727 2558 4798; x_wconf 90' lang='lat' dir='ltr'><strong>baptismo</strong></span> <span class='ocrx_word' id='word_1_790' title='bbox 2588 4731 2640 4785; x_wconf 89' lang='lat' dir='ltr'><strong>id</strong></span> <span class='ocrx_word' id='word_1_791' title='bbox 2668 4730 2834 4788; x_wconf 84' lang='lat' dir='ltr'><strong>fuisse</strong></span> <span class='ocrx_word' id='word_1_792' title='bbox 2851 4741 3126 4804; x_wconf 89' lang='lat' dir='ltr'><strong>receptum</strong></span> <span class='ocrx_word' id='word_1_793' title='bbox 3145 4743 3356 4790; x_wconf 89' lang='lat' dir='ltr'><strong>constat</strong></span> <span class='ocrx_word' id='word_1_794' title='bbox 3377 4751 3444 4791; x_wconf 80' lang='lat' dir='ltr'><strong>ex</strong></span> <span class='ocrx_word' id='word_1_795' title='bbox 3466 4736 3579 4807; x_wconf 88' lang='lat' dir='ltr'><strong>ipsa</strong></span> <span class='ocrx_word' id='word_1_796' title='bbox 3607 4737 3703 4793; x_wconf 78' lang='lat' dir='ltr'><strong>illa</strong></span> 
     </span>
    </p>
   </div>
   <div class='ocr_carea' id='block_1_105' title="bbox 2101 4822 3703 4901">
    <p class='ocr_par' dir='ltr' id='par_1_105' title="bbox 2101 4822 3703 4901">
     <span class='ocr_line' id='line_1_105' title="bbox 2101 4822 3703 4901; baseline 0.008 -25"><span class='ocrx_word' id='word_1_797' title='bbox 2101 4822 2493 4893; x_wconf 76' lang='lat' dir='ltr'><strong>pbarisaeorum</strong></span> <span class='ocrx_word' id='word_1_798' title='bbox 2523 4825 2944 4898; x_wconf 88' lang='lat' dir='ltr'><strong>interrogatione</strong></span> <span class='ocrx_word' id='word_1_799' title='bbox 2971 4845 3076 4898; x_wconf 87' lang='lat' dir='ltr'><strong>qua</strong></span> <span class='ocrx_word' id='word_1_800' title='bbox 3111 4828 3396 4897; x_wconf 85' lang='lat' dir='ltr'><strong>Joannem,</strong></span> <span class='ocrx_word' id='word_1_801' title='bbox 3416 4831 3614 4901; x_wconf 85' lang='lat' dir='ltr'><strong>ipsene</strong></span> <span class='ocrx_word' id='word_1_802' title='bbox 3638 4845 3703 4889; x_wconf 86' lang='lat' dir='ltr'><strong>se</strong></span> 
     </span>
    </p>
   </div>
   <div class='ocr_carea' id='block_1_106' title="bbox 2099 4915 3702 4991">
    <p class='ocr_par' dir='ltr' id='par_1_106' title="bbox 2099 4915 3702 4991">
     <span class='ocr_line' id='line_1_106' title="bbox 2099 4915 3702 4991; baseline 0.007 -22"><span class='ocrx_word' id='word_1_803' title='bbox 2099 4928 2196 4984; x_wconf 92' lang='lat' dir='ltr'><strong>pro</strong></span> <span class='ocrx_word' id='word_1_804' title='bbox 2211 4915 2404 4972; x_wconf 81' lang='lat' dir='ltr'><strong>Messia</strong></span> <span class='ocrx_word' id='word_1_805' title='bbox 2423 4917 2738 4984; x_wconf 89' lang='lat' dir='ltr'><strong>venditaret,</strong></span> <span class='ocrx_word' id='word_1_806' title='bbox 2761 4921 3146 4990; x_wconf 79' lang='lat' dir='ltr'><strong>explorandum</strong></span> <span class='ocrx_word' id='word_1_807' title='bbox 3161 4933 3491 4980; x_wconf 90' lang='lat' dir='ltr'><strong>censuerunt</strong></span> <span class='ocrx_word' id='word_1_808' title='bbox 3522 4942 3536 4978; x_wconf 90' lang='lat'><strong>:</strong></span> <span class='ocrx_word' id='word_1_809' title='bbox 3561 4924 3702 4991; x_wconf 80' lang='lat' dir='ltr'><strong>Quid</strong></span> 
     </span>
    </p>
   </div>
   <div class='ocr_carea' id='block_1_107' title="bbox 2100 5009 3699 5087">
    <p class='ocr_par' dir='ltr' id='par_1_107' title="bbox 2100 5009 3699 5087">
     <span class='ocr_line' id='line_1_107' title="bbox 2100 5009 3699 5087; baseline 0.007 -25"><span class='ocrx_word' id='word_1_810' title='bbox 2100 5024 2222 5080; x_wconf 75' lang='lat' dir='ltr'><strong>ergo</strong></span> <span class='ocrx_word' id='word_1_811' title='bbox 2264 5009 2492 5081; x_wconf 77' lang='lat' dir='ltr'><strong>baptisas</strong></span> <span class='ocrx_word' id='word_1_812' title='bbox 2527 5053 2543 5078; x_wconf 93' lang='lat'><strong>,</strong></span> <span class='ocrx_word' id='word_1_813' title='bbox 2577 5012 2622 5066; x_wconf 79' lang='lat' dir='ltr'><strong>si</strong></span> <span class='ocrx_word' id='word_1_814' title='bbox 2663 5021 2718 5066; x_wconf 90' lang='lat' dir='ltr'><strong>tu</strong></span> <span class='ocrx_word' id='word_1_815' title='bbox 2767 5029 2869 5067; x_wconf 86' lang='lat' dir='ltr'><strong>non</strong></span> <span class='ocrx_word' id='word_1_816' title='bbox 2905 5031 2956 5068; x_wconf 75' lang='lat' dir='ltr'><strong>es</strong></span> <span class='ocrx_word' id='word_1_817' title='bbox 3011 5014 3242 5070; x_wconf 75' lang='lat' dir='ltr'><strong>Christus</strong></span> <span class='ocrx_word' id='word_1_818' title='bbox 3295 5033 3458 5087; x_wconf 83' lang='lat' dir='ltr'><strong>neque</strong></span> <span class='ocrx_word' id='word_1_819' title='bbox 3503 5015 3652 5073; x_wconf 75' lang='lat' dir='ltr'><strong>Elius</strong></span> <span class='ocrx_word' id='word_1_820' title='bbox 3680 5060 3699 5087; x_wconf 87' lang='lat'><strong>,</strong></span> 
     </span>
    </p>
   </div>
   <div class='ocr_carea' id='block_1_108' title="bbox 2101 5103 3705 5180">
    <p class='ocr_par' dir='ltr' id='par_1_108' title="bbox 2101 5103 3705 5180">
     <span class='ocr_line' id='line_1_108' title="bbox 2101 5103 3705 5180; baseline 0.007 -25"><span class='ocrx_word' id='word_1_821' title='bbox 2101 5117 2261 5174; x_wconf 77' lang='lat' dir='ltr'><strong>neque</strong></span> <span class='ocrx_word' id='word_1_822' title='bbox 2287 5104 2575 5175; x_wconf 82' lang='lat' dir='ltr'><strong>propheta?</strong></span> <span class='ocrx_word' id='word_1_823' title='bbox 2604 5104 2689 5176; x_wconf 88' lang='lat' dir='ltr'><strong>(S.</strong></span> <span class='ocrx_word' id='word_1_824' title='bbox 2718 5103 2904 5172; x_wconf 83' lang='lat' dir='ltr'><strong>Joan.,</strong></span> <span class='ocrx_word' id='word_1_825' title='bbox 2939 5123 2975 5174; x_wconf 85' lang='grc' dir='ltr'>ι,</span> <span class='ocrx_word' id='word_1_826' title='bbox 3009 5106 3128 5177; x_wconf 74' lang='grc'><strong>25).</strong></span> <span class='ocrx_word' id='word_1_827' title='bbox 3152 5107 3298 5164; x_wconf 84' lang='lat' dir='ltr'><strong>Idem</strong></span> <span class='ocrx_word' id='word_1_828' title='bbox 3326 5107 3394 5163; x_wconf 87' lang='lat' dir='ltr'><strong>de</strong></span> <span class='ocrx_word' id='word_1_829' title='bbox 3421 5111 3705 5180; x_wconf 86' lang='lat' dir='ltr'><strong>sanguinis</strong></span> 
     </span>
    </p>
   </div>
   <div class='ocr_carea' id='block_1_109' title="bbox 2103 5196 3704 5272">
    <p class='ocr_par' dir='ltr' id='par_1_109' title="bbox 2103 5196 3704 5272">
     <span class='ocr_line' id='line_1_109' title="bbox 2103 5196 3704 5272; baseline 0.004 -20"><span class='ocrx_word' id='word_1_830' title='bbox 2103 5196 2372 5268; x_wconf 88' lang='lat' dir='ltr'><strong>baptismo</strong></span> <span class='ocrx_word' id='word_1_831' title='bbox 2397 5198 2626 5254; x_wconf 90' lang='lat' dir='ltr'><strong>innuunt</strong></span> <span class='ocrx_word' id='word_1_832' title='bbox 2648 5199 2738 5254; x_wconf 89' lang='lat' dir='ltr'><strong>illa</strong></span> <span class='ocrx_word' id='word_1_833' title='bbox 2771 5200 2984 5254; x_wconf 90' lang='lat' dir='ltr'><strong>Domini</strong></span> <span class='ocrx_word' id='word_1_834' title='bbox 3007 5199 3074 5255; x_wconf 87' lang='lat' dir='ltr'><strong>ad</strong></span> <span class='ocrx_word' id='word_1_835' title='bbox 3103 5201 3438 5272; x_wconf 89' lang='lat' dir='ltr'><strong>discipulos:</strong></span> <span class='ocrx_word' id='word_1_836' title='bbox 3478 5201 3524 5257; x_wconf 86' lang='grc' dir='ltr'><em>Ο</em></span> <span class='ocrx_word' id='word_1_837' title='bbox 3551 5204 3704 5259; x_wconf 78' lang='lat' dir='ltr'><strong>stulti</strong></span> 
     </span>
    </p>
   </div>
   <div class='ocr_carea' id='block_1_110' title="bbox 2102 5291 3704 5365">
    <p class='ocr_par' dir='ltr' id='par_1_110' title="bbox 2102 5291 3704 5365">
     <span class='ocr_line' id='line_1_110' title="bbox 2102 5291 3704 5365; baseline 0.002 -19"><span class='ocrx_word' id='word_1_838' title='bbox 2102 5300 2148 5346; x_wconf 80' lang='lat' dir='ltr'><strong>et</strong></span> <span class='ocrx_word' id='word_1_839' title='bbox 2201 5291 2337 5344; x_wconf 78' lang='lat' dir='ltr'><strong>tardi</strong></span> <span class='ocrx_word' id='word_1_840' title='bbox 2389 5292 2543 5346; x_wconf 74' lang='lat' dir='ltr'><strong>corde</strong></span> <span class='ocrx_word' id='word_1_841' title='bbox 2571 5292 2639 5346; x_wconf 86' lang='lat' dir='ltr'><strong>ad</strong></span> <span class='ocrx_word' id='word_1_842' title='bbox 2668 5291 2976 5348; x_wconf 82' lang='lat' dir='ltr'><strong>credendum</strong></span> <span class='ocrx_word' id='word_1_843' title='bbox 3025 5294 3078 5348; x_wconf 81' lang='lat' dir='ltr'><strong>in</strong></span> <span class='ocrx_word' id='word_1_844' title='bbox 3137 5295 3370 5348; x_wconf 81' lang='lat' dir='ltr'><strong>onnu&#39;bus</strong></span> <span class='ocrx_word' id='word_1_845' title='bbox 3398 5310 3514 5365; x_wconf 70' lang='lat' dir='ltr'><strong>qua!</strong></span> <span class='ocrx_word' id='word_1_846' title='bbox 3543 5296 3704 5351; x_wconf 73' lang='lat' dir='ltr'><strong>locuti</strong></span> 
     </span>
    </p>
   </div>
   <div class='ocr_carea' id='block_1_111' title="bbox 2099 5385 3705 5458">
    <p class='ocr_par' dir='ltr' id='par_1_111' title="bbox 2099 5385 3705 5458">
     <span class='ocr_line' id='line_1_111' title="bbox 2099 5385 3705 5458; baseline 0.004 -18"><span class='ocrx_word' id='word_1_847' title='bbox 2099 5394 2216 5440; x_wconf 72' lang='lat' dir='ltr'><strong>sunt</strong></span> <span class='ocrx_word' id='word_1_848' title='bbox 2239 5386 2502 5456; x_wconf 70' lang='lat' dir='ltr'><strong>propheta</strong></span> <span class='ocrx_word' id='word_1_849' title='bbox 2517 5387 2537 5439; x_wconf 88' lang='lat'><strong>.&#39;</strong></span> <span class='ocrx_word' id='word_1_850' title='bbox 2552 5385 2740 5442; x_wconf 80' lang='lat' dir='ltr'><strong>Nonne</strong></span> <span class='ocrx_word' id='word_1_851' title='bbox 2755 5387 2863 5442; x_wconf 65' lang='lat' dir='ltr'><strong>hac</strong></span> <span class='ocrx_word' id='word_1_852' title='bbox 2887 5387 3109 5458; x_wconf 85' lang='lat' dir='ltr'><strong>aportuit</strong></span> <span class='ocrx_word' id='word_1_853' title='bbox 3123 5389 3230 5458; x_wconf 78' lang='lat' dir='ltr'><strong>poti</strong></span> <span class='ocrx_word' id='word_1_854' title='bbox 3245 5386 3526 5456; x_wconf 83' lang='lat' dir='ltr'><strong>Christum,</strong></span> <span class='ocrx_word' id='word_1_855' title='bbox 3552 5401 3601 5444; x_wconf 88' lang='lat' dir='ltr'><strong>et</strong></span> <span class='ocrx_word' id='word_1_856' title='bbox 3628 5391 3705 5446; x_wconf 77' lang='lat' dir='ltr'><strong>ita</strong></span> 
     </span>
    </p>
   </div>
   <div class='ocr_carea' id='block_1_112' title="bbox 2103 5479 3707 5554">
    <p class='ocr_par' dir='ltr' id='par_1_112' title="bbox 2103 5479 3707 5554">
     <span class='ocr_line' id='line_1_112' title="bbox 2103 5479 3707 5554; baseline 0.004 -21"><span class='ocrx_word' id='word_1_857' title='bbox 2103 5479 2298 5534; x_wconf 76' lang='lat' dir='ltr'><strong>intrare</strong></span> <span class='ocrx_word' id='word_1_858' title='bbox 2324 5480 2378 5533; x_wconf 81' lang='lat' dir='ltr'><strong>in</strong></span> <span class='ocrx_word' id='word_1_859' title='bbox 2405 5480 2622 5551; x_wconf 82' lang='lat' dir='ltr'><strong>gloriam</strong></span> <span class='ocrx_word' id='word_1_860' title='bbox 2648 5498 2794 5536; x_wconf 88' lang='lat' dir='ltr'><strong>suam</strong></span> <span class='ocrx_word' id='word_1_861' title='bbox 2828 5481 2915 5553; x_wconf 87' lang='lat' dir='ltr'><strong>(S.</strong></span> <span class='ocrx_word' id='word_1_862' title='bbox 2939 5481 3096 5550; x_wconf 83' lang='lat' dir='ltr'><strong>Luc.,</strong></span> <span class='ocrx_word' id='word_1_863' title='bbox 3127 5497 3281 5550; x_wconf 73' lang='lat' dir='ltr'><strong>xxnv,</strong></span> <span class='ocrx_word' id='word_1_864' title='bbox 3304 5481 3398 5550; x_wconf 73' lang='lat'><strong>25,</strong></span> <span class='ocrx_word' id='word_1_865' title='bbox 3428 5482 3523 5554; x_wconf 74' lang='grc'><strong>26)</strong></span> <span class='ocrx_word' id='word_1_866' title='bbox 3543 5484 3566 5537; x_wconf 84' lang='lat'><strong>?</strong></span> <span class='ocrx_word' id='word_1_867' title='bbox 3588 5483 3707 5539; x_wconf 82' lang='lat' dir='ltr'><strong>Hoc</strong></span> 
     </span>
    </p>
   </div>
   <div class='ocr_carea' id='block_1_113' title="bbox 2102 5572 3703 5645">
    <p class='ocr_par' dir='ltr' id='par_1_113' title="bbox 2102 5572 3703 5645">
     <span class='ocr_line' id='line_1_113' title="bbox 2102 5572 3703 5645; baseline 0.002 -17"><span class='ocrx_word' id='word_1_868' title='bbox 2102 5573 2310 5628; x_wconf 84' lang='lat' dir='ltr'><strong>scilicet</strong></span> <span class='ocrx_word' id='word_1_869' title='bbox 2340 5587 2410 5627; x_wconf 79' lang='lat' dir='ltr'><strong>ex</strong></span> <span class='ocrx_word' id='word_1_870' title='bbox 2452 5572 2558 5627; x_wconf 83' lang='lat' dir='ltr'><strong>illis</strong></span> <span class='ocrx_word' id='word_1_871' title='bbox 2610 5574 2826 5644; x_wconf 84' lang='lat' dir='ltr'><strong>collegit</strong></span> <span class='ocrx_word' id='word_1_872' title='bbox 2871 5572 3163 5645; x_wconf 87' lang='lat' dir='ltr'><strong>Scripturis</strong></span> <span class='ocrx_word' id='word_1_873' title='bbox 3208 5588 3436 5644; x_wconf 91' lang='lat' dir='ltr'><strong>quarum</strong></span> <span class='ocrx_word' id='word_1_874' title='bbox 3481 5589 3703 5631; x_wconf 89' lang='lat' dir='ltr'><strong>sensum</strong></span> 
     </span>
    </p>
   </div>
   <div class='ocr_carea' id='block_1_114' title="bbox 2105 5663 3703 5737">
    <p class='ocr_par' dir='ltr' id='par_1_114' title="bbox 2105 5663 3703 5737">
     <span class='ocr_line' id='line_1_114' title="bbox 2105 5663 3703 5737; baseline 0.003 -19"><span class='ocrx_word' id='word_1_875' title='bbox 2105 5663 2615 5735; x_wconf 82' lang='lat' dir='ltr'><strong>postea&#39;diseipulis</strong></span> <span class='ocrx_word' id='word_1_876' title='bbox 2661 5667 2948 5737; x_wconf 79' lang='lat' dir='ltr'><strong>explicuit,</strong></span> <span class='ocrx_word' id='word_1_877' title='bbox 2995 5681 3119 5721; x_wconf 91' lang='lat' dir='ltr'><strong>eum</strong></span> <span class='ocrx_word' id='word_1_878' title='bbox 3169 5682 3356 5721; x_wconf 91' lang='lat' dir='ltr'><strong>eorum</strong></span> <span class='ocrx_word' id='word_1_879' title='bbox 3392 5665 3703 5723; x_wconf 89' lang='lat' dir='ltr'><strong>intellectus</strong></span> 
     </span>
    </p>
   </div>
   <div class='ocr_carea' id='block_1_115' title="bbox 2102 5756 3696 5828">
    <p class='ocr_par' dir='ltr' id='par_1_115' title="bbox 2102 5756 3696 5828">
     <span class='ocr_line' id='line_1_115' title="bbox 2102 5756 3696 5828; baseline 0.003 -19"><span class='ocrx_word' id='word_1_880' title='bbox 2102 5757 2407 5826; x_wconf 87' lang='lat' dir='ltr'><strong>aperuisset</strong></span> <span class='ocrx_word' id='word_1_881' title='bbox 2440 5765 2497 5812; x_wconf 94' lang='lat' dir='ltr'><strong>ut</strong></span> <span class='ocrx_word' id='word_1_882' title='bbox 2523 5756 2836 5826; x_wconf 89' lang='lat' dir='ltr'><strong>Scripturas</strong></span> <span class='ocrx_word' id='word_1_883' title='bbox 2876 5757 3259 5828; x_wconf 87' lang='lat' dir='ltr'><strong>intelligerent,</strong></span> <span class='ocrx_word' id='word_1_884' title='bbox 3290 5757 3396 5811; x_wconf 90' lang='lat' dir='ltr'><strong>illis</strong></span> <span class='ocrx_word' id='word_1_885' title='bbox 3441 5756 3696 5813; x_wconf 87' lang='lat' dir='ltr'><strong>nimirum</strong></span> 
     </span>
    </p>
   </div>
   <div class='ocr_carea' id='block_1_116' title="bbox 2101 5848 3704 5920">
    <p class='ocr_par' dir='ltr' id='par_1_116' title="bbox 2101 5848 3704 5920">
     <span class='ocr_line' id='line_1_116' title="bbox 2101 5848 3704 5920; baseline 0.001 -17"><span class='ocrx_word' id='word_1_886' title='bbox 2101 5863 2223 5920; x_wconf 63' lang='lat' dir='ltr'><strong>qua!</strong></span> <span class='ocrx_word' id='word_1_887' title='bbox 2256 5849 2338 5906; x_wconf 88' lang='lat' dir='ltr'><strong>vel</strong></span> <span class='ocrx_word' id='word_1_888' title='bbox 2375 5864 2440 5907; x_wconf 79' lang='lat' dir='ltr'><strong>ex</strong></span> <span class='ocrx_word' id='word_1_889' title='bbox 2473 5849 2687 5906; x_wconf 89' lang='lat' dir='ltr'><strong>illorum</strong></span> <span class='ocrx_word' id='word_1_890' title='bbox 2729 5851 3047 5909; x_wconf 73' lang='lat' dir='ltr'><strong>saeculorum</strong></span> <span class='ocrx_word' id='word_1_891' title='bbox 3097 5849 3406 5920; x_wconf 84' lang='lat' dir='ltr'><strong>concessis,</strong></span> <span class='ocrx_word' id='word_1_892' title='bbox 3431 5848 3514 5906; x_wconf 89' lang='lat' dir='ltr'><strong>vel</strong></span> <span class='ocrx_word' id='word_1_893' title='bbox 3538 5850 3704 5906; x_wconf 88' lang='lat' dir='ltr'><strong>certis</strong></span> 
     </span>
    </p>
   </div>
  </div>
