  <div class='ocr_page' id='page_1' title='image "/cluster/home/n/w/nwhite01/storage/ocr_20150623/5/uva.x000826532/044.png"; bbox 0 0 3888 6340; ppageno 0'>
   <div class='ocr_carea' id='block_1_1' title="bbox 282 362 3574 426">
    <p class='ocr_par' dir='ltr' id='par_1_1' title="bbox 282 362 3574 426">
     <span class='ocr_line' id='line_1_1' title="bbox 282 362 3574 426; baseline -0 0"><span class='ocrx_word' id='word_1_1' title='bbox 282 369 346 426; x_wconf 80' lang='grc'>61</span> <span class='ocrx_word' id='word_1_2' title='bbox 1288 365 1376 422; x_wconf 87' lang='lat' dir='ltr'><strong>DE</strong></span> <span class='ocrx_word' id='word_1_3' title='bbox 1416 362 1735 425; x_wconf 84' lang='lat' dir='ltr'><strong>SECUNDO</strong></span> <span class='ocrx_word' id='word_1_4' title='bbox 1770 362 2165 424; x_wconf 77' lang='lat' dir='ltr'><strong>MARTYBUM</strong></span> <span class='ocrx_word' id='word_1_5' title='bbox 2221 365 2585 425; x_wconf 78' lang='lat' dir='ltr'><strong>BAPTISMO.</strong></span> <span class='ocrx_word' id='word_1_6' title='bbox 3498 366 3574 425; x_wconf 72' lang='grc'><strong>62</strong></span> 
     </span>
    </p>
   </div>
   <div class='ocr_carea' id='block_1_2' title="bbox 288 478 3558 558">
    <p class='ocr_par' dir='ltr' id='par_1_2' title="bbox 288 478 3558 558">
     <span class='ocr_line' id='line_1_2' title="bbox 288 478 3558 558; baseline -0 -18"><span class='ocrx_word' id='word_1_7' title='bbox 288 482 572 558; x_wconf 78' lang='lat' dir='ltr'><strong>quibusdam</strong></span> <span class='ocrx_word' id='word_1_8' title='bbox 599 482 746 540; x_wconf 90' lang='lat' dir='ltr'><strong>illius</strong></span> <span class='ocrx_word' id='word_1_9' title='bbox 764 483 962 540; x_wconf 68' lang='lat' dir='ltr'><strong>saeculi</strong></span> <span class='ocrx_word' id='word_1_10' title='bbox 985 480 1300 548; x_wconf 78' lang='lat' dir='ltr'><strong>ratiociniis,</strong></span> <span class='ocrx_word' id='word_1_11' title='bbox 1332 478 1401 537; x_wconf 87' lang='lat' dir='ltr'><strong>de</strong></span> <span class='ocrx_word' id='word_1_12' title='bbox 1433 481 1628 537; x_wconf 85' lang='lat' dir='ltr'><strong>Messia</strong></span> <span class='ocrx_word' id='word_1_13' title='bbox 1660 481 1860 537; x_wconf 85' lang='lat' dir='ltr'><strong>intelli-</strong></span> <span class='ocrx_word' id='word_1_14' title='bbox 1883 480 1938 541; x_wconf 83' lang='grc' dir='ltr'><strong>Α</strong></span> <span class='ocrx_word' id='word_1_15' title='bbox 1963 482 2348 553; x_wconf 80' lang='lat' dir='ltr'><strong>sanguinisque</strong></span> <span class='ocrx_word' id='word_1_16' title='bbox 2392 483 2692 553; x_wconf 89' lang='lat' dir='ltr'><strong>baptismos</strong></span> <span class='ocrx_word' id='word_1_17' title='bbox 2739 496 2861 538; x_wconf 90' lang='lat' dir='ltr'><strong>esse</strong></span> <span class='ocrx_word' id='word_1_18' title='bbox 2889 481 3138 539; x_wconf 76' lang='lat' dir='ltr'><strong>similiter</strong></span> <span class='ocrx_word' id='word_1_19' title='bbox 3163 481 3558 554; x_wconf 81' lang='lat' dir='ltr'><strong>intelligendos.</strong></span> 
     </span>
    </p>
   </div>
   <div class='ocr_carea' id='block_1_3' title="bbox 289 573 1863 649">
    <p class='ocr_par' dir='ltr' id='par_1_3' title="bbox 289 573 1863 649">
     <span class='ocr_line' id='line_1_3' title="bbox 289 573 1863 649; baseline -0.003 -16"><span class='ocrx_word' id='word_1_20' title='bbox 289 576 456 649; x_wconf 66' lang='lat' dir='ltr'><strong>gentia:</strong></span> <span class='ocrx_word' id='word_1_21' title='bbox 505 584 693 640; x_wconf 86' lang='lat' dir='ltr'><strong>erant,</strong></span> <span class='ocrx_word' id='word_1_22' title='bbox 758 591 1001 647; x_wconf 69' lang='lat' dir='ltr'><strong>quaeque</strong></span> <span class='ocrx_word' id='word_1_23' title='bbox 1085 573 1308 630; x_wconf 89' lang='lat' dir='ltr'><strong>futuram</strong></span> <span class='ocrx_word' id='word_1_24' title='bbox 1374 583 1863 630; x_wconf 88' lang='lat' dir='ltr'><strong>commemorarent</strong></span> 
     </span>
    </p>
   </div>
   <div class='ocr_carea' id='block_1_4' title="bbox 291 667 1859 739">
    <p class='ocr_par' dir='ltr' id='par_1_4' title="bbox 291 667 1859 739">
     <span class='ocr_line' id='line_1_4' title="bbox 291 667 1859 739; baseline -0.003 -13"><span class='ocrx_word' id='word_1_25' title='bbox 291 669 476 726; x_wconf 66' lang='lat' dir='ltr'><strong>Messim</strong></span> <span class='ocrx_word' id='word_1_26' title='bbox 509 667 846 738; x_wconf 84' lang='lat' dir='ltr'><strong>passionem,</strong></span> <span class='ocrx_word' id='word_1_27' title='bbox 876 667 1072 739; x_wconf 83' lang='lat' dir='ltr'><strong>quales</strong></span> <span class='ocrx_word' id='word_1_28' title='bbox 1121 667 1392 738; x_wconf 86' lang='lat' dir='ltr'><strong>proferunt</strong></span> <span class='ocrx_word' id='word_1_29' title='bbox 1434 667 1859 737; x_wconf 83' lang='lat' dir='ltr'><strong>quamplurimas</strong></span> 
     </span>
    </p>
   </div>
   <div class='ocr_carea' id='block_1_5' title="bbox 289 759 1863 831">
    <p class='ocr_par' dir='ltr' id='par_1_5' title="bbox 289 759 1863 831">
     <span class='ocr_line' id='line_1_5' title="bbox 289 759 1863 831; baseline -0.002 -14"><span class='ocrx_word' id='word_1_30' title='bbox 289 775 384 817; x_wconf 91' lang='lat' dir='ltr'><strong>non</strong></span> <span class='ocrx_word' id='word_1_31' title='bbox 407 759 532 815; x_wconf 78' lang='lat' dir='ltr'><strong>Novi</strong></span> <span class='ocrx_word' id='word_1_32' title='bbox 556 759 714 814; x_wconf 86' lang='lat' dir='ltr'><strong>modo</strong></span> <span class='ocrx_word' id='word_1_33' title='bbox 733 760 1074 815; x_wconf 88' lang='lat' dir='ltr'><strong>Testamenti</strong></span> <span class='ocrx_word' id='word_1_34' title='bbox 1104 761 1412 831; x_wconf 89' lang='lat' dir='ltr'><strong>scriptores,</strong></span> <span class='ocrx_word' id='word_1_35' title='bbox 1430 760 1525 816; x_wconf 90' lang='lat' dir='ltr'><strong>sed</strong></span> <span class='ocrx_word' id='word_1_36' title='bbox 1552 769 1608 815; x_wconf 91' lang='lat' dir='ltr'><strong>et</strong></span> <span class='ocrx_word' id='word_1_37' title='bbox 1633 775 1863 831; x_wconf 89' lang='lat' dir='ltr'><strong>sequen-</strong></span> 
     </span>
    </p>
   </div>
   <div class='ocr_carea' id='block_1_6' title="bbox 292 851 1861 924">
    <p class='ocr_par' dir='ltr' id='par_1_6' title="bbox 292 851 1861 924">
     <span class='ocr_line' id='line_1_6' title="bbox 292 851 1861 924; baseline -0.004 -15"><span class='ocrx_word' id='word_1_38' title='bbox 292 855 407 910; x_wconf 89' lang='lat' dir='ltr'><strong>tium</strong></span> <span class='ocrx_word' id='word_1_39' title='bbox 435 854 745 909; x_wconf 62' lang='lat' dir='ltr'><strong>secnlorum</strong></span> <span class='ocrx_word' id='word_1_40' title='bbox 768 861 956 922; x_wconf 83' lang='lat' dir='ltr'><strong>patres</strong></span> <span class='ocrx_word' id='word_1_41' title='bbox 977 868 1206 924; x_wconf 88' lang='lat' dir='ltr'><strong>quorum</strong></span> <span class='ocrx_word' id='word_1_42' title='bbox 1234 861 1416 908; x_wconf 85' lang='lat' dir='ltr'><strong>extant</strong></span> <span class='ocrx_word' id='word_1_43' title='bbox 1439 852 1598 907; x_wconf 85' lang='lat' dir='ltr'><strong>hodie</strong></span> <span class='ocrx_word' id='word_1_44' title='bbox 1623 851 1861 922; x_wconf 80' lang='lat' dir='ltr'><strong>disputa-</strong></span> 
     </span>
    </p>
   </div>
   <div class='ocr_carea' id='block_1_7' title="bbox 292 943 1860 1014">
    <p class='ocr_par' dir='ltr' id='par_1_7' title="bbox 292 943 1860 1014">
     <span class='ocr_line' id='line_1_7' title="bbox 292 943 1860 1014; baseline -0.001 -14"><span class='ocrx_word' id='word_1_45' title='bbox 292 947 449 1000; x_wconf 89' lang='lat' dir='ltr'><strong>tiones</strong></span> <span class='ocrx_word' id='word_1_46' title='bbox 491 943 748 999; x_wconf 84' lang='lat' dir='ltr'><strong>adversus</strong></span> <span class='ocrx_word' id='word_1_47' title='bbox 769 943 1011 1011; x_wconf 84' lang='lat' dir='ltr'><strong>Judaeos,</strong></span> <span class='ocrx_word' id='word_1_48' title='bbox 1039 943 1296 1012; x_wconf 81' lang='lat' dir='ltr'><strong>Justinus,</strong></span> <span class='ocrx_word' id='word_1_49' title='bbox 1325 943 1718 1014; x_wconf 84' lang='lat' dir='ltr'><strong>Tertullianus,</strong></span> <span class='ocrx_word' id='word_1_50' title='bbox 1751 943 1860 999; x_wconf 77' lang='lat' dir='ltr'><strong>Eu-</strong></span> 
     </span>
    </p>
   </div>
   <div class='ocr_carea' id='block_1_8' title="bbox 290 1039 602 1107">
    <p class='ocr_par' dir='ltr' id='par_1_8' title="bbox 290 1039 602 1107">
     <span class='ocr_line' id='line_1_8' title="bbox 290 1039 602 1107; baseline -0.013 -11"><span class='ocrx_word' id='word_1_51' title='bbox 290 1039 473 1107; x_wconf 75' lang='lat' dir='ltr'><strong>sebius,</strong></span> <span class='ocrx_word' id='word_1_52' title='bbox 498 1050 602 1094; x_wconf 90' lang='lat' dir='ltr'><strong>etc.</strong></span> 
     </span>
    </p>
   </div>
   <div class='ocr_carea' id='block_1_9' title="bbox 355 1129 1864 1203">
    <p class='ocr_par' dir='ltr' id='par_1_9' title="bbox 355 1129 1864 1203">
     <span class='ocr_line' id='line_1_9' title="bbox 355 1129 1864 1203; baseline -0.002 -17"><span class='ocrx_word' id='word_1_53' title='bbox 355 1131 380 1203; x_wconf 75' lang='grc' dir='ltr'><strong>ς</strong></span> <span class='ocrx_word' id='word_1_54' title='bbox 407 1131 569 1186; x_wconf 83' lang='grc'><strong>15.-</strong></span> <span class='ocrx_word' id='word_1_55' title='bbox 587 1130 698 1185; x_wconf 71' lang='lat' dir='ltr'><strong>Illae</strong></span> <span class='ocrx_word' id='word_1_56' title='bbox 724 1145 858 1202; x_wconf 89' lang='lat' dir='ltr'><strong>ergo</strong></span> <span class='ocrx_word' id='word_1_57' title='bbox 888 1131 1181 1202; x_wconf 74' lang='lat' dir='ltr'><strong>Scripturze</strong></span> <span class='ocrx_word' id='word_1_58' title='bbox 1209 1147 1351 1202; x_wconf 67' lang='lat' dir='ltr'><strong>quas,</strong></span> <span class='ocrx_word' id='word_1_59' title='bbox 1380 1146 1479 1202; x_wconf 92' lang='lat' dir='ltr'><strong>pro</strong></span> <span class='ocrx_word' id='word_1_60' title='bbox 1510 1131 1653 1186; x_wconf 88' lang='lat' dir='ltr'><strong>illius</strong></span> <span class='ocrx_word' id='word_1_61' title='bbox 1679 1129 1864 1186; x_wconf 59' lang='lat' dir='ltr'><strong>saeculi</strong></span> 
     </span>
    </p>
   </div>
   <div class='ocr_carea' id='block_1_10' title="bbox 291 1223 1863 1296">
    <p class='ocr_par' dir='ltr' id='par_1_10' title="bbox 291 1223 1863 1296">
     <span class='ocr_line' id='line_1_10' title="bbox 291 1223 1863 1296; baseline -0.003 -14"><span class='ocrx_word' id='word_1_62' title='bbox 291 1234 453 1296; x_wconf 88' lang='lat' dir='ltr'><strong>captu,</strong></span> <span class='ocrx_word' id='word_1_63' title='bbox 482 1223 548 1280; x_wconf 90' lang='lat' dir='ltr'><strong>de</strong></span> <span class='ocrx_word' id='word_1_64' title='bbox 565 1223 778 1280; x_wconf 67' lang='lat' dir='ltr'><strong>Messian</strong></span> <span class='ocrx_word' id='word_1_65' title='bbox 797 1226 1054 1296; x_wconf 83' lang='lat' dir='ltr'><strong>passione</strong></span> <span class='ocrx_word' id='word_1_66' title='bbox 1080 1225 1366 1281; x_wconf 59' lang='lat' dir='ltr'><strong>intellectae</strong></span> <span class='ocrx_word' id='word_1_67' title='bbox 1395 1235 1544 1290; x_wconf 91' lang='lat' dir='ltr'><strong>sunt,</strong></span> <span class='ocrx_word' id='word_1_68' title='bbox 1562 1224 1863 1296; x_wconf 89' lang='lat' dir='ltr'><strong>argumenti</strong></span> 
     </span>
    </p>
   </div>
   <div class='ocr_carea' id='block_1_11' title="bbox 289 1316 1862 1388">
    <p class='ocr_par' dir='ltr' id='par_1_11' title="bbox 289 1316 1862 1388">
     <span class='ocr_line' id='line_1_11' title="bbox 289 1316 1862 1388; baseline -0.003 -14"><span class='ocrx_word' id='word_1_69' title='bbox 289 1320 440 1374; x_wconf 85' lang='lat' dir='ltr'><strong>vicem</strong></span> <span class='ocrx_word' id='word_1_70' title='bbox 468 1318 712 1372; x_wconf 85' lang='lat' dir='ltr'><strong>obtinere</strong></span> <span class='ocrx_word' id='word_1_71' title='bbox 741 1327 993 1388; x_wconf 84' lang='lat' dir='ltr'><strong>poterant</strong></span> <span class='ocrx_word' id='word_1_72' title='bbox 1012 1319 1150 1388; x_wconf 86' lang='lat' dir='ltr'><strong>apud</strong></span> <span class='ocrx_word' id='word_1_73' title='bbox 1183 1319 1327 1383; x_wconf 90' lang='lat' dir='ltr'><strong>illos,</strong></span> <span class='ocrx_word' id='word_1_74' title='bbox 1355 1320 1466 1388; x_wconf 92' lang='lat' dir='ltr'><strong>qui,</strong></span> <span class='ocrx_word' id='word_1_75' title='bbox 1503 1327 1559 1372; x_wconf 93' lang='lat' dir='ltr'><strong>ut</strong></span> <span class='ocrx_word' id='word_1_76' title='bbox 1580 1317 1649 1372; x_wconf 89' lang='lat' dir='ltr'><strong>ab</strong></span> <span class='ocrx_word' id='word_1_77' title='bbox 1671 1316 1862 1372; x_wconf 90' lang='lat' dir='ltr'><strong>ortho-</strong></span> 
     </span>
    </p>
   </div>
   <div class='ocr_carea' id='block_1_12' title="bbox 292 1408 1864 1481">
    <p class='ocr_par' dir='ltr' id='par_1_12' title="bbox 292 1408 1864 1481">
     <span class='ocr_line' id='line_1_12' title="bbox 292 1408 1864 1481; baseline -0.001 -15"><span class='ocrx_word' id='word_1_78' title='bbox 292 1410 428 1466; x_wconf 79' lang='lat' dir='ltr'><strong>doxis</strong></span> <span class='ocrx_word' id='word_1_79' title='bbox 469 1409 847 1481; x_wconf 75' lang='lat' dir='ltr'><strong>discrepabunt</strong></span> <span class='ocrx_word' id='word_1_80' title='bbox 877 1411 929 1464; x_wconf 91' lang='lat' dir='ltr'><strong>in</strong></span> <span class='ocrx_word' id='word_1_81' title='bbox 962 1426 1028 1465; x_wconf 91' lang='lat' dir='ltr'><strong>eo</strong></span> <span class='ocrx_word' id='word_1_82' title='bbox 1054 1410 1196 1481; x_wconf 86' lang='lat' dir='ltr'><strong>quod</strong></span> <span class='ocrx_word' id='word_1_83' title='bbox 1229 1410 1415 1466; x_wconf 80' lang='lat' dir='ltr'><strong>Jesum</strong></span> <span class='ocrx_word' id='word_1_84' title='bbox 1442 1425 1562 1465; x_wconf 89' lang='lat' dir='ltr'><strong>esse</strong></span> <span class='ocrx_word' id='word_1_85' title='bbox 1589 1408 1864 1464; x_wconf 81' lang='lat' dir='ltr'><strong>Christum</strong></span> 
     </span>
    </p>
   </div>
   <div class='ocr_carea' id='block_1_13' title="bbox 291 1500 1862 1573">
    <p class='ocr_par' dir='ltr' id='par_1_13' title="bbox 291 1500 1862 1573">
     <span class='ocr_line' id='line_1_13' title="bbox 291 1500 1862 1573; baseline -0.002 -16"><span class='ocrx_word' id='word_1_86' title='bbox 291 1501 532 1573; x_wconf 76' lang='lat' dir='ltr'><strong>negarint,</strong></span> <span class='ocrx_word' id='word_1_87' title='bbox 561 1502 635 1556; x_wconf 89' lang='lat' dir='ltr'><strong>ita</strong></span> <span class='ocrx_word' id='word_1_88' title='bbox 665 1509 722 1556; x_wconf 90' lang='lat' dir='ltr'><strong>et</strong></span> <span class='ocrx_word' id='word_1_89' title='bbox 750 1500 805 1556; x_wconf 87' lang='lat' dir='ltr'><strong>in</strong></span> <span class='ocrx_word' id='word_1_90' title='bbox 838 1516 902 1556; x_wconf 90' lang='lat' dir='ltr'><strong>eo</strong></span> <span class='ocrx_word' id='word_1_91' title='bbox 931 1502 1169 1556; x_wconf 76' lang='lat' dir='ltr'><strong>vicissim</strong></span> <span class='ocrx_word' id='word_1_92' title='bbox 1199 1518 1229 1556; x_wconf 91' lang='lat' dir='ltr'><strong>a</strong></span> <span class='ocrx_word' id='word_1_93' title='bbox 1269 1501 1495 1565; x_wconf 65' lang='lat' dir='ltr'><strong>Iudaeis,</strong></span> <span class='ocrx_word' id='word_1_94' title='bbox 1528 1501 1673 1572; x_wconf 89' lang='lat' dir='ltr'><strong>quod</strong></span> <span class='ocrx_word' id='word_1_95' title='bbox 1702 1501 1862 1556; x_wconf 82' lang='lat' dir='ltr'><strong>Chri-</strong></span> 
     </span>
    </p>
   </div>
   <div class='ocr_carea' id='block_1_14' title="bbox 290 1593 1865 1664">
    <p class='ocr_par' dir='ltr' id='par_1_14' title="bbox 290 1593 1865 1664">
     <span class='ocr_line' id='line_1_14' title="bbox 290 1593 1865 1664; baseline -0.001 -16"><span class='ocrx_word' id='word_1_96' title='bbox 290 1603 414 1648; x_wconf 87' lang='lat' dir='ltr'><strong>stum</strong></span> <span class='ocrx_word' id='word_1_97' title='bbox 443 1594 891 1664; x_wconf 84' lang='lat' dir='ltr'><strong>qualemcumque</strong></span> <span class='ocrx_word' id='word_1_98' title='bbox 932 1593 1082 1648; x_wconf 88' lang='lat' dir='ltr'><strong>illum</strong></span> <span class='ocrx_word' id='word_1_99' title='bbox 1113 1593 1416 1659; x_wconf 90' lang='lat' dir='ltr'><strong>ﬁnxissent,</strong></span> <span class='ocrx_word' id='word_1_100' title='bbox 1448 1594 1661 1648; x_wconf 87' lang='lat' dir='ltr'><strong>venisse</strong></span> <span class='ocrx_word' id='word_1_101' title='bbox 1689 1601 1865 1647; x_wconf 89' lang='lat' dir='ltr'><strong>tamen</strong></span> 
     </span>
    </p>
   </div>
   <div class='ocr_carea' id='block_1_15' title="bbox 288 1685 1866 1758">
    <p class='ocr_par' dir='ltr' id='par_1_15' title="bbox 288 1685 1866 1758">
     <span class='ocr_line' id='line_1_15' title="bbox 288 1685 1866 1758; baseline -0.003 -14"><span class='ocrx_word' id='word_1_102' title='bbox 288 1685 612 1744; x_wconf 86' lang='lat' dir='ltr'><strong>crediderint.</strong></span> <span class='ocrx_word' id='word_1_103' title='bbox 636 1686 713 1741; x_wconf 87' lang='lat' dir='ltr'><strong>lta</strong></span> <span class='ocrx_word' id='word_1_104' title='bbox 740 1701 870 1758; x_wconf 85' lang='lat' dir='ltr'><strong>ergo</strong></span> <span class='ocrx_word' id='word_1_105' title='bbox 887 1686 1070 1743; x_wconf 80' lang='lat' dir='ltr'><strong>Jesum</strong></span> <span class='ocrx_word' id='word_1_106' title='bbox 1097 1688 1388 1758; x_wconf 85' lang='lat' dir='ltr'><strong>Apostolus</strong></span> <span class='ocrx_word' id='word_1_107' title='bbox 1402 1685 1675 1742; x_wconf 91' lang='lat' dir='ltr'><strong>Christum</strong></span> <span class='ocrx_word' id='word_1_108' title='bbox 1699 1685 1866 1741; x_wconf 84' lang='lat' dir='ltr'><strong>fuisse</strong></span> 
     </span>
    </p>
   </div>
   <div class='ocr_carea' id='block_1_16' title="bbox 287 1777 1868 1850">
    <p class='ocr_par' dir='ltr' id='par_1_16' title="bbox 287 1777 1868 1850">
     <span class='ocr_line' id='line_1_16' title="bbox 287 1777 1868 1850; baseline -0.003 -14"><span class='ocrx_word' id='word_1_109' title='bbox 287 1779 644 1846; x_wconf 80' lang='lat' dir='ltr'><strong>conﬁrmavit,</strong></span> <span class='ocrx_word' id='word_1_110' title='bbox 699 1777 848 1850; x_wconf 91' lang='lat' dir='ltr'><strong>quod</strong></span> <span class='ocrx_word' id='word_1_111' title='bbox 901 1787 1010 1833; x_wconf 88' lang='lat' dir='ltr'><strong>tam</strong></span> <span class='ocrx_word' id='word_1_112' title='bbox 1056 1793 1152 1848; x_wconf 92' lang='lat' dir='ltr'><strong>per</strong></span> <span class='ocrx_word' id='word_1_113' title='bbox 1197 1777 1514 1849; x_wconf 88' lang='lat' dir='ltr'><strong>sanguinem</strong></span> <span class='ocrx_word' id='word_1_114' title='bbox 1562 1793 1720 1848; x_wconf 89' lang='lat' dir='ltr'><strong>quam</strong></span> <span class='ocrx_word' id='word_1_115' title='bbox 1769 1793 1868 1848; x_wconf 90' lang='lat' dir='ltr'><strong>per</strong></span> 
     </span>
    </p>
   </div>
   <div class='ocr_carea' id='block_1_17' title="bbox 1967 572 3571 646">
    <p class='ocr_par' dir='ltr' id='par_1_17' title="bbox 1967 572 3571 646">
     <span class='ocr_line' id='line_1_17' title="bbox 1967 572 3571 646; baseline 0.004 -20"><span class='ocrx_word' id='word_1_116' title='bbox 1967 572 2042 626; x_wconf 84' lang='lat' dir='ltr'><strong>Ita</strong></span> <span class='ocrx_word' id='word_1_117' title='bbox 2075 578 2255 644; x_wconf 81' lang='lat' dir='ltr'><strong>itaque</strong></span> <span class='ocrx_word' id='word_1_118' title='bbox 2280 589 2348 630; x_wconf 84' lang='lat' dir='ltr'><strong>ex</strong></span> <span class='ocrx_word' id='word_1_119' title='bbox 2373 575 2615 629; x_wconf 90' lang='lat' dir='ltr'><strong>locorum</strong></span> <span class='ocrx_word' id='word_1_120' title='bbox 2649 574 2932 630; x_wconf 90' lang='lat' dir='ltr'><strong>occasione</strong></span> <span class='ocrx_word' id='word_1_121' title='bbox 2961 574 3014 630; x_wconf 91' lang='lat' dir='ltr'><strong>in</strong></span> <span class='ocrx_word' id='word_1_122' title='bbox 3042 575 3237 646; x_wconf 88' lang='lat' dir='ltr'><strong>quibus</strong></span> <span class='ocrx_word' id='word_1_123' title='bbox 3263 590 3417 645; x_wconf 68' lang='lat' dir='ltr'><strong>aqua:</strong></span> <span class='ocrx_word' id='word_1_124' title='bbox 3443 591 3571 633; x_wconf 85' lang='lat' dir='ltr'><strong>san-</strong></span> 
     </span>
    </p>
   </div>
   <div class='ocr_carea' id='block_1_18' title="bbox 1964 656 3568 736">
    <p class='ocr_par' dir='ltr' id='par_1_18' title="bbox 1964 656 3568 736">
     <span class='ocr_line' id='line_1_18' title="bbox 1964 656 3568 736; baseline 0.006 -20"><span class='ocrx_word' id='word_1_125' title='bbox 1964 665 2248 736; x_wconf 89' lang='lat' dir='ltr'><strong>guinisque</strong></span> <span class='ocrx_word' id='word_1_126' title='bbox 2275 667 2602 722; x_wconf 85' lang='lat' dir='ltr'><strong>mentionem</strong></span> <span class='ocrx_word' id='word_1_127' title='bbox 2635 656 2819 721; x_wconf 77' lang='lat' dir='ltr'><strong>retulit</strong></span> <span class='ocrx_word' id='word_1_128' title='bbox 2846 668 2950 721; x_wconf 89' lang='lat' dir='ltr'><strong>huc</strong></span> <span class='ocrx_word' id='word_1_129' title='bbox 2963 667 3348 735; x_wconf 90' lang='lat' dir='ltr'><strong>Tertullianus,</strong></span> <span class='ocrx_word' id='word_1_130' title='bbox 3369 677 3423 724; x_wconf 92' lang='lat' dir='ltr'><strong>et</strong></span> <span class='ocrx_word' id='word_1_131' title='bbox 3443 684 3568 725; x_wconf 91' lang='lat' dir='ltr'><strong>cum</strong></span> 
     </span>
    </p>
   </div>
   <div class='ocr_carea' id='block_1_19' title="bbox 1966 754 3572 833">
    <p class='ocr_par' dir='ltr' id='par_1_19' title="bbox 1966 754 3572 833">
     <span class='ocr_line' id='line_1_19' title="bbox 1966 754 3572 833; baseline 0.006 -24"><span class='ocrx_word' id='word_1_132' title='bbox 1966 754 2300 813; x_wconf 89' lang='lat' dir='ltr'><strong>Tertulliano</strong></span> <span class='ocrx_word' id='word_1_133' title='bbox 2336 769 2490 813; x_wconf 91' lang='lat' dir='ltr'><strong>vetus</strong></span> <span class='ocrx_word' id='word_1_134' title='bbox 2539 758 2629 813; x_wconf 88' lang='lat' dir='ltr'><strong>illa</strong></span> <span class='ocrx_word' id='word_1_135' title='bbox 2676 758 3032 829; x_wconf 83' lang='lat' dir='ltr'><strong>proculdubio</strong></span> <span class='ocrx_word' id='word_1_136' title='bbox 3081 761 3572 833; x_wconf 86' lang='lat' dir='ltr'><strong>Ecclesia,colligi-</strong></span> 
     </span>
    </p>
   </div>
   <div class='ocr_carea' id='block_1_20' title="bbox 1966 850 3573 924">
    <p class='ocr_par' dir='ltr' id='par_1_20' title="bbox 1966 850 3573 924">
     <span class='ocr_line' id='line_1_20' title="bbox 1966 850 3573 924; baseline 0.005 -22"><span class='ocrx_word' id='word_1_137' title='bbox 1966 863 2108 917; x_wconf 89' lang='lat' dir='ltr'><strong>mus,</strong></span> <span class='ocrx_word' id='word_1_138' title='bbox 2139 864 2248 905; x_wconf 90' lang='lat' dir='ltr'><strong>non</strong></span> <span class='ocrx_word' id='word_1_139' title='bbox 2280 850 2446 905; x_wconf 90' lang='lat' dir='ltr'><strong>alium</strong></span> <span class='ocrx_word' id='word_1_140' title='bbox 2481 852 2663 921; x_wconf 87' lang='lat' dir='ltr'><strong>utique</strong></span> <span class='ocrx_word' id='word_1_141' title='bbox 2707 853 3024 922; x_wconf 88' lang='lat' dir='ltr'><strong>sanguinem</strong></span> <span class='ocrx_word' id='word_1_142' title='bbox 3074 868 3234 923; x_wconf 89' lang='lat' dir='ltr'><strong>quam</strong></span> <span class='ocrx_word' id='word_1_143' title='bbox 3275 853 3573 924; x_wconf 87' lang='lat' dir='ltr'><strong>baptisma-</strong></span> 
     </span>
    </p>
   </div>
   <div class='ocr_carea' id='block_1_21' title="bbox 1968 940 2679 1010">
    <p class='ocr_par' dir='ltr' id='par_1_21' title="bbox 1968 940 2679 1010">
     <span class='ocr_line' id='line_1_21' title="bbox 1968 940 2679 1010; baseline -0.003 -16"><span class='ocrx_word' id='word_1_144' title='bbox 1968 940 2072 994; x_wconf 89' lang='lat' dir='ltr'><strong>lem</strong></span> <span class='ocrx_word' id='word_1_145' title='bbox 2103 953 2224 995; x_wconf 89' lang='lat' dir='ltr'><strong>esse</strong></span> <span class='ocrx_word' id='word_1_146' title='bbox 2249 940 2679 1010; x_wconf 86' lang='lat' dir='ltr'><strong>intelligendum.</strong></span> 
     </span>
    </p>
   </div>
   <div class='ocr_carea' id='block_1_22' title="bbox 2043 1031 3569 1109">
    <p class='ocr_par' dir='ltr' id='par_1_22' title="bbox 2043 1031 3569 1109">
     <span class='ocr_line' id='line_1_22' title="bbox 2043 1031 3569 1109; baseline 0.003 -21"><span class='ocrx_word' id='word_1_147' title='bbox 2043 1031 2181 1103; x_wconf 67' lang='lat'><strong>517.</strong></span> <span class='ocrx_word' id='word_1_148' title='bbox 2197 1063 2267 1072; x_wconf 95' lang='lat'><strong>—</strong></span> <span class='ocrx_word' id='word_1_149' title='bbox 2299 1035 2367 1087; x_wconf 86' lang='lat' dir='ltr'><strong>At</strong></span> <span class='ocrx_word' id='word_1_150' title='bbox 2393 1036 2691 1103; x_wconf 69' lang='lat' dir='ltr'><strong>mquivoce,</strong></span> <span class='ocrx_word' id='word_1_151' title='bbox 2724 1034 2956 1103; x_wconf 84' lang='lat' dir='ltr'><strong>inquies,</strong></span> <span class='ocrx_word' id='word_1_152' title='bbox 2977 1034 3280 1090; x_wconf 88' lang='lat' dir='ltr'><strong>communis</strong></span> <span class='ocrx_word' id='word_1_153' title='bbox 3300 1045 3420 1092; x_wconf 87' lang='lat' dir='ltr'><strong>erat</strong></span> <span class='ocrx_word' id='word_1_154' title='bbox 3440 1037 3569 1109; x_wconf 84' lang='lat' dir='ltr'><strong>bap-</strong></span> 
     </span>
    </p>
   </div>
   <div class='ocr_carea' id='block_1_23' title="bbox 1969 1124 3573 1201">
    <p class='ocr_par' dir='ltr' id='par_1_23' title="bbox 1969 1124 3573 1201">
     <span class='ocr_line' id='line_1_23' title="bbox 1969 1124 3573 1201; baseline 0.005 -23"><span class='ocrx_word' id='word_1_155' title='bbox 1969 1125 2112 1179; x_wconf 92' lang='lat' dir='ltr'><strong>tismi</strong></span> <span class='ocrx_word' id='word_1_156' title='bbox 2138 1124 2226 1179; x_wconf 91' lang='lat' dir='ltr'><strong>illa</strong></span> <span class='ocrx_word' id='word_1_157' title='bbox 2256 1126 2394 1180; x_wconf 84' lang='lat' dir='ltr'><strong>ratio</strong></span> <span class='ocrx_word' id='word_1_158' title='bbox 2424 1142 2597 1196; x_wconf 79' lang='lat' dir='ltr'><strong>aquae,</strong></span> <span class='ocrx_word' id='word_1_159' title='bbox 2626 1127 2877 1198; x_wconf 79' lang='lat' dir='ltr'><strong>sanguini</strong></span> <span class='ocrx_word' id='word_1_160' title='bbox 2909 1136 3070 1200; x_wconf 90' lang='lat' dir='ltr'><strong>atque</strong></span> <span class='ocrx_word' id='word_1_161' title='bbox 3090 1127 3338 1199; x_wconf 88' lang='lat' dir='ltr'><strong>Spiritui,</strong></span> <span class='ocrx_word' id='word_1_162' title='bbox 3369 1141 3426 1184; x_wconf 90' lang='lat' dir='ltr'><strong>ut</strong></span> <span class='ocrx_word' id='word_1_163' title='bbox 3448 1145 3573 1201; x_wconf 86' lang='lat' dir='ltr'><strong>pro-</strong></span> 
     </span>
    </p>
   </div>
   <div class='ocr_carea' id='block_1_24' title="bbox 1970 1217 3566 1292">
    <p class='ocr_par' dir='ltr' id='par_1_24' title="bbox 1970 1217 3566 1292">
     <span class='ocr_line' id='line_1_24' title="bbox 1970 1217 3566 1292; baseline 0.006 -21"><span class='ocrx_word' id='word_1_164' title='bbox 1970 1217 2096 1272; x_wconf 90' lang='lat' dir='ltr'><strong>inde</strong></span> <span class='ocrx_word' id='word_1_165' title='bbox 2118 1233 2223 1272; x_wconf 91' lang='lat' dir='ltr'><strong>non</strong></span> <span class='ocrx_word' id='word_1_166' title='bbox 2249 1219 2318 1272; x_wconf 91' lang='lat' dir='ltr'><strong>sit</strong></span> <span class='ocrx_word' id='word_1_167' title='bbox 2347 1219 2490 1289; x_wconf 90' lang='lat' dir='ltr'><strong>quod</strong></span> <span class='ocrx_word' id='word_1_168' title='bbox 2523 1236 2589 1274; x_wconf 78' lang='lat' dir='ltr'><strong>ex</strong></span> <span class='ocrx_word' id='word_1_169' title='bbox 2620 1221 2892 1274; x_wconf 89' lang='lat' dir='ltr'><strong>communi</strong></span> <span class='ocrx_word' id='word_1_170' title='bbox 2920 1223 3021 1276; x_wconf 90' lang='lat' dir='ltr'><strong>hac</strong></span> <span class='ocrx_word' id='word_1_171' title='bbox 3052 1223 3305 1292; x_wconf 83' lang='lat' dir='ltr'><strong>baptismi</strong></span> <span class='ocrx_word' id='word_1_172' title='bbox 3351 1224 3566 1280; x_wconf 84' lang='lat' dir='ltr'><strong>ratione</strong></span> 
     </span>
    </p>
   </div>
   <div class='ocr_carea' id='block_1_25' title="bbox 1970 1306 3572 1384">
    <p class='ocr_par' dir='ltr' id='par_1_25' title="bbox 1970 1306 3572 1384">
     <span class='ocr_line' id='line_1_25' title="bbox 1970 1306 3572 1384; baseline 0.006 -20"><span class='ocrx_word' id='word_1_173' title='bbox 1970 1306 2266 1364; x_wconf 85' lang='lat' dir='ltr'><strong>inferamus</strong></span> <span class='ocrx_word' id='word_1_174' title='bbox 2319 1313 2597 1380; x_wconf 88' lang='lat' dir='ltr'><strong>sanguinei</strong></span> <span class='ocrx_word' id='word_1_175' title='bbox 2653 1322 2813 1382; x_wconf 78' lang='lat' dir='ltr'><strong>atque</strong></span> <span class='ocrx_word' id='word_1_176' title='bbox 2861 1314 3016 1382; x_wconf 88' lang='lat' dir='ltr'><strong>aquei</strong></span> <span class='ocrx_word' id='word_1_177' title='bbox 3069 1309 3572 1384; x_wconf 48' lang='lat' dir='ltr'><strong>baptismi&#39;fructus</strong></span> 
     </span>
    </p>
   </div>
   <div class='ocr_carea' id='block_1_26' title="bbox 1969 1399 3573 1472">
    <p class='ocr_par' dir='ltr' id='par_1_26' title="bbox 1969 1399 3573 1472">
     <span class='ocr_line' id='line_1_26' title="bbox 1969 1399 3573 1472; baseline 0.007 -18"><span class='ocrx_word' id='word_1_178' title='bbox 1969 1399 2189 1455; x_wconf 91' lang='lat' dir='ltr'><strong>eosdem</strong></span> <span class='ocrx_word' id='word_1_179' title='bbox 2215 1416 2338 1457; x_wconf 90' lang='lat' dir='ltr'><strong>esse</strong></span> <span class='ocrx_word' id='word_1_180' title='bbox 2370 1403 2754 1472; x_wconf 79' lang='lat' dir='ltr'><strong>expectandos.</strong></span> <span class='ocrx_word' id='word_1_181' title='bbox 2783 1405 2836 1458; x_wconf 88' lang='lat' dir='ltr'><strong>Id</strong></span> <span class='ocrx_word' id='word_1_182' title='bbox 2863 1421 2927 1459; x_wconf 93' lang='lat' dir='ltr'><strong>ne</strong></span> <span class='ocrx_word' id='word_1_183' title='bbox 2959 1403 3188 1471; x_wconf 86' lang='lat' dir='ltr'><strong>dicatur,</strong></span> <span class='ocrx_word' id='word_1_184' title='bbox 3222 1409 3573 1466; x_wconf 71' lang='lat' dir='ltr'><strong>observamus</strong></span> 
     </span>
    </p>
   </div>
   <div class='ocr_carea' id='block_1_27' title="bbox 1970 1494 3571 1568">
    <p class='ocr_par' dir='ltr' id='par_1_27' title="bbox 1970 1494 3571 1568">
     <span class='ocr_line' id='line_1_27' title="bbox 1970 1494 3571 1568; baseline 0.006 -22"><span class='ocrx_word' id='word_1_185' title='bbox 1970 1503 2230 1562; x_wconf 83' lang='lat' dir='ltr'><strong>praeterea</strong></span> <span class='ocrx_word' id='word_1_186' title='bbox 2259 1504 2450 1562; x_wconf 88' lang='lat' dir='ltr'><strong>quarto</strong></span> <span class='ocrx_word' id='word_1_187' title='bbox 2483 1494 2534 1548; x_wconf 92' lang='lat' dir='ltr'><strong>in</strong></span> <span class='ocrx_word' id='word_1_188' title='bbox 2582 1497 2700 1564; x_wconf 76' lang='lat' dir='ltr'><strong>ipso</strong></span> <span class='ocrx_word' id='word_1_189' title='bbox 2731 1495 2822 1550; x_wconf 92' lang='lat' dir='ltr'><strong>illo</strong></span> <span class='ocrx_word' id='word_1_190' title='bbox 2855 1497 3170 1552; x_wconf 91' lang='lat' dir='ltr'><strong>initiationis</strong></span> <span class='ocrx_word' id='word_1_191' title='bbox 3216 1499 3571 1568; x_wconf 81' lang='lat' dir='ltr'><strong>expiationis-</strong></span> 
     </span>
    </p>
   </div>
   <div class='ocr_carea' id='block_1_28' title="bbox 1973 1584 3574 1660">
    <p class='ocr_par' dir='ltr' id='par_1_28' title="bbox 1973 1584 3574 1660">
     <span class='ocr_line' id='line_1_28' title="bbox 1973 1584 3574 1660; baseline 0.006 -22"><span class='ocrx_word' id='word_1_192' title='bbox 1973 1599 2078 1653; x_wconf 90' lang='lat' dir='ltr'><strong>que</strong></span> <span class='ocrx_word' id='word_1_193' title='bbox 2110 1584 2240 1651; x_wconf 90' lang='lat' dir='ltr'><strong>ritu,</strong></span> <span class='ocrx_word' id='word_1_194' title='bbox 2274 1587 2358 1639; x_wconf 92' lang='lat' dir='ltr'><strong>cui</strong></span> <span class='ocrx_word' id='word_1_195' title='bbox 2391 1597 2736 1655; x_wconf 76' lang='lat' dir='ltr'><strong>peccatorum</strong></span> <span class='ocrx_word' id='word_1_196' title='bbox 2772 1589 2915 1642; x_wconf 80' lang='lat' dir='ltr'><strong>illaut</strong></span> <span class='ocrx_word' id='word_1_197' title='bbox 2965 1591 3339 1660; x_wconf 79' lang='lat' dir='ltr'><strong>purgationem</strong></span> <span class='ocrx_word' id='word_1_198' title='bbox 3369 1592 3574 1648; x_wconf 88' lang='lat' dir='ltr'><strong>tribue—</strong></span> 
     </span>
    </p>
   </div>
   <div class='ocr_carea' id='block_1_29' title="bbox 1971 1677 3575 1753">
    <p class='ocr_par' dir='ltr' id='par_1_29' title="bbox 1971 1677 3575 1753">
     <span class='ocr_line' id='line_1_29' title="bbox 1971 1677 3575 1753; baseline 0.005 -21"><span class='ocrx_word' id='word_1_199' title='bbox 1971 1677 2102 1732; x_wconf 87' lang='lat' dir='ltr'><strong>bant</strong></span> <span class='ocrx_word' id='word_1_200' title='bbox 2130 1688 2362 1743; x_wconf 85' lang='lat' dir='ltr'><strong>veteres,</strong></span> <span class='ocrx_word' id='word_1_201' title='bbox 2395 1687 2501 1732; x_wconf 89' lang='lat' dir='ltr'><strong>tam</strong></span> <span class='ocrx_word' id='word_1_202' title='bbox 2533 1678 2869 1750; x_wconf 79' lang='lat' dir='ltr'><strong>frequentem</strong></span> <span class='ocrx_word' id='word_1_203' title='bbox 2904 1680 3074 1736; x_wconf 88' lang='lat' dir='ltr'><strong>fuisse</strong></span> <span class='ocrx_word' id='word_1_204' title='bbox 3115 1683 3259 1753; x_wconf 88' lang='lat' dir='ltr'><strong>apud</strong></span> <span class='ocrx_word' id='word_1_205' title='bbox 3303 1684 3422 1740; x_wconf 89' lang='lat' dir='ltr'><strong>illos</strong></span> <span class='ocrx_word' id='word_1_206' title='bbox 3449 1701 3575 1740; x_wconf 83' lang='lat' dir='ltr'><strong>san-</strong></span> 
     </span>
    </p>
   </div>
   <div class='ocr_carea' id='block_1_30' title="bbox 1970 1769 3578 1843">
    <p class='ocr_par' dir='ltr' id='par_1_30' title="bbox 1970 1769 3578 1843">
     <span class='ocr_line' id='line_1_30' title="bbox 1970 1769 3578 1843; baseline 0.005 -20"><span class='ocrx_word' id='word_1_207' title='bbox 1970 1769 2146 1839; x_wconf 82' lang='lat' dir='ltr'><strong>guinis</strong></span> <span class='ocrx_word' id='word_1_208' title='bbox 2195 1785 2357 1840; x_wconf 89' lang='lat' dir='ltr'><strong>quam</strong></span> <span class='ocrx_word' id='word_1_209' title='bbox 2401 1786 2578 1841; x_wconf 73' lang='lat' dir='ltr'><strong>aqum,</strong></span> <span class='ocrx_word' id='word_1_210' title='bbox 2603 1787 2782 1826; x_wconf 91' lang='lat' dir='ltr'><strong>usum.</strong></span> <span class='ocrx_word' id='word_1_211' title='bbox 2815 1773 2871 1827; x_wconf 88' lang='lat' dir='ltr'><strong>lu</strong></span> <span class='ocrx_word' id='word_1_212' title='bbox 2919 1782 3145 1843; x_wconf 88' lang='lat' dir='ltr'><strong>utraque</strong></span> <span class='ocrx_word' id='word_1_213' title='bbox 3194 1774 3281 1830; x_wconf 87' lang='lat' dir='ltr'><strong>illa</strong></span> <span class='ocrx_word' id='word_1_214' title='bbox 3337 1784 3442 1830; x_wconf 84' lang='lat' dir='ltr'><strong>tam</strong></span> <span class='ocrx_word' id='word_1_215' title='bbox 3481 1775 3578 1831; x_wconf 83' lang='lat' dir='ltr'><strong>Ju-</strong></span> 
     </span>
    </p>
   </div>
   <div class='ocr_carea' id='block_1_31' title="bbox 287 1861 3572 1942">
    <p class='ocr_par' dir='ltr' id='par_1_31' title="bbox 287 1861 3572 1942">
     <span class='ocr_line' id='line_1_31' title="bbox 287 1861 3572 1942; baseline 0 -20"><span class='ocrx_word' id='word_1_216' title='bbox 287 1886 462 1942; x_wconf 81' lang='lat' dir='ltr'><strong>aquam</strong></span> <span class='ocrx_word' id='word_1_217' title='bbox 487 1870 719 1936; x_wconf 85' lang='lat' dir='ltr'><strong>venerit,</strong></span> <span class='ocrx_word' id='word_1_218' title='bbox 749 1870 803 1924; x_wconf 91' lang='lat' dir='ltr'><strong>in</strong></span> <span class='ocrx_word' id='word_1_219' title='bbox 832 1885 899 1926; x_wconf 91' lang='lat' dir='ltr'><strong>eo</strong></span> <span class='ocrx_word' id='word_1_220' title='bbox 927 1885 1123 1940; x_wconf 88' lang='lat' dir='ltr'><strong>nempe</strong></span> <span class='ocrx_word' id='word_1_221' title='bbox 1154 1885 1362 1942; x_wconf 89' lang='lat' dir='ltr'><strong>ponens</strong></span> <span class='ocrx_word' id='word_1_222' title='bbox 1383 1869 1667 1940; x_wconf 82' lang='lat' dir='ltr'><strong>emphasin</strong></span> <span class='ocrx_word' id='word_1_223' title='bbox 1698 1879 1864 1938; x_wconf 88' lang='lat' dir='ltr'><strong>atque</strong></span> <span class='ocrx_word' id='word_1_224' title='bbox 1895 1872 1943 1932; x_wconf 81' lang='grc' dir='ltr'><strong>Β</strong></span> <span class='ocrx_word' id='word_1_225' title='bbox 1972 1861 2238 1927; x_wconf 72' lang='lat' dir='ltr'><strong>timorum,</strong></span> <span class='ocrx_word' id='word_1_226' title='bbox 2271 1877 2432 1932; x_wconf 91' lang='lat' dir='ltr'><strong>quam</strong></span> <span class='ocrx_word' id='word_1_227' title='bbox 2485 1861 2802 1926; x_wconf 88' lang='lat' dir='ltr'><strong>Gentilium,</strong></span> <span class='ocrx_word' id='word_1_228' title='bbox 2845 1863 3149 1920; x_wconf 89' lang='lat' dir='ltr'><strong>initiatione</strong></span> <span class='ocrx_word' id='word_1_229' title='bbox 3184 1866 3572 1922; x_wconf 82' lang='lat' dir='ltr'><strong>sacrificiorum</strong></span> 
     </span>
    </p>
   </div>
   <div class='ocr_carea' id='block_1_32' title="bbox 290 1962 1862 2034">
    <p class='ocr_par' dir='ltr' id='par_1_32' title="bbox 290 1962 1862 2034">
     <span class='ocr_line' id='line_1_32' title="bbox 290 1962 1862 2034; baseline -0.002 -16"><span class='ocrx_word' id='word_1_230' title='bbox 290 1964 567 2034; x_wconf 78' lang='lat' dir='ltr'><strong>argumenti</strong></span> <span class='ocrx_word' id='word_1_231' title='bbox 598 1962 736 2029; x_wconf 90' lang='lat' dir='ltr'><strong>vim,</strong></span> <span class='ocrx_word' id='word_1_232' title='bbox 764 1963 909 2033; x_wconf 91' lang='lat' dir='ltr'><strong>quod</strong></span> <span class='ocrx_word' id='word_1_233' title='bbox 931 1964 1116 2018; x_wconf 89' lang='lat' dir='ltr'><strong>nonin</strong></span> <span class='ocrx_word' id='word_1_234' title='bbox 1143 1979 1280 2033; x_wconf 90' lang='lat' dir='ltr'><strong>aqua</strong></span> <span class='ocrx_word' id='word_1_235' title='bbox 1313 1963 1488 2018; x_wconf 91' lang='lat' dir='ltr'><strong>solum</strong></span> <span class='ocrx_word' id='word_1_236' title='bbox 1511 1962 1742 2026; x_wconf 84' lang='lat' dir='ltr'><strong>venerit,</strong></span> <span class='ocrx_word' id='word_1_237' title='bbox 1768 1962 1862 2015; x_wconf 85' lang='lat' dir='ltr'><strong>sed</strong></span> 
     </span>
    </p>
   </div>
   <div class='ocr_carea' id='block_1_33' title="bbox 287 2051 1867 2127">
    <p class='ocr_par' dir='ltr' id='par_1_33' title="bbox 287 2051 1867 2127">
     <span class='ocr_line' id='line_1_33' title="bbox 287 2051 1867 2127; baseline -0.003 -15"><span class='ocrx_word' id='word_1_238' title='bbox 287 2057 336 2112; x_wconf 89' lang='lat' dir='ltr'><strong>in</strong></span> <span class='ocrx_word' id='word_1_239' title='bbox 384 2071 514 2127; x_wconf 87' lang='lat' dir='ltr'><strong>aqua</strong></span> <span class='ocrx_word' id='word_1_240' title='bbox 542 2064 598 2111; x_wconf 92' lang='lat' dir='ltr'><strong>et</strong></span> <span class='ocrx_word' id='word_1_241' title='bbox 653 2056 952 2126; x_wconf 81' lang='lat' dir='ltr'><strong>sanguine,</strong></span> <span class='ocrx_word' id='word_1_242' title='bbox 986 2055 1129 2126; x_wconf 93' lang='lat' dir='ltr'><strong>quod</strong></span> <span class='ocrx_word' id='word_1_243' title='bbox 1183 2055 1437 2109; x_wconf 87' lang='lat' dir='ltr'><strong>nimirum</strong></span> <span class='ocrx_word' id='word_1_244' title='bbox 1480 2054 1631 2108; x_wconf 92' lang='lat' dir='ltr'><strong>illum</strong></span> <span class='ocrx_word' id='word_1_245' title='bbox 1675 2054 1742 2108; x_wconf 91' lang='lat' dir='ltr'><strong>de</strong></span> <span class='ocrx_word' id='word_1_246' title='bbox 1772 2051 1867 2107; x_wconf 89' lang='lat' dir='ltr'><strong>ad-</strong></span> 
     </span>
    </p>
   </div>
   <div class='ocr_carea' id='block_1_34' title="bbox 285 2145 1864 2217">
    <p class='ocr_par' dir='ltr' id='par_1_34' title="bbox 285 2145 1864 2217">
     <span class='ocr_line' id='line_1_34' title="bbox 285 2145 1864 2217; baseline -0.001 -15"><span class='ocrx_word' id='word_1_247' title='bbox 285 2159 430 2204; x_wconf 82' lang='lat' dir='ltr'><strong>ventu</strong></span> <span class='ocrx_word' id='word_1_248' title='bbox 473 2147 526 2202; x_wconf 93' lang='lat' dir='ltr'><strong>in</strong></span> <span class='ocrx_word' id='word_1_249' title='bbox 569 2163 710 2217; x_wconf 78' lang='lat' dir='ltr'><strong>aqua</strong></span> <span class='ocrx_word' id='word_1_250' title='bbox 741 2156 1061 2217; x_wconf 69' lang='lat' dir='ltr'><strong>praetextum</strong></span> <span class='ocrx_word' id='word_1_251' title='bbox 1094 2162 1196 2203; x_wconf 91' lang='lat' dir='ltr'><strong>nec</strong></span> <span class='ocrx_word' id='word_1_252' title='bbox 1227 2147 1624 2217; x_wconf 86' lang='lat' dir='ltr'><strong>pseudochristi</strong></span> <span class='ocrx_word' id='word_1_253' title='bbox 1648 2145 1864 2217; x_wconf 90' lang='lat' dir='ltr'><strong>quidem</strong></span> 
     </span>
    </p>
   </div>
   <div class='ocr_carea' id='block_1_35' title="bbox 285 2233 1868 2311">
    <p class='ocr_par' dir='ltr' id='par_1_35' title="bbox 285 2233 1868 2311">
     <span class='ocr_line' id='line_1_35' title="bbox 285 2233 1868 2311; baseline -0.001 -17"><span class='ocrx_word' id='word_1_254' title='bbox 285 2240 613 2311; x_wconf 84' lang='lat' dir='ltr'><strong>abjecissent,</strong></span> <span class='ocrx_word' id='word_1_255' title='bbox 644 2233 964 2311; x_wconf 85' lang='lat' dir='ltr'><strong>sanguinem</strong></span> <span class='ocrx_word' id='word_1_256' title='bbox 1010 2239 1293 2294; x_wconf 82' lang='lat' dir='ltr'><strong>dumtaxat</strong></span> <span class='ocrx_word' id='word_1_257' title='bbox 1324 2239 1464 2295; x_wconf 91' lang='lat' dir='ltr'><strong>inter</strong></span> <span class='ocrx_word' id='word_1_258' title='bbox 1494 2239 1758 2294; x_wconf 76' lang='lat' dir='ltr'><strong>adventus</strong></span> <span class='ocrx_word' id='word_1_259' title='bbox 1784 2238 1868 2293; x_wconf 91' lang='lat' dir='ltr'><strong>sui</strong></span> 
     </span>
    </p>
   </div>
   <div class='ocr_carea' id='block_1_36' title="bbox 282 2331 1867 2404">
    <p class='ocr_par' dir='ltr' id='par_1_36' title="bbox 282 2331 1867 2404">
     <span class='ocr_line' id='line_1_36' title="bbox 282 2331 1867 2404; baseline -0.002 -17"><span class='ocrx_word' id='word_1_260' title='bbox 282 2334 415 2404; x_wconf 84' lang='lat' dir='ltr'><strong>signa</strong></span> <span class='ocrx_word' id='word_1_261' title='bbox 446 2347 553 2388; x_wconf 91' lang='lat' dir='ltr'><strong>non</strong></span> <span class='ocrx_word' id='word_1_262' title='bbox 586 2331 965 2386; x_wconf 85' lang='lat' dir='ltr'><strong>adhibuissent</strong></span> <span class='ocrx_word' id='word_1_263' title='bbox 992 2332 1134 2400; x_wconf 90' lang='lat' dir='ltr'><strong>(cum</strong></span> <span class='ocrx_word' id='word_1_264' title='bbox 1167 2346 1267 2386; x_wconf 90' lang='lat' dir='ltr'><strong>nec</strong></span> <span class='ocrx_word' id='word_1_265' title='bbox 1294 2331 1396 2402; x_wconf 92' lang='lat' dir='ltr'><strong>ipsi</strong></span> <span class='ocrx_word' id='word_1_266' title='bbox 1441 2331 1745 2384; x_wconf 88' lang='lat' dir='ltr'><strong>antichristi</strong></span> <span class='ocrx_word' id='word_1_267' title='bbox 1769 2345 1867 2400; x_wconf 86' lang='lat' dir='ltr'><strong>pa-</strong></span> 
     </span>
    </p>
   </div>
   <div class='ocr_carea' id='block_1_37' title="bbox 282 2423 1868 2495">
    <p class='ocr_par' dir='ltr' id='par_1_37' title="bbox 282 2423 1868 2495">
     <span class='ocr_line' id='line_1_37' title="bbox 282 2423 1868 2495; baseline -0.002 -15"><span class='ocrx_word' id='word_1_268' title='bbox 282 2425 457 2492; x_wconf 88' lang='lat' dir='ltr'><strong>tiendi,</strong></span> <span class='ocrx_word' id='word_1_269' title='bbox 488 2439 586 2481; x_wconf 86' lang='lat' dir='ltr'><strong>seu</strong></span> <span class='ocrx_word' id='word_1_270' title='bbox 639 2425 974 2495; x_wconf 90' lang='lat' dir='ltr'><strong>exemplum,</strong></span> <span class='ocrx_word' id='word_1_271' title='bbox 1006 2438 1102 2480; x_wconf 89' lang='lat' dir='ltr'><strong>seu</strong></span> <span class='ocrx_word' id='word_1_272' title='bbox 1133 2425 1295 2480; x_wconf 86' lang='lat' dir='ltr'><strong>etiam</strong></span> <span class='ocrx_word' id='word_1_273' title='bbox 1338 2424 1756 2489; x_wconf 87' lang='lat' dir='ltr'><strong>institutionem,</strong></span> <span class='ocrx_word' id='word_1_274' title='bbox 1781 2423 1868 2477; x_wconf 90' lang='lat' dir='ltr'><strong>di-</strong></span> 
     </span>
    </p>
   </div>
   <div class='ocr_carea' id='block_1_38' title="bbox 280 2517 1870 2588">
    <p class='ocr_par' dir='ltr' id='par_1_38' title="bbox 280 2517 1870 2588">
     <span class='ocr_line' id='line_1_38' title="bbox 280 2517 1870 2588; baseline -0.003 -13"><span class='ocrx_word' id='word_1_275' title='bbox 280 2518 487 2588; x_wconf 86' lang='lat' dir='ltr'><strong>scipulis</strong></span> <span class='ocrx_word' id='word_1_276' title='bbox 515 2517 992 2587; x_wconf 86' lang='lat' dir='ltr'><strong>edidissent),qua</strong></span> <span class='ocrx_word' id='word_1_277' title='bbox 1024 2518 1143 2587; x_wconf 89' lang='lat' dir='ltr'><strong>ipsa</strong></span> <span class='ocrx_word' id='word_1_278' title='bbox 1189 2517 1400 2572; x_wconf 89' lang='lat' dir='ltr'><strong>ratione</strong></span> <span class='ocrx_word' id='word_1_279' title='bbox 1449 2517 1571 2572; x_wconf 90' lang='lat' dir='ltr'><strong>illos</strong></span> <span class='ocrx_word' id='word_1_280' title='bbox 1622 2517 1870 2587; x_wconf 89' lang='lat' dir='ltr'><strong>probata</strong></span> 
     </span>
    </p>
   </div>
   <div class='ocr_carea' id='block_1_39' title="bbox 278 2604 1871 2682">
    <p class='ocr_par' dir='ltr' id='par_1_39' title="bbox 278 2604 1871 2682">
     <span class='ocr_line' id='line_1_39' title="bbox 278 2604 1871 2682; baseline 0 -16"><span class='ocrx_word' id='word_1_281' title='bbox 278 2611 460 2667; x_wconf 79' lang='lat' dir='ltr'><strong>Christi</strong></span> <span class='ocrx_word' id='word_1_282' title='bbox 487 2626 610 2668; x_wconf 83' lang='lat' dir='ltr'><strong>esse</strong></span> <span class='ocrx_word' id='word_1_283' title='bbox 665 2612 887 2667; x_wconf 90' lang='lat' dir='ltr'><strong>nomine</strong></span> <span class='ocrx_word' id='word_1_284' title='bbox 916 2610 1305 2678; x_wconf 81' lang='lat' dir='ltr'><strong>excludendos,</strong></span> <span class='ocrx_word' id='word_1_285' title='bbox 1355 2604 1445 2681; x_wconf 89' lang='lat' dir='ltr'><strong>qui</strong></span> <span class='ocrx_word' id='word_1_286' title='bbox 1477 2620 1766 2682; x_wconf 88' lang='lat' dir='ltr'><strong>utrumque</strong></span> <span class='ocrx_word' id='word_1_287' title='bbox 1797 2612 1871 2666; x_wconf 91' lang='lat' dir='ltr'><strong>si-</strong></span> 
     </span>
    </p>
   </div>
   <div class='ocr_carea' id='block_1_40' title="bbox 277 2703 1029 2774">
    <p class='ocr_par' dir='ltr' id='par_1_40' title="bbox 277 2703 1029 2774">
     <span class='ocr_line' id='line_1_40' title="bbox 277 2703 1029 2774; baseline 0.001 -16"><span class='ocrx_word' id='word_1_288' title='bbox 277 2718 430 2774; x_wconf 89' lang='lat' dir='ltr'><strong>gnum</strong></span> <span class='ocrx_word' id='word_1_289' title='bbox 459 2703 726 2760; x_wconf 88' lang='lat' dir='ltr'><strong>adhibere</strong></span> <span class='ocrx_word' id='word_1_290' title='bbox 754 2703 1029 2759; x_wconf 88' lang='lat' dir='ltr'><strong>debuerit.</strong></span> 
     </span>
    </p>
   </div>
   <div class='ocr_carea' id='block_1_41' title="bbox 340 2795 1870 2869">
    <p class='ocr_par' dir='ltr' id='par_1_41' title="bbox 340 2795 1870 2869">
     <span class='ocr_line' id='line_1_41' title="bbox 340 2795 1870 2869; baseline -0.001 -16"><span class='ocrx_word' id='word_1_291' title='bbox 340 2796 543 2869; x_wconf 70' lang='lat'><strong>§16.—</strong></span> <span class='ocrx_word' id='word_1_292' title='bbox 559 2796 672 2853; x_wconf 80' lang='lat' dir='ltr'><strong>Nec</strong></span> <span class='ocrx_word' id='word_1_293' title='bbox 683 2797 791 2853; x_wconf 86' lang='lat' dir='ltr'><strong>alio</strong></span> <span class='ocrx_word' id='word_1_294' title='bbox 808 2797 1152 2852; x_wconf 81' lang='lat' dir='ltr'><strong>referendum</strong></span> <span class='ocrx_word' id='word_1_295' title='bbox 1167 2795 1421 2852; x_wconf 85' lang='lat' dir='ltr'><strong>existimo</strong></span> <span class='ocrx_word' id='word_1_296' title='bbox 1437 2796 1603 2867; x_wconf 89' lang='lat' dir='ltr'><strong>quod,</strong></span> <span class='ocrx_word' id='word_1_297' title='bbox 1620 2797 1674 2852; x_wconf 90' lang='lat' dir='ltr'><strong>in</strong></span> <span class='ocrx_word' id='word_1_298' title='bbox 1691 2796 1870 2852; x_wconf 84' lang='lat' dir='ltr'><strong>Evan-</strong></span> 
     </span>
    </p>
   </div>
   <div class='ocr_carea' id='block_1_42' title="bbox 273 2889 1872 2961">
    <p class='ocr_par' dir='ltr' id='par_1_42' title="bbox 273 2889 1872 2961">
     <span class='ocr_line' id='line_1_42' title="bbox 273 2889 1872 2961; baseline -0.001 -16"><span class='ocrx_word' id='word_1_299' title='bbox 273 2889 426 2960; x_wconf 89' lang='lat' dir='ltr'><strong>gelio,</strong></span> <span class='ocrx_word' id='word_1_300' title='bbox 446 2889 662 2961; x_wconf 84' lang='lat' dir='ltr'><strong>signum</strong></span> <span class='ocrx_word' id='word_1_301' title='bbox 694 2889 826 2944; x_wconf 89' lang='lat' dir='ltr'><strong>illud</strong></span> <span class='ocrx_word' id='word_1_302' title='bbox 853 2889 923 2944; x_wconf 91' lang='lat' dir='ltr'><strong>de</strong></span> <span class='ocrx_word' id='word_1_303' title='bbox 953 2904 1093 2959; x_wconf 89' lang='lat' dir='ltr'><strong>aqua</strong></span> <span class='ocrx_word' id='word_1_304' title='bbox 1123 2899 1178 2944; x_wconf 90' lang='lat' dir='ltr'><strong>et</strong></span> <span class='ocrx_word' id='word_1_305' title='bbox 1199 2889 1460 2960; x_wconf 86' lang='lat' dir='ltr'><strong>sanguine</strong></span> <span class='ocrx_word' id='word_1_306' title='bbox 1481 2905 1519 2951; x_wconf 23' lang='lat' dir='ltr'><strong>,e</strong></span> <span class='ocrx_word' id='word_1_307' title='bbox 1548 2889 1735 2945; x_wconf 91' lang='lat' dir='ltr'><strong>lateris</strong></span> <span class='ocrx_word' id='word_1_308' title='bbox 1756 2891 1872 2944; x_wconf 82' lang='lat' dir='ltr'><strong>vul-</strong></span> 
     </span>
    </p>
   </div>
   <div class='ocr_carea' id='block_1_43' title="bbox 275 2981 1869 3051">
    <p class='ocr_par' dir='ltr' id='par_1_43' title="bbox 275 2981 1869 3051">
     <span class='ocr_line' id='line_1_43' title="bbox 275 2981 1869 3051; baseline 0.001 -17"><span class='ocrx_word' id='word_1_309' title='bbox 275 2996 397 3037; x_wconf 85' lang='lat' dir='ltr'><strong>nere</strong></span> <span class='ocrx_word' id='word_1_310' title='bbox 436 2982 491 3036; x_wconf 89' lang='lat' dir='ltr'><strong>in</strong></span> <span class='ocrx_word' id='word_1_311' title='bbox 530 2996 700 3037; x_wconf 88' lang='lat' dir='ltr'><strong>cruce</strong></span> <span class='ocrx_word' id='word_1_312' title='bbox 731 2981 1077 3037; x_wconf 85' lang='lat' dir='ltr'><strong>manantibus</strong></span> <span class='ocrx_word' id='word_1_313' title='bbox 1127 2989 1411 3051; x_wconf 89' lang='lat' dir='ltr'><strong>tantopere</strong></span> <span class='ocrx_word' id='word_1_314' title='bbox 1441 2981 1869 3036; x_wconf 88' lang='lat' dir='ltr'><strong>conﬁrmandum</strong></span> 
     </span>
    </p>
   </div>
   <div class='ocr_carea' id='block_1_44' title="bbox 273 3072 1871 3149">
    <p class='ocr_par' dir='ltr' id='par_1_44' title="bbox 273 3072 1871 3149">
     <span class='ocr_line' id='line_1_44' title="bbox 273 3072 1871 3149; baseline 0 -21"><span class='ocrx_word' id='word_1_315' title='bbox 273 3072 558 3128; x_wconf 88' lang='lat' dir='ltr'><strong>crediderit</strong></span> <span class='ocrx_word' id='word_1_316' title='bbox 591 3074 907 3143; x_wconf 80' lang='lat' dir='ltr'><strong>Apostolus,</strong></span> <span class='ocrx_word' id='word_1_317' title='bbox 941 3075 1098 3145; x_wconf 84' lang='lat' dir='ltr'><strong>quasi</strong></span> <span class='ocrx_word' id='word_1_318' title='bbox 1144 3073 1211 3149; x_wconf 81' lang='lat' dir='ltr'><strong>de</strong></span> <span class='ocrx_word' id='word_1_319' title='bbox 1257 3089 1324 3130; x_wconf 92' lang='lat' dir='ltr'><strong>eo</strong></span> <span class='ocrx_word' id='word_1_320' title='bbox 1371 3073 1562 3128; x_wconf 82' lang='lat' dir='ltr'><strong>fuisset</strong></span> <span class='ocrx_word' id='word_1_321' title='bbox 1603 3074 1871 3128; x_wconf 84' lang='lat' dir='ltr'><strong>maximo-</strong></span> 
     </span>
    </p>
   </div>
   <div class='ocr_carea' id='block_1_45' title="bbox 271 3164 1874 3236">
    <p class='ocr_par' dir='ltr' id='par_1_45' title="bbox 271 3164 1874 3236">
     <span class='ocr_line' id='line_1_45' title="bbox 271 3164 1874 3236; baseline 0 -16"><span class='ocrx_word' id='word_1_322' title='bbox 271 3179 394 3234; x_wconf 87' lang='lat' dir='ltr'><strong>pere</strong></span> <span class='ocrx_word' id='word_1_323' title='bbox 450 3164 776 3220; x_wconf 81' lang='lat' dir='ltr'><strong>dubitatum.</strong></span> <span class='ocrx_word' id='word_1_324' title='bbox 838 3164 906 3219; x_wconf 83' lang='lat' dir='ltr'><strong>Et</strong></span> <span class='ocrx_word' id='word_1_325' title='bbox 967 3167 1054 3236; x_wconf 86' lang='lat' dir='ltr'><strong>qui</strong></span> <span class='ocrx_word' id='word_1_326' title='bbox 1116 3165 1288 3230; x_wconf 78' lang='lat' dir='ltr'><strong>vidit,</strong></span> <span class='ocrx_word' id='word_1_327' title='bbox 1348 3165 1566 3235; x_wconf 89' lang='lat' dir='ltr'><strong>inquit,</strong></span> <span class='ocrx_word' id='word_1_328' title='bbox 1629 3166 1874 3222; x_wconf 87' lang='lat' dir='ltr'><strong>testimo-</strong></span> 
     </span>
    </p>
   </div>
   <div class='ocr_carea' id='block_1_46' title="bbox 1970 1953 3577 2026">
    <p class='ocr_par' dir='ltr' id='par_1_46' title="bbox 1970 1953 3577 2026">
     <span class='ocr_line' id='line_1_46' title="bbox 1970 1953 3577 2026; baseline 0.007 -20"><span class='ocrx_word' id='word_1_329' title='bbox 1970 1967 2124 2008; x_wconf 91' lang='lat' dir='ltr'><strong>usum</strong></span> <span class='ocrx_word' id='word_1_330' title='bbox 2140 1953 2513 2010; x_wconf 90' lang='lat' dir='ltr'><strong>intercessisse</strong></span> <span class='ocrx_word' id='word_1_331' title='bbox 2541 1969 2700 2009; x_wconf 87' lang='lat' dir='ltr'><strong>nemo</strong></span> <span class='ocrx_word' id='word_1_332' title='bbox 2713 1965 2795 2010; x_wconf 91' lang='lat' dir='ltr'><strong>est</strong></span> <span class='ocrx_word' id='word_1_333' title='bbox 2817 1956 2943 2026; x_wconf 91' lang='lat' dir='ltr'><strong>quin</strong></span> <span class='ocrx_word' id='word_1_334' title='bbox 2967 1955 3577 2018; x_wconf 80' lang='lat' dir='ltr'><strong>facile;concedat.Nota</strong></span> 
     </span>
    </p>
   </div>
   <div class='ocr_carea' id='block_1_47' title="bbox 1970 2045 3576 2116">
    <p class='ocr_par' dir='ltr' id='par_1_47' title="bbox 1970 2045 3576 2116">
     <span class='ocr_line' id='line_1_47' title="bbox 1970 2045 3576 2116; baseline 0.007 -16"><span class='ocrx_word' id='word_1_335' title='bbox 1970 2055 2053 2100; x_wconf 88' lang='lat' dir='ltr'><strong>est</strong></span> <span class='ocrx_word' id='word_1_336' title='bbox 2083 2045 2224 2116; x_wconf 88' lang='lat' dir='ltr'><strong>apud</strong></span> <span class='ocrx_word' id='word_1_337' title='bbox 2263 2045 2480 2102; x_wconf 87' lang='lat' dir='ltr'><strong>Judaeos</strong></span> <span class='ocrx_word' id='word_1_338' title='bbox 2518 2049 2680 2102; x_wconf 85' lang='lat' dir='ltr'><strong>etiam</strong></span> <span class='ocrx_word' id='word_1_339' title='bbox 2737 2049 3086 2105; x_wconf 90' lang='lat' dir='ltr'><strong>rabbinorum</strong></span> <span class='ocrx_word' id='word_1_340' title='bbox 3137 2052 3234 2106; x_wconf 84' lang='lat' dir='ltr'><strong>illa</strong></span> <span class='ocrx_word' id='word_1_341' title='bbox 3265 2053 3576 2113; x_wconf 84' lang='lat' dir='ltr'><strong>observatio</strong></span> 
     </span>
    </p>
   </div>
   <div class='ocr_carea' id='block_1_48' title="bbox 1971 2136 3576 2216">
    <p class='ocr_par' dir='ltr' id='par_1_48' title="bbox 1971 2136 3576 2216">
     <span class='ocr_line' id='line_1_48' title="bbox 1971 2136 3576 2216; baseline 0.007 -26"><span class='ocrx_word' id='word_1_342' title='bbox 1971 2152 2077 2206; x_wconf 90' lang='lat' dir='ltr'><strong>qua</strong></span> <span class='ocrx_word' id='word_1_343' title='bbox 2137 2137 2238 2191; x_wconf 89' lang='lat' dir='ltr'><strong>tria</strong></span> <span class='ocrx_word' id='word_1_344' title='bbox 2284 2136 2470 2192; x_wconf 89' lang='lat' dir='ltr'><strong>dicunt</strong></span> <span class='ocrx_word' id='word_1_345' title='bbox 2525 2139 2579 2194; x_wconf 91' lang='lat' dir='ltr'><strong>in</strong></span> <span class='ocrx_word' id='word_1_346' title='bbox 2617 2139 3004 2212; x_wconf 89' lang='lat' dir='ltr'><strong>proselytismo</strong></span> <span class='ocrx_word' id='word_1_347' title='bbox 3057 2158 3178 2200; x_wconf 89' lang='lat' dir='ltr'><strong>esse</strong></span> <span class='ocrx_word' id='word_1_348' title='bbox 3207 2145 3576 2216; x_wconf 90' lang='lat' dir='ltr'><strong>observanda,</strong></span> 
     </span>
    </p>
   </div>
   <div class='ocr_carea' id='block_1_49' title="bbox 1972 2229 3582 2307">
    <p class='ocr_par' dir='ltr' id='par_1_49' title="bbox 1972 2229 3582 2307">
     <span class='ocr_line' id='line_1_49' title="bbox 1972 2229 3582 2307; baseline 0.008 -24"><span class='ocrx_word' id='word_1_349' title='bbox 1972 2229 2477 2297; x_wconf 88' lang='lat' dir='ltr'><strong>circumcisionem,</strong></span> <span class='ocrx_word' id='word_1_350' title='bbox 2555 2233 2879 2288; x_wconf 89' lang='lat' dir='ltr'><strong>sacriﬁcium</strong></span> <span class='ocrx_word' id='word_1_351' title='bbox 2928 2244 3090 2306; x_wconf 90' lang='lat' dir='ltr'><strong>atque</strong></span> <span class='ocrx_word' id='word_1_352' title='bbox 3137 2237 3486 2307; x_wconf 88' lang='lat' dir='ltr'><strong>baptismum.</strong></span> <span class='ocrx_word' id='word_1_353' title='bbox 3514 2242 3582 2296; x_wconf 86' lang='lat' dir='ltr'><strong>Et</strong></span> 
     </span>
    </p>
   </div>
   <div class='ocr_carea' id='block_1_50' title="bbox 1975 2324 3578 2396">
    <p class='ocr_par' dir='ltr' id='par_1_50' title="bbox 1975 2324 3578 2396">
     <span class='ocr_line' id='line_1_50' title="bbox 1975 2324 3578 2396; baseline 0.011 -22"><span class='ocrx_word' id='word_1_354' title='bbox 1975 2338 2104 2378; x_wconf 90' lang='lat' dir='ltr'><strong>vero</strong></span> <span class='ocrx_word' id='word_1_355' title='bbox 2133 2324 2382 2379; x_wconf 89' lang='lat' dir='ltr'><strong>sacriﬁcii</strong></span> <span class='ocrx_word' id='word_1_356' title='bbox 2413 2325 2588 2380; x_wconf 87' lang='lat' dir='ltr'><strong>vicem</strong></span> <span class='ocrx_word' id='word_1_357' title='bbox 2618 2328 2963 2396; x_wconf 89' lang='lat' dir='ltr'><strong>sustinuisse,</strong></span> <span class='ocrx_word' id='word_1_358' title='bbox 2996 2345 3062 2384; x_wconf 83' lang='lat' dir='ltr'><strong>cx</strong></span> <span class='ocrx_word' id='word_1_359' title='bbox 3085 2339 3328 2386; x_wconf 88' lang='lat' dir='ltr'><strong>veterum</strong></span> <span class='ocrx_word' id='word_1_360' title='bbox 3357 2342 3578 2390; x_wconf 83' lang='lat' dir='ltr'><strong>senten-</strong></span> 
     </span>
    </p>
   </div>
   <div class='ocr_carea' id='block_1_51' title="bbox 1977 2416 3584 2495">
    <p class='ocr_par' dir='ltr' id='par_1_51' title="bbox 1977 2416 3584 2495">
     <span class='ocr_line' id='line_1_51' title="bbox 1977 2416 3584 2495; baseline 0.009 -26"><span class='ocrx_word' id='word_1_361' title='bbox 1977 2416 2069 2476; x_wconf 89' lang='lat' dir='ltr'><strong>tia.</strong></span> <span class='ocrx_word' id='word_1_362' title='bbox 2101 2418 2420 2489; x_wconf 87' lang='lat' dir='ltr'><strong>martyrium</strong></span> <span class='ocrx_word' id='word_1_363' title='bbox 2447 2420 2558 2489; x_wconf 89' lang='lat' dir='ltr'><strong>jam</strong></span> <span class='ocrx_word' id='word_1_364' title='bbox 2589 2420 2957 2490; x_wconf 88' lang='lat' dir='ltr'><strong>probavimus.</strong></span> <span class='ocrx_word' id='word_1_365' title='bbox 2988 2423 3161 2479; x_wconf 90' lang='lat' dir='ltr'><strong>Porro</strong></span> <span class='ocrx_word' id='word_1_366' title='bbox 3197 2435 3396 2495; x_wconf 72' lang='lat' dir='ltr'><strong>prwter</strong></span> <span class='ocrx_word' id='word_1_367' title='bbox 3415 2429 3584 2483; x_wconf 88' lang='lat' dir='ltr'><strong>sacri-</strong></span> 
     </span>
    </p>
   </div>
   <div class='ocr_carea' id='block_1_52' title="bbox 1977 2510 3582 2585">
    <p class='ocr_par' dir='ltr' id='par_1_52' title="bbox 1977 2510 3582 2585">
     <span class='ocr_line' id='line_1_52' title="bbox 1977 2510 3582 2585; baseline 0.007 -23"><span class='ocrx_word' id='word_1_368' title='bbox 1977 2510 2220 2565; x_wconf 81' lang='lat' dir='ltr'><strong>ficiorum</strong></span> <span class='ocrx_word' id='word_1_369' title='bbox 2238 2513 2580 2582; x_wconf 87' lang='lat' dir='ltr'><strong>sanguinem,</strong></span> <span class='ocrx_word' id='word_1_370' title='bbox 2597 2528 2666 2569; x_wconf 92' lang='lat' dir='ltr'><strong>ne</strong></span> <span class='ocrx_word' id='word_1_371' title='bbox 2688 2514 2739 2568; x_wconf 88' lang='lat' dir='ltr'><strong>id</strong></span> <span class='ocrx_word' id='word_1_372' title='bbox 2753 2515 2970 2585; x_wconf 90' lang='lat' dir='ltr'><strong>quidem</strong></span> <span class='ocrx_word' id='word_1_373' title='bbox 2986 2526 3102 2572; x_wconf 89' lang='lat' dir='ltr'><strong>erat</strong></span> <span class='ocrx_word' id='word_1_374' title='bbox 3123 2533 3151 2570; x_wconf 91' lang='lat' dir='ltr'><strong>a</strong></span> <span class='ocrx_word' id='word_1_375' title='bbox 3179 2521 3452 2574; x_wconf 89' lang='lat' dir='ltr'><strong>communi</strong></span> <span class='ocrx_word' id='word_1_376' title='bbox 3479 2521 3582 2576; x_wconf 89' lang='lat' dir='ltr'><strong>ini-</strong></span> 
     </span>
    </p>
   </div>
   <div class='ocr_carea' id='block_1_53' title="bbox 1978 2603 3580 2680">
    <p class='ocr_par' dir='ltr' id='par_1_53' title="bbox 1978 2603 3580 2680">
     <span class='ocr_line' id='line_1_53' title="bbox 1978 2603 3580 2680; baseline 0.007 -24"><span class='ocrx_word' id='word_1_377' title='bbox 1978 2603 2256 2657; x_wconf 88' lang='lat' dir='ltr'><strong>tiatiouum</strong></span> <span class='ocrx_word' id='word_1_378' title='bbox 2285 2620 2386 2659; x_wconf 90' lang='lat' dir='ltr'><strong>usu</strong></span> <span class='ocrx_word' id='word_1_379' title='bbox 2412 2605 2645 2661; x_wconf 85' lang='lat' dir='ltr'><strong>alienum</strong></span> <span class='ocrx_word' id='word_1_380' title='bbox 2671 2616 2728 2661; x_wconf 92' lang='lat' dir='ltr'><strong>ut</strong></span> <span class='ocrx_word' id='word_1_381' title='bbox 2747 2622 2904 2662; x_wconf 87' lang='lat' dir='ltr'><strong>suum</strong></span> <span class='ocrx_word' id='word_1_382' title='bbox 2933 2624 3148 2679; x_wconf 90' lang='lat' dir='ltr'><strong>quoque</strong></span> <span class='ocrx_word' id='word_1_383' title='bbox 3171 2611 3488 2680; x_wconf 90' lang='lat' dir='ltr'><strong>sanguinem</strong></span> <span class='ocrx_word' id='word_1_384' title='bbox 3511 2613 3580 2668; x_wconf 90' lang='lat' dir='ltr'><strong>ad</strong></span> 
     </span>
    </p>
   </div>
   <div class='ocr_carea' id='block_1_54' title="bbox 1977 2698 3581 2768">
    <p class='ocr_par' dir='ltr' id='par_1_54' title="bbox 1977 2698 3581 2768">
     <span class='ocr_line' id='line_1_54' title="bbox 1977 2698 3581 2768; baseline 0.007 -18"><span class='ocrx_word' id='word_1_385' title='bbox 1977 2698 2057 2751; x_wconf 90' lang='lat' dir='ltr'><strong>sui</strong></span> <span class='ocrx_word' id='word_1_386' title='bbox 2088 2698 2452 2768; x_wconf 78' lang='lat' dir='ltr'><strong>expiationem</strong></span> <span class='ocrx_word' id='word_1_387' title='bbox 2483 2700 2824 2757; x_wconf 86' lang='lat' dir='ltr'><strong>adhiberent.</strong></span> <span class='ocrx_word' id='word_1_388' title='bbox 2870 2700 3088 2758; x_wconf 89' lang='lat' dir='ltr'><strong>Clarum</strong></span> <span class='ocrx_word' id='word_1_389' title='bbox 3120 2704 3251 2760; x_wconf 91' lang='lat' dir='ltr'><strong>illud</strong></span> <span class='ocrx_word' id='word_1_390' title='bbox 3292 2716 3376 2761; x_wconf 90' lang='lat' dir='ltr'><strong>est</strong></span> <span class='ocrx_word' id='word_1_391' title='bbox 3402 2708 3455 2761; x_wconf 89' lang='lat' dir='ltr'><strong>in</strong></span> <span class='ocrx_word' id='word_1_392' title='bbox 3476 2707 3581 2762; x_wconf 87' lang='lat' dir='ltr'><strong>cir-</strong></span> 
     </span>
    </p>
   </div>
   <div class='ocr_carea' id='block_1_55' title="bbox 1978 2791 3581 2867">
    <p class='ocr_par' dir='ltr' id='par_1_55' title="bbox 1978 2791 3581 2867">
     <span class='ocr_line' id='line_1_55' title="bbox 1978 2791 3581 2867; baseline 0.007 -23"><span class='ocrx_word' id='word_1_393' title='bbox 1978 2791 2311 2846; x_wconf 89' lang='lat' dir='ltr'><strong>cumcisione</strong></span> <span class='ocrx_word' id='word_1_394' title='bbox 2350 2792 2493 2862; x_wconf 88' lang='lat' dir='ltr'><strong>apud</strong></span> <span class='ocrx_word' id='word_1_395' title='bbox 2527 2793 2746 2849; x_wconf 75' lang='lat' dir='ltr'><strong>Judzeos</strong></span> <span class='ocrx_word' id='word_1_396' title='bbox 2793 2796 3126 2867; x_wconf 83' lang='lat' dir='ltr'><strong>exemplum.</strong></span> <span class='ocrx_word' id='word_1_397' title='bbox 3163 2797 3269 2854; x_wconf 90' lang='lat' dir='ltr'><strong>Sed</strong></span> <span class='ocrx_word' id='word_1_398' title='bbox 3298 2809 3353 2854; x_wconf 92' lang='lat' dir='ltr'><strong>et</strong></span> <span class='ocrx_word' id='word_1_399' title='bbox 3383 2799 3434 2853; x_wconf 92' lang='lat' dir='ltr'><strong>in</strong></span> <span class='ocrx_word' id='word_1_400' title='bbox 3463 2799 3581 2855; x_wconf 88' lang='lat' dir='ltr'><strong>Bel-</strong></span> 
     </span>
    </p>
   </div>
   <div class='ocr_carea' id='block_1_56' title="bbox 1977 2883 3578 2958">
    <p class='ocr_par' dir='ltr' id='par_1_56' title="bbox 1977 2883 3578 2958">
     <span class='ocr_line' id='line_1_56' title="bbox 1977 2883 3578 2958; baseline 0.006 -20"><span class='ocrx_word' id='word_1_401' title='bbox 1977 2883 2116 2939; x_wconf 84' lang='lat' dir='ltr'><strong>lonae</strong></span> <span class='ocrx_word' id='word_1_402' title='bbox 2167 2885 2339 2941; x_wconf 90' lang='lat' dir='ltr'><strong>initiis</strong></span> <span class='ocrx_word' id='word_1_403' title='bbox 2385 2889 2702 2958; x_wconf 89' lang='lat' dir='ltr'><strong>sanguinem</strong></span> <span class='ocrx_word' id='word_1_404' title='bbox 2749 2890 3010 2946; x_wconf 87' lang='lat' dir='ltr'><strong>emissum</strong></span> <span class='ocrx_word' id='word_1_405' title='bbox 3051 2906 3171 2947; x_wconf 88' lang='lat' dir='ltr'><strong>esse</strong></span> <span class='ocrx_word' id='word_1_406' title='bbox 3214 2892 3476 2948; x_wconf 88' lang='lat' dir='ltr'><strong>discimus</strong></span> <span class='ocrx_word' id='word_1_407' title='bbox 3513 2909 3578 2948; x_wconf 83' lang='lat' dir='ltr'><strong>ex</strong></span> 
     </span>
    </p>
   </div>
   <div class='ocr_carea' id='block_1_57' title="bbox 1977 2975 3580 3055">
    <p class='ocr_par' dir='ltr' id='par_1_57' title="bbox 1977 2975 3580 3055">
     <span class='ocr_line' id='line_1_57' title="bbox 1977 2975 3580 3055; baseline 0.007 -26"><span class='ocrx_word' id='word_1_408' title='bbox 1977 2975 2312 3031; x_wconf 88' lang='lat' dir='ltr'><strong>Tertulliano</strong></span> <span class='ocrx_word' id='word_1_409' title='bbox 2361 2979 2678 3051; x_wconf 58' lang='lat' dir='ltr'><strong>(Apologeh,</strong></span> <span class='ocrx_word' id='word_1_410' title='bbox 2725 2995 2775 3036; x_wconf 90' lang='lat' dir='ltr'><strong>c.</strong></span> <span class='ocrx_word' id='word_1_411' title='bbox 2809 2978 2890 3054; x_wconf 55' lang='lat'><strong>8)”</strong></span> <span class='ocrx_word' id='word_1_412' title='bbox 2927 2999 2939 3036; x_wconf 89' lang='lat'>:</span> <span class='ocrx_word' id='word_1_413' title='bbox 2985 2981 3179 3050; x_wconf 80' lang='lat' dir='ltr'><strong>Hodie,</strong></span> <span class='ocrx_word' id='word_1_414' title='bbox 3233 2984 3426 3055; x_wconf 90' lang='lat' dir='ltr'><strong>inquit,</strong></span> <span class='ocrx_word' id='word_1_415' title='bbox 3458 2985 3580 3042; x_wconf 89' lang='lat' dir='ltr'><strong>istic</strong></span> 
     </span>
    </p>
   </div>
   <div class='ocr_carea' id='block_1_58' title="bbox 1977 3069 3577 3148">
    <p class='ocr_par' dir='ltr' id='par_1_58' title="bbox 1977 3069 3577 3148">
     <span class='ocr_line' id='line_1_58' title="bbox 1977 3069 3577 3148; baseline 0.008 -24"><span class='ocrx_word' id='word_1_416' title='bbox 1977 3069 2215 3125; x_wconf 77' lang='lat' dir='ltr'><strong>Bellona:</strong></span> <span class='ocrx_word' id='word_1_417' title='bbox 2263 3082 2508 3128; x_wconf 90' lang='lat' dir='ltr'><strong>sacratus</strong></span> <span class='ocrx_word' id='word_1_418' title='bbox 2561 3075 2780 3145; x_wconf 83' lang='lat' dir='ltr'><strong>sanguis</strong></span> <span class='ocrx_word' id='word_1_419' title='bbox 2835 3075 2903 3130; x_wconf 90' lang='lat' dir='ltr'><strong>de</strong></span> <span class='ocrx_word' id='word_1_420' title='bbox 2951 3076 3155 3132; x_wconf 90' lang='lat' dir='ltr'><strong>femore</strong></span> <span class='ocrx_word' id='word_1_421' title='bbox 3207 3079 3479 3148; x_wconf 91' lang='lat' dir='ltr'><strong>proscisso</strong></span> <span class='ocrx_word' id='word_1_422' title='bbox 3523 3083 3577 3136; x_wconf 91' lang='lat' dir='ltr'><strong>in</strong></span> 
     </span>
    </p>
   </div>
   <div class='ocr_carea' id='block_1_59' title="bbox 1978 3164 3578 3242">
    <p class='ocr_par' dir='ltr' id='par_1_59' title="bbox 1978 3164 3578 3242">
     <span class='ocr_line' id='line_1_59' title="bbox 1978 3164 3578 3242; baseline 0.009 -26"><span class='ocrx_word' id='word_1_423' title='bbox 1978 3164 2270 3232; x_wconf 90' lang='lat' dir='ltr'><strong>palmulam</strong></span> <span class='ocrx_word' id='word_1_424' title='bbox 2302 3175 2563 3235; x_wconf 88' lang='lat' dir='ltr'><strong>exceptus</strong></span> <span class='ocrx_word' id='word_1_425' title='bbox 2593 3167 2702 3222; x_wconf 88' lang='lat' dir='ltr'><strong>suis</strong></span> <span class='ocrx_word' id='word_1_426' title='bbox 2733 3167 2890 3222; x_wconf 88' lang='lat' dir='ltr'><strong>datur</strong></span> <span class='ocrx_word' id='word_1_427' title='bbox 2941 3171 3184 3239; x_wconf 84' lang='lat' dir='ltr'><strong>signatis.</strong></span> <span class='ocrx_word' id='word_1_428' title='bbox 3219 3170 3473 3242; x_wconf 77' lang='lat' dir='ltr'><strong>Ejusdem</strong></span> <span class='ocrx_word' id='word_1_429' title='bbox 3507 3175 3578 3229; x_wconf 90' lang='lat' dir='ltr'><strong>ri-</strong></span> 
     </span>
    </p>
   </div>
   <div class='ocr_carea' id='block_1_60' title="bbox 272 3257 3578 3338">
    <p class='ocr_par' dir='ltr' id='par_1_60' title="bbox 272 3257 3578 3338">
     <span class='ocr_line' id='line_1_60' title="bbox 272 3257 3578 3338; baseline 0.004 -29"><span class='ocrx_word' id='word_1_430' title='bbox 272 3257 410 3310; x_wconf 87' lang='lat' dir='ltr'><strong>nium</strong></span> <span class='ocrx_word' id='word_1_431' title='bbox 450 3257 748 3327; x_wconf 86' lang='lat' dir='ltr'><strong>perhibuit,</strong></span> <span class='ocrx_word' id='word_1_432' title='bbox 780 3265 834 3312; x_wconf 91' lang='lat' dir='ltr'><strong>et</strong></span> <span class='ocrx_word' id='word_1_433' title='bbox 859 3273 1043 3312; x_wconf 87' lang='lat' dir='ltr'><strong>verum</strong></span> <span class='ocrx_word' id='word_1_434' title='bbox 1099 3267 1182 3312; x_wconf 90' lang='lat' dir='ltr'><strong>est</strong></span> <span class='ocrx_word' id='word_1_435' title='bbox 1236 3258 1580 3338; x_wconf 71' lang='lat' dir='ltr'><strong>testimonium</strong></span> <span class='ocrx_word' id='word_1_436' title='bbox 1637 3260 1766 3329; x_wconf 74' lang='lat' dir='ltr'><strong>ejus.</strong></span> <span class='ocrx_word' id='word_1_437' title='bbox 1808 3259 1870 3312; x_wconf 81' lang='lat' dir='ltr'><strong>Et</strong></span> <span class='ocrx_word' id='word_1_438' title='bbox 1898 3263 1943 3324; x_wconf 72' lang='grc' dir='ltr'>ε</span> <span class='ocrx_word' id='word_1_439' title='bbox 1979 3265 2066 3311; x_wconf 91' lang='lat' dir='ltr'><strong>tus</strong></span> <span class='ocrx_word' id='word_1_440' title='bbox 2120 3258 2486 3314; x_wconf 89' lang='lat' dir='ltr'><strong>meminerunt</strong></span> <span class='ocrx_word' id='word_1_441' title='bbox 2523 3271 2577 3315; x_wconf 90' lang='lat' dir='ltr'><strong>et</strong></span> <span class='ocrx_word' id='word_1_442' title='bbox 2625 3259 2736 3316; x_wconf 89' lang='lat' dir='ltr'><strong>alii.</strong></span> <span class='ocrx_word' id='word_1_443' title='bbox 2771 3259 2904 3318; x_wconf 88' lang='lat' dir='ltr'><strong>Cum</strong></span> <span class='ocrx_word' id='word_1_444' title='bbox 2953 3271 3130 3326; x_wconf 85' lang='lat' dir='ltr'><strong>tamen</strong></span> <span class='ocrx_word' id='word_1_445' title='bbox 3175 3267 3248 3318; x_wconf 89' lang='lat' dir='ltr'><strong>ita</strong></span> <span class='ocrx_word' id='word_1_446' title='bbox 3294 3266 3494 3320; x_wconf 82' lang='lat' dir='ltr'><strong>scribat</strong></span> <span class='ocrx_word' id='word_1_447' title='bbox 3527 3268 3578 3322; x_wconf 88' lang='lat' dir='ltr'><strong>in</strong></span> 
     </span>
    </p>
   </div>
   <div class='ocr_carea' id='block_1_61' title="bbox 270 3350 1867 3424">
    <p class='ocr_par' dir='ltr' id='par_1_61' title="bbox 270 3350 1867 3424">
     <span class='ocr_line' id='line_1_61' title="bbox 270 3350 1867 3424; baseline 0.004 -22"><span class='ocrx_word' id='word_1_448' title='bbox 270 3350 351 3403; x_wconf 75' lang='lat' dir='ltr'><strong>ille</strong></span> <span class='ocrx_word' id='word_1_449' title='bbox 375 3352 468 3404; x_wconf 76' lang='lat' dir='ltr'><strong>scit</strong></span> <span class='ocrx_word' id='word_1_450' title='bbox 510 3352 635 3422; x_wconf 81' lang='lat' dir='ltr'><strong>quia</strong></span> <span class='ocrx_word' id='word_1_451' title='bbox 665 3367 782 3405; x_wconf 82' lang='lat' dir='ltr'><strong>vera</strong></span> <span class='ocrx_word' id='word_1_452' title='bbox 828 3351 985 3416; x_wconf 76' lang='lat' dir='ltr'><strong>dicit,</strong></span> <span class='ocrx_word' id='word_1_453' title='bbox 1012 3362 1066 3404; x_wconf 84' lang='lat' dir='ltr'><strong>ut</strong></span> <span class='ocrx_word' id='word_1_454' title='bbox 1113 3363 1160 3407; x_wconf 84' lang='lat' dir='ltr'><strong>et</strong></span> <span class='ocrx_word' id='word_1_455' title='bbox 1206 3368 1293 3406; x_wconf 76' lang='lat' dir='ltr'><strong>vos</strong></span> <span class='ocrx_word' id='word_1_456' title='bbox 1333 3352 1867 3424; x_wconf 77' lang='lat' dir='ltr'><strong>credatis(S.Joan.,</strong></span> 
     </span>
    </p>
   </div>
   <div class='ocr_carea' id='block_1_62' title="bbox 271 3440 1868 3515">
    <p class='ocr_par' dir='ltr' id='par_1_62' title="bbox 271 3440 1868 3515">
     <span class='ocr_line' id='line_1_62' title="bbox 271 3440 1868 3515; baseline 0.004 -21"><span class='ocrx_word' id='word_1_457' title='bbox 271 3456 386 3508; x_wconf 90' lang='lat' dir='ltr'><strong>xtx,</strong></span> <span class='ocrx_word' id='word_1_458' title='bbox 414 3440 532 3515; x_wconf 80' lang='grc'><strong>55).</strong></span> <span class='ocrx_word' id='word_1_459' title='bbox 561 3441 622 3497; x_wconf 76' lang='lat' dir='ltr'><strong>Ni</strong></span> <span class='ocrx_word' id='word_1_460' title='bbox 665 3443 899 3512; x_wconf 74' lang='lat' dir='ltr'><strong>quaestio</strong></span> <span class='ocrx_word' id='word_1_461' title='bbox 927 3441 1120 3498; x_wconf 89' lang='lat' dir='ltr'><strong>fuisset</strong></span> <span class='ocrx_word' id='word_1_462' title='bbox 1145 3445 1286 3498; x_wconf 92' lang='lat' dir='ltr'><strong>inter</strong></span> <span class='ocrx_word' id='word_1_463' title='bbox 1305 3443 1532 3498; x_wconf 69' lang='lat' dir='ltr'><strong>aemulos</strong></span> <span class='ocrx_word' id='word_1_464' title='bbox 1548 3443 1764 3510; x_wconf 86' lang='lat' dir='ltr'><strong>Christi,</strong></span> <span class='ocrx_word' id='word_1_465' title='bbox 1784 3461 1868 3512; x_wconf 89' lang='lat' dir='ltr'><strong>ea,</strong></span> 
     </span>
    </p>
   </div>
   <div class='ocr_carea' id='block_1_63' title="bbox 270 3534 1872 3618">
    <p class='ocr_par' dir='ltr' id='par_1_63' title="bbox 270 3534 1872 3618">
     <span class='ocr_line' id='line_1_63' title="bbox 270 3534 1872 3618; baseline 0.003 -30"><span class='ocrx_word' id='word_1_466' title='bbox 270 3551 365 3604; x_wconf 89' lang='lat' dir='ltr'><strong>qua</strong></span> <span class='ocrx_word' id='word_1_467' title='bbox 395 3535 552 3601; x_wconf 86' lang='lat' dir='ltr'><strong>dixi,</strong></span> <span class='ocrx_word' id='word_1_468' title='bbox 586 3536 1004 3591; x_wconf 82' lang='lat' dir='ltr'><strong>ratiocinatione</strong></span> <span class='ocrx_word' id='word_1_469' title='bbox 1055 3534 1395 3590; x_wconf 88' lang='lat' dir='ltr'><strong>terminanda</strong></span> <span class='ocrx_word' id='word_1_470' title='bbox 1418 3577 1432 3602; x_wconf 88' lang='lat'><strong>,</strong></span> <span class='ocrx_word' id='word_1_471' title='bbox 1485 3535 1602 3618; x_wconf 39' lang='lat' dir='ltr'><strong>alia.</strong></span> <span class='ocrx_word' id='word_1_472' title='bbox 1632 3537 1872 3605; x_wconf 88' lang='lat' dir='ltr'><strong>profecto</strong></span> 
     </span>
    </p>
   </div>
   <div class='ocr_carea' id='block_1_64' title="bbox 270 3628 1867 3701">
    <p class='ocr_par' dir='ltr' id='par_1_64' title="bbox 270 3628 1867 3701">
     <span class='ocr_line' id='line_1_64' title="bbox 270 3628 1867 3701; baseline 0.004 -18"><span class='ocrx_word' id='word_1_473' title='bbox 270 3628 475 3684; x_wconf 89' lang='lat' dir='ltr'><strong>Domini</strong></span> <span class='ocrx_word' id='word_1_474' title='bbox 507 3631 768 3685; x_wconf 88' lang='lat' dir='ltr'><strong>miracula</strong></span> <span class='ocrx_word' id='word_1_475' title='bbox 787 3630 1004 3686; x_wconf 87' lang='lat' dir='ltr'><strong>abunde</strong></span> <span class='ocrx_word' id='word_1_476' title='bbox 1025 3631 1144 3701; x_wconf 87' lang='lat' dir='ltr'><strong>ejus</strong></span> <span class='ocrx_word' id='word_1_477' title='bbox 1163 3645 1192 3685; x_wconf 84' lang='lat' dir='ltr'><strong>a</strong></span> <span class='ocrx_word' id='word_1_478' title='bbox 1224 3640 1372 3700; x_wconf 88' lang='lat' dir='ltr'><strong>patre</strong></span> <span class='ocrx_word' id='word_1_479' title='bbox 1398 3631 1710 3686; x_wconf 78' lang='lat' dir='ltr'><strong>missionem</strong></span> <span class='ocrx_word' id='word_1_480' title='bbox 1733 3648 1867 3689; x_wconf 87' lang='lat' dir='ltr'><strong>con-</strong></span> 
     </span>
    </p>
   </div>
   <div class='ocr_carea' id='block_1_65' title="bbox 272 3722 1872 3782">
    <p class='ocr_par' dir='ltr' id='par_1_65' title="bbox 272 3722 1872 3782">
     <span class='ocr_line' id='line_1_65' title="bbox 272 3722 1872 3782; baseline 0.004 -7"><span class='ocrx_word' id='word_1_481' title='bbox 272 3722 603 3779; x_wconf 85' lang='lat' dir='ltr'><strong>ﬁrmassent.</strong></span> <span class='ocrx_word' id='word_1_482' title='bbox 638 3724 841 3779; x_wconf 83' lang='lat' dir='ltr'><strong>Eorum</strong></span> <span class='ocrx_word' id='word_1_483' title='bbox 873 3732 1054 3779; x_wconf 88' lang='lat' dir='ltr'><strong>tamen</strong></span> <span class='ocrx_word' id='word_1_484' title='bbox 1093 3722 1476 3778; x_wconf 84' lang='lat' dir='ltr'><strong>miraculorum</strong></span> <span class='ocrx_word' id='word_1_485' title='bbox 1500 3731 1666 3779; x_wconf 87' lang='lat' dir='ltr'><strong>testes</strong></span> <span class='ocrx_word' id='word_1_486' title='bbox 1693 3725 1872 3782; x_wconf 87' lang='lat' dir='ltr'><strong>nullos</strong></span> 
     </span>
    </p>
   </div>
   <div class='ocr_carea' id='block_1_66' title="bbox 271 3815 1871 3886">
    <p class='ocr_par' dir='ltr' id='par_1_66' title="bbox 271 3815 1871 3886">
     <span class='ocr_line' id='line_1_66' title="bbox 271 3815 1871 3886; baseline 0.004 -18"><span class='ocrx_word' id='word_1_487' title='bbox 271 3817 508 3883; x_wconf 89' lang='lat' dir='ltr'><strong>protulit,</strong></span> <span class='ocrx_word' id='word_1_488' title='bbox 543 3815 743 3871; x_wconf 89' lang='lat' dir='ltr'><strong>nedum</strong></span> <span class='ocrx_word' id='word_1_489' title='bbox 782 3825 933 3872; x_wconf 85' lang='lat' dir='ltr'><strong>tanta</strong></span> <span class='ocrx_word' id='word_1_490' title='bbox 990 3815 1100 3881; x_wconf 90' lang='lat' dir='ltr'><strong>illa,</strong></span> <span class='ocrx_word' id='word_1_491' title='bbox 1135 3831 1259 3886; x_wconf 85' lang='lat' dir='ltr'><strong>qua.</strong></span> <span class='ocrx_word' id='word_1_492' title='bbox 1281 3815 1369 3870; x_wconf 90' lang='lat' dir='ltr'><strong>hic</strong></span> <span class='ocrx_word' id='word_1_493' title='bbox 1426 3830 1554 3870; x_wconf 90' lang='lat' dir='ltr'><strong>usus</strong></span> <span class='ocrx_word' id='word_1_494' title='bbox 1583 3828 1686 3883; x_wconf 90' lang='lat' dir='ltr'><strong>est,</strong></span> <span class='ocrx_word' id='word_1_495' title='bbox 1719 3833 1871 3874; x_wconf 88' lang='lat' dir='ltr'><strong>asse-</strong></span> 
     </span>
    </p>
   </div>
   <div class='ocr_carea' id='block_1_67' title="bbox 269 3907 1870 3982">
    <p class='ocr_par' dir='ltr' id='par_1_67' title="bbox 269 3907 1870 3982">
     <span class='ocr_line' id='line_1_67' title="bbox 269 3907 1870 3982; baseline 0.004 -20"><span class='ocrx_word' id='word_1_496' title='bbox 269 3909 570 3964; x_wconf 81' lang='lat' dir='ltr'><strong>veratione.</strong></span> <span class='ocrx_word' id='word_1_497' title='bbox 605 3908 743 3974; x_wconf 84' lang='lat' dir='ltr'><strong>Quid</strong></span> <span class='ocrx_word' id='word_1_498' title='bbox 782 3907 928 3979; x_wconf 89' lang='lat' dir='ltr'><strong>quod</strong></span> <span class='ocrx_word' id='word_1_499' title='bbox 955 3910 1119 3965; x_wconf 81' lang='lat' dir='ltr'><strong>verba</strong></span> <span class='ocrx_word' id='word_1_500' title='bbox 1153 3910 1262 3976; x_wconf 88' lang='lat' dir='ltr'><strong>illa,</strong></span> <span class='ocrx_word' id='word_1_501' title='bbox 1296 3919 1353 3964; x_wconf 93' lang='lat' dir='ltr'><strong>ut</strong></span> <span class='ocrx_word' id='word_1_502' title='bbox 1379 3919 1565 3978; x_wconf 87' lang='lat' dir='ltr'><strong>ctvos,</strong></span> <span class='ocrx_word' id='word_1_503' title='bbox 1589 3912 1870 3982; x_wconf 89' lang='lat' dir='ltr'><strong>emphasin</strong></span> 
     </span>
    </p>
   </div>
   <div class='ocr_carea' id='block_1_68' title="bbox 272 3993 1872 4072">
    <p class='ocr_par' dir='ltr' id='par_1_68' title="bbox 272 3993 1872 4072">
     <span class='ocr_line' id='line_1_68' title="bbox 272 3993 1872 4072; baseline 0.002 -15"><span class='ocrx_word' id='word_1_504' title='bbox 272 4003 560 4072; x_wconf 79' lang='lat' dir='ltr'><strong>quamdam</strong></span> <span class='ocrx_word' id='word_1_505' title='bbox 603 4003 840 4059; x_wconf 86' lang='lat' dir='ltr'><strong>habeant</strong></span> <span class='ocrx_word' id='word_1_506' title='bbox 869 4004 1144 4068; x_wconf 78' lang='lat' dir='ltr'><strong>eximiam,</strong></span> <span class='ocrx_word' id='word_1_507' title='bbox 1176 3993 1387 4072; x_wconf 82' lang='lat' dir='ltr'><strong>reliqua</strong></span> <span class='ocrx_word' id='word_1_508' title='bbox 1419 4004 1872 4060; x_wconf 70' lang='lat' dir='ltr'><strong>nimirmmnira-</strong></span> 
     </span>
    </p>
   </div>
   <div class='ocr_carea' id='block_1_69' title="bbox 269 4095 1873 4169">
    <p class='ocr_par' dir='ltr' id='par_1_69' title="bbox 269 4095 1873 4169">
     <span class='ocr_line' id='line_1_69' title="bbox 269 4095 1873 4169; baseline 0.004 -20"><span class='ocrx_word' id='word_1_509' title='bbox 269 4095 381 4150; x_wconf 88' lang='lat' dir='ltr'><strong>cuia</strong></span> <span class='ocrx_word' id='word_1_510' title='bbox 410 4095 711 4150; x_wconf 88' lang='lat' dir='ltr'><strong>inﬁdelium</strong></span> <span class='ocrx_word' id='word_1_511' title='bbox 733 4111 902 4152; x_wconf 90' lang='lat' dir='ltr'><strong>causa</strong></span> <span class='ocrx_word' id='word_1_512' title='bbox 924 4095 1089 4152; x_wconf 87' lang='lat' dir='ltr'><strong>fuisse</strong></span> <span class='ocrx_word' id='word_1_513' title='bbox 1121 4107 1229 4150; x_wconf 93' lang='lat' dir='ltr'><strong>tam</strong></span> <span class='ocrx_word' id='word_1_514' title='bbox 1274 4097 1440 4164; x_wconf 90' lang='lat' dir='ltr'><strong>edita,</strong></span> <span class='ocrx_word' id='word_1_515' title='bbox 1465 4098 1626 4168; x_wconf 87' lang='lat' dir='ltr'><strong>quam</strong></span> <span class='ocrx_word' id='word_1_516' title='bbox 1657 4099 1873 4169; x_wconf 74' lang='lat' dir='ltr'><strong>scriptis</strong></span> 
     </span>
    </p>
   </div>
   <div class='ocr_carea' id='block_1_70' title="bbox 270 4189 1871 4260">
    <p class='ocr_par' dir='ltr' id='par_1_70' title="bbox 270 4189 1871 4260">
     <span class='ocr_line' id='line_1_70' title="bbox 270 4189 1871 4260; baseline 0.002 -16"><span class='ocrx_word' id='word_1_517' title='bbox 270 4189 424 4244; x_wconf 87' lang='lat' dir='ltr'><strong>etiam</strong></span> <span class='ocrx_word' id='word_1_518' title='bbox 452 4189 814 4260; x_wconf 86' lang='lat' dir='ltr'><strong>consignata;</strong></span> <span class='ocrx_word' id='word_1_519' title='bbox 840 4189 946 4245; x_wconf 88' lang='lat' dir='ltr'><strong>hoc</strong></span> <span class='ocrx_word' id='word_1_520' title='bbox 970 4206 1136 4244; x_wconf 90' lang='lat' dir='ltr'><strong>unum</strong></span> <span class='ocrx_word' id='word_1_521' title='bbox 1159 4189 1281 4244; x_wconf 92' lang='lat' dir='ltr'><strong>aliis</strong></span> <span class='ocrx_word' id='word_1_522' title='bbox 1298 4191 1520 4245; x_wconf 89' lang='lat' dir='ltr'><strong>omnino</strong></span> <span class='ocrx_word' id='word_1_523' title='bbox 1545 4191 1871 4247; x_wconf 85' lang='lat' dir='ltr'><strong>adversariis</strong></span> 
     </span>
    </p>
   </div>
   <div class='ocr_carea' id='block_1_71' title="bbox 272 4280 1872 4355">
    <p class='ocr_par' dir='ltr' id='par_1_71' title="bbox 272 4280 1872 4355">
     <span class='ocr_line' id='line_1_71' title="bbox 272 4280 1872 4355; baseline 0.001 -20"><span class='ocrx_word' id='word_1_524' title='bbox 272 4281 430 4337; x_wconf 85' lang='lat' dir='ltr'><strong>fuisse</strong></span> <span class='ocrx_word' id='word_1_525' title='bbox 456 4280 793 4337; x_wconf 86' lang='lat' dir='ltr'><strong>destinatum</strong></span> <span class='ocrx_word' id='word_1_526' title='bbox 826 4281 933 4336; x_wconf 90' lang='lat' dir='ltr'><strong>illis</strong></span> <span class='ocrx_word' id='word_1_527' title='bbox 954 4283 1212 4338; x_wconf 89' lang='lat' dir='ltr'><strong>nimirum</strong></span> <span class='ocrx_word' id='word_1_528' title='bbox 1240 4297 1472 4353; x_wconf 90' lang='lat' dir='ltr'><strong>quorum</strong></span> <span class='ocrx_word' id='word_1_529' title='bbox 1497 4282 1668 4354; x_wconf 88' lang='lat' dir='ltr'><strong>gratia</strong></span> <span class='ocrx_word' id='word_1_530' title='bbox 1696 4284 1872 4355; x_wconf 86' lang='lat' dir='ltr'><strong>scrip-</strong></span> 
     </span>
    </p>
   </div>
   <div class='ocr_carea' id='block_1_72' title="bbox 279 4372 1871 4445">
    <p class='ocr_par' dir='ltr' id='par_1_72' title="bbox 279 4372 1871 4445">
     <span class='ocr_line' id='line_1_72' title="bbox 279 4372 1871 4445; baseline 0.002 -17"><span class='ocrx_word' id='word_1_531' title='bbox 279 4382 385 4429; x_wconf 90' lang='lat' dir='ltr'><strong>tum</strong></span> <span class='ocrx_word' id='word_1_532' title='bbox 424 4372 622 4429; x_wconf 87' lang='lat' dir='ltr'><strong>fuisset</strong></span> <span class='ocrx_word' id='word_1_533' title='bbox 648 4374 1022 4445; x_wconf 82' lang='lat' dir='ltr'><strong>Evangelium,</strong></span> <span class='ocrx_word' id='word_1_534' title='bbox 1046 4374 1488 4430; x_wconf 83' lang='lat' dir='ltr'><strong>antichristorum</strong></span> <span class='ocrx_word' id='word_1_535' title='bbox 1512 4392 1516 4397; x_wconf 66' lang='lat'>&#39;</span> <span class='ocrx_word' id='word_1_536' title='bbox 1549 4375 1871 4431; x_wconf 73' lang='lat' dir='ltr'><strong>aamuiorum</strong></span> 
     </span>
    </p>
   </div>
   <div class='ocr_carea' id='block_1_73' title="bbox 273 4465 1872 4537">
    <p class='ocr_par' dir='ltr' id='par_1_73' title="bbox 273 4465 1872 4537">
     <span class='ocr_line' id='line_1_73' title="bbox 273 4465 1872 4537; baseline 0.004 -19"><span class='ocrx_word' id='word_1_537' title='bbox 273 4465 657 4521; x_wconf 86' lang='lat' dir='ltr'><strong>assertoribus.</strong></span> <span class='ocrx_word' id='word_1_538' title='bbox 696 4465 868 4522; x_wconf 75' lang='lat' dir='ltr'><strong>Recte</strong></span> <span class='ocrx_word' id='word_1_539' title='bbox 898 4467 1079 4537; x_wconf 81' lang='lat' dir='ltr'><strong>itaque</strong></span> <span class='ocrx_word' id='word_1_540' title='bbox 1102 4465 1244 4520; x_wconf 89' lang='lat' dir='ltr'><strong>hanc</strong></span> <span class='ocrx_word' id='word_1_541' title='bbox 1273 4465 1552 4536; x_wconf 88' lang='lat' dir='ltr'><strong>sanguinis</strong></span> <span class='ocrx_word' id='word_1_542' title='bbox 1578 4467 1784 4537; x_wconf 87' lang='lat' dir='ltr'><strong>pariter</strong></span> <span class='ocrx_word' id='word_1_543' title='bbox 1809 4482 1872 4524; x_wconf 90' lang='lat' dir='ltr'><strong>ac</strong></span> 
     </span>
    </p>
   </div>
   <div class='ocr_carea' id='block_1_74' title="bbox 271 4558 1869 4631">
    <p class='ocr_par' dir='ltr' id='par_1_74' title="bbox 271 4558 1869 4631">
     <span class='ocr_line' id='line_1_74' title="bbox 271 4558 1869 4631; baseline 0.002 -18"><span class='ocrx_word' id='word_1_544' title='bbox 271 4574 415 4630; x_wconf 70' lang='lat' dir='ltr'><strong>aqua:</strong></span> <span class='ocrx_word' id='word_1_545' title='bbox 439 4574 474 4615; x_wconf 89' lang='lat' dir='ltr'><strong>e</strong></span> <span class='ocrx_word' id='word_1_546' title='bbox 502 4558 709 4614; x_wconf 78' lang='lat' dir='ltr'><strong>Christi</strong></span> <span class='ocrx_word' id='word_1_547' title='bbox 762 4559 934 4616; x_wconf 87' lang='lat' dir='ltr'><strong>latere</strong></span> <span class='ocrx_word' id='word_1_548' title='bbox 979 4559 1328 4614; x_wconf 88' lang='lat' dir='ltr'><strong>emissionem</strong></span> <span class='ocrx_word' id='word_1_549' title='bbox 1349 4601 1365 4625; x_wconf 94' lang='lat'><strong>,</strong></span> <span class='ocrx_word' id='word_1_550' title='bbox 1393 4568 1556 4630; x_wconf 89' lang='lat' dir='ltr'><strong>atque</strong></span> <span class='ocrx_word' id='word_1_551' title='bbox 1598 4560 1869 4631; x_wconf 90' lang='lat' dir='ltr'><strong>duplicem</strong></span> 
     </span>
    </p>
   </div>
   <div class='ocr_carea' id='block_1_75' title="bbox 1977 3345 3581 3421">
    <p class='ocr_par' dir='ltr' id='par_1_75' title="bbox 1977 3345 3581 3421">
     <span class='ocr_line' id='line_1_75' title="bbox 1977 3345 3581 3421; baseline 0.006 -20"><span class='ocrx_word' id='word_1_552' title='bbox 1977 3345 2277 3402; x_wconf 90' lang='lat' dir='ltr'><strong>Commodo</strong></span> <span class='ocrx_word' id='word_1_553' title='bbox 2304 3365 2402 3404; x_wconf 91' lang='lat' dir='ltr'><strong>suo</strong></span> <span class='ocrx_word' id='word_1_554' title='bbox 2427 3349 2791 3421; x_wconf 80' lang='lat' dir='ltr'><strong>Lampridius,</strong></span> <span class='ocrx_word' id='word_1_555' title='bbox 2823 3371 2842 3404; x_wconf 84' lang='grc'><em>‹</em></span> <span class='ocrx_word' id='word_1_556' title='bbox 2872 3351 3106 3407; x_wconf 83' lang='lat' dir='ltr'><strong>Bellonae</strong></span> <span class='ocrx_word' id='word_1_557' title='bbox 3129 3355 3430 3411; x_wconf 79' lang='lat' dir='ltr'><strong>servientes</strong></span> <span class='ocrx_word' id='word_1_558' title='bbox 3456 3372 3581 3411; x_wconf 87' lang='lat' dir='ltr'><strong>vcrc</strong></span> 
     </span>
    </p>
   </div>
   <div class='ocr_carea' id='block_1_76' title="bbox 1977 3440 3581 3516">
    <p class='ocr_par' dir='ltr' id='par_1_76' title="bbox 1977 3440 3581 3516">
     <span class='ocr_line' id='line_1_76' title="bbox 1977 3440 3581 3516; baseline 0.007 -23"><span class='ocrx_word' id='word_1_559' title='bbox 1977 3454 2238 3494; x_wconf 81' lang='lat' dir='ltr'><strong>exsecare</strong></span> <span class='ocrx_word' id='word_1_560' title='bbox 2269 3440 2549 3497; x_wconf 88' lang='lat' dir='ltr'><strong>brachium</strong></span> <span class='ocrx_word' id='word_1_561' title='bbox 2580 3445 2877 3513; x_wconf 68' lang='lat' dir='ltr'><strong>prmcepit&#39;,</strong></span> <span class='ocrx_word' id='word_1_562' title='bbox 2915 3463 2936 3497; x_wconf 74' lang='grc' dir='ltr'><strong><em>ι</em></strong></span> <span class='ocrx_word' id='word_1_563' title='bbox 2967 3445 3172 3516; x_wconf 87' lang='lat' dir='ltr'><strong>colligit</strong></span> <span class='ocrx_word' id='word_1_564' title='bbox 3227 3445 3581 3505; x_wconf 86' lang='lat' dir='ltr'><strong>Casaubonus</strong></span> 
     </span>
    </p>
   </div>
   <div class='ocr_carea' id='block_1_77' title="bbox 1979 3530 3579 3601">
    <p class='ocr_par' dir='ltr' id='par_1_77' title="bbox 1979 3530 3579 3601">
     <span class='ocr_line' id='line_1_77' title="bbox 1979 3530 3579 3601; baseline 0.007 -17"><span class='ocrx_word' id='word_1_565' title='bbox 1979 3530 2295 3601; x_wconf 83' lang='lat' dir='ltr'><strong>plerumque</strong></span> <span class='ocrx_word' id='word_1_566' title='bbox 2340 3532 2462 3588; x_wconf 88' lang='lat' dir='ltr'><strong>ﬁcta</strong></span> <span class='ocrx_word' id='word_1_567' title='bbox 2501 3541 2558 3589; x_wconf 89' lang='lat' dir='ltr'><strong>et</strong></span> <span class='ocrx_word' id='word_1_568' title='bbox 2587 3533 2837 3590; x_wconf 89' lang='lat' dir='ltr'><strong>simulata</strong></span> <span class='ocrx_word' id='word_1_569' title='bbox 2892 3545 3098 3592; x_wconf 87' lang='lat' dir='ltr'><strong>tantum</strong></span> <span class='ocrx_word' id='word_1_570' title='bbox 3158 3537 3325 3594; x_wconf 88' lang='lat' dir='ltr'><strong>fuisse</strong></span> <span class='ocrx_word' id='word_1_571' title='bbox 3354 3539 3579 3596; x_wconf 89' lang='lat' dir='ltr'><strong>vulnera</strong></span> 
     </span>
    </p>
   </div>
   <div class='ocr_carea' id='block_1_78' title="bbox 1977 3621 3578 3688">
    <p class='ocr_par' dir='ltr' id='par_1_78' title="bbox 1977 3621 3578 3688">
     <span class='ocr_line' id='line_1_78' title="bbox 1977 3621 3578 3688; baseline 0.006 -10"><span class='ocrx_word' id='word_1_572' title='bbox 1977 3621 2427 3679; x_wconf 88' lang='lat' dir='ltr'><strong>Bellonariorum.</strong></span> <span class='ocrx_word' id='word_1_573' title='bbox 2452 3626 2532 3681; x_wconf 84' lang='lat' dir='ltr'><strong>Eo</strong></span> <span class='ocrx_word' id='word_1_574' title='bbox 2559 3638 2826 3682; x_wconf 90' lang='lat' dir='ltr'><strong>venerunt</strong></span> <span class='ocrx_word' id='word_1_575' title='bbox 2849 3627 3081 3684; x_wconf 84' lang='lat' dir='ltr'><strong>fortasse</strong></span> <span class='ocrx_word' id='word_1_576' title='bbox 3105 3631 3444 3687; x_wconf 89' lang='lat' dir='ltr'><strong>mollioribus</strong></span> <span class='ocrx_word' id='word_1_577' title='bbox 3465 3633 3578 3688; x_wconf 91' lang='lat' dir='ltr'><strong>suis</strong></span> 
     </span>
    </p>
   </div>
   <div class='ocr_carea' id='block_1_79' title="bbox 1976 3718 3576 3786">
    <p class='ocr_par' dir='ltr' id='par_1_79' title="bbox 1976 3718 3576 3786">
     <span class='ocr_line' id='line_1_79' title="bbox 1976 3718 3576 3786; baseline 0.008 -17"><span class='ocrx_word' id='word_1_578' title='bbox 1976 3718 2528 3786; x_wconf 85' lang='lat' dir='ltr'><strong>interpretatiunculis</strong></span> <span class='ocrx_word' id='word_1_579' title='bbox 2585 3720 2802 3776; x_wconf 76' lang='lat' dir='ltr'><strong>fanatici</strong></span> <span class='ocrx_word' id='word_1_580' title='bbox 2855 3722 3208 3778; x_wconf 87' lang='lat' dir='ltr'><strong>recentiores.</strong></span> <span class='ocrx_word' id='word_1_581' title='bbox 3250 3724 3356 3779; x_wconf 91' lang='lat' dir='ltr'><strong>Sed</strong></span> <span class='ocrx_word' id='word_1_582' title='bbox 3388 3741 3576 3781; x_wconf 87' lang='lat' dir='ltr'><strong>verum</strong></span> 
     </span>
    </p>
   </div>
   <div class='ocr_carea' id='block_1_80' title="bbox 1980 3806 3578 3888">
    <p class='ocr_par' dir='ltr' id='par_1_80' title="bbox 1980 3806 3578 3888">
     <span class='ocr_line' id='line_1_80' title="bbox 1980 3806 3578 3888; baseline 0.007 -26"><span class='ocrx_word' id='word_1_583' title='bbox 1980 3806 2148 3864; x_wconf 84' lang='lat' dir='ltr'><strong>fuisse</strong></span> <span class='ocrx_word' id='word_1_584' title='bbox 2197 3812 2474 3881; x_wconf 87' lang='lat' dir='ltr'><strong>sanguinis</strong></span> <span class='ocrx_word' id='word_1_585' title='bbox 2516 3813 2863 3870; x_wconf 89' lang='lat' dir='ltr'><strong>emissionem</strong></span> <span class='ocrx_word' id='word_1_586' title='bbox 2913 3832 3032 3885; x_wconf 76' lang='lat' dir='ltr'><strong>qum</strong></span> <span class='ocrx_word' id='word_1_587' title='bbox 3085 3815 3152 3870; x_wconf 88' lang='lat' dir='ltr'><strong>ab</strong></span> <span class='ocrx_word' id='word_1_588' title='bbox 3181 3818 3578 3888; x_wconf 89' lang='lat' dir='ltr'><strong>antiquioribus</strong></span> 
     </span>
    </p>
   </div>
   <div class='ocr_carea' id='block_1_81' title="bbox 1979 3898 3578 3978">
    <p class='ocr_par' dir='ltr' id='par_1_81' title="bbox 1979 3898 3578 3978">
     <span class='ocr_line' id='line_1_81' title="bbox 1979 3898 3578 3978; baseline 0.007 -24"><span class='ocrx_word' id='word_1_589' title='bbox 1979 3898 2281 3957; x_wconf 85' lang='lat' dir='ltr'><strong>introducta</strong></span> <span class='ocrx_word' id='word_1_590' title='bbox 2332 3912 2440 3970; x_wconf 90' lang='lat' dir='ltr'><strong>est,</strong></span> <span class='ocrx_word' id='word_1_591' title='bbox 2473 3914 2527 3959; x_wconf 92' lang='lat' dir='ltr'><strong>ct</strong></span> <span class='ocrx_word' id='word_1_592' title='bbox 2567 3922 2753 3961; x_wconf 89' lang='lat' dir='ltr'><strong>verum</strong></span> <span class='ocrx_word' id='word_1_593' title='bbox 2787 3907 2931 3962; x_wconf 89' lang='lat' dir='ltr'><strong>illam</strong></span> <span class='ocrx_word' id='word_1_594' title='bbox 2961 3924 3080 3978; x_wconf 80' lang='lat' dir='ltr'><strong>quae</strong></span> <span class='ocrx_word' id='word_1_595' title='bbox 3129 3924 3159 3964; x_wconf 90' lang='lat' dir='ltr'><strong>a</strong></span> <span class='ocrx_word' id='word_1_596' title='bbox 3194 3910 3452 3967; x_wconf 87' lang='lat' dir='ltr'><strong>militibus</strong></span> <span class='ocrx_word' id='word_1_597' title='bbox 3478 3910 3578 3966; x_wconf 73' lang='lat' dir='ltr'><strong>ob~</strong></span> 
     </span>
    </p>
   </div>
   <div class='ocr_carea' id='block_1_82' title="bbox 1977 3997 3650 4072">
    <p class='ocr_par' dir='ltr' id='par_1_82' title="bbox 1977 3997 3650 4072">
     <span class='ocr_line' id='line_1_82' title="bbox 1977 3997 3650 4072; baseline 0.007 -23"><span class='ocrx_word' id='word_1_598' title='bbox 1977 4005 2194 4050; x_wconf 76' lang='lat' dir='ltr'><strong>servata</strong></span> <span class='ocrx_word' id='word_1_599' title='bbox 2217 4005 2299 4051; x_wconf 90' lang='lat' dir='ltr'><strong>est</strong></span> <span class='ocrx_word' id='word_1_600' title='bbox 2324 3997 2562 4057; x_wconf 61' lang='lat' dir='ltr'><strong>Bellonae</strong></span> <span class='ocrx_word' id='word_1_601' title='bbox 2590 3999 2834 4066; x_wconf 88' lang='lat' dir='ltr'><strong>initiatis,</strong></span> <span class='ocrx_word' id='word_1_602' title='bbox 2859 4016 2890 4057; x_wconf 89' lang='lat' dir='ltr'><strong>e</strong></span> <span class='ocrx_word' id='word_1_603' title='bbox 2920 4003 3232 4072; x_wconf 90' lang='lat' dir='ltr'><strong>supradicto</strong></span> <span class='ocrx_word' id='word_1_604' title='bbox 3259 4003 3581 4065; x_wconf 87' lang='lat' dir='ltr'><strong>Tertulliani</strong></span> <span class='ocrx_word' id='word_1_605' title='bbox 3646 4000 3650 4005; x_wconf 80' lang='grc'><em>’</em></span> 
     </span>
    </p>
   </div>
   <div class='ocr_carea' id='block_1_83' title="bbox 1977 4083 3580 4166">
    <p class='ocr_par' dir='ltr' id='par_1_83' title="bbox 1977 4083 3580 4166">
     <span class='ocr_line' id='line_1_83' title="bbox 1977 4083 3580 4166; baseline 0.007 -27"><span class='ocrx_word' id='word_1_606' title='bbox 1977 4083 2099 4141; x_wconf 90' lang='lat' dir='ltr'><strong>loco</strong></span> <span class='ocrx_word' id='word_1_607' title='bbox 2128 4087 2437 4159; x_wconf 89' lang='lat' dir='ltr'><strong>colligimus</strong></span> <span class='ocrx_word' id='word_1_608' title='bbox 2468 4101 2629 4161; x_wconf 87' lang='lat' dir='ltr'><strong>atque</strong></span> <span class='ocrx_word' id='word_1_609' title='bbox 2659 4090 2889 4164; x_wconf 85' lang='lat' dir='ltr'><strong>Vegetii,</strong></span> <span class='ocrx_word' id='word_1_610' title='bbox 2912 4093 3251 4164; x_wconf 88' lang='lat' dir='ltr'><strong>aliorumque</strong></span> <span class='ocrx_word' id='word_1_611' title='bbox 3277 4095 3580 4166; x_wconf 86' lang='lat' dir='ltr'><strong>plerorum-</strong></span> 
     </span>
    </p>
   </div>
   <div class='ocr_carea' id='block_1_84' title="bbox 1976 4179 3582 4250">
    <p class='ocr_par' dir='ltr' id='par_1_84' title="bbox 1976 4179 3582 4250">
     <span class='ocr_line' id='line_1_84' title="bbox 1976 4179 3582 4250; baseline 0.009 -18"><span class='ocrx_word' id='word_1_612' title='bbox 1976 4192 2082 4248; x_wconf 90' lang='lat' dir='ltr'><strong>que</strong></span> <span class='ocrx_word' id='word_1_613' title='bbox 2097 4179 2185 4249; x_wconf 92' lang='lat' dir='ltr'><strong>qui</strong></span> <span class='ocrx_word' id='word_1_614' title='bbox 2203 4179 2360 4250; x_wconf 91' lang='lat' dir='ltr'><strong>hujus</strong></span> <span class='ocrx_word' id='word_1_615' title='bbox 2375 4183 2418 4238; x_wconf 91' lang='lat' dir='ltr'><strong>ri</strong></span> <span class='ocrx_word' id='word_1_616' title='bbox 2427 4190 2511 4238; x_wconf 89' lang='lat' dir='ltr'><strong>tus</strong></span> <span class='ocrx_word' id='word_1_617' title='bbox 2525 4184 2908 4241; x_wconf 88' lang='lat' dir='ltr'><strong>meminerunt.</strong></span> <span class='ocrx_word' id='word_1_618' title='bbox 2923 4184 2993 4241; x_wconf 87' lang='lat' dir='ltr'><strong>Et</strong></span> <span class='ocrx_word' id='word_1_619' title='bbox 3011 4202 3138 4243; x_wconf 90' lang='lat' dir='ltr'><strong>vero</strong></span> <span class='ocrx_word' id='word_1_620' title='bbox 3157 4190 3582 4246; x_wconf 88' lang='lat' dir='ltr'><strong>vetustissimum</strong></span> 
     </span>
    </p>
   </div>
   <div class='ocr_carea' id='block_1_85' title="bbox 1976 4268 3582 4353">
    <p class='ocr_par' dir='ltr' id='par_1_85' title="bbox 1976 4268 3582 4353">
     <span class='ocr_line' id='line_1_85' title="bbox 1976 4268 3582 4353; baseline 0.009 -28"><span class='ocrx_word' id='word_1_621' title='bbox 1976 4268 2148 4328; x_wconf 87' lang='lat' dir='ltr'><strong>fuisse</strong></span> <span class='ocrx_word' id='word_1_622' title='bbox 2171 4272 2324 4328; x_wconf 83' lang='lat' dir='ltr'><strong>illum</strong></span> <span class='ocrx_word' id='word_1_623' title='bbox 2355 4274 2690 4334; x_wconf 88' lang='lat' dir='ltr'><strong>lustrationis</strong></span> <span class='ocrx_word' id='word_1_624' title='bbox 2725 4294 2930 4336; x_wconf 90' lang='lat' dir='ltr'><strong>morem</strong></span> <span class='ocrx_word' id='word_1_625' title='bbox 2964 4296 3061 4351; x_wconf 92' lang='lat' dir='ltr'><strong>per</strong></span> <span class='ocrx_word' id='word_1_626' title='bbox 3107 4283 3383 4353; x_wconf 83' lang='lat' dir='ltr'><strong>sanguinis</strong></span> <span class='ocrx_word' id='word_1_627' title='bbox 3423 4285 3582 4340; x_wconf 82' lang='lat' dir='ltr'><strong>emis-</strong></span> 
     </span>
    </p>
   </div>
   <div class='ocr_carea' id='block_1_86' title="bbox 1977 4365 3578 4453">
    <p class='ocr_par' dir='ltr' id='par_1_86' title="bbox 1977 4365 3578 4453">
     <span class='ocr_line' id='line_1_86' title="bbox 1977 4365 3578 4453; baseline 0.008 -33"><span class='ocrx_word' id='word_1_628' title='bbox 1977 4365 2186 4420; x_wconf 78' lang='lat' dir='ltr'><strong>sionem</strong></span> <span class='ocrx_word' id='word_1_629' title='bbox 2205 4381 2236 4421; x_wconf 90' lang='lat' dir='ltr'><strong>e</strong></span> <span class='ocrx_word' id='word_1_630' title='bbox 2261 4369 2677 4440; x_wconf 86' lang='lat' dir='ltr'><strong>quamplurimis</strong></span> <span class='ocrx_word' id='word_1_631' title='bbox 2701 4373 3380 4453; x_wconf 55' lang='lat' dir='ltr'><strong>constatScriptumdocis</strong></span> <span class='ocrx_word' id='word_1_632' title='bbox 3401 4374 3578 4444; x_wconf 80' lang='lat' dir='ltr'><strong>:Lev.,</strong></span> 
     </span>
    </p>
   </div>
   <div class='ocr_carea' id='block_1_87' title="bbox 1976 4457 3576 4536">
    <p class='ocr_par' dir='ltr' id='par_1_87' title="bbox 1976 4457 3576 4536">
     <span class='ocr_line' id='line_1_87' title="bbox 1976 4457 3576 4536; baseline 0.008 -25"><span class='ocrx_word' id='word_1_633' title='bbox 1976 4471 2093 4523; x_wconf 72' lang='lat' dir='ltr'><strong>xu,</strong></span> <span class='ocrx_word' id='word_1_634' title='bbox 2125 4457 2196 4512; x_wconf 76' lang='grc'><strong>28</strong></span> <span class='ocrx_word' id='word_1_635' title='bbox 2221 4475 2236 4526; x_wconf 90' lang='lat'><strong>;</strong></span> <span class='ocrx_word' id='word_1_636' title='bbox 2263 4459 2446 4527; x_wconf 63' lang='lat' dir='ltr'><strong>Deut,</strong></span> <span class='ocrx_word' id='word_1_637' title='bbox 2476 4475 2585 4528; x_wconf 88' lang='lat' dir='ltr'><strong>xtv,</strong></span> <span class='ocrx_word' id='word_1_638' title='bbox 2619 4465 2645 4518; x_wconf 73' lang='grc'><strong>1</strong></span> <span class='ocrx_word' id='word_1_639' title='bbox 2677 4479 2692 4530; x_wconf 91' lang='grc'><strong>;</strong></span> <span class='ocrx_word' id='word_1_640' title='bbox 2722 4465 2744 4519; x_wconf 92' lang='lat' dir='ltr'><strong>l</strong></span> <span class='ocrx_word' id='word_1_641' title='bbox 2776 4465 2929 4536; x_wconf 78' lang='lat' dir='ltr'><strong>Beg.,</strong></span> <span class='ocrx_word' id='word_1_642' title='bbox 2967 4482 3118 4533; x_wconf 84' lang='lat' dir='ltr'><strong>xvm,</strong></span> <span class='ocrx_word' id='word_1_643' title='bbox 3148 4466 3259 4533; x_wconf 78' lang='lat'><strong>‘28;</strong></span> <span class='ocrx_word' id='word_1_644' title='bbox 3292 4466 3432 4535; x_wconf 84' lang='lat' dir='ltr'><strong>Jer.,</strong></span> <span class='ocrx_word' id='word_1_645' title='bbox 3468 4484 3576 4534; x_wconf 80' lang='lat' dir='ltr'><strong>xvt,</strong></span> 
     </span>
    </p>
   </div>
   <div class='ocr_carea' id='block_1_88' title="bbox 1976 4548 3583 4630">
    <p class='ocr_par' dir='ltr' id='par_1_88' title="bbox 1976 4548 3583 4630">
     <span class='ocr_line' id='line_1_88' title="bbox 1976 4548 3583 4630; baseline 0.008 -27"><span class='ocrx_word' id='word_1_646' title='bbox 1976 4548 2031 4604; x_wconf 88' lang='lat'><strong>6.</strong></span> <span class='ocrx_word' id='word_1_647' title='bbox 2053 4549 2130 4604; x_wconf 89' lang='lat' dir='ltr'><strong>lta</strong></span> <span class='ocrx_word' id='word_1_648' title='bbox 2155 4566 2353 4622; x_wconf 88' lang='lat' dir='ltr'><strong>nempe</strong></span> <span class='ocrx_word' id='word_1_649' title='bbox 2381 4553 2624 4623; x_wconf 71' lang='lat' dir='ltr'><strong>Baalitm,</strong></span> <span class='ocrx_word' id='word_1_650' title='bbox 2645 4556 2716 4611; x_wconf 85' lang='lat' dir='ltr'><strong>ita</strong></span> <span class='ocrx_word' id='word_1_651' title='bbox 2745 4555 2884 4612; x_wconf 88' lang='lat' dir='ltr'><strong>Galli</strong></span> <span class='ocrx_word' id='word_1_652' title='bbox 2911 4558 3164 4630; x_wconf 91' lang='lat' dir='ltr'><strong>(quorum</strong></span> <span class='ocrx_word' id='word_1_653' title='bbox 3195 4560 3340 4616; x_wconf 92' lang='lat' dir='ltr'><strong>diem</strong></span> <span class='ocrx_word' id='word_1_654' title='bbox 3367 4575 3583 4617; x_wconf 88' lang='lat' dir='ltr'><strong>sacrum</strong></span> 
     </span>
    </p>
   </div>
   <div class='ocr_carea' id='block_1_89' title="bbox 272 4642 1868 4725">
    <p class='ocr_par' dir='ltr' id='par_1_89' title="bbox 272 4651 1868 4723">
     <span class='ocr_line' id='line_1_89' title="bbox 272 4651 1868 4723; baseline 0.002 -18"><span class='ocrx_word' id='word_1_655' title='bbox 272 4651 408 4706; x_wconf 89' lang='lat' dir='ltr'><strong>hunc</strong></span> <span class='ocrx_word' id='word_1_656' title='bbox 451 4667 610 4722; x_wconf 65' lang='lat' dir='ltr'><strong>aquae</strong></span> <span class='ocrx_word' id='word_1_657' title='bbox 666 4651 1048 4723; x_wconf 88' lang='lat' dir='ltr'><strong>sanguinisque</strong></span> <span class='ocrx_word' id='word_1_658' title='bbox 1086 4651 1435 4722; x_wconf 88' lang='lat' dir='ltr'><strong>baptismum,</strong></span> <span class='ocrx_word' id='word_1_659' title='bbox 1463 4652 1657 4709; x_wconf 89' lang='lat' dir='ltr'><strong>eodem</strong></span> <span class='ocrx_word' id='word_1_660' title='bbox 1689 4653 1868 4709; x_wconf 89' lang='lat' dir='ltr'><strong>retulit</strong></span> 
     </span>
    </p>
   </div>
   <div class='ocr_carea' id='block_1_90' title="bbox 1977 4642 3580 4725">
    <p class='ocr_par' dir='ltr' id='par_1_90' title="bbox 1977 4642 3580 4725">
     <span class='ocr_line' id='line_1_90' title="bbox 1977 4642 3580 4725; baseline 0.009 -29"><span class='ocrx_word' id='word_1_661' title='bbox 1977 4657 2031 4697; x_wconf 72' lang='grc' dir='ltr'>ιι</span> <span class='ocrx_word' id='word_1_662' title='bbox 2057 4642 2168 4699; x_wconf 78' lang='lat' dir='ltr'><strong>kal.</strong></span> <span class='ocrx_word' id='word_1_663' title='bbox 2221 4646 2378 4715; x_wconf 88' lang='lat' dir='ltr'><strong>aprii.</strong></span> <span class='ocrx_word' id='word_1_664' title='bbox 2429 4663 2589 4718; x_wconf 90' lang='lat' dir='ltr'><strong>quem</strong></span> <span class='ocrx_word' id='word_1_665' title='bbox 2643 4658 2698 4706; x_wconf 86' lang='lat' dir='ltr'><strong>et</strong></span> <span class='ocrx_word' id='word_1_666' title='bbox 2725 4653 3002 4722; x_wconf 88' lang='lat' dir='ltr'><strong>sanguinis</strong></span> <span class='ocrx_word' id='word_1_667' title='bbox 3030 4653 3175 4709; x_wconf 91' lang='lat' dir='ltr'><strong>diem</strong></span> <span class='ocrx_word' id='word_1_668' title='bbox 3215 4653 3580 4725; x_wconf 87' lang='lat' dir='ltr'><strong>appellabant,</strong></span> 
     </span>
    </p>
   </div>
   <div class='ocr_carea' id='block_1_91' title="bbox 271 4741 1875 4810">
    <p class='ocr_par' dir='ltr' id='par_1_91' title="bbox 271 4741 1875 4810">
     <span class='ocr_line' id='line_1_91' title="bbox 271 4741 1875 4810; baseline 0.002 -12"><span class='ocrx_word' id='word_1_669' title='bbox 271 4742 658 4800; x_wconf 84' lang='lat' dir='ltr'><strong>Tertullianus.</strong></span> <span class='ocrx_word' id='word_1_670' title='bbox 686 4741 844 4810; x_wconf 85' lang='lat' dir='ltr'><strong>Quod</strong></span> <span class='ocrx_word' id='word_1_671' title='bbox 871 4742 1014 4799; x_wconf 88' lang='lat' dir='ltr'><strong>enim</strong></span> <span class='ocrx_word' id='word_1_672' title='bbox 1044 4743 1308 4799; x_wconf 87' lang='lat' dir='ltr'><strong>adversus</strong></span> <span class='ocrx_word' id='word_1_673' title='bbox 1354 4743 1578 4800; x_wconf 91' lang='lat' dir='ltr'><strong>eosdem</strong></span> <span class='ocrx_word' id='word_1_674' title='bbox 1621 4745 1875 4808; x_wconf 70' lang='lat' dir='ltr'><strong>adversa-</strong></span> 
     </span>
    </p>
   </div>
   <div class='ocr_carea' id='block_1_92' title="bbox 271 4835 1877 4907">
    <p class='ocr_par' dir='ltr' id='par_1_92' title="bbox 271 4835 1877 4907">
     <span class='ocr_line' id='line_1_92' title="bbox 271 4835 1877 4907; baseline 0.002 -16"><span class='ocrx_word' id='word_1_675' title='bbox 271 4837 376 4892; x_wconf 87' lang='lat' dir='ltr'><strong>rios</strong></span> <span class='ocrx_word' id='word_1_676' title='bbox 413 4836 727 4907; x_wconf 87' lang='lat' dir='ltr'><strong>conscripta</strong></span> <span class='ocrx_word' id='word_1_677' title='bbox 769 4844 956 4891; x_wconf 87' lang='lat' dir='ltr'><strong>essent</strong></span> <span class='ocrx_word' id='word_1_678' title='bbox 1001 4835 1069 4892; x_wconf 88' lang='lat' dir='ltr'><strong>ab</strong></span> <span class='ocrx_word' id='word_1_679' title='bbox 1095 4836 1378 4906; x_wconf 82' lang='lat' dir='ltr'><strong>Apostolo,</strong></span> <span class='ocrx_word' id='word_1_680' title='bbox 1410 4837 1536 4894; x_wconf 90' lang='lat' dir='ltr'><strong>inde</strong></span> <span class='ocrx_word' id='word_1_681' title='bbox 1583 4852 1713 4894; x_wconf 88' lang='lat' dir='ltr'><strong>sane</strong></span> <span class='ocrx_word' id='word_1_682' title='bbox 1743 4839 1877 4894; x_wconf 88' lang='lat' dir='ltr'><strong>veri-</strong></span> 
     </span>
    </p>
   </div>
   <div class='ocr_carea' id='block_1_93' title="bbox 269 4925 1874 5001">
    <p class='ocr_par' dir='ltr' id='par_1_93' title="bbox 269 4925 1874 5001">
     <span class='ocr_line' id='line_1_93' title="bbox 269 4925 1874 5001; baseline 0.001 -18"><span class='ocrx_word' id='word_1_683' title='bbox 269 4927 439 4984; x_wconf 78' lang='lat' dir='ltr'><strong>simile</strong></span> <span class='ocrx_word' id='word_1_684' title='bbox 467 4936 555 4983; x_wconf 87' lang='lat' dir='ltr'><strong>est</strong></span> <span class='ocrx_word' id='word_1_685' title='bbox 610 4927 807 4983; x_wconf 91' lang='lat' dir='ltr'><strong>eodem</strong></span> <span class='ocrx_word' id='word_1_686' title='bbox 835 4941 958 4983; x_wconf 89' lang='lat' dir='ltr'><strong>esse</strong></span> <span class='ocrx_word' id='word_1_687' title='bbox 983 4925 1289 4984; x_wconf 89' lang='lat' dir='ltr'><strong>referenda.</strong></span> <span class='ocrx_word' id='word_1_688' title='bbox 1325 4927 1394 4984; x_wconf 84' lang='lat' dir='ltr'><strong>Et</strong></span> <span class='ocrx_word' id='word_1_689' title='bbox 1416 4931 1540 5000; x_wconf 87' lang='lat' dir='ltr'><strong>quia</strong></span> <span class='ocrx_word' id='word_1_690' title='bbox 1569 4944 1692 4992; x_wconf 87' lang='lat' dir='ltr'><strong>cum</strong></span> <span class='ocrx_word' id='word_1_691' title='bbox 1719 4944 1874 5001; x_wconf 73' lang='lat' dir='ltr'><strong>aqua:</strong></span> 
     </span>
    </p>
   </div>
   <div class='ocr_carea' id='block_1_94' title="bbox 270 5021 1894 5104">
    <p class='ocr_par' dir='ltr' id='par_1_94' title="bbox 270 5021 1894 5104">
     <span class='ocr_line' id='line_1_94' title="bbox 270 5021 1894 5104; baseline -0.001 -26"><span class='ocrx_word' id='word_1_692' title='bbox 270 5032 322 5078; x_wconf 90' lang='lat' dir='ltr'><strong>et</strong></span> <span class='ocrx_word' id='word_1_693' title='bbox 386 5023 630 5094; x_wconf 80' lang='lat' dir='ltr'><strong>Spiritus</strong></span> <span class='ocrx_word' id='word_1_694' title='bbox 707 5021 992 5092; x_wconf 81' lang='lat' dir='ltr'><strong>baptismis</strong></span> <span class='ocrx_word' id='word_1_695' title='bbox 1051 5023 1127 5078; x_wconf 86' lang='lat' dir='ltr'><strong>ita</strong></span> <span class='ocrx_word' id='word_1_696' title='bbox 1191 5023 1412 5093; x_wconf 82' lang='lat' dir='ltr'><strong>sanguis</strong></span> <span class='ocrx_word' id='word_1_697' title='bbox 1476 5023 1547 5079; x_wconf 91' lang='lat' dir='ltr'><strong>ab</strong></span> <span class='ocrx_word' id='word_1_698' title='bbox 1612 5024 1894 5104; x_wconf 80' lang='lat' dir='ltr'><strong>Apostolo_</strong></span> 
     </span>
    </p>
   </div>
   <div class='ocr_carea' id='block_1_95' title="bbox 268 5113 1872 5189">
    <p class='ocr_par' dir='ltr' id='par_1_95' title="bbox 268 5113 1872 5189">
     <span class='ocr_line' id='line_1_95' title="bbox 268 5113 1872 5189; baseline 0.001 -19"><span class='ocrx_word' id='word_1_699' title='bbox 268 5115 521 5189; x_wconf 53' lang='lat' dir='ltr'><strong>(1min,</strong></span> <span class='ocrx_word' id='word_1_700' title='bbox 545 5131 604 5182; x_wconf 69' lang='grc' dir='ltr'><strong>ν,</strong></span> <span class='ocrx_word' id='word_1_701' title='bbox 630 5114 688 5187; x_wconf 90' lang='grc'><strong>8)</strong></span> <span class='ocrx_word' id='word_1_702' title='bbox 708 5113 1015 5184; x_wconf 72' lang='lat' dir='ltr'><strong>confertur,</strong></span> <span class='ocrx_word' id='word_1_703' title='bbox 1043 5124 1103 5170; x_wconf 91' lang='lat' dir='ltr'><strong>ut</strong></span> <span class='ocrx_word' id='word_1_704' title='bbox 1129 5115 1247 5186; x_wconf 89' lang='lat' dir='ltr'><strong>ipse</strong></span> <span class='ocrx_word' id='word_1_705' title='bbox 1291 5115 1596 5170; x_wconf 74' lang='lat' dir='ltr'><strong>ternarium</strong></span> <span class='ocrx_word' id='word_1_706' title='bbox 1613 5131 1734 5171; x_wconf 92' lang='lat' dir='ltr'><strong>cum</strong></span> <span class='ocrx_word' id='word_1_707' title='bbox 1765 5115 1872 5172; x_wconf 89' lang='lat' dir='ltr'><strong>illis</strong></span> 
     </span>
    </p>
   </div>
   <div class='ocr_carea' id='block_1_96' title="bbox 266 5207 1872 5280">
    <p class='ocr_par' dir='ltr' id='par_1_96' title="bbox 266 5207 1872 5280">
     <span class='ocr_line' id='line_1_96' title="bbox 266 5207 1872 5280; baseline 0 -14"><span class='ocrx_word' id='word_1_708' title='bbox 266 5226 552 5268; x_wconf 87' lang='lat' dir='ltr'><strong>numerum</strong></span> <span class='ocrx_word' id='word_1_709' title='bbox 580 5207 879 5275; x_wconf 87' lang='lat' dir='ltr'><strong>conﬁciat;</strong></span> <span class='ocrx_word' id='word_1_710' title='bbox 908 5209 1066 5279; x_wconf 89' lang='lat' dir='ltr'><strong>plane</strong></span> <span class='ocrx_word' id='word_1_711' title='bbox 1114 5207 1360 5280; x_wconf 85' lang='lat' dir='ltr'><strong>sequitur</strong></span> <span class='ocrx_word' id='word_1_712' title='bbox 1411 5207 1662 5279; x_wconf 89' lang='lat' dir='ltr'><strong>baptismi</strong></span> <span class='ocrx_word' id='word_1_713' title='bbox 1708 5209 1872 5266; x_wconf 88' lang='lat' dir='ltr'><strong>etiam</strong></span> 
     </span>
    </p>
   </div>
   <div class='ocr_carea' id='block_1_97' title="bbox 265 5300 1872 5374">
    <p class='ocr_par' dir='ltr' id='par_1_97' title="bbox 265 5300 1872 5374">
     <span class='ocr_line' id='line_1_97' title="bbox 265 5300 1872 5374; baseline -0.002 -14"><span class='ocrx_word' id='word_1_714' title='bbox 265 5305 532 5360; x_wconf 82' lang='lat' dir='ltr'><strong>rationem</strong></span> <span class='ocrx_word' id='word_1_715' title='bbox 562 5300 814 5374; x_wconf 82' lang='lat' dir='ltr'><strong>sanguini</strong></span> <span class='ocrx_word' id='word_1_716' title='bbox 841 5315 963 5357; x_wconf 89' lang='lat' dir='ltr'><strong>cum</strong></span> <span class='ocrx_word' id='word_1_717' title='bbox 993 5316 1130 5371; x_wconf 84' lang='lat' dir='ltr'><strong>aqua</strong></span> <span class='ocrx_word' id='word_1_718' title='bbox 1155 5300 1322 5357; x_wconf 89' lang='lat' dir='ltr'><strong>fuisse</strong></span> <span class='ocrx_word' id='word_1_719' title='bbox 1341 5312 1707 5357; x_wconf 86' lang='lat' dir='ltr'><strong>communem.</strong></span> <span class='ocrx_word' id='word_1_720' title='bbox 1736 5301 1872 5371; x_wconf 84' lang='lat' dir='ltr'><strong>Quia</strong></span> 
     </span>
    </p>
   </div>
   <div class='ocr_carea' id='block_1_98' title="bbox 267 5392 1871 5469">
    <p class='ocr_par' dir='ltr' id='par_1_98' title="bbox 267 5392 1871 5469">
     <span class='ocr_line' id='line_1_98' title="bbox 267 5392 1871 5469; baseline -0.001 -17"><span class='ocrx_word' id='word_1_721' title='bbox 267 5396 422 5452; x_wconf 84' lang='lat' dir='ltr'><strong>etiam</strong></span> <span class='ocrx_word' id='word_1_722' title='bbox 447 5411 516 5453; x_wconf 88' lang='lat' dir='ltr'><strong>ex</strong></span> <span class='ocrx_word' id='word_1_723' title='bbox 544 5409 700 5469; x_wconf 65' lang='lat' dir='ltr'><strong>aquae</strong></span> <span class='ocrx_word' id='word_1_724' title='bbox 722 5403 779 5450; x_wconf 92' lang='lat' dir='ltr'><strong>et</strong></span> <span class='ocrx_word' id='word_1_725' title='bbox 804 5392 1081 5465; x_wconf 82' lang='lat' dir='ltr'><strong>sanguinis</strong></span> <span class='ocrx_word' id='word_1_726' title='bbox 1100 5394 1393 5449; x_wconf 89' lang='lat' dir='ltr'><strong>emissione</strong></span> <span class='ocrx_word' id='word_1_727' title='bbox 1419 5393 1493 5448; x_wconf 90' lang='lat' dir='ltr'><strong>ita</strong></span> <span class='ocrx_word' id='word_1_728' title='bbox 1523 5392 1871 5450; x_wconf 86' lang='lat' dir='ltr'><strong>antichristos</strong></span> 
     </span>
    </p>
   </div>
   <div class='ocr_carea' id='block_1_99' title="bbox 266 5484 1870 5558">
    <p class='ocr_par' dir='ltr' id='par_1_99' title="bbox 266 5484 1870 5558">
     <span class='ocr_line' id='line_1_99' title="bbox 266 5484 1870 5558; baseline 0.001 -17"><span class='ocrx_word' id='word_1_729' title='bbox 266 5487 456 5545; x_wconf 87' lang='lat' dir='ltr'><strong>refutat</strong></span> <span class='ocrx_word' id='word_1_730' title='bbox 484 5489 544 5544; x_wconf 88' lang='lat' dir='ltr'><strong>in</strong></span> <span class='ocrx_word' id='word_1_731' title='bbox 591 5485 889 5558; x_wconf 78' lang='lat' dir='ltr'><strong>Evangelia</strong></span> <span class='ocrx_word' id='word_1_732' title='bbox 917 5494 978 5542; x_wconf 92' lang='lat' dir='ltr'><strong>ut</strong></span> <span class='ocrx_word' id='word_1_733' title='bbox 1005 5485 1058 5541; x_wconf 87' lang='lat' dir='ltr'><strong>in</strong></span> <span class='ocrx_word' id='word_1_734' title='bbox 1088 5485 1320 5557; x_wconf 89' lang='lat' dir='ltr'><strong>epistola</strong></span> <span class='ocrx_word' id='word_1_735' title='bbox 1346 5484 1604 5540; x_wconf 85' lang='lat' dir='ltr'><strong>rcfutarat</strong></span> <span class='ocrx_word' id='word_1_736' title='bbox 1650 5501 1749 5556; x_wconf 93' lang='lat' dir='ltr'><strong>per</strong></span> <span class='ocrx_word' id='word_1_737' title='bbox 1771 5487 1870 5542; x_wconf 89' lang='lat' dir='ltr'><strong>ad-</strong></span> 
     </span>
    </p>
   </div>
   <div class='ocr_carea' id='block_1_100' title="bbox 267 5580 1869 5653">
    <p class='ocr_par' dir='ltr' id='par_1_100' title="bbox 267 5580 1869 5653">
     <span class='ocr_line' id='line_1_100' title="bbox 267 5580 1869 5653; baseline -0.001 -15"><span class='ocrx_word' id='word_1_738' title='bbox 267 5594 480 5641; x_wconf 80' lang='lat' dir='ltr'><strong>ventum</strong></span> <span class='ocrx_word' id='word_1_739' title='bbox 530 5584 586 5640; x_wconf 87' lang='lat' dir='ltr'><strong>in</strong></span> <span class='ocrx_word' id='word_1_740' title='bbox 619 5596 763 5653; x_wconf 86' lang='lat' dir='ltr'><strong>aqua</strong></span> <span class='ocrx_word' id='word_1_741' title='bbox 801 5590 856 5636; x_wconf 90' lang='lat' dir='ltr'><strong>et</strong></span> <span class='ocrx_word' id='word_1_742' title='bbox 896 5581 1161 5651; x_wconf 87' lang='lat' dir='ltr'><strong>sanguine</strong></span> <span class='ocrx_word' id='word_1_743' title='bbox 1190 5598 1203 5635; x_wconf 93' lang='lat'>:</span> <span class='ocrx_word' id='word_1_744' title='bbox 1237 5580 1484 5651; x_wconf 88' lang='lat' dir='ltr'><strong>sequitur</strong></span> <span class='ocrx_word' id='word_1_745' title='bbox 1513 5590 1794 5649; x_wconf 78' lang='lat' dir='ltr'><strong>praeterea,</strong></span> <span class='ocrx_word' id='word_1_746' title='bbox 1825 5581 1869 5636; x_wconf 90' lang='lat' dir='ltr'><strong>si</strong></span> 
     </span>
    </p>
   </div>
   <div class='ocr_carea' id='block_1_101' title="bbox 267 5674 1870 5751">
    <p class='ocr_par' dir='ltr' id='par_1_101' title="bbox 267 5674 1870 5751">
     <span class='ocr_line' id='line_1_101' title="bbox 267 5674 1870 5751; baseline -0.001 -19"><span class='ocrx_word' id='word_1_747' title='bbox 267 5677 316 5733; x_wconf 88' lang='lat' dir='ltr'><strong>in</strong></span> <span class='ocrx_word' id='word_1_748' title='bbox 335 5677 568 5751; x_wconf 86' lang='lat' dir='ltr'><strong>epistola</strong></span> <span class='ocrx_word' id='word_1_749' title='bbox 602 5691 704 5749; x_wconf 88' lang='lat' dir='ltr'><strong>per</strong></span> <span class='ocrx_word' id='word_1_750' title='bbox 725 5675 1044 5746; x_wconf 87' lang='lat' dir='ltr'><strong>sanguinem</strong></span> <span class='ocrx_word' id='word_1_751' title='bbox 1071 5675 1369 5746; x_wconf 89' lang='lat' dir='ltr'><strong>baptismus</strong></span> <span class='ocrx_word' id='word_1_752' title='bbox 1397 5674 1675 5745; x_wconf 86' lang='lat' dir='ltr'><strong>sanguinis</strong></span> <span class='ocrx_word' id='word_1_753' title='bbox 1705 5675 1870 5732; x_wconf 89' lang='lat' dir='ltr'><strong>intel-</strong></span> 
     </span>
    </p>
   </div>
   <div class='ocr_carea' id='block_1_102' title="bbox 264 5765 1869 5844">
    <p class='ocr_par' dir='ltr' id='par_1_102' title="bbox 264 5765 1869 5844">
     <span class='ocr_line' id='line_1_102' title="bbox 264 5765 1869 5844; baseline -0.007 -10"><span class='ocrx_word' id='word_1_754' title='bbox 264 5770 502 5844; x_wconf 75' lang='lat' dir='ltr'><strong>ligendus</strong></span> <span class='ocrx_word' id='word_1_755' title='bbox 546 5771 653 5840; x_wconf 86' lang='lat' dir='ltr'><strong>sit,</strong></span> <span class='ocrx_word' id='word_1_756' title='bbox 704 5769 762 5825; x_wconf 88' lang='lat' dir='ltr'><strong>in</strong></span> <span class='ocrx_word' id='word_1_757' title='bbox 789 5767 1085 5824; x_wconf 87' lang='lat' dir='ltr'><strong>emissione</strong></span> <span class='ocrx_word' id='word_1_758' title='bbox 1127 5766 1288 5823; x_wconf 89' lang='lat' dir='ltr'><strong>etiam</strong></span> <span class='ocrx_word' id='word_1_759' title='bbox 1337 5765 1428 5822; x_wconf 86' lang='lat' dir='ltr'><strong>illa</strong></span> <span class='ocrx_word' id='word_1_760' title='bbox 1459 5782 1614 5838; x_wconf 63' lang='lat' dir='ltr'><strong>aqua:</strong></span> <span class='ocrx_word' id='word_1_761' title='bbox 1653 5776 1710 5822; x_wconf 88' lang='lat' dir='ltr'><strong>et</strong></span> <span class='ocrx_word' id='word_1_762' title='bbox 1737 5782 1869 5823; x_wconf 86' lang='lat' dir='ltr'><strong>san-</strong></span> 
     </span>
    </p>
   </div>
   <div class='ocr_carea' id='block_1_103' title="bbox 248 5859 1869 5942">
    <p class='ocr_par' dir='ltr' id='par_1_103' title="bbox 248 5859 1869 5942">
     <span class='ocr_line' id='line_1_103' title="bbox 248 5859 1869 5942; baseline 0.002 -20"><span class='ocrx_word' id='word_1_763' title='bbox 248 5865 437 5941; x_wconf 75' lang='lat' dir='ltr'><strong>guinis,</strong></span> <span class='ocrx_word' id='word_1_764' title='bbox 472 5860 601 5942; x_wconf 62' lang='lat' dir='ltr'><strong>qua</strong></span> <span class='ocrx_word' id='word_1_765' title='bbox 654 5866 712 5924; x_wconf 89' lang='lat' dir='ltr'><strong>in</strong></span> <span class='ocrx_word' id='word_1_766' title='bbox 761 5859 1059 5934; x_wconf 82' lang='lat' dir='ltr'><strong>Evangelio</strong></span> <span class='ocrx_word' id='word_1_767' title='bbox 1107 5868 1474 5931; x_wconf 87' lang='lat' dir='ltr'><strong>memoratur,</strong></span> <span class='ocrx_word' id='word_1_768' title='bbox 1521 5875 1676 5934; x_wconf 69' lang='lat' dir='ltr'><strong>aqua:</strong></span> <span class='ocrx_word' id='word_1_769' title='bbox 1706 5861 1869 5925; x_wconf 86' lang='lat' dir='ltr'><strong>etiam</strong></span> 
     </span>
    </p>
   </div>
   <div class='ocr_carea' id='block_1_104' title="bbox 1980 4739 3582 4818">
    <p class='ocr_par' dir='ltr' id='par_1_104' title="bbox 1980 4739 3582 4818">
     <span class='ocr_line' id='line_1_104' title="bbox 1980 4739 3582 4818; baseline 0.008 -28"><span class='ocrx_word' id='word_1_770' title='bbox 1980 4746 2249 4792; x_wconf 89' lang='lat' dir='ltr'><strong>memorat</strong></span> <span class='ocrx_word' id='word_1_771' title='bbox 2279 4741 2332 4794; x_wconf 90' lang='lat' dir='ltr'><strong>in</strong></span> <span class='ocrx_word' id='word_1_772' title='bbox 2364 4740 2429 4796; x_wconf 90' lang='lat' dir='ltr'><strong>D.</strong></span> <span class='ocrx_word' id='word_1_773' title='bbox 2471 4739 2696 4798; x_wconf 86' lang='lat' dir='ltr'><strong>Claudio</strong></span> <span class='ocrx_word' id='word_1_774' title='bbox 2732 4744 3039 4800; x_wconf 86' lang='lat' dir='ltr'><strong>Trebellius</strong></span> <span class='ocrx_word' id='word_1_775' title='bbox 3069 4745 3265 4815; x_wconf 91' lang='lat' dir='ltr'><strong>Pollio,</strong></span> <span class='ocrx_word' id='word_1_776' title='bbox 3298 4762 3582 4818; x_wconf 81' lang='lat' dir='ltr'><strong>perperam</strong></span> 
     </span>
    </p>
   </div>
   <div class='ocr_carea' id='block_1_105' title="bbox 1978 4831 3583 4912">
    <p class='ocr_par' dir='ltr' id='par_1_105' title="bbox 1978 4831 3583 4912">
     <span class='ocr_line' id='line_1_105' title="bbox 1978 4831 3583 4912; baseline 0.007 -29"><span class='ocrx_word' id='word_1_777' title='bbox 1978 4831 2125 4884; x_wconf 89' lang='lat' dir='ltr'><strong>cnim</strong></span> <span class='ocrx_word' id='word_1_778' title='bbox 2172 4846 2235 4887; x_wconf 90' lang='lat' dir='ltr'><strong>ea</strong></span> <span class='ocrx_word' id='word_1_779' title='bbox 2265 4832 2332 4888; x_wconf 90' lang='lat' dir='ltr'><strong>ad</strong></span> <span class='ocrx_word' id='word_1_780' title='bbox 2381 4833 2660 4891; x_wconf 91' lang='lat' dir='ltr'><strong>Bellonam</strong></span> <span class='ocrx_word' id='word_1_781' title='bbox 2708 4838 2896 4893; x_wconf 91' lang='lat' dir='ltr'><strong>retulit</strong></span> <span class='ocrx_word' id='word_1_782' title='bbox 2945 4837 3316 4906; x_wconf 82' lang='lat' dir='ltr'><strong>Casaubonns,</strong></span> <span class='ocrx_word' id='word_1_783' title='bbox 3368 4856 3488 4912; x_wconf 59' lang='lat' dir='ltr'><strong>qua:</strong></span> <span class='ocrx_word' id='word_1_784' title='bbox 3515 4841 3583 4896; x_wconf 87' lang='lat' dir='ltr'><strong>ad</strong></span> 
     </span>
    </p>
   </div>
   <div class='ocr_carea' id='block_1_106' title="bbox 1976 4929 3584 5006">
    <p class='ocr_par' dir='ltr' id='par_1_106' title="bbox 1976 4929 3584 5006">
     <span class='ocr_line' id='line_1_106' title="bbox 1976 4929 3584 5006; baseline 0.007 -28"><span class='ocrx_word' id='word_1_785' title='bbox 1976 4940 2226 4995; x_wconf 85' lang='lat' dir='ltr'><strong>magnam</strong></span> <span class='ocrx_word' id='word_1_786' title='bbox 2258 4937 2486 4984; x_wconf 88' lang='lat' dir='ltr'><strong>matrem</strong></span> <span class='ocrx_word' id='word_1_787' title='bbox 2515 4929 2634 5000; x_wconf 89' lang='lat' dir='ltr'><strong>ipse</strong></span> <span class='ocrx_word' id='word_1_788' title='bbox 2658 4931 2840 4988; x_wconf 89' lang='lat' dir='ltr'><strong>retulit</strong></span> <span class='ocrx_word' id='word_1_789' title='bbox 2863 4930 3214 5006; x_wconf 76' lang='lat' dir='ltr'><strong>Trebellius),</strong></span> <span class='ocrx_word' id='word_1_790' title='bbox 3242 4935 3316 4989; x_wconf 89' lang='lat' dir='ltr'><strong>ita</strong></span> <span class='ocrx_word' id='word_1_791' title='bbox 3339 4933 3495 4988; x_wconf 82' lang='lat' dir='ltr'><strong>Isiaci</strong></span> <span class='ocrx_word' id='word_1_792' title='bbox 3527 4944 3584 4989; x_wconf 91' lang='lat' dir='ltr'><strong>et</strong></span> 
     </span>
    </p>
   </div>
   <div class='ocr_carea' id='block_1_107' title="bbox 1975 5019 3584 5097">
    <p class='ocr_par' dir='ltr' id='par_1_107' title="bbox 1975 5019 3584 5097">
     <span class='ocr_line' id='line_1_107' title="bbox 1975 5019 3584 5097; baseline 0.005 -22"><span class='ocrx_word' id='word_1_793' title='bbox 1975 5019 2204 5092; x_wconf 79' lang='lat' dir='ltr'><strong>Luperci</strong></span> <span class='ocrx_word' id='word_1_794' title='bbox 2230 5021 2409 5094; x_wconf 77' lang='lat' dir='ltr'><strong>ﬂagris</strong></span> <span class='ocrx_word' id='word_1_795' title='bbox 2443 5038 2564 5080; x_wconf 90' lang='lat' dir='ltr'><strong>sese</strong></span> <span class='ocrx_word' id='word_1_796' title='bbox 2603 5034 2952 5097; x_wconf 90' lang='lat' dir='ltr'><strong>pectorumve</strong></span> <span class='ocrx_word' id='word_1_797' title='bbox 2975 5028 3315 5084; x_wconf 89' lang='lat' dir='ltr'><strong>tunsionibus</strong></span> <span class='ocrx_word' id='word_1_798' title='bbox 3343 5027 3486 5084; x_wconf 84' lang='lat' dir='ltr'><strong>male</strong></span> <span class='ocrx_word' id='word_1_799' title='bbox 3515 5029 3584 5083; x_wconf 88' lang='lat' dir='ltr'><strong>ad</strong></span> 
     </span>
    </p>
   </div>
   <div class='ocr_carea' id='block_1_108' title="bbox 1976 5116 3594 5195">
    <p class='ocr_par' dir='ltr' id='par_1_108' title="bbox 1976 5116 3594 5195">
     <span class='ocr_line' id='line_1_108' title="bbox 1976 5116 3594 5195; baseline 0.006 -26"><span class='ocrx_word' id='word_1_800' title='bbox 1976 5116 2252 5186; x_wconf 88' lang='lat' dir='ltr'><strong>sanguinis</strong></span> <span class='ocrx_word' id='word_1_801' title='bbox 2278 5117 2591 5175; x_wconf 90' lang='lat' dir='ltr'><strong>missionem</strong></span> <span class='ocrx_word' id='word_1_802' title='bbox 2612 5136 2783 5191; x_wconf 90' lang='lat' dir='ltr'><strong>usque</strong></span> <span class='ocrx_word' id='word_1_803' title='bbox 2806 5121 3358 5179; x_wconf 71' lang='lat' dir='ltr'><strong>mulctantesJ-Iodcm</strong></span> <span class='ocrx_word' id='word_1_804' title='bbox 3377 5123 3594 5195; x_wconf 80' lang='lat' dir='ltr'><strong>scilicet</strong></span> 
     </span>
    </p>
   </div>
   <div class='ocr_carea' id='block_1_109' title="bbox 1975 5210 3582 5286">
    <p class='ocr_par' dir='ltr' id='par_1_109' title="bbox 1975 5210 3582 5286">
     <span class='ocr_line' id='line_1_109' title="bbox 1975 5210 3582 5286; baseline 0.005 -23"><span class='ocrx_word' id='word_1_805' title='bbox 1975 5210 2226 5280; x_wconf 82' lang='lat' dir='ltr'><strong>exemplo</strong></span> <span class='ocrx_word' id='word_1_806' title='bbox 2273 5225 2381 5281; x_wconf 89' lang='lat' dir='ltr'><strong>quo</strong></span> <span class='ocrx_word' id='word_1_807' title='bbox 2430 5226 2527 5268; x_wconf 88' lang='lat' dir='ltr'><strong>sua</strong></span> <span class='ocrx_word' id='word_1_808' title='bbox 2557 5228 2770 5286; x_wconf 87' lang='lat' dir='ltr'><strong>quoque</strong></span> <span class='ocrx_word' id='word_1_809' title='bbox 2818 5229 2941 5270; x_wconf 88' lang='lat' dir='ltr'><strong>cum</strong></span> <span class='ocrx_word' id='word_1_810' title='bbox 2992 5215 3329 5272; x_wconf 65' lang='lat' dir='ltr'><strong>daemonibus</strong></span> <span class='ocrx_word' id='word_1_811' title='bbox 3377 5215 3582 5272; x_wconf 75' lang='lat' dir='ltr'><strong>fmdera</strong></span> 
     </span>
    </p>
   </div>
   <div class='ocr_carea' id='block_1_110' title="bbox 1975 5301 3445 5379">
    <p class='ocr_par' dir='ltr' id='par_1_110' title="bbox 1975 5301 3445 5379">
     <span class='ocr_line' id='line_1_110' title="bbox 1975 5301 3445 5379; baseline 0.005 -21"><span class='ocrx_word' id='word_1_812' title='bbox 1975 5301 2244 5360; x_wconf 61' lang='lat' dir='ltr'><strong>Veneﬁca:</strong></span> <span class='ocrx_word' id='word_1_813' title='bbox 2271 5306 2432 5361; x_wconf 87' lang='lat' dir='ltr'><strong>etiam</strong></span> <span class='ocrx_word' id='word_1_814' title='bbox 2455 5308 2720 5379; x_wconf 88' lang='lat' dir='ltr'><strong>sanguine</strong></span> <span class='ocrx_word' id='word_1_815' title='bbox 2745 5309 3002 5365; x_wconf 90' lang='lat' dir='ltr'><strong>dicuntur</strong></span> <span class='ocrx_word' id='word_1_816' title='bbox 3027 5309 3188 5366; x_wconf 84' lang='lat' dir='ltr'><strong>hodie</strong></span> <span class='ocrx_word' id='word_1_817' title='bbox 3210 5310 3445 5365; x_wconf 87' lang='lat' dir='ltr'><strong>sancire.</strong></span> 
     </span>
    </p>
   </div>
   <div class='ocr_carea' id='block_1_111' title="bbox 2047 5396 3584 5474">
    <p class='ocr_par' dir='ltr' id='par_1_111' title="bbox 2047 5396 3584 5474">
     <span class='ocr_line' id='line_1_111' title="bbox 2047 5396 3584 5474; baseline 0.006 -23"><span class='ocrx_word' id='word_1_818' title='bbox 2047 5396 2075 5469; x_wconf 65' lang='grc' dir='ltr'>ς</span> <span class='ocrx_word' id='word_1_819' title='bbox 2104 5397 2271 5452; x_wconf 82' lang='grc'><strong>18.-</strong></span> <span class='ocrx_word' id='word_1_820' title='bbox 2289 5397 2476 5471; x_wconf 81' lang='lat' dir='ltr'><strong>Neque</strong></span> <span class='ocrx_word' id='word_1_821' title='bbox 2493 5415 2624 5456; x_wconf 91' lang='lat' dir='ltr'><strong>vero</strong></span> <span class='ocrx_word' id='word_1_822' title='bbox 2646 5401 2922 5459; x_wconf 90' lang='lat' dir='ltr'><strong>initiorum</strong></span> <span class='ocrx_word' id='word_1_823' title='bbox 2951 5403 3232 5459; x_wconf 83' lang='lat' dir='ltr'><strong>dumtaxat</strong></span> <span class='ocrx_word' id='word_1_824' title='bbox 3258 5403 3431 5458; x_wconf 84' lang='lat' dir='ltr'><strong>vicem</strong></span> <span class='ocrx_word' id='word_1_825' title='bbox 3454 5418 3584 5474; x_wconf 84' lang='lat' dir='ltr'><strong>sup-</strong></span> 
     </span>
    </p>
   </div>
   <div class='ocr_carea' id='block_1_112' title="bbox 1977 5488 3586 5564">
    <p class='ocr_par' dir='ltr' id='par_1_112' title="bbox 1977 5488 3586 5564">
     <span class='ocr_line' id='line_1_112' title="bbox 1977 5488 3586 5564; baseline 0.004 -21"><span class='ocrx_word' id='word_1_826' title='bbox 1977 5488 2156 5559; x_wconf 87' lang='lat' dir='ltr'><strong>plebat</strong></span> <span class='ocrx_word' id='word_1_827' title='bbox 2210 5490 2510 5561; x_wconf 87' lang='lat' dir='ltr'><strong>baptismus</strong></span> <span class='ocrx_word' id='word_1_828' title='bbox 2534 5535 2549 5562; x_wconf 94' lang='lat'><strong>,</strong></span> <span class='ocrx_word' id='word_1_829' title='bbox 2606 5494 2748 5564; x_wconf 88' lang='lat' dir='ltr'><strong>pacti</strong></span> <span class='ocrx_word' id='word_1_830' title='bbox 2787 5497 2947 5550; x_wconf 87' lang='lat' dir='ltr'><strong>etiam</strong></span> <span class='ocrx_word' id='word_1_831' title='bbox 2997 5496 3144 5550; x_wconf 86' lang='lat' dir='ltr'><strong>illaut</strong></span> <span class='ocrx_word' id='word_1_832' title='bbox 3185 5495 3482 5550; x_wconf 86' lang='lat' dir='ltr'><strong>obtinebat.</strong></span> <span class='ocrx_word' id='word_1_833' title='bbox 3511 5496 3586 5550; x_wconf 84' lang='lat' dir='ltr'><strong>At</strong></span> 
     </span>
    </p>
   </div>
   <div class='ocr_carea' id='block_1_113' title="bbox 1977 5581 3580 5656">
    <p class='ocr_par' dir='ltr' id='par_1_113' title="bbox 1977 5581 3580 5656">
     <span class='ocr_line' id='line_1_113' title="bbox 1977 5581 3580 5656; baseline 0.004 -20"><span class='ocrx_word' id='word_1_834' title='bbox 1977 5581 2362 5652; x_wconf 86' lang='lat' dir='ltr'><strong>paciscentium</strong></span> <span class='ocrx_word' id='word_1_835' title='bbox 2388 5599 2602 5656; x_wconf 90' lang='lat' dir='ltr'><strong>quoque</strong></span> <span class='ocrx_word' id='word_1_836' title='bbox 2631 5601 2749 5640; x_wconf 90' lang='lat' dir='ltr'><strong>mos</strong></span> <span class='ocrx_word' id='word_1_837' title='bbox 2775 5596 2892 5642; x_wconf 90' lang='lat' dir='ltr'><strong>erat</strong></span> <span class='ocrx_word' id='word_1_838' title='bbox 2921 5601 3020 5642; x_wconf 88' lang='lat' dir='ltr'><strong>suo</strong></span> <span class='ocrx_word' id='word_1_839' title='bbox 3049 5586 3285 5642; x_wconf 91' lang='lat' dir='ltr'><strong>invicem</strong></span> <span class='ocrx_word' id='word_1_840' title='bbox 3314 5586 3580 5653; x_wconf 86' lang='lat' dir='ltr'><strong>sanguine</strong></span> 
     </span>
    </p>
   </div>
   <div class='ocr_carea' id='block_1_114' title="bbox 1975 5663 3583 5746">
    <p class='ocr_par' dir='ltr' id='par_1_114' title="bbox 1975 5663 3583 5746">
     <span class='ocr_line' id='line_1_114' title="bbox 1975 5663 3583 5746; baseline 0.002 -16"><span class='ocrx_word' id='word_1_841' title='bbox 1975 5673 2179 5731; x_wconf 71' lang='lat' dir='ltr'><strong>fmdera</strong></span> <span class='ocrx_word' id='word_1_842' title='bbox 2226 5677 2457 5732; x_wconf 87' lang='lat' dir='ltr'><strong>sancire.</strong></span> <span class='ocrx_word' id='word_1_843' title='bbox 2490 5678 2567 5733; x_wconf 91' lang='lat' dir='ltr'><strong>lta</strong></span> <span class='ocrx_word' id='word_1_844' title='bbox 2613 5663 3082 5735; x_wconf 88' lang='lat' dir='ltr'><strong>circumcisionem</strong></span> <span class='ocrx_word' id='word_1_845' title='bbox 3127 5691 3280 5732; x_wconf 88' lang='lat' dir='ltr'><strong>suam</strong></span> <span class='ocrx_word' id='word_1_846' title='bbox 3311 5676 3583 5746; x_wconf 86' lang='lat' dir='ltr'><strong>intellige-</strong></span> 
     </span>
    </p>
   </div>
   <div class='ocr_carea' id='block_1_115' title="bbox 1975 5769 3578 5842">
    <p class='ocr_par' dir='ltr' id='par_1_115' title="bbox 1975 5769 3578 5842">
     <span class='ocr_line' id='line_1_115' title="bbox 1975 5769 3578 5842; baseline -0.001 -17"><span class='ocrx_word' id='word_1_847' title='bbox 1975 5769 2105 5825; x_wconf 89' lang='lat' dir='ltr'><strong>bant</strong></span> <span class='ocrx_word' id='word_1_848' title='bbox 2131 5769 2324 5826; x_wconf 67' lang='lat' dir='ltr'><strong>Judaei.</strong></span> <span class='ocrx_word' id='word_1_849' title='bbox 2348 5769 2502 5826; x_wconf 90' lang='lat' dir='ltr'><strong>Unde</strong></span> <span class='ocrx_word' id='word_1_850' title='bbox 2539 5771 2701 5826; x_wconf 89' lang='lat' dir='ltr'><strong>etiam</strong></span> <span class='ocrx_word' id='word_1_851' title='bbox 2749 5771 2838 5842; x_wconf 86' lang='lat' dir='ltr'><strong>qui</strong></span> <span class='ocrx_word' id='word_1_852' title='bbox 2865 5779 3024 5842; x_wconf 87' lang='lat' dir='ltr'><strong>pacto</strong></span> <span class='ocrx_word' id='word_1_853' title='bbox 3067 5769 3306 5823; x_wconf 88' lang='lat' dir='ltr'><strong>mosalco</strong></span> <span class='ocrx_word' id='word_1_854' title='bbox 3335 5781 3434 5837; x_wconf 86' lang='lat' dir='ltr'><strong>per</strong></span> <span class='ocrx_word' id='word_1_855' title='bbox 3458 5781 3578 5823; x_wconf 74' lang='lat' dir='ltr'><strong>san~</strong></span> 
     </span>
    </p>
   </div>
   <div class='ocr_carea' id='block_1_116' title="bbox 1975 5857 3585 5937">
    <p class='ocr_par' dir='ltr' id='par_1_116' title="bbox 1975 5857 3585 5937">
     <span class='ocr_line' id='line_1_116' title="bbox 1975 5857 3585 5937; baseline -0.003 -16"><span class='ocrx_word' id='word_1_856' title='bbox 1975 5863 2195 5936; x_wconf 85' lang='lat' dir='ltr'><strong>guinem</strong></span> <span class='ocrx_word' id='word_1_857' title='bbox 2229 5863 2472 5924; x_wconf 85' lang='lat' dir='ltr'><strong>initiatus</strong></span> <span class='ocrx_word' id='word_1_858' title='bbox 2493 5863 2705 5935; x_wconf 80' lang='lat' dir='ltr'><strong>fuisset,</strong></span> <span class='ocrx_word' id='word_1_859' title='bbox 2729 5877 2873 5937; x_wconf 88' lang='lat' dir='ltr'><strong>eum,</strong></span> <span class='ocrx_word' id='word_1_860' title='bbox 2896 5879 2993 5935; x_wconf 89' lang='lat' dir='ltr'><strong>pro</strong></span> <span class='ocrx_word' id='word_1_861' title='bbox 3021 5859 3253 5931; x_wconf 77' lang='lat' dir='ltr'><strong>receptis</strong></span> <span class='ocrx_word' id='word_1_862' title='bbox 3273 5857 3585 5916; x_wconf 74' lang='lat' dir='ltr'><strong>Judzt&#39;orum</strong></span> 
     </span>
    </p>
   </div>
  </div>
