3888 6350
308 359 379 414 65
1303 351 1668 411 DODWEIJJ
1707 347 2161 408 DISSERTATIO
2200 349 2615 414 CYPRIANICA
3549 358 3626 416 οι

308 476 568 544 moribus,
591 481 702 565 pm
742 481 892 533 mea
919 475 1248 546 appellatum
1275 475 1341 530 ad
1371 474 1569 540 Eram,
1601 488 1674 538 tv,
1698 472 1789 537 26,
1815 469 1911 524 oh-
1941 468 1990 527 A
2020 465 2155 565 irato
2208 469 2429 565 numine
2473 470 2662 539 patriae
2706 470 2982 529 calamitas
3012 489 3135 545 qum
3177 477 3472 533 multorum
3499 467 3626 532 citi—

311 564 608 626 servarunt’
645 569 828 625 Medus
883 578 1045 640 atque
1087 568 1404 640 Gregorius,
1435 577 1489 622 et
1537 575 1660 620 ante
1718 564 1835 619 illos
1860 564 1909 616 in

311 659 512 717 Lexico
544 677 644 716 suo
682 660 1058 717 Schindlerus.
1090 661 1234 716 Idem
1290 661 1341 713 in
1393 657 1670 728 gentilium
1699 671 1910 726 quoque

312 754 488 825 pactis
515 753 764 822 obtinuit,
798 769 1029 824 quorum
1067 752 1317 823 equidem
1342 749 1655 805 memoriam
1680 748 1910 816 aliquam

315 845 480 903 hodie
519 845 836 914 retinemus,
870 847 1275 918 antiquissimis.
1313 845 1387 900 De
1418 843 1584 898 Medis
1609 852 1768 912 atque
1809 840 1912 912 Ly-

317 938 400 994 dis
425 948 614 994 auctor
658 948 736 995 est
791 941 843 994 in
888 939 1004 994 Clio
1050 937 1370 1005 Herodotus,
1415 935 1559 1013 ὅρκια
1589 934 1643 992 δὲ
1681 937 1909 990 ποιέεται

311 1038 484 1088 ταῦτα
508 1034 577 1088 τὰ
610 1030 756 1087 ἔθνεα
799 1034 1021 1108 semper
1067 1032 1295 1092 Eumer
1339 1035 1426 1086 καὶ
1470 1031 1601 1107 πρὸς
1639 1030 1729 1084 τού
1784 1047 1918 1080 τοισι

313 1125 469 1182 ἐπεάν
498 1129 619 1188 τοὺς
641 1127 931 1203 βραχίονας
962 1124 1329 1200 ἐπιτάμωνται,
1353 1146 1404 1186 ες
1428 1129 1516 1183 τήν
1539 1121 1842 1197 ὁμοχροιΐην
1863 1119 1919 1171 τὸ

317 1215 446 1292 αἷμα
486 1219 828 1292 ἀναλείχουσι
866 1219 1104 1279 ἀλλήλων.
1136 1220 1210 1275 De
1241 1218 1449 1289 Scythis
1470 1219 1521 1272 in
1553 1214 1872 1286 Melpomene
1899 1225 1917 1262 :

319 1307 471 1386 ὅρκια
514 1307 567 1363 δὲ
591 1315 859 1364 ποιοῦνται
881 1313 1060 1365 Σκύθαι
1085 1307 1179 1366 ὧδε
1198 1355 1211 1376 ,
1240 1314 1369 1388 πρὸς
1392 1311 1514 1369 τούς
1540 1303 1599 1362 ἂν
1628 1307 1914 1360 ποιέωνται·

318 1407 369 1462 ἅς
389 1401 572 1455 κύλικα
598 1401 818 1474 μεγάλην
847 1405 1120 1478 κεραμίνην
1147 1399 1276 1458 οἶνον
1300 1405 1596 1474 ἐγχέαντες,
1629 1395 1757 1470 αἷμα
1779 1420 1914 1466 συμ-

315 1496 564 1568 μίσγουσι
590 1501 688 1552 τῶν
726 1497 791 1550 τὰ
818 1494 964 1572 ὅρκια
996 1498 1338 1569 ταμνομένων.
1375 1496 1449 1550 De
1476 1495 1664 1549 iisdem
1703 1493 1918 1562 Scythis

315 1593 480 1654 atque
509 1584 680 1641 Medis
723 1587 793 1640 ita
835 1585 1051 1642 Solinus
1081 1604 1093 1639 :
1133 1606 1151 1638 ι
1186 1587 1391 1642 Hattstu
1436 1586 1609 1641 mutui
1639 1586 1916 1656 sanguinis

316 1675 494 1732 ftedus
527 1677 796 1741 sanciunt,
827 1693 932 1734 non
965 1693 1064 1734 suo
1097 1689 1298 1734 tantum
1323 1694 1494 1743 more,
1521 1677 1615 1733 sed
1639 1677 1914 1734 Medorum

316 1782 532 1839 quoque
568 1777 820 1837 usurpata
847 1769 1151 1839 disciplina.
1191 1788 1210 1822 ι
1247 1770 1554 1842 (PolyhisL,
1606 1785 1657 1825 c.
1691 1770 1808 1840 ΞΟ.)
1849 1769 1918 1825 Et

2026 562 2160 616 titnn
2189 563 2540 632 epidcnticum
2571 566 2888 635 minaretur,
2934 568 3227 624 multorum
3261 571 3382 625 vita:
3411 585 3625 642 pauco—

2020 672 2139 710 rum
2195 666 2350 712 crant
2401 660 2660 729 sanguine
2706 661 3069 728 redimendae,
3110 665 3222 718 sive
3272 663 3315 718 is
3347 665 3625 720 sacriﬁcio

2022 759 2182 816 esset,
2210 750 2321 804 sive
2347 750 2452 804 alio
2482 751 2662 819 aliquo
2701 752 2860 807 modo
2889 753 3233 811 hauriendus.
3259 754 3390 810 Eam
3419 758 3625 832 ἀνθρω-

2029 845 2294 910 ποθυσίας,
2327 843 2781 913 apud'Phteuicas
2811 845 3070 901 rationem
3094 845 3325 902 reddidit
3353 846 3480 920 (Ap.
3513 847 3629 900 Eu-

2021 934 2146 997 seb.,
2166 931 2343 1007 Pra'p.
2369 938 2744 1008 ευα119.,1,10;
2770 934 3536 1010 tv,16:Porpltyr.,deAbst.,
3564 955 3626 1005 tt,

2023 1023 2135 1095 ὺϐ),
2157 1026 2297 1095 apud
2328 1027 2603 1084 Philonem
2635 1029 2895 1102 Byblium,
2925 1030 3134 1086 Pseudo
3165 1031 3464 1086 Sanchouia
3489 1033 3628 1087 tlton

2019 1127 2228 1184 auctor,
2260 1129 2315 1172 ιιι
2343 1120 2505 1190 vulgo
2531 1123 2788 1186 creditur,
2814 1125 3223 1180 vetustissimus.
3253 1124 3509 1181 Eamdem
3540 1126 3631 1181 di-

2019 1219 2147 1265 cunt
2180 1211 2441 1266 rationem
2487 1213 2778 1285 mythoIOgi
2825 1231 2921 1270 cur
2966 1215 3205 1288 Phryrus
3253 1227 3307 1273 et
3338 1218 3492 1273 Helle
3524 1233 3625 1272 sa-

2021 1303 2226 1358 criﬁcio
2251 1305 2673 1371 destinarentur,
2705 1323 2825 1362 cum
2857 1319 3013 1364 terra:
3042 1310 3297 1366 sterilitas
3330 1312 3431 1384 (ita
3461 1313 3629 1368 enim

2022 1396 2330 1450 Athamanti
2357 1400 2621 1466 persuasit
2649 1398 2766 1472 Ino)
2792 1401 2982 1456 famem
3016 1402 3330 1457 minaretur.
3356 1402 3629 1458 Eantdent

2021 1501 2119 1541 cur
2145 1486 2338 1543 Leonis
2386 1488 2531 1556 ﬁliae,
2562 1505 2660 1545 cur
2709 1491 3074 1559 Andromeda,
3121 1508 3217 1547 cur
3242 1494 3434 1560 etiam,
3477 1494 3629 1564 apud

2020 1581 2353 1637 recentiores
2398 1582 2688 1649 Romanos,
2706 1582 2918 1640 Curtius
2945 1596 2998 1640 et
3025 1585 3137 1640 duo
3165 1586 3310 1641 Decii
3330 1601 3408 1650 se,
3435 1586 3633 1657 patri;e

2021 1672 2302 1727 servandae
2331 1675 2662 1745 augendaeve
2689 1678 3062 1747 gratia,exitio
3085 1679 3427 1736 devoverint.
3459 1679 3634 1735 Excr-

2022 1766 2160 1821 citus
2184 1768 2410 1823 salutem
2444 1769 2612 1824 voluit
2634 1772 3004 1840 Agamemnon
3036 1769 3312 1843 Iphigenia
3344 1771 3451 1826 ﬁlia
3476 1787 3577 1827 sua
3612 1790 3627 1837 ;

318 1872 450 1913 vero
475 1859 705 1914 aliorum
735 1859 1107 1928 barbarorum,
1133 1875 1358 1932 quorum
1382 1861 1498 1917 hzec
1521 1870 1734 1932 recepta
1757 1859 1920 1917 fuerit
1948 1855 1995 1914 B
2027 1857 2269 1915 voluitet
2297 1860 2450 1914 hoste
2492 1860 2785 1932 Polyxena,
2815 1862 3145 1918 immolanda
3186 1878 3421 1919 servare.
3459 1861 3631 1918 Multa

319 1952 676 2020 consuetudo,
702 1954 1068 2010 meminerunt
1097 1955 1336 2010 historici
1365 1955 1528 2011 etiam
1563 1955 1915 2010 recentiores.

319 2047 654 2117 Quamquam
670 2056 725 2103 et
744 2049 797 2102 in
819 2048 925 2104 illis
941 2063 1157 2119 quoque
1185 2049 1461 2104 brutorum
1478 2047 1760 2104 sacriﬁciis
1778 2048 1919 2104 idem

323 2139 653 2196 intellexisse
672 2141 906 2211 gentiles
922 2142 1278 2197 ostenderunt
1306 2142 1473 2197 nostri
1493 2141 1754 2199 adversus
1781 2143 1918 2198 soci—

322 2231 532 2291 nianos.
567 2231 845 2287 hominum
875 2232 1046 2288 vicem
1078 2233 1314 2303 gessisse
1347 2235 1466 2290 illas
1496 2236 1772 2290 brutorum
1807 2248 1920 2288 tna-

322 2327 590 2381 ctationes
617 2326 811 2381 similia
839 2327 939 2383 sibi
962 2327 1387 2399 imprecantium
1416 2327 1458 2382 si
1504 2326 1664 2381 ﬁdem
1699 2325 1923 2382 fefellis-

323 2429 471 2476 sent.
501 2419 644 2490 Ergo
675 2419 762 2476 ille
790 2434 1006 2490 quoque
1035 2419 1427 2476 sacriﬁciorum
1453 2421 1671 2492 sanguis
1699 2420 1920 2474 humani

329 2519 508 2566 tamen
535 2519 656 2567 erat
692 2509 970 2582 sanguinis
1007 2512 1274 2576 vicarius,
1321 2512 1622 2581 eodemque
1652 2522 1768 2567 erat
1803 2512 1922 2567 loco

321 2604 626 2660 censendus
647 2619 711 2660 ac
742 2607 788 2660 si
819 2607 980 2661 homo
1010 2606 1126 2676 ipse
1174 2606 1488 2677 sanguinem
1531 2606 1803 2677 proprium
1826 2622 1921 2678 op-

321 2699 687 2770 pignorasset.
715 2697 959 2770 Cumque
987 2699 1187 2770 duplex
1233 2710 1378 2756 esset
1408 2699 1548 2765 haec,
1598 2716 1755 2771 quam
1785 2701 1917 2765 dixi,

329 2798 439 2846 tam
466 2789 606 2860 apud
637 2788 854 2848 Iudaeos
877 2807 1037 2862 quam
1066 2792 1313 2863 gentiles,
1343 2808 1495 2864 aqua:
1517 2802 1678 2862 atque
1705 2793 1922 2864 sangui—

322 2883 427 2945 nis,
444 2889 786 2951 peccatorum
809 2884 1197 2952 expiandorum
1212 2884 1400 2954 gratia,
1418 2894 1635 2954 recepta
1654 2884 1921 2950 lustratio;

324 2974 502 3043 major
529 2985 709 3031 tamen
752 2976 956 3032 credita
1005 2985 1122 3041 est,
1170 2977 1444 3047 sanguinis
1475 3018 1488 3039 ,
1539 2993 1698 3048 quant
1745 2993 1922 3048 aqum,

328 3066 591 3122 efﬁcacia.
641 3067 869 3124 Leviora
913 3069 1057 3124 enim
1105 3077 1260 3123 erant
1291 3067 1381 3123 illa
1412 3084 1532 3139 quae
1563 3085 1715 3138 aqua:
1741 3085 1926 3140 asper-

324 3161 480 3216 sione
524 3162 786 3230 expianda
831 3162 1206 3219 crederentur.
1246 3160 1507 3217 Graviora
1553 3178 1780 3233 quaeque
1807 3177 1926 3232 qua:

2025 1959 2152 2003 sunt
2202 1950 2392 2005 eodem
2441 1955 2737 2024 spectantia
2789 1955 3034 2026 exempla
3062 1971 3181 2027 qua:
3216 1956 3428 2026 plenam
3460 1956 3629 2014 ﬁdem

2023 2041 2223 2097 faciant
2261 2053 2520 2114 quantum
2562 2045 2614 2100 in
2665 2045 2916 2102 humanis
2965 2048 3280 2104 criminibus
3329 2051 3632 2122 expiandis

2025 2135 2261 2191 humano
2311 2139 2557 2208 sanguini
2590 2140 2895 2206 tribuerint,
2930 2153 3186 2212 quantum
3241 2143 3404 2199 etiam
3434 2146 3632 2216 aqueis

2024 2229 2172 2284 illum
2221 2231 2625 2287 lustrationibus
2655 2235 3005 2302 praetulerint.
3038 2235 3192 2306 Apttd
3245 2235 3471 2291 Judzeos
3502 2237 3624 2306 ipsa

2026 2323 2366 2378 circumcisio
2394 2327 2701 2397 sanguinea:
2721 2327 2942 2383 omnino
2980 2329 3300 2398 expiationis
3330 2329 3468 2401 (sive
3496 2331 3629 2401 bap-

2029 2416 2247 2472 tismum
2291 2433 2412 2472 cum
2475 2418 2699 2473 Domino
2726 2420 3002 2490 appellare
3033 2420 3210 2492 malis)
3252 2421 3423 2477 vicem
3455 2423 3631 2476 susti-

2029 2510 2211 2576 nebat,
2266 2521 2318 2564 et
2349 2511 2565 2580 quidem
2620 2511 2856 2567 humano
2905 2511 3072 2583 ipsius
3124 2514 3315 2568 initiati
3360 2515 3632 2585 sanguine

2030 2595 2305 2658 faciendae.
2337 2603 2470 2658 Cum
2503 2604 2681 2676 itaque
2708 2605 2757 2660 id
2788 2621 2948 2660 unum
2978 2605 3043 2660 ad
3073 2606 3325 2678 baptismi
3359 2607 3630 2662 rationem

2029 2696 2244 2766 pr0pric
2274 2707 2483 2765 spectet
2513 2706 2570 2751 ut
2597 2698 2648 2750 in
2679 2713 2745 2751 eo
2776 2707 2994 2767 peccata
3021 2697 3287 2768 expianda
3319 2697 3425 2752 sint
3450 2715 3465 2763 ;
3499 2713 3628 2754 cum

2028 2791 2211 2857 etiam,
2247 2791 2297 2845 in
2339 2806 2400 2844 ea
2438 2792 2758 2861 expiationis
2801 2792 3032 2857 ratione,
3081 2790 3326 2861 exempla
3375 2789 3630 2845 habuerit

2031 2883 2288 2936 Dominus
2317 2892 2422 2937 tam
2453 2883 2784 2948 Judarornm,
2820 2899 2977 2952 quam
3033 2883 3332 2954 gentilium,
3364 2883 3455 2954 qui
3508 2898 3630 2938 san-

2028 2974 2174 3044 guini
2210 2975 2527 3030 beneﬁcium
2557 2975 2709 3039 illud,
2746 2976 2943 3045 pariter
2973 2991 3036 3032 ac
3082 2991 3238 3047 aqua:
3281 2977 3627 3044 tribuissent,

2030 3065 2119 3136 qui
2153 3065 2387 3120 humano
2415 3067 2577 3120 etiam
2611 3067 2776 3137 ipsius
2808 3067 2996 3123 initiati
3025 3069 3290 3139 sanguini,
3319 3070 3409 3139 qui
3465 3069 3634 3138 majo-

2031 3173 2144 3212 rem
2189 3175 2401 3230 quoque
2429 3157 2726 3214 efﬁcaciam
2760 3161 3066 3231 sanguineae
3096 3161 3395 3216 lustrationi
3421 3203 3436 3225 ,
3464 3178 3630 3231 quam

325 3253 536 3325 piacula
591 3254 706 3309 sive
756 3251 864 3326 ἄγη
911 3253 1248 3309 habebantur
1274 3295 1288 3318 ,
1336 3255 1598 3324 sanguine
1652 3255 1926 3325 purganda
1954 3242 1999 3304 C
2034 3249 2117 3304 vel
2146 3266 2331 3321 aquca:
2380 3253 2825 3309 concessissent:
2857 3253 2971 3308 Non
3018 3263 3134 3310 erat
3176 3269 3310 3309 sane
3336 3267 3634 3310 consenta-

325 3356 505 3402 erant.
523 3345 879 3410 Homicidium
911 3346 1052 3403 inter
1073 3347 1280 3417 piacula
1309 3349 1667 3403 numerabant
1691 3361 1924 3417 veteres,

324 3439 468 3509 quod
509 3439 763 3495 nimirum
813 3439 915 3511 ipsi
965 3450 1122 3496 terrae
1168 3440 1436 3495 maculam
1489 3441 1730 3497 inureret
1757 3442 1925 3508 nullo,

333 3541 694 3605 praeterquam
725 3533 1026 3604 sanguinis,
1060 3533 1275 3588 lavacro
1302 3534 1607 3590 eluendum.
1645 3536 1776 3604 Ejus
1827 3551 1927 3590 au-

330 3635 459 3690 tem,
484 3627 530 3682 si
561 3635 722 3682 notus
769 3626 962 3683 fuisset
1012 3636 1220 3689 auctor.
1257 3628 1477 3698 proprio
1504 3628 1623 3698 ejus
1666 3630 1928 3701 sanguine

331 3719 600 3790 piaculum
626 3720 954 3789 expiabant;
982 3721 1064 3775 sin
1097 3721 1362 3787 latuisset,
1391 3736 1567 3776 vacca:
1589 3724 1847 3793 sanguine
1876 3724 1926 3778 in

334 3813 459 3869 loco
482 3813 846 3868 immolanda.
872 3811 1059 3883 Neque
1087 3829 1217 3868 vero
1243 3814 1420 3870 caedes
1449 3816 1586 3882 sola,
1627 3815 1723 3870 sed
1749 3825 1802 3871 et
1829 3817 1929 3870 im-

327 3906 534 3977 puritas
562 3903 649 3958 illa
669 3904 856 3974 legalis
880 3921 910 3959 e
935 3906 1255 3961 morticiniis
1282 3915 1533 3963 contactu
1559 3909 1928 3965 contrahenda

324 4013 506 4054 vaccae
528 3997 661 4053 rufa:
681 3997 957 4053 cineribus
984 3997 1258 4070 purganda
1281 4008 1413 4056 erat.
1437 4000 1740 4067 Quinetiam
1765 4003 1928 4058 totius

331 4093 515 4165 populi
538 4092 814 4148 israelitici
839 4101 1058 4163 peccata
1080 4093 1131 4147 in
1156 4093 1364 4148 hircum
1390 4094 1725 4149 emissarium
1753 4094 1926 4164 (Leu,

329 4187 448 4259 xvt)
489 4185 878 4257 imprecatione
904 4185 1145 4256 conjecta
1175 4195 1331 4252 sunt,
1356 4187 1597 4256 ejusdem
1623 4195 1681 4240 ιιι
1704 4186 1929 4243 Rabbini

327 4279 520 4335 volunt
549 4322 565 4346 ,
613 4287 788 4334 morte
842 4277 1057 4334 luenda.
1089 4276 1200 4334 Nec
1251 4278 1354 4333 alia
1383 4278 1694 4334 Grtecorum
1721 4292 1836 4336 erat
1862 4280 1928 4336 de

327 4377 442 4431 suis
470 4388 687 4446 quoque
717 4375 1015 4446 καθάρμασι
1045 4373 1332 4439 sententia,
1362 4381 1420 4427 ttt
1446 4388 1514 4428 ex
1547 4374 1930 4444 Aristophanis

338 4466 631 4522 scholiaste
655 4465 915 4521 discimus
940 4466 1148 4533 (Arist..
1181 4467 1343 4522 schol.
1372 4468 1426 4521 in
1458 4465 1655 4537 Plut.).
1690 4465 1933 4538 Tamque

2033 3359 2191 3398 uemn
2224 3353 2281 3398 ut
2311 3360 2470 3414 quam
2499 3345 2752 3414 expiandi
2786 3346 3042 3416 majorem
3072 3348 3123 3400 itt
3156 3345 3420 3417 sanguine
3465 3363 3631 3417 quam

2032 3437 2082 3492 itt
2111 3452 2246 3508 aqua
2277 3439 2525 3493 virtutem
2577 3439 2665 3493 alii
2697 3439 2836 3509 apttd
2871 3455 2930 3495 se
2959 3440 3122 3496 fuisse
3151 3441 3534 3511 gloriarentur,
3563 3457 3632 3497 ea

2031 3531 2129 3585 soli
2160 3531 2436 3586 christiani
2486 3531 2926 3587 destituerentur.
2961 3532 3278 3589 Prmsertim
3328 3549 3449 3588 cum
3481 3534 3532 3588 in
3564 3550 3632 3588 eo

2033 3626 2259 3691 versari,
2297 3626 2406 3696 jam
2453 3625 2707 3694 diximus,
2765 3626 3050 3682 universan
3121 3627 3232 3682 iere
3268 3626 3401 3683 Novi
3434 3626 3630 3682 Testa-

2034 3721 2199 3776 meuti
2228 3721 2767 3792 argumentationem.
2801 3731 2857 3775 ut
2889 3736 3238 3791 quaecumque
3270 3732 3476 3787 essent,
3513 3721 3632 3778 sive

2032 3816 2169 3887 apud
2198 3816 2433 3882 Judteos,
2458 3816 2570 3871 sive
2601 3818 2852 3888 gentiles,
2883 3817 3158 3890 privilegia
3196 3817 3263 3872 de
3288 3817 3483 3888 quibus
3506 3817 3629 3888 glo-

2033 3909 2325 3972 riarentur,
2355 3923 2416 3963 ea
2450 3908 2761 3964 christianis
2808 3910 3000 3979 potiori
3051 3910 3514 3979 prtestantiorique
3544 3923 3637 3963 ra-

2034 4001 2178 4056 tione
2209 4003 2500 4056 convenire
2522 4001 2895 4072 probarentur.
2919 4001 3031 4056 Non
3064 4013 3180 4058 erat
3207 4009 3632 4057 consentaneum

2035 4104 2116 4159 ut,
2146 4109 2270 4149 cunt
2307 4099 2357 4148 in
2407 4094 2595 4150 cadent
2644 4095 2744 4150 hac
2789 4110 2950 4150 causa
2982 4095 3230 4166 baptismi
3261 4110 3446 4150 vocent
3479 4093 3636 4148 adhi-

2031 4187 2226 4242 berent
2271 4195 2377 4241 tam
2426 4189 2543 4256 ipse
2577 4186 2835 4241 Dominus
2886 4202 3046 4257 quam
3107 4186 3237 4241 Novi
3294 4187 3630 4242 Testamcnti

2034 4281 2350 4352 scriptores,
2383 4280 2542 4334 aliam
2574 4290 2750 4334 tamen
2781 4279 3230 4349 significationem
3266 4280 3637 4349 intelligerent

2033 4389 2192 4444 quam
2223 4372 2474 4443 eXpiandi
2511 4374 2654 4428 illam
2699 4372 2938 4427 omnium
2989 4373 3326 4428 notissimam
3367 4372 3634 4442 receptis-

2036 4465 2351 4534 simantque.
2377 4464 2494 4520 Non
2517 4475 2633 4520 erat
2657 4473 3078 4521 consentaneum
3107 4475 3183 4531 ut,
3209 4465 3299 4535 qui
3328 4465 3397 4519 ita
3425 4464 3636 4519 sensis-

330 4569 448 4616 erat
507 4559 826 4616 universalis
881 4559 996 4614 haec
1057 4571 1397 4629 peccatorum
1442 4575 1539 4631 per
1616 4562 1929 4631 sanguinem
1969 4630 1984 4631 γ
2037 4568 2175 4622 sent,
2207 4559 2366 4615 aliter
2417 4570 2593 4615 tamen
2639 4559 2985 4627 loquerentur
3015 4575 3173 4630 quam
3207 4569 3498 4630 martyrem
3534 4573 3634 4613 uo-

336 4655 606 4726 purgatio.
637 4662 696 4708 ut
725 4652 927 4709 nullam
965 4653 1051 4708 hic
1075 4655 1445 4724 exceptionem
1498 4653 1752 4710 adhibeat
1783 4655 1929 4725 Apo—
1957 4630 2011 4690 D
2039 4660 2208 4705 stt-um
2238 4651 2347 4722 jam
2396 4652 2634 4708 locutum
2662 4652 3088 4716 observavimus,
3120 4660 3178 4705 nt
3223 4652 3471 4706 nimirum
3500 4666 3633 4706 san-

328 4749 504 4804 stolus
536 4765 550 4802 :
577 4749 705 4804 Sine
748 4747 1034 4818 sanguinis,
1088 4748 1295 4818 inquit,
1328 4746 1576 4814 e/fusione
1605 4765 1706 4803 non
1738 4749 1796 4818 ﬁt
1842 4766 1927 4803 re-

330 4842 506 4898 missio
533 4841 750 4915 (Helm,
781 4858 860 4907 tx,
893 4840 1011 4914 22).
1038 4840 1115 4894 lta
1161 4851 1581 4896 consentaneum
1633 4850 1753 4897 erat
1804 4841 1925 4896 illo-

331 4951 452 4992 rum
504 4944 806 5006 temporum
866 4931 1229 5004 dogmatibus,
1261 4941 1319 4987 ut
1341 4949 1462 4988 cum
1507 4944 1789 5004 utramque
1821 4945 1927 4989 tant

330 5027 627 5099 sanguinis,
680 5042 839 5097 quam
889 5041 1042 5097 aqua:
1089 5025 1448 5095 expiationem
1512 5041 1609 5095 pro
1660 5027 1927 5096 baptismo

333 5121 619 5186 haberent,
654 5120 913 5190 majorem
956 5127 1133 5174 tamen
1162 5117 1444 5186 sanguinei
1465 5117 1737 5189 baptismi,
1766 5133 1926 5189 quam

332 5215 514 5287 aquei,
541 5214 797 5270 virtutem
822 5222 1200 5286 agnoscerem.

405 5309 434 5380 §
460 5307 549 5362 l9.
579 5335 650 5346 —
677 5307 743 5360 Et
765 5317 823 5361 ut
847 5307 1096 5377 sanguini
1126 5307 1178 5360 in
1203 5305 1306 5360 hoc
1333 5308 1657 5378 expiationis
1682 5307 1924 5378 negotio,

333 5411 516 5471 partes
545 5399 910 5454 concedebant
935 5399 1089 5455 facile
1118 5401 1437 5470 primarias;
1474 5401 1541 5453 ita
1568 5399 1784 5455 humani
1804 5417 1926 5454 san-

330 5493 529 5563 guinis,
558 5506 672 5561 pra:
698 5490 816 5544 aliis
845 5493 1005 5545 etiam
1032 5492 1402 5560 sanguinibns,
1428 5493 1534 5546 vim
1568 5492 1723 5562 longe
1752 5492 1923 5547 maxi-

334 5601 477 5641 mam
522 5593 878 5654 agnoverunt.
924 5583 1048 5637 lnde
1101 5595 1276 5638 ortttm
1329 5583 1482 5638 duxit
1537 5585 1784 5638 immanis
1812 5585 1925 5650 illa,

330 5700 451 5753 qna:
500 5683 642 5751 apud
685 5693 896 5736 veteres
929 5682 1172 5747 invaluit,
1205 5684 1624 5760 ἀνθρωποθυσίας,
1656 5680 1795 5749 quod
1830 5681 1926 5734 de-

338 5776 552 5831 delictis
601 5775 874 5829 hominum
902 5774 1184 5845 expiandis
1212 5775 1478 5828 humanus
1509 5772 1729 5843 sanguis
1759 5773 1926 5841 aptis-

337 5875 502 5929 simus
531 5868 817 5924 \‘itif‘l‘Cllll'.
853 5873 985 5930 Cum
1028 5852 1253 5944 gravior
1285 5867 1464 5936 aliqua
1513 5865 1822 5923 immineret
1863 5869 1932 5924 ah

2033 4743 2213 4813 guinei
2257 4744 2503 4813 baptismi
2544 4745 2648 4798 vim
2693 4747 2854 4798 etiam
2898 4745 3245 4813 expiatrit-em
3293 4746 3448 4815 aquei
3494 4743 3633 4814 bap-

2035 4837 2175 4892 tismi
2227 4837 2302 4892 illi
2342 4837 2499 4907 longe
2530 4837 2930 4893 anteferendam
2968 4838 3364 4894 existimarent.
3398 4838 3631 4894 Tantum

2033 4929 2183 4984 abest
2217 4939 2274 4983 ut
2301 4929 2489 4984 duram
2531 4930 2687 4996 hanc,
2719 4939 2772 4984 et
2792 4945 2821 4983 a
2850 4939 3313 4985 sacramentormn
3344 4930 3630 5000 dignitate,

2033 5033 2088 5078 et
2139 5022 2352 5076 Domini
2422 5032 2601 5077 mente
2653 5022 2882 5077 alienam
2930 5037 3154 5078 censere
3210 5021 3502 5077 debeamus
3555 5023 3633 5078 lo-

2033 5119 2231 5190 quendi
2282 5120 2570 5185 rationem,
2607 5130 2661 5175 ut
2720 5131 2904 5192 putant
2961 5124 3100 5177 illam
3162 5122 3390 5178 alienant
3442 5120 3633 5177 adven

2032 5212 2180 5268 sarii.

2104 5303 2232 5376 §20.
2265 5338 2335 5346 —
2357 5306 2430 5363 lta
2453 5309 2628 5379 itaque
2648 5309 3004 5375 ostendimus,
3022 5326 3180 5380 quam
3201 5309 3285 5364 hic
3303 5311 3483 5365 omnia
3505 5321 3630 5383 apte

2036 5400 2177 5454 inter
2222 5416 2280 5454 se
2334 5417 2713 5474 congrucque,
2750 5419 2847 5473 pro
2891 5405 3035 5458 illius
3064 5405 3236 5458 (etatis
3287 5405 3631 5475 dogmatibus

2032 5493 2357 5559 cohzereant,
2393 5501 2436 5549 si
2468 5500 2536 5551 ita
2561 5498 2842 5552 Dominum
2873 5499 3071 5568 ipsum,
3091 5501 3158 5553 ita
3192 5500 3307 5563 eius
3334 5500 3627 5569 apostolos,

2033 5589 2417 5658 intelligamus.
2487 5591 2614 5644 Inde
2663 5588 2908 5661 'sequitur
2964 5607 3058 5661 pro
3122 5593 3221 5644 hoc
3279 5606 3399 5645 esse
3451 5591 3630 5660 potius

2034 5696 2197 5735 sensu
2255 5680 2739 5752 prtejudicandttm,
2768 5682 2853 5737 vel
2881 5725 2894 5749 ,
2925 5683 2968 5736 si
2999 5697 3183 5735 vocem
3237 5682 3486 5735 malimus
3518 5694 3631 5738 ter-

2039 5773 2346 5828 tnllianeam
2376 5815 2389 5838 ,
2444 5773 2923 5844 praescribendum,
2970 5774 3021 5827 ni
3070 5772 3212 5829 clara
3261 5776 3628 5829 occurrautin

2037 5867 2213 5936 reipsa
2264 5875 2571 5937 argumenta
2623 5882 2720 5922 cur
2768 5868 2833 5921 sit
2878 5867 3033 5922 aliter
3065 5864 3425 5928 intelligenda.
3462 5867 3621 5936 Atqui
