3888 6340
264 356 318 424 63
1232 359 1323 417 DE
1365 357 1685 420 SECUNDO
1724 355 2110 417 MARTYRUM
2142 358 2501 420 BAPTISMO.
3458 363 3529 420 66

269 486 436 533 tantum
464 474 607 531 abest
640 484 697 531 ut
724 475 788 556 in
820 475 1006 545 reipsa
1044 475 1308 530 contraria
1342 474 1634 529 habeamus
1665 487 1822 543 argu-
1854 474 1907 532 Α
1933 473 2032 528 bus
2058 476 2109 530 in
2141 476 2457 532 societatem
2504 474 2926 534 chriSIianorum
2983 478 3254 549 politicam
3305 480 3529 556 ascribi-

269 579 413 623 menta
441 610 457 635 ,
488 578 542 623 ut
590 567 726 623 nihil
780 569 960 643 magis
1004 567 1162 622 faciat
1210 567 1272 623 ad
1322 574 1519 620 nostrze
1550 566 1830 621 sententiae

270 659 687 715 conﬁrmationem
721 675 890 730 quam
939 661 985 715 si
1017 674 1130 715 rem
1158 658 1325 729 ipsam
1362 657 1597 727 peuitius
1626 655 1830 713 exami-

272 766 446 807 nemus.
491 750 1048 807 Animadvertendum
1101 753 1278 820 itaque
1319 751 1510 821 tjuinto
1555 749 1621 802 ad
1652 749 1826 817 ip=um

272 843 486 914 baptismi
525 852 928 899 sacramentum
971 843 1241 914 pertinere
1262 842 1658 915 ,sanguineum
1687 839 1827 892 hunc

270 934 580 1006 baptismum,
606 943 661 989 et
698 934 921 1006 quidem
954 935 1024 988 ita
1070 934 1337 1004 pertinere
1368 942 1421 987 ut
1479 942 1683 1002 partem
1711 930 1830 999 ejus

274 1028 559 1098 praecipuam
612 1036 977 1082 consummet.
1028 1026 1139 1081 Hoc
1167 1025 1257 1080 ubi
1288 1024 1571 1095 probatum
1613 1023 1828 1080 dederi-

274 1134 388 1185 mus,
415 1133 561 1174 nemo
592 1119 714 1185 erit,
749 1119 964 1191 opinor,
998 1118 1123 1190 quin
1154 1116 1306 1173 facile
1342 1118 1601 1173 concedat
1633 1117 1827 1187 prmci-

272 1228 411 1284 puum
456 1214 699 1285 baptismi
746 1215 976 1270 fructum
1011 1215 1076 1269 ab
1108 1229 1174 1269 eo
1204 1229 1329 1269 esse
1357 1213 1479 1284 jure
1527 1213 1830 1281 meritoque

274 1307 647 1377 expectandum.
703 1307 815 1363 Nec
868 1307 975 1361 alio
1025 1315 1255 1378 spectat,
1286 1316 1343 1361 ut
1391 1316 1553 1377 puto,
1590 1306 1829 1376 Apostoli

274 1399 351 1455 illa
398 1399 712 1469 comparatio
759 1414 865 1471 qua
904 1414 1115 1470 aquam,
1147 1400 1461 1472 sanguinem
1490 1410 1545 1455 et
1573 1400 1828 1470 Spiritum

271 1490 322 1544 in
342 1506 481 1545 unum
501 1490 569 1546 ita
589 1491 838 1558 contulit,
866 1500 941 1555 ut,
966 1490 1425 1562 quemadmodum
1450 1491 1629 1557 Pater,
1664 1491 1832 1547 Filius

273 1594 323 1639 et
351 1584 557 1655 Spiritus
596 1593 814 1641 sanctus
834 1600 1007 1641 unum
1053 1595 1198 1650 sunt,
1227 1586 1298 1639 ita
1331 1600 1488 1656 aqua,
1516 1584 1749 1654 Spiritus
1778 1594 1831 1641 et

273 1678 465 1747 sanguis
487 1676 587 1731 sint
630 1676 681 1731 iu
732 1693 921 1737 unum.
955 1675 1095 1747 quod
1128 1664 1341 1746 nempe
1391 1692 1555 1732 unum
1586 1677 1833 1747 idemque

275 1775 500 1838 praestent
518 1782 700 1823 omnes
722 1768 1137 1837 compleantque
1153 1766 1415 1822 ofﬁcium.
1436 1767 1514 1823 De
1529 1766 1830 1838 baptismali

1938 581 2077 633 mur,
2104 582 2165 622 ea
2192 568 2413 624 fmderis
2441 582 2564 623 esse
2584 568 2868 624 solemnia.
2900 570 3032 639 Quis
3061 580 3242 628 autem
3273 569 3404 626 illud
3433 553 3533 625 du-

1935 654 2064 712 bitet
2099 658 2351 730 baptismi
2386 675 2508 715 esse
2557 663 2831 731 proprium
2879 663 3118 719 ofﬁcium
3147 672 3206 719 ut
3253 679 3351 734 per
3379 662 3530 718 illum

1932 752 2105 807 sacris
2131 754 2549 809 cliristiauorum
2580 755 2876 824 initiemur,
2903 758 3028 812 etin
3061 758 3334 829 pr0priam
3357 756 3531 813 ascri-

1933 843 2125 898 bamur
2150 845 2571 902 Christianorum
2600 848 2959 904 societatem?
2989 850 3249 906 Convenit
3272 858 3534 920 prmterea

1933 936 2077 1005 quod
2124 938 2212 1006 qui
2261 937 2539 994 confertur
2569 938 2622 993 in
2667 938 3088 997 christianorum
3116 942 3389 1012 baptismo
3413 939 3536 1012 Spi-

1933 1029 2090 1089 ritus.
2125 1029 2168 1083 is
2197 1030 2439 1105 ἁρραϐὼν
2472 1030 2617 1101 (qua:
2648 1040 2703 1086 et
2735 1034 2895 1087 arrha
2924 1042 3008 1088 est
3045 1032 3399 1101 scriptoribus
3441 1046 3535 1087 ro-

1936 1119 2133 1192 manis)
2168 1121 2216 1175 in
2244 1122 2393 1177 Novo
2418 1121 2766 1180 Testamento
2807 1126 3129 1195 appelletur.
3155 1126 3283 1180 Erat
3306 1125 3450 1180 enim
3479 1126 3535 1183 in

1930 1213 2051 1285 jure
2073 1231 2299 1273 romano
2324 1218 2483 1272 arrha
2514 1232 2790 1288 pactorum
2827 1219 3062 1289 prOpria,
3090 1218 3359 1290 praecipue
3384 1234 3523 1290 nup-

1938 1307 2168 1363 tialium.
2222 1309 2430 1379 Nempe
2472 1312 2754 1383 mysticam
2808 1327 2930 1366 cum
2980 1310 3221 1367 Ecclesia
3271 1311 3536 1382 unitatem

1936 1401 2319 1455 matrimoniali
2368 1401 2557 1456 unitati
2614 1403 2945 1472 respondere
2986 1419 3019 1455 v
3066 1403 3131 1457 ad
3188 1402 3328 1473 Eph.
3361 1402 3536 1458 innuit

1939 1494 2252 1565 Apostolus.
2280 1495 2505 1565 Propria
2561 1511 2725 1566 porro
2755 1497 2914 1551 arrha
2968 1505 3049 1552 est
3098 1496 3239 1551 illius
3278 1496 3538 1566 temporis

1938 1601 2044 1656 quo
2072 1587 2248 1657 primo
2296 1585 2473 1641 fcedus
2523 1587 2739 1642 inimus.
2783 1586 2913 1642 Inde
2958 1586 3201 1657 sequitur
3250 1596 3306 1642 ut
3335 1587 3406 1642 de
3435 1584 3541 1639 alia

1938 1677 2171 1747 Spiritus
2199 1679 2506 1745 collatione,
2540 1688 2897 1750 praeterquam
2942 1679 3272 1749 baptismali,
3306 1686 3541 1749 nequeat

1940 1768 2184 1840 intelligi.
2218 1770 2562 1826 Conveniunt
2590 1772 2826 1841 denique
2849 1780 2902 1825 et
2932 1770 3187 1840 baptismi
3216 1770 3320 1824 illm
3346 1770 3400 1825 in
3434 1770 3539 1825 Ec-

270 1874 391 1931 aqua
416 1869 465 1915 et
489 1860 682 1932 Spiritu
728 1861 1132 1932 intelligendum
1160 1862 1587 1929 observavimus,
1621 1871 1680 1917 ut
1707 1877 1830 1932 pro-
1859 1867 1906 1927 Β
1937 1861 2101 1916 clesia
2130 1861 2386 1931 primaeva
2419 1862 2628 1929 formae,
2648 1860 2879 1917 Credis?
2904 1860 3105 1928 Credo,
3132 1862 3495 1917 Abrenuntias
3519 1864 3543 1917 ἰν

270 1954 384 2010 inde
402 1952 701 2023 baptismum
724 1953 873 2008 illum
894 1955 1342 2009 sacramentalem
1365 1955 1614 2025 supplere
1640 1954 1836 2009 debeat

271 2047 559 2117 sanguineus
588 2048 672 2103 hic
728 2047 1047 2118 baptismus.
1087 2046 1252 2116 quue
1300 2047 1471 2117 ipsum
1526 2047 1836 2102 observavit

270 2146 383 2195 ante
406 2154 492 2194 nos
513 2140 789 2211 Origenes,
811 2156 879 2194 ne
901 2141 1020 2210 quis
1039 2147 1276 2194 veterum
1294 2140 1635 2210 dogmatibus
1658 2141 1833 2195 minus

271 2240 652 2288 consentaneam
704 2232 1008 2303 suspicetur
1038 2242 1277 2287 nostram
1332 2231 1472 2287 hanc
1513 2232 1836 2301 interpreta-

271 2324 472 2382 tionem.
518 2326 698 2398 Neque
739 2342 875 2383 vero
902 2337 1102 2398 pugnat
1130 2326 1272 2397 quod
1302 2326 1657 2397 sanguineum
1694 2326 1838 2380 hunc

275 2416 569 2487 baptismum
618 2419 915 2475 secundum
944 2419 1268 2491 appellarint
1312 2418 1473 2475 iidem
1502 2428 1735 2473 veteres.
1760 2416 1836 2471 Ita

273 2510 401 2563 enim
428 2510 751 2582 intelligendi
802 2519 948 2575 sunt,
991 2511 1155 2580 quod,
1204 2526 1325 2566 cum
1357 2510 1606 2564 renovari
1660 2508 1839 2564 denuo

275 2617 366 2655 non
391 2602 546 2672 possit
570 2600 985 2658 sacramentalis
1008 2602 1100 2656 ille
1132 2603 1453 2672 baptismus,
1490 2602 1541 2657 in
1573 2600 1833 2672 martyrio

274 2703 426 2750 tamen
468 2695 578 2764 ejus
622 2696 882 2752 beneﬁcia
930 2696 1038 2749 sint
1076 2694 1144 2750 de
1172 2708 1333 2763 novo,
1363 2694 1478 2748 sine
1505 2693 1622 2764 ejus
1650 2703 1824 2748 tamen

274 2787 420 2856 ipsius
460 2789 804 2844 renovatione
858 2786 1214 2858 expectanda,
1247 2799 1301 2843 et
1344 2787 1487 2857 quod
1538 2803 1674 2840 nova
1703 2786 1829 2842 ﬁde-

279 2878 390 2933 lium
414 2879 709 2935 adulterum
752 2890 986 2951 peccata,
1013 2896 1131 2951 qua:
1166 2880 1382 2950 quidem
1410 2880 1461 2935 in
1502 2894 1673 2949 aqueo
1709 2879 1842 2951 bap-

276 2975 417 3027 tismo
462 2976 683 3031 remissa
730 2989 836 3028 non
886 2982 1089 3039 essent,
1124 2972 1209 3027 hic
1236 2974 1392 3042 plene
1439 2974 1756 3043 penitusque
1787 2979 1843 3028 et

278 3079 365 3135 pro
412 3066 736 3137 baptismalis
792 3066 1128 3122 remissionis
1184 3067 1343 3122 modo
1373 3082 1730 3137 mensuraque
1758 3083 1845 3123 re-

280 3158 512 3213 mittatur.
563 3158 695 3227 Quaa
734 3173 856 3214 cum
888 3158 1125 3214 secunda
1164 3160 1234 3213 sit
1271 3160 1539 3225 remissio,
1576 3176 1681 3215 non
1740 3161 1847 3215 erit

283 3250 439 3321 utique
484 3249 676 3307 mirum
707 3252 753 3307 si
803 3252 1043 3309 secundo
1068 3251 1229 3307 etiam
1261 3251 1529 3323 baptismo
1560 3252 1841 3309 tribuenda

1944 1954 2301 2011 Abrenuntio.
2333 1956 2471 2011 Sunt
2499 1956 2641 2011 enim
2674 1965 2728 2010 et
2756 1955 2861 2010 illa:
2891 1954 2956 2010 ad
2987 1970 3334 2011 romanorum
3363 1963 3544 2026 pacto-

1946 2060 2067 2101 rum
2092 2044 2294 2101 formas
2334 2062 2627 2117 expressm,
2671 2062 2858 2102 rursus
2902 2049 3173 2119 prmcipue
3200 2048 3542 2118 nuptialium,

1956 2136 2105 2192 Das?
2156 2138 2234 2194 Do
2254 2156 2277 2206 ,-
2310 2139 2601 2210 Spondes?
2648 2139 2917 2211 Spondeo.
2972 2140 3127 2196 Unde
3172 2141 3301 2196 illud
3352 2142 3547 2198 saltem

1958 2234 2264 2288 necessario
2291 2233 2580 2304 colligitur,
2599 2248 2697 2305 pro
2719 2242 2876 2305 pacto
2902 2233 3225 2303 baptismum
3255 2237 3549 2306 primaevos

1944 2324 2136 2380 saltem
2168 2324 2424 2382 habuisse
2449 2326 2801 2384 christianos.

2024 2417 2051 2488 §
2082 2416 2173 2472 22.
2203 2449 2276 2459 —
2299 2419 2433 2474 llinc
2463 2420 2714 2490 sequitur
2741 2419 2982 2475 secundo
3013 2430 3070 2476 ut
3101 2420 3153 2476 in
3183 2420 3304 2478 aliis
3348 2422 3540 2493 pactis,

1952 2514 2023 2566 ita
2089 2523 2144 2568 et
2201 2515 2256 2567 in
2313 2524 2501 2568 nOSIro
2556 2525 2714 2582 pacto
2762 2529 2976 2585 quoque
3040 2515 3384 2584 baptismali,
3441 2515 3552 2584 duo

1949 2620 2073 2661 esse
2103 2621 2131 2659 a
2161 2620 2221 2660 se
2249 2606 2479 2661 invicem
2535 2605 2914 2677 distinguenda
2947 2605 3283 2661 diversarum
3315 2607 3552 2677 partium

1951 2698 2148 2763 ofﬁcia,
2177 2699 2272 2755 Dei
2299 2697 2427 2764 alia,
2454 2700 2557 2754 alia
2600 2710 2808 2756 nostra.
2836 2699 2916 2754 Ad
2952 2701 3119 2756 Deum
3150 2710 3398 2771 spectant
3424 2716 3553 2771 pro-

1953 2791 2242 2847 mis-siones
2291 2791 2488 2864 quibus
2538 2803 2761 2847 cavetur
2816 2793 2883 2849 de
2941 2792 3263 2863 prmstandis
3299 2793 3553 2865 baptismi

1954 2882 2256 2951 beneﬁciis,
2283 2893 2390 2939 tam
2414 2884 2520 2939 illa:
2537 2900 2655 2955 qum
2682 2884 2751 2939 de
2774 2886 3027 2954 praesenti
3057 2884 3379 2956 praestandae
3405 2898 3554 2955 sunt,

1957 2987 2301 3048 peccatorum
2359 2978 2598 3032 omnium
2628 2978 2900 3046 expiatio,
2950 2978 3185 3048 Spiritus
3229 2978 3404 3034 sancti
3453 2978 3555 3034 do-

1959 3072 2126 3135 natio,
2148 3072 2373 3141 mystica
2391 3084 2515 3124 cum
2534 3068 2751 3124 Christo
2770 3070 2920 3133 nnio,
2943 3070 3134 3125 saltem
3155 3079 3403 3134 externa,
3421 3080 3554 3139 etc.,

1957 3176 2119 3233 quam
2153 3176 2273 3232 qua:
2304 3159 2371 3215 de
2421 3158 2614 3214 futuris
2667 3159 2994 3215 adhibentur
3019 3160 3183 3216 ofﬁcii
3220 3161 3389 3217 nostri
3420 3176 3561 3231 prae-

1957 3255 2101 3310 miis.
2124 3254 2207 3310 Ad
2236 3268 2335 3309 nos
2357 3261 2605 3324 spectant
2625 3268 2746 3323 qua:
2775 3268 2806 3307 a
2833 3252 2989 3308 nobis
3013 3254 3251 3309 vicissim
3276 3251 3558 3325 sponden-

279 3342 513 3399 videatur.
546 3345 677 3407 Sed.
706 3345 873 3400 misso
920 3347 1161 3416 Apostoli
1203 3347 1545 3417 testimonio,
1576 3362 1675 3419 age
1727 3362 1842 3403 rem
1872 3338 1923 3405 α
1957 3356 2041 3403 tur
2084 3361 2185 3417 pro
2238 3352 2420 3401 nostra
2467 3345 2611 3415 pacti
2657 3344 2998 3414 baptismalis
3028 3356 3185 3415 parte
3226 3345 3558 3416 praestanda.

278 3433 449 3505 ipsam,
475 3452 539 3493 ex
574 3439 789 3510 propria
820 3438 977 3509 hujus
1019 3440 1431 3496 sacramentalis
1456 3438 1706 3511 baptismi
1748 3454 1847 3494 na-

280 3536 380 3583 tura
405 3531 746 3601 explicemus.

343 3622 537 3693 §2t.—-
555 3625 880 3686 Recolamus
908 3626 1089 3697 itaque
1122 3626 1375 3697 inprimis
1404 3640 1564 3682 omne
1592 3625 1695 3680 hoc
1720 3625 1852 3694 bap-

286 3717 411 3772 tismi
453 3720 718 3793 negotium
750 3733 967 3794 pactum
996 3734 1115 3779 esse
1143 3722 1409 3789 quoddam
1456 3720 1699 3778 fidelium
1726 3734 1849 3775 cum

284 3808 401 3879 Deo,
430 3829 525 3870 nec
570 3815 793 3871 aliunde
822 3816 1025 3873 rectius
1052 3830 1210 3886 quam
1250 3831 1281 3871 e
1316 3814 1549 3886 receptis
1575 3824 1851 3885 pactorum

283 3907 496 3964 moribus
539 3909 940 3980 explicandum.
990 3909 1124 3965 Esse
1172 3910 1315 3964 enim
1364 3892 1645 3980 Evangelii
1683 3914 1856 3968 καινήν

285 3997 492 4061 διαθήκην
540 4003 609 4058 ab
650 4004 740 4059 illa
784 4002 992 4060 scilicet
1040 4002 1314 4058 diversam
1367 4019 1489 4074 qua:
1542 4003 1855 4075 Judchrum

282 4092 436 4149 fuerat
462 4106 618 4168 atque
648 4098 784 4169 legis
817 4098 1067 4153 mosaicae
1091 4114 1106 4164 ;
1137 4112 1260 4156 esse
1289 4097 1450 4153 etiam
1479 4096 1581 4151 sub
1605 4097 1855 4167 Evange-

284 4182 344 4240 lio
376 4202 472 4242 non
504 4187 912 4245 Testamentum
946 4189 1125 4257 modo,
1151 4189 1243 4245 sed
1280 4197 1336 4245 et
1363 4197 1599 4259 pactum,
1630 4204 1859 4261 eamque

284 4274 526 4349 duplicem
573 4280 811 4343 διαθήκης
854 4281 1305 4353 signiﬁcationem
1337 4282 1666 4352 evangelicis
1694 4282 1857 4337 etiam

288 4374 593 4443 temporibus
622 4376 937 4441 convenire;
966 4390 1089 4432 esse
1117 4376 1277 4431 etiam
1301 4376 1403 4431 sub
1430 4374 1657 4447 mystico
1680 4374 1858 4433 israe-

288 4465 464 4522 litismo
501 4468 690 4525 eadem
742 4470 965 4524 omnino
1006 4469 1144 4539 pacti
1200 4470 1459 4526 beneﬁcia
1492 4485 1613 4540 qua:
1642 4469 1859 4539 propria

287 4558 397 4615 olim
438 4562 648 4620 fuerant
703 4564 1029 4619 israelitismi
1080 4564 1331 4619 litteralis
1362 4606 1377 4631 ε
1429 4572 1486 4619 ιιι
1535 4564 1690 4619 nobis
1720 4564 1861 4619 Deus

290 4666 513 4711 summus
563 4658 617 4712 in
651 4657 928 4728 preprium
972 4655 1273 4712 ascribatur
1324 4657 1514 4723 Deum,
1546 4672 1644 4713 nos
1671 4656 1748 4710 illi
1782 4656 1862 4710 vi-

1954 3440 2290 3509 Quaniquam
2316 3439 2462 3494 enim
2496 3437 2889 3507 promissiones
2923 3437 3191 3495 fateamur
3220 3447 3373 3493 extra
3407 3446 3562 3509 pacta

1956 3532 2143 3600 factas,
2163 3532 2279 3587 sine
2308 3531 2531 3596 alterius
2560 3532 2729 3601 partis
2754 3530 3086 3601 obligatione
3112 3530 3249 3586 satis
3271 3530 3560 3587 commode

1958 3624 2181 3697 intelligi
2212 3639 2414 3696 posse;
2444 3633 2501 3677 at
2545 3639 2667 3694 qua:
2696 3623 2923 3678 alteram
2955 3623 3094 3693 pacti
3120 3632 3327 3694 partem
3358 3622 3564 3679 consti-

1962 3728 2141 3784 tuuut,
2171 3718 2278 3773 illae
2325 3726 2508 3772 mutua
2553 3715 2776 3772 omnino
2816 3715 3096 3785 utriusque
3132 3715 3565 3786 partisexigunt

1965 3812 2164 3868 ofﬁcia.
2209 3810 2329 3881 Ipsa
2382 3812 2486 3865 hoc
2537 3809 2677 3881 pacti
2728 3810 2868 3864 ratio
2925 3808 3238 3864 necessario
3285 3808 3562 3879 supponit.

1962 3908 2110 3967 Data:
2157 3907 2303 3961 enim
2346 3904 2601 3969 fortasse,
2635 3917 2740 3957 non
2785 3913 2935 3959 certe
2978 3911 3172 3973 pactae,
3198 3901 3304 3956 illa:
3335 3900 3567 3972 promis-

1961 4001 2145 4055 siones
2174 3998 2487 4054 dicerentur
2516 4010 2637 4067 quae
2677 3995 2820 4050 nulla
2854 4002 3223 4067 supponerent
3253 3992 3430 4051 ofﬁcia
3461 3992 3565 4049 sibi

1961 4105 2026 4147 ex
2054 4090 2277 4146 adversa
2308 4097 2461 4160 parte
2495 4087 2903 4158 reSpondentia.

2036 4182 2062 4254 §
2089 4181 2523 4251 25.—Sequttur
2553 4179 2712 4234 tertio
2732 4178 2821 4249 jus
2852 4178 2981 4234 illud
3010 4176 3182 4249 legale
3209 4192 3392 4245 omne,
3418 4176 3565 4249 quod

1964 4279 2109 4351 pacti
2138 4276 2405 4334 beneﬁcio
2457 4273 2791 4340 obtinemus,
2823 4273 2890 4328 ad
2926 4272 3018 4339 Dei
3062 4273 3475 4343 promissiones,
3501 4287 3568 4326 ex

1964 4374 2128 4431 ofﬁcii
2156 4372 2327 4427 nostri
2361 4369 2707 4442 praestatione
2735 4382 2858 4423 esse
2879 4366 3277 4423 deducendum.
3300 4366 3398 4421 Est
3424 4366 3567 4424 enim

1967 4469 2095 4526 illud
2121 4467 2363 4524 omnium
2417 4470 2696 4536 pactorum
2744 4478 3036 4519 commune
3067 4472 3124 4515 ut
3152 4477 3272 4531 qua:
3302 4460 3571 4516 habentur

1968 4563 2021 4617 in
2050 4561 2159 4617 illis
2204 4556 2596 4631 promissiones
2626 4572 2707 4612 ea:
2753 4554 3139 4611 conditionata:
3172 4552 3568 4623 intelligantur,

1968 4670 2070 4711 nec
2114 4661 2271 4709 antea
2300 4650 2500 4707 debita:
2524 4666 2687 4722 quam
2737 4650 2993 4721 praestitm
3021 4646 3242 4713 fuerint,
3291 4662 3355 4701 ex
3402 4647 3593 4702 altera-

286 4744 446 4803 cissim
467 4748 524 4803 in
551 4749 828 4819 proprium
877 4749 1213 4805 ascribamur
1249 4749 1508 4821 populum
1535 4766 1549 4814 ;
1581 4765 1679 4804 nec
1731 4738 1939 4811 illuer
1967 4762 2140 4824 parte,
2185 4747 2606 4816 promissionum
2648 4744 3017 4802 conditiones.
3067 4742 3174 4799 Sed
3220 4741 3271 4796 in
3306 4740 3358 4795 id
3402 4756 3573 4812 genus

285 4839 450 4905 modo,
482 4842 576 4898 sed
622 4850 905 4897 externam
962 4858 1083 4898 esse
1137 4843 1277 4899 hanc
1323 4853 1565 4901 nostram
1595 4860 1717 4901 cum
1753 4846 1862 4901 Deo

287 4932 806 5000 conitederationem,
834 4935 904 4990 ita
928 4950 1123 5006 nempe
1150 4936 1576 5008 intelligendam,
1596 4948 1654 4993 ut
1678 4948 1859 4994 exter-

288 5037 399 5079 num
447 5027 664 5097 aliquod
722 5027 1020 5087 intercedat
1062 5029 1275 5086 unionis
1321 5031 1552 5101 politica:
1590 5032 1860 5088 vinculum

292 5124 385 5173 tam
407 5121 560 5179 nobis
592 5122 847 5189 invicem,
879 5139 1039 5194 quam
1067 5125 1180 5180 Deo
1218 5120 1378 5180 etiam
1409 5126 1688 5182 nobiscum
1715 5142 1863 5182 com-

287 5226 455 5282 mune,
484 5230 593 5286 quo
623 5230 724 5270 nos
750 5215 852 5286 ipsi
876 5216 1223 5285 proﬁteamur
1248 5217 1359 5273 Deo
1384 5217 1696 5285 foederatos,
1727 5220 1864 5275 etab

290 5303 393 5362 aliis
419 5306 582 5364 etiam
625 5306 872 5365 fmderati
921 5324 1295 5381 agnoscamur,
1328 5311 1394 5368 ad
1423 5312 1672 5368 eumdem
1706 5315 1864 5384 plane

289 5398 487 5456 modum
514 5416 623 5474 quo
653 5412 709 5459 et
732 5401 899 5459 Israel
922 5404 1216 5460 secundum
1235 5420 1454 5461 carnem
1479 5421 1577 5477 pro
1604 5404 1865 5464 foederato

294 5488 377 5548 Dei
405 5494 622 5565 populo,
654 5510 766 5567 pra:
790 5494 1033 5553 universi
1065 5496 1212 5553 orbis
1243 5498 1519 5569 gentibus,
1546 5498 1673 5555 olim
1707 5508 1865 5569 pote-

289 5597 364 5643 rat
386 5590 599 5661 agnosci
643 5608 656 5645 :
693 5591 825 5661 haec,
872 5593 1113 5665 inquam,
1147 5595 1216 5650 ita
1250 5606 1373 5651 sunt
1418 5612 1481 5653 ex
1516 5596 1644 5652 Novi
1677 5597 1865 5653 Testa-

293 5684 443 5737 menti
473 5684 773 5742 ratiociniis
800 5686 1112 5754 manifesta,
1138 5696 1197 5743 ut
1240 5690 1436 5746 mirum
1464 5688 1533 5745 sit
1563 5706 1685 5746 esse
1706 5689 1870 5748 hodie

292 5772 369 5841 qui
394 5774 457 5831 de
500 5787 680 5833 nostra
709 5779 1019 5837 assertione
1058 5780 1323 5837 dubitent.
1356 5782 1484 5839 Hrcc
1509 5787 1650 5838 enim
1676 5783 1720 5838 si
1744 5799 1869 5840 vera

292 5877 621 5941 agnoscamus
644 5889 656 5926 :
678 5874 836 5947 plane
858 5875 1108 5949 sequitur
1123 5886 1348 5935 externa
1377 5894 1439 5936 ea
1462 5878 1725 5937 solemnia
1754 5879 1872 5956 qui-

1966 4843 2142 4913 pactis
2168 4856 2315 4910 quae,
2345 4855 2412 4893 ex
2453 4838 2619 4892 altera
2653 4846 2826 4907 parte,
2854 4836 2969 4889 sola
3003 4833 3287 4889 includunt
3311 4831 3573 4888 beneﬁcia

1968 4938 2087 4993 aliis
2118 4931 2448 5007 praestanda,
2479 4930 2629 4986 nulla
2676 4928 2917 4985 vicissim
2964 4928 3033 4983 ab
3087 4926 3207 4982 aliis
3237 4924 3570 4995 recipienda,

1966 5031 2145 5102 qualia
2177 5030 2285 5084 sint
2326 5035 2480 5097 pacta
2513 5037 2737 5080 necesse
2766 5031 2849 5078 est
2886 5037 3005 5093 qua:
3038 5021 3147 5075 Deo
3185 5025 3308 5074 sunt
3338 5016 3569 5073 homini-

1968 5126 2179 5196 busque
2232 5120 2568 5182 communia,
2602 5132 2763 5180 nemo
2789 5125 2874 5173 cst
2923 5115 3051 5186 quin
3084 5128 3295 5186 mquum
3340 5110 3576 5190 fateatur

1969 5217 2175 5273 nullum
2210 5230 2331 5271 esse
2357 5228 2523 5285 posse
2558 5211 2647 5283 jus
2675 5210 2741 5266 ad
2775 5207 3058 5274 beneﬁcia,
3096 5207 3151 5261 ni
3193 5202 3574 5275 praecesserint

1970 5309 2310 5366 conditiones
2341 5322 2405 5363 ex
2435 5296 2603 5360 altera
2634 5314 2786 5374 parte
2800 5298 3141 5373 praestandae.
3162 5296 3271 5352 Nos
3300 5304 3479 5349 tamen
3507 5292 3576 5349 de

1966 5405 2091 5479 jure
2118 5403 2273 5472 legali
2302 5401 2790 5471 imprmsentiarum
2812 5397 3041 5466 agimus,
3062 5406 3168 5446 non
3186 5389 3255 5445 de
3271 5388 3385 5444 sola
3409 5386 3576 5457 aequi-

1971 5508 2103 5556 tate.
2129 5497 2195 5553 Et
2226 5505 2281 5549 ut
2310 5496 2536 5563 aequitas
2561 5492 2737 5563 aliqua
2776 5488 3007 5544 fortasse
3036 5498 3156 5540 esse
3187 5481 3376 5552 possit,
3402 5486 3460 5533 ut
3480 5479 3573 5547 qui

1973 5588 2339 5649 conditionem
2371 5586 2598 5656 implere
2615 5582 2870 5647 voluerit,
2899 5574 3224 5634 conditionis
3247 5570 3572 5627 beneﬁcium

1974 5696 2382 5753 nonnumquam
2409 5679 2681 5749 impetret,
2714 5674 2841 5729 licet
2878 5671 3023 5726 illam
3052 5666 3119 5722 de
3150 5665 3295 5720 facto
3325 5660 3569 5717 nondum

1974 5775 2320 5850 impleverit,
2347 5789 2468 5830 cum
2514 5768 2663 5826 nulla
2692 5780 2787 5821 sua
2827 5763 2983 5833 culpa
3015 5775 3043 5813 a
3073 5753 3383 5850 conditione
3403 5753 3574 5850 etiam

1973 5841 2227 5932 tle-facto
2267 5863 2574 5944 praestanda
2607 5856 2929 5933 impeditur;
2960 5862 3013 5908 at
3047 5848 3203 5921 legali
3230 5843 3422 5902 saltem
3446 5841 3576 5913 jurc
