3888 6342
284 347 353 405 67
1277 336 1651 400 DODWELLI
1688 334 2144 402 DISSERTATIO
2183 340 2605 403 CYPRIANICA
3517 347 3593 408 68

283 476 472 522 carere
528 461 617 533 qui
678 459 1042 518 conditionem
1083 460 1154 516 de
1202 459 1346 516 facto
1388 477 1496 517 non
1543 461 1877 532 prtest'tterit,
1909 459 1958 520 Α
1986 459 2109 516 bola
2137 463 2640 534 sponsoria,ipsum
2660 469 2946 536 praeterea,
2972 476 3072 536 pro
3089 471 3275 523 mutuo
3292 467 3586 538 pactijnre,

286 571 629 627 quocumque
660 554 878 610 tandem
923 569 1103 622 rerum
1135 564 1334 610 eventu
1381 552 1543 608 fuerit
1575 553 1882 622 impeditus,

285 656 371 703 cst
424 648 646 701 omnino
688 646 1068 702 certissimum.
1113 644 1171 699 ln
1229 646 1333 699 illis
1383 644 1684 715 prmsertim
1716 643 1885 714 pactis

285 737 463 793 adhuc
489 737 723 793 validius
751 736 1000 807 procedit
1025 746 1403 807 argumentum
1432 750 1664 805 quorum
1692 734 1883 789 condi-

289 833 466 888 tiones
507 846 612 887 non
659 839 787 884 sunt
814 829 1156 886 conditiones
1197 829 1480 884 dumtaxat
1510 828 1576 883 ad
1607 829 1884 883 arbitrium

287 926 610 996 imponentis
629 925 922 995 requisitas,
943 923 1036 979 sed
1059 923 1218 976 etiam
1241 921 1624 990 dispositiones
1644 937 1710 977 ex
1735 930 1887 991 parte

290 1015 516 1087 subjecti
547 1015 894 1071 necessariae.
928 1013 1062 1069 Cum
1095 1015 1274 1086 itaque
1319 1014 1523 1068 nullum
1557 1013 1713 1084 hujus
1743 1014 1885 1085 pacti

288 1109 556 1166 redundet
586 1109 640 1164 in
684 1110 850 1168 Deum
879 1107 1226 1173 beneﬁcium,
1261 1108 1504 1179 sequitur
1534 1122 1886 1179 quascumque

291 1205 434 1260 Deus
459 1219 489 1258 a
518 1203 671 1258 nobis
703 1203 963 1273 postulat,
993 1219 1057 1258 ea
1089 1201 1262 1257 nostri
1287 1217 1412 1257 esse
1438 1215 1598 1256 causa
1630 1215 1884 1273 necessa-

288 1297 389 1364 ria,
421 1305 479 1351 ut
529 1295 761 1366 proinde
790 1296 844 1350 ni
886 1295 1156 1367 postulata
1207 1304 1554 1365 praestemus,
1600 1295 1732 1363 ipsis
1761 1306 1884 1362 pro-

286 1391 598 1457 missionem
621 1387 900 1454 beneﬁciis
936 1387 1248 1445 obtinendis
1289 1388 1457 1459 inepti
1486 1387 1778 1444 reddamur
1803 1397 1886 1442 at-

288 1496 391 1550 que
420 1480 749 1550 indis-positi.

360 1570 784 1644 524.—-Quarto
810 1572 991 1644 itaque
1011 1580 1070 1627 ut
1091 1571 1454 1644 intelligamus
1483 1587 1600 1642 quse
1628 1569 1783 1627 nobis
1809 1571 1885 1626 in-

286 1665 544 1721 cumbant
571 1666 623 1720 in
652 1664 758 1721 hoc
785 1665 1088 1736 baptismali
1121 1675 1276 1735 pacto
1304 1664 1645 1729 conditiones
1666 1680 1696 1719 a
1729 1663 1883 1719 nobis

288 1774 386 1830 pro
414 1765 596 1814 nostra
629 1760 765 1828 pacti
808 1767 961 1828 parte
1009 1756 1354 1828 praestandae,
1385 1757 1774 1813 attendendum
1802 1764 1881 1811 est

1991 551 2058 607 ad
2089 555 2394 623 praestanda
2423 571 2483 610 ea
2516 570 2635 625 quas
2674 555 2936 628 symbolis
2967 553 3434 628 repraesentantur
3453 561 3590 615 obli-

1989 646 2191 715 gantia,
2221 661 2283 700 se
2300 661 2515 716 quoque
2544 657 2760 702 nostras
2813 648 3089 718 passiones
3119 665 3216 720 pro
3243 651 3357 707 suis
3381 652 3588 722 agnito.

1991 750 2131 803 rum,
2163 747 2215 789 et
2249 751 2347 790 suo
2375 738 2589 803 merito,
2621 752 2716 792 sua
2766 739 3020 796 mercede
3049 751 3550 813 compensaturum.

2065 827 2092 898 §
2124 827 2214 882 26.
2248 859 2318 868 —
2350 829 2414 882 Et
2441 845 2571 884 vero
2597 832 3021 900 accuratissime,
3047 848 3146 904 pro
3174 834 3383 890 Domini
3414 836 3592 892 nostri

1995 929 2178 974 mente
2201 929 2361 990 atque
2390 920 2670 992 principiis
2685 933 2999 994 conceptam
3022 924 3159 981 hanc
3185 942 3398 983 omnem
3423 926 3592 984 fuisse

1990 1016 2518 1084 argumentationem
2548 1017 2703 1074 facile
2731 1019 3005 1075 constabit
3031 1021 3075 1076 si
3107 1020 3320 1078 diversa
3347 1023 3591 1080 diversa-

1990 1121 2108 1160 rum
2155 1105 2558 1177 Scripturarum
2582 1121 2791 1166 asserta
2813 1112 2864 1166 in
2899 1127 3061 1166 unum
3090 1113 3408 1186 colligamus
3433 1116 3590 1186 quasi

1991 1197 2326 1253 fasciculum.
2356 1199 2757 1270 Reprtesentari
2813 1203 3059 1274 inprimis
3088 1214 3328 1262 nostram
3374 1209 3428 1262 in
3458 1208 3589 1278 bap-

1989 1289 2149 1343 tismo
2177 1305 2299 1345 cum
2329 1290 2544 1346 Christo
2575 1295 2878 1362 passionem
2903 1305 3066 1368 atque
3093 1308 3348 1368 mortem,
3375 1314 3476 1356 nec
3500 1314 3590 1355 re-

1989 1383 2303 1450 praesentari
2322 1383 2502 1450 modo,
2519 1399 2703 1440 verum
2719 1387 2879 1450 etiam
2899 1389 2967 1443 ita
2985 1392 3448 1460 repraesentarimt
3462 1407 3587 1448 cum

1988 1470 2187 1528 Christi
2219 1473 2471 1545 passione
2496 1486 2711 1544 nostras
2743 1479 2895 1535 uttiat
2935 1481 3334 1552 quodammodo
3359 1493 3414 1542 et
3439 1501 3590 1541 com-

1988 1580 2179 1620 munes
2206 1567 2484 1637 utriusque
2515 1568 2696 1637 faciat,
2721 1581 2874 1629 sexto
2900 1574 2967 1629 ad
2997 1575 3269 1633 Romanos
3295 1579 3474 1650 capite
3493 1593 3588 1635 sa-

1989 1659 2058 1713 tis
2081 1669 2267 1730 aperte
2288 1659 2447 1716 docet
2474 1664 2784 1733 Apostolus.
2816 1666 2989 1723 Unam
3013 1683 3134 1726 esse
3155 1679 3394 1727 nostram
3424 1671 3589 1728 Chri-

1990 1753 2168 1824 stique
2196 1757 2503 1825 passionem
2533 1772 2598 1812 ex
2630 1757 2736 1814 illis
2756 1761 2872 1828 ejus
2897 1761 3077 1818 verbis
3101 1773 3316 1820 constat
3345 1779 3359 1818 :
3391 1764 3587 1820 Hortui

285 1865 408 1920 qua:
436 1851 679 1924 symbols
733 1850 840 1904 sint
869 1865 898 1903 a
927 1849 1084 1905 nobis
1140 1850 1191 1904 in
1214 1848 1353 1919 ipsis
1383 1851 1523 1920 pacti
1554 1847 1886 1904 solemnibus
1916 1850 1964 1910 B
1992 1863 2168 1902 smnus
2198 1864 2313 1903 cum
2368 1850 2593 1917 Christo,
2625 1869 2674 1906 ν.
2711 1854 2778 1919 8;
2819 1853 2972 1912 Vetus
3019 1857 3169 1913 homo
3221 1867 3390 1914 uoster
3431 1859 3591 1914 simul

287 1940 616 2008 adhibenda,
637 1950 692 1997 et
717 1941 844 2012 quid
867 1940 955 1994 illa
978 1940 1243 2012 symbols,
1269 1956 1334 1995 ex
1369 1941 1486 2010 ipso
1521 1941 1611 1995 Dei
1639 1941 1884 1995 instituto

288 2033 608 2104 significant,
641 2041 696 2088 et
726 2048 824 2104 pro
850 2032 1060 2102 legibus
1106 2032 1521 2103 signiﬁcationis
1570 2033 1884 2105 symbolica:

285 2143 406 2196 quae
435 2127 527 2182 illa
574 2126 764 2183 saltem
819 2136 979 2182 aetate
1006 2125 1278 2196 vigebant.
1309 2126 1439 2194 Quae
1467 2128 1610 2182 enim
1640 2127 1883 2196 symbola

287 2217 340 2274 in
373 2219 517 2290 pacti
546 2219 886 2276 solemnibus
914 2230 1244 2289 usurpantur
1274 2234 1338 2274 ea
1385 2236 1492 2275 non
1546 2211 1883 2297 signiﬁcandi

288 2311 567 2365 dumtaxat
595 2329 610 2376 ;
644 2310 739 2366 sed
768 2311 1043 2381 obligandi
1086 2312 1248 2368 etiam
1267 2315 1442 2384 gratia
1472 2314 1711 2369 instituta
1737 2325 1882 2370 sunt.

287 2402 357 2458 Ut
387 2404 532 2459 enim
561 2414 904 2460 sacramenta
925 2405 1128 2471 omnia,
1148 2407 1264 2461 sive
1292 2408 1567 2476 mysteria,
1598 2423 1695 2478 pro
1716 2409 1883 2462 sacris

284 2495 560 2551 hominum
585 2511 704 2550 cum
737 2495 847 2550 Deo
868 2496 1039 2566 pactis
1079 2497 1432 2567 intelligenda
1459 2506 1623 2566 sunt,
1659 2499 1727 2552 ita
1755 2508 1809 2554 et
1829 2497 1881 2553 id

283 2588 421 2642 sacri
452 2587 630 2642 omnis
670 2589 979 2644 commercii
1012 2587 1301 2659 genuinum
1351 2599 1437 2644 est
1477 2597 1536 2643 ut
1578 2590 1881 2661 symbolice

282 2679 465 2749 potius
495 2693 654 2749 quam
689 2678 754 2733 ad
807 2678 1039 2733 litteram
1067 2720 1082 2744 ,
1128 2677 1476 2748 intelligenda
1523 2680 1650 2746 sint,
1681 2695 1780 2735 nec
1810 2681 1879 2736 ita

284 2768 485 2837 verbis,
516 2785 677 2840 quam
710 2768 895 2837 rebus,
928 2785 1111 2825 rerum
1139 2778 1315 2825 tamen
1340 2771 1565 2826 aliarum
1594 2773 1876 2843 symbolis,

282 2861 460 2917 officia
490 2861 579 2917 illa
606 2870 1070 2934 repraesententur
1089 2878 1206 2932 quae
1229 2864 1461 2933 partium
1485 2865 1624 2920 inter
1648 2880 1707 2921 se
1730 2858 1877 2921 tran-

281 2956 567 3028 sigentium
597 2955 862 3011 habentur
887 2955 1226 3025 ohllgatoria.
1256 2956 1388 3024 Quae
1415 2958 1595 3027 itaque
1620 2959 1880 3030 symbolis

281 3047 691 3118 baptismalibus
708 3047 1082 3119 signiﬁcantur
1094 3063 1157 3103 ea
1172 3063 1272 3102 nos
1286 3048 1553 3119 spondere
1571 3065 1600 3103 a
1617 3050 1772 3106 nobis
1787 3050 1879 3106 de-

281 3139 404 3193 inde
431 3137 735 3209 praestanda
755 3137 953 3193 virtute
968 3141 1107 3208 pacti
1123 3138 1464 3209 baptismalis
1484 3141 1875 3208 existimamur,

1988 1930 2266 2010 cruciﬁxus
2294 1954 2388 2011 est,
2431 1958 2484 1996 v.
2521 1945 2575 1997 fi.
2608 1943 2907 2017 Consepulti
2959 1964 3133 2004 sumus
3182 1967 3298 2005 cum
3341 1967 3421 2020 eo,
3453 1950 3586 2007 v.4.

1989 2033 2056 2088 Et
2080 2034 2297 2104 quidem
2330 2038 2813 2106 repraesentatione
2838 2039 3068 2112 quadam
3097 2041 3164 2097 ad
3211 2042 3391 2098 vivum
3420 2053 3586 2099 totam

1990 2126 2130 2182 hanc
2153 2129 2374 2200 transigi
2411 2131 2667 2189 unionem
2698 2133 2788 2188 illa
2813 2134 3008 2190 innunt
3031 2154 3045 2190 :
3069 2132 3425 2208 Complantati
3460 2139 3589 2212 facti

1988 2233 2161 2274 sumus
2211 2222 2534 2276 similitudini
2563 2226 2740 2280 mortis
2786 2229 2917 2298 ejus,
2960 2229 3098 2284 v.5.
3128 2228 3241 2285 Nec
3285 2230 3394 2287 alio
3420 2247 3587 2303 quam

1988 2310 2242 2380 baptismi
2269 2312 2454 2369 ofﬁcio
2487 2333 2501 2370 :
2532 2316 2612 2370 An
2661 2318 2910 2389 ignoratis
2937 2321 3058 2391 quia
3081 2322 3385 2395 quicumque
3415 2324 3588 2394 bapti-

1985 2403 2088 2454 zati
2118 2419 2293 2458 sumus
2318 2405 2371 2457 in
2401 2404 2608 2460 Christo
2632 2406 2779 2475 Jcsu,
2807 2411 2861 2465 in
2905 2422 3068 2466 morte
3094 2408 3282 2484 ipsius
3337 2413 3589 2486 baptismi

1985 2511 2161 2550 sumus
2177 2496 2202 2549 ?
2218 2495 2513 2568 Consepulti
2536 2501 2673 2554 enim
2701 2519 2877 2559 sumus
2903 2520 3019 2559 cum
3046 2505 3138 2560 illo
3153 2524 3250 2579 per
3277 2508 3588 2579 baptismum

1985 2585 2040 2640 in
2084 2597 2316 2656 mortem,
2348 2605 2400 2644 ν.
2432 2591 2483 2654 5,
2515 2592 2571 2647 4.
2617 2591 2802 2663 Neque
2854 2609 2982 2651 vero
3032 2598 3160 2653 unio
3188 2599 3302 2654 sola
3332 2609 3386 2656 et
3433 2616 3586 2658 mera

1985 2678 2105 2734 haec
2135 2679 2382 2735 habenda
2427 2693 2530 2747 est,
2560 2693 2615 2738 et
2638 2699 2758 2755 qua:
2802 2695 2908 2742 tota
2938 2688 2990 2743 in
3018 2688 3294 2747 hominum
3319 2694 3585 2766 imagina-

1986 2774 2132 2829 tione
2161 2782 2318 2846 atque
2347 2777 2707 2833 aestimatione
2749 2783 3038 2838 constituta
3068 2794 3172 2839 est.
3198 2785 3326 2840 Eam
3348 2786 3585 2845 diximus

1983 2868 2209 2940 symboli
2238 2871 2508 2940 sponsorii
2549 2887 2672 2927 esse
2699 2881 2946 2928 naturam
2979 2885 3036 2930 ut
3067 2892 3171 2932 una
3205 2877 3401 2934 inferat
3431 2880 3586 2952 lega-

1982 2959 2086 3014 lem
2113 2961 2400 3030 quamdam
2427 2961 2815 3034 obligationem
2865 2981 2968 3036 qua
3001 2977 3185 3038 partes
3227 2970 3370 3026 inter
3394 2986 3456 3027 se
3483 2986 3584 3043 pa-

1983 3049 2250 3105 ciscentcs
2271 3062 2535 3122 praestare
2564 3053 2616 3109 id
2651 3064 2903 3111 tenentur
2923 3058 3066 3128 quod
3096 3062 3356 3132 symbolis
3377 3080 3586 3136 reprae-

1985 3145 2274 3198 sentarint.
2305 3144 2436 3201 lude
2466 3145 2521 3200 fit
2549 3157 2627 3219 ιιι,
2656 3149 2797 3218 quod
2821 3151 2933 3205 sola
2957 3151 3308 3212 similitudine
3329 3158 3446 3213 fieri
3473 3175 3583 3216 non

281 3245 388 3286 caa
416 3231 574 3286 nobis
603 3231 842 3301 praesuta
865 3231 954 3300 jus
985 3230 1111 3286 inde
1132 3229 1288 3285 nobis
1315 3230 1513 3287 faciunt
1542 3243 1598 3286 ut
1617 3234 1879 3302 promissa
1905 3237 1950 3299 C
1985 3236 2176 3304 potuit,
2211 3236 2364 3291 nobis
2393 3233 2566 3293 tamen
2595 3254 2662 3294 ex
2709 3239 2812 3295 hac
2839 3243 2950 3311 ipsa
2979 3249 3455 3313 repraesentatione
3491 3250 3585 3321 jus

280 3322 459 3377 divina
509 3321 756 3393 ejusdem
787 3320 931 3392 pacti
961 3321 1262 3392 evangelici
1291 3323 1492 3380 virtute
1520 3324 1874 3382 vindicemus.

355 3413 382 3487 §
413 3413 507 3472 25.
531 3444 604 3454 —
623 3413 822 3482 Quinto
849 3413 902 3467 in
931 3413 1191 3484 symbolis
1213 3413 1464 3484 baptismi
1498 3416 1668 3470 nostri
1697 3431 1872 3473 sacra-

279 3499 529 3554 mentalis
552 3497 912 3565 solemnibus,
943 3512 1049 3552 non
1078 3513 1233 3569 aqua:
1259 3499 1426 3554 solius
1454 3498 1752 3569 baptismus
1777 3501 1876 3557 de-

279 3599 516 3657 notatur,
544 3589 640 3647 sed
672 3593 835 3645 etiam
867 3589 956 3645 ille
987 3591 1288 3662 sanguinis,
1335 3607 1523 3646 verum
1557 3594 1627 3647 ita
1654 3593 1874 3649 denote-

280 3694 368 3738 tur
394 3692 450 3738 ut
467 3697 574 3738 uno
594 3683 905 3753 eodemque
919 3681 1190 3754 symbolo,
1209 3698 1317 3738 uno
1335 3682 1632 3755 eodemque
1652 3683 1876 3741 denote-

283 3788 369 3834 tnr
398 3779 689 3846 elemento,
717 3785 774 3831 ut
802 3777 1029 3848 proinde
1052 3777 1121 3832 ad
1150 3793 1336 3846 unum,
1354 3787 1413 3834 ut
1437 3779 1694 3844 diximus,
1719 3797 1874 3838 eum-

277 3871 511 3941 demque
540 3869 1168 3940 baptismumlpertinere
1196 3869 1581 3942 intelligantur.
1611 3873 1680 3930 Ut
1706 3875 1872 3944 enim,

275 3980 398 4021 cum
426 3979 564 4036 aqua
616 3963 926 4030 adhibetur,
976 3969 1319 4034 peccatorum
1367 3964 1730 4021 desertioncm
1761 3967 1874 4037 pol-

280 4056 528 4119 licemur,
553 4053 899 4124 futuramque
925 4053 1052 4107 vita:
1073 4054 1485 4125 sanctimoniam
1504 4071 1621 4126 qua:
1649 4066 1875 4112 externo

276 4161 430 4216 aquae
477 4145 725 4218 symbolo
764 4144 894 4198 satis
923 4153 1049 4214 apte
1086 4154 1542 4214 repraesentatur:
1573 4147 1642 4201 ita
1665 4164 1786 4203 cum
1820 4150 1873 4204 in

273 4252 467 4307 aquam
490 4235 870 4292 descendimus
892 4245 946 4290 et
964 4235 1200 4290 vicissim
1229 4252 1294 4291 ex
1322 4236 1507 4292 eadem
1528 4242 1870 4311 cmergimus,

273 4329 474 4383 Christi
526 4336 782 4393 mortem,
815 4325 1148 4397 sepulturam
1194 4329 1760 4400 resurrectionemque
1785 4349 1875 4390 re-

271 4430 685 4492 pracsentamus,
716 4434 921 4492 nosque
949 4420 1110 4476 etiam
1159 4421 1489 4491 spondemus
1527 4422 1718 4478 horum
1750 4440 1867 4480 om-

273 4517 420 4571 nium
451 4516 761 4587 participes,
787 4522 1001 4583 paratos
1032 4514 1285 4582 nimirum
1319 4523 1375 4570 ut
1405 4532 1757 4589 quaecumque
1785 4518 1874 4575 ille

272 4608 428 4664 nobis
456 4609 766 4676 immiserit,
786 4623 847 4663 ea
873 4623 994 4671 nos,
1016 4607 1161 4664 illius
1177 4624 1336 4664 causa
1352 4610 1416 4665 ad
1445 4621 1673 4694 mortem
1706 4630 1875 4684 usque
1897 4624 1952 4685 1)
1981 4639 2231 4696 usurpata
2261 4643 2382 4686 esse
2428 4607 2589 4687 eum}
2619 4644 2675 4689 ει
2718 4607 2831 4704 ξρεῇ

272 4703 617 4756 toleraturos.
649 4701 857 4757 Eodem
888 4699 1157 4781 symbolo,
1188 4717 1291 4772 qua
1328 4690 1606 4759 Christum
1628 4708 1867 4776 respicit,

270 4795 623 4866 intelligimus
645 4793 923 4849 Christum
956 4794 1059 4850 sibi
1092 4781 1372 4865 passiones
1400 4807 1613 4853 nostras
1641 4802 1871 4870 imputa~

271 4896 472 4952 turum,
491 4899 545 4941 ct
573 4902 734 4957 quam
762 4885 1072 4942 mercedem
1104 4887 1218 4956 ipse
1245 4901 1274 4941 a
1308 4887 1603 4960 Patre,pro
1623 4904 1722 4946 suo
1747 4906 1868 4946 cum

271 4981 674 5038 Patre-fmdere
701 4979 959 5048 vindicat,
988 4979 1178 5036 eadem
1221 4993 1433 5037 nostras
1477 4998 1691 5054 quoque
1746 4999 1869 5055 pas-

267 5076 454 5131 siones
479 5088 604 5129 esse
642 5081 1137 5128 remuneraturum.
1173 5071 1246 5127 lta
1300 5075 1568 5129 constabit
1618 5091 1724 5146 quo
1746 5078 1867 5148 jure

265 5166 369 5222 sibi
422 5165 677 5235 baptismi
723 5179 919 5220 nomen
973 5165 1249 5220 vindicent
1297 5176 1498 5221 nostra:
1547 5170 1864 5240 passiones,

267 5277 389 5316 cum
422 5259 488 5315 ad
513 5261 686 5331 ipsam
727 5259 978 5330 baptismi
1010 5260 1418 5315 sacramentalis
1445 5263 1706 5318 rationem
1739 5281 1864 5334 spe-

267 5360 411 5409 ctent
428 5352 931 5408 consummandam.
949 5350 1406 5408 Constabitetiam
1432 5369 1538 5424 quo
1563 5369 1725 5425 porro
1747 5355 1866 5426 jure

266 5445 512 5518 ejusdem
546 5436 646 5500 sibi
698 5445 976 5501 vindicent
1008 5445 1262 5516 baptismi
1292 5445 1577 5514 beneﬁcia,
1603 5463 1726 5503 cum
1759 5448 1866 5504 illis

264 5540 426 5595 ctiam
483 5536 745 5608 symbolis
778 5547 1236 5607 repraesententur
1263 5553 1386 5610 qua:
1416 5553 1446 5592 a
1475 5538 1588 5595 Dco
1618 5541 1861 5598 instituta

264 5642 411 5697 sunt,
444 5641 500 5688 ct
525 5646 646 5701 quae
674 5629 780 5686 hoc
813 5630 931 5702 ipso
957 5631 1187 5688 consilio
1211 5632 1455 5688 instituta
1487 5643 1612 5690 sunt
1642 5644 1700 5691 ut
1740 5651 1861 5707 pas-

261 5729 444 5782 siones
469 5734 682 5781 nostras
701 5733 1095 5793 repraesentem
1121 5734 1283 5798 atque
1301 5713 1629 5800 spondeam,
1659 5740 1714 5787 et
1739 5737 1862 5803 quae

262 5819 356 5877 Dci
405 5817 568 5875 etiam
618 5810 897 5874 nobiscum
929 5816 1253 5889 paciscentis
1306 5831 1434 5878 sunt
1458 5828 1674 5896 quoque
1715 5826 1861 5898 Sym-

1983 3328 2251 3398 quoddam
2307 3329 2373 3384 ad
2426 3346 2540 3386 rem
2590 3333 2759 3403 ipsam
2810 3339 3128 3408 proveniat,
3171 3356 3278 3412 quo
3325 3346 3583 3402 unionem

1983 3422 2152 3491 ipsam
2205 3424 2468 3479 internam
2521 3433 2578 3480 ct
2631 3427 2911 3498 mysticam
2956 3431 3227 3492 vindicare
3256 3451 3578 3508 possumus,

1980 3513 2202 3585 ejusque
2232 3517 2515 3573 beneﬁcia.
2547 3519 2625 3573 Eo
2674 3519 2791 3589 ipso
2824 3523 3086 3593 principio
3115 3527 3358 3585 nituntur
3405 3531 3458 3585 id
3487 3548 3584 3602 ge-

1979 3623 2080 3662 nus
2111 3609 2388 3664 ratiocinia
2423 3625 2436 3662 :
2471 3609 2532 3665 Si
2549 3612 2682 3665 enim
2711 3614 3047 3684 complantati
3074 3620 3200 3688 facti
3226 3637 3403 3677 sumus
3429 3624 3582 3678 simi-

1981 3700 2184 3754 litudini
2239 3702 2418 3755 mortis
2448 3704 2602 3772 ejus;
2649 3705 2803 3758 simul
2858 3717 2904 3760 et
2956 3713 3342 3767 resurrectionis
3388 3715 3581 3772 erimus

1978 3808 2028 3844 v.
2063 3795 2096 3847 5
2126 3810 2140 3860 ;
2173 3795 2218 3847 si
2252 3806 2421 3848 autem
2453 3799 2640 3851 mortui
2684 3815 2861 3854 sumus
2905 3817 3022 3857 cum
3063 3802 3291 3872 Christo,
3321 3808 3581 3864 credimus

1977 3887 2094 3957 quia
2123 3888 2275 3943 simul
2298 3889 2451 3942 etiam
2480 3896 2703 3946 vivemus
2724 3909 2839 3947 cum
2861 3892 3090 3962 Christo,
3114 3914 3168 3955 v.
3203 3900 3258 3955 6.
3289 3899 3402 3957 Nec
3431 3903 3578 3958 enim

1977 3978 2045 4034 de
2069 3979 2172 4034 alia
2201 3991 2375 4037 mortc
2407 3981 2491 4037 hic
2515 3983 2600 4053 agi
2640 4000 2800 4056 quam
2833 3988 3006 4058 typica
3040 3989 3138 4047 hac
3169 4002 3329 4064 atque
3352 3993 3581 4065 symbo-

1979 4072 2078 4129 lica
2135 4074 2188 4129 in
2241 4075 2510 4144 baptismo
2556 4091 2942 4148 repraesentata
2969 4083 3080 4153 jam
3110 4087 3469 4144 ostendimus.
3497 4089 3572 4145 Ea

1977 4173 2153 4219 morte
2198 4167 2494 4237 symbolice
2525 4172 2808 4227 constabat
2831 4175 2941 4244 jam
2970 4176 3254 4234 defunctos
3290 4194 3413 4237 esse
3435 4180 3578 4252 apud

1978 4271 2112 4325 quos
2136 4259 2205 4312 ita
2227 4271 2636 4330 argumentatur
2658 4267 2953 4335 Apostolus
2977 4271 3068 4340 qui
3099 4273 3290 4327 mortis
3317 4273 3575 4330 nimirum

1977 4351 2236 4416 symbolis
2264 4352 2316 4405 in
2368 4353 2638 4424 baptismo
2690 4358 2770 4412 usi
2823 4360 3055 4416 fuerant.
3087 4361 3213 4418 Inde
3242 4371 3514 4435 tamquam
3542 4382 3577 4424 ο

1979 4443 2240 4515 principio
2270 4447 2481 4501 notorio
2521 4449 2757 4520 legitima
2805 4453 3132 4523 procedebat
3178 4459 3577 4529 argumentatio

1979 4533 2022 4587 si
2046 4544 2101 4589 et
2123 4535 2252 4592 illud
2281 4535 2748 4612 subintelligamus
2770 4546 3012 4615 symbola
3030 4548 3167 4603 inter
3191 4550 3574 4621 paciscendum

2878 4641 3196 4709 sponsoria-
3223 4641 3334 4700 Nec
3359 4643 3483 4713 alia,
3516 4650 3578 4700 ut

1974 4719 2249 4805 existimo,
2274 4721 2560 4794 hypothesi
2604 4726 2734 4783 illud
2762 4729 2952 4784 nititur
2969 4732 3132 4788 etiam
3165 4733 3406 4804 ejusdem
3430 4738 3577 4806 Apo-

1973 4803 2124 4877 stoli,’
2153 4815 2262 4870 alio
2289 4827 2462 4872 tamen
2512 4818 2564 4872 in
2596 4821 2716 4876 loco
2744 4822 3082 4879 ratiocinium
3109 4842 3122 4878 :
3152 4825 3344 4899 Igitur,
3373 4828 3418 4883 si
3449 4844 3577 4885 con-

1973 4905 2286 4975 surrexistis,
2317 4908 2509 4979 inquit,
2534 4927 2647 4966 cum
2674 4912 2898 4981 Christo,
2927 4933 3042 4986 quae
3059 4933 3261 4972 sursum
3286 4928 3403 4973 sunt
3431 4935 3575 4990 quae-

1973 4997 2086 5065 rite,
2119 5006 2223 5052 etc.
2252 4996 2391 5068 (Col.
2419 5017 2496 5067 Ill,
2533 5003 2608 5074 1).
2637 5002 2950 5074 Mortiﬁcate
2979 5024 3097 5080 ergo
3123 5013 3350 5065 membra
3375 4999 3565 5079 vestra,

1973 5097 2075 5144 etc.
2109 5091 2183 5164 (ν.
2210 5090 2288 5164 5).
2312 5091 2466 5159 Quod
2491 5094 2739 5166 illosjam
2765 5109 3032 5170 supponat
3049 5103 3470 5170 consurrexisse,
3497 5105 3567 5162 ad

1970 5175 2101 5237 illud
2129 5182 2318 5238 referri
2352 5200 2457 5240 non
2509 5197 2688 5266 potest
2719 5205 2876 5259 quam
2917 5191 2982 5246 ad
3017 5195 3373 5252 emersionem
3418 5197 3570 5254 illam

1972 5291 2038 5330 ex
2095 5291 2231 5347 aqua
2258 5277 2562 5349 baptismali
2594 5298 2714 5352 qua:
2763 5286 3177 5343 resurrectionis
3204 5301 3321 5345 erat
3345 5292 3568 5364 symbo-

1972 5369 2108 5436 lum,
2141 5378 2201 5424 ut
2230 5370 2484 5428 nimirum
2520 5374 2717 5431 forensi
2749 5389 3027 5448 pactorum
3049 5380 3302 5439 idiomate
3331 5391 3458 5441 tunc
3482 5400 3571 5444 re-

1967 5461 2272 5517 surrexisse
2324 5465 2765 5524 existimarentur
2794 5486 2920 5527 cum
2953 5469 3278 5548 usurparent
3323 5492 3571 5537 resurre-

1967 5553 2162 5608 ctionis
2211 5555 2535 5626 symbolum.
2573 5559 2703 5616 Inde
2731 5574 2877 5619 recte
2929 5566 3133 5639 colligit
3161 5568 3568 5632 Colossensium

1967 5643 2169 5714 ofﬁcia,
2202 5661 2264 5702 ea
2294 5649 2454 5706 modo
2493 5663 2866 5723 supponantur
2908 5673 3028 5730 quae
3069 5660 3180 5730 jam
3230 5663 3568 5721 ostendimus

1967 5740 2275 5797 necessario
2303 5757 2425 5800 esse
2473 5748 2846 5821 supponenda.
2879 5751 3012 5807 Cum
3061 5755 3204 5811 enim
3249 5758 3443 5814 mortis
3472 5758 3568 5819 illo

1965 5831 2230 5906 symbolo,
2261 5831 2608 5897 immersione
2650 5840 2927 5913 nimirum,
2951 5845 3283 5918 sponderent
3306 5863 3367 5909 se
3393 5865 3566 5909 mem-
