3888 6338
171 334 221 391 69
1185 337 1270 396 DE
1310 336 1633 398 SECUNDO
1658 331 2040 398 MARTYRUM
2080 329 2444 402 BAPTlSﬂO.
3393 354 3462 412 70

170 452 347 511 brorum
373 466 587 508 suorum
615 453 1115 512 mortiﬁcationem
1133 464 1409 512 curaturos
1435 474 1449 522 ;
1485 466 1538 512 et
1565 471 1746 538 resur-
1772 453 1826 514 A
1854 456 2083 524 probare
2106 474 2360 530 umquam
2389 465 2646 531 poterunt
2667 460 2757 533 qui
2788 461 2989 519 nullam
3018 465 3119 522 nisi
3145 481 3210 523 ex
3235 465 3454 528 disertis

174 545 388 600 rectionis
405 545 654 617 symbolo
682 547 738 602 id
757 563 990 619 quoque
1008 548 1437 618 spopondissent,
1457 549 1524 602 ad
1555 563 1751 603 novam

177 650 220 691 se
241 637 603 709 cmlestemque
624 638 799 693 vitam
829 654 959 695 esse
983 631 1381 696 resurrecturos
1409 656 1422 691 :
1449 637 1574 692 inde
1595 651 1753 693 nemo

177 741 261 781 non
286 727 419 784 videt
441 745 598 800 quam
625 730 722 785 ille
766 731 950 786 solide
980 731 1371 802 prudenterque
1399 741 1750 802 argumente-

179 831 264 884 tur.
288 836 404 876 cum
427 838 457 876 e
483 832 641 892 pacto
669 826 1063 894 promissoque
1108 825 1224 880 illos
1267 825 1513 881 hortatur
1538 841 1607 881 ne
1636 825 1751 881 ofll-

180 914 248 967 cio
285 912 542 976 deessent,
573 913 812 972 ﬁdemve
844 916 1114 972 fallerent.
1164 915 1396 972 Inﬁrmaa
1426 927 1605 973 autem
1656 917 1752 972 ad-

182 1003 368 1059 modum
395 1012 448 1059 et
471 1004 670 1075 jejuna:
697 1008 882 1064 forent
908 1008 963 1062 id
986 1023 1156 1079 genus
1183 1009 1417 1078 sequelae
1439 1011 1483 1065 si
1507 1025 1575 1065 ex
1606 1011 1751 1064 inani

184 1097 340 1154 mortis
363 1099 888 1171 resurrectionisque
917 1101 1168 1174 symbolo
1214 1103 1280 1158 ad
1315 1103 1600 1175 mysticam
1628 1104 1752 1160 illos

187 1198 383 1245 mortem
403 1193 964 1265 resurrectionemque
991 1195 1318 1251 hortaretur.

249 1282 474 1354 §_2‘l.—l
489 1294 536 1339 ta
567 1285 824 1341 nimirum
843 1296 1058 1342 constat
1085 1287 1150 1343 de
1169 1286 1332 1355 iacto,
1359 1301 1425 1343 ex
1454 1288 1569 1359 ipsa
1589 1289 1751 1360 aquei

190 1377 407 1448 baptismi
456 1381 792 1436 institutione
841 1380 1168 1450 baptismum
1205 1381 1484 1452 sanguinis
1536 1382 1753 1438 excludi

191 1487 278 1526 non
315 1487 482 1542 posse,
509 1489 610 1529 nec
657 1473 822 1529 etiam
853 1489 884 1529 e
921 1474 1060 1544 pacti
1091 1473 1423 1544 baptismalis
1465 1474 1750 1531 beneﬁcio.

191 1569 236 1624 Si
262 1585 406 1640 porro
436 1570 558 1625 facti
588 1570 855 1626 rationem
883 1572 1198 1642 quazrimus,
1235 1589 1295 1628 ea
1343 1581 1445 1638 est,
1478 1573 1532 1627 ni
1564 1572 1741 1639 fallor,

192 1661 326 1717 altius
342 1677 368 1717 e
387 1662 588 1718 duobus
611 1663 910 1733 pmsertim
933 1665 1207 1735 principiis
1227 1665 1541 1720 deducenda
1569 1685 1583 1721 :
1609 1666 1753 1737 quod

191 1756 372 1812 scilicet
391 1757 584 1812 Christi
609 1772 757 1812 mors
776 1773 841 1813 ea
870 1758 940 1813 sit
962 1758 1132 1814 beata:
1163 1761 1578 1815 resurrectionis
1610 1776 1754 1814 mer-

1858 547 2260 616 Scriptnrarum
2294 553 2617 608 testimoniis
2639 554 3010 622 probationem
3042 557 3350 615 admittunt.

1930 641 1958 713 ς
1982 641 2288 699 28.—-Huic
2314 645 2493 714 itaque
2523 645 2730 702 cmlesti
2751 657 2907 717 pacto
2933 650 3040 705 duo
3060 650 3148 705 illa
3177 653 3462 712 tribuenda

1855 745 2015 790 erant
2046 757 2058 792 :
2091 738 2265 808 primo
2294 749 2351 793 ut
2397 739 2519 809 jure
2547 741 2708 795 etiam
2740 741 2898 812 legali
2929 743 3145 801 Christo
3174 748 3457 816 praemium

1856 841 1955 896 pro
1984 828 2094 882 suis
2136 829 2342 884 meritis
2382 829 2705 895 deberetur;
2729 833 2970 889 secundo
2997 837 3158 892 etiam
3190 847 3246 894 ut
3273 822 3462 896 ﬁdeles

1857 918 2089 974 universi
2120 935 2280 974 unam
2313 920 2366 976 in
2388 920 2504 993 iege
2525 938 2647 978 cum
2688 923 2905 980 Christo
2934 941 3221 996 personam
3261 931 3463 987 consti-

1856 1018 2093 1065 tuerent.
2129 1009 2241 1065 Nec
2291 1013 2434 1066 enim
2487 1011 2554 1067 de
2600 1015 2806 1068 utrovls
2852 1014 3044 1070 horum
3095 1018 3375 1090 quicquam
3406 1021 3460 1078 in

1857 1103 2101 1158 terrestri
2147 1114 2306 1172 pacto
2343 1114 2558 1160 cautum
2589 1105 2841 1176 legimus.
2875 1106 3122 1164 Nondum
3182 1123 3358 1168 tamen
3389 1114 3460 1170 ad

1857 1194 2101 1266 singulos
2133 1195 2380 1253 homines
2425 1197 2701 1254 descendit
2727 1200 2839 1254 hoc
2882 1208 3122 1270 pactum,
3147 1213 3204 1258 ut
3234 1204 3462 1276 intelligi

1857 1288 2030 1358 possit
2062 1287 2279 1357 quinam
2324 1287 2392 1342 ad
2437 1287 2577 1345 hanc
2622 1290 2895 1359 poiiticam
2937 1290 3137 1348 Christi
3169 1307 3463 1364 personam

1857 1378 2105 1433 homines
2132 1379 2441 1448 pertineant
2454 1389 2511 1434 ut
2532 1381 2632 1435 sibi
2658 1384 2864 1452 possint
2886 1383 3033 1439 illius
3055 1385 3292 1442 cmlestis
3317 1388 3463 1458 pacti

1858 1469 2120 1526 beneﬁcia
2153 1470 2449 1527 vindicare.
2483 1472 2718 1528 Proinde
2751 1474 2951 1544 praeter
2991 1475 3095 1530 hoc
3137 1477 3313 1533 Patris
3337 1493 3463 1534 cum

1857 1562 2072 1618 Christo
2099 1564 2323 1620 caeleste
2355 1574 2603 1636 pactum:
2638 1567 2784 1622 aliud
2813 1579 3073 1639 praeterea
3097 1572 3464 1630 necessarium

1858 1664 1994 1726 erat,
2034 1648 2238 1710 Christi
2283 1671 2406 1711 cum
2445 1654 2775 1725 hominibus,
2799 1667 2855 1716 et
2903 1661 3125 1730 quidem
3176 1678 3276 1732 pro
3299 1673 3462 1734 captu

1859 1745 2096 1800 humano
2126 1754 2431 1811 externum,
2479 1750 2827 1820 externisque
2875 1743 3139 1824 symbolis
3176 1753 3464 1809 celebran-

191 1846 303 1902 ρεαδ
329 1847 624 1902 coronanda
651 1865 666 1913 ς
701 1847 847 1916 quod
897 1850 1062 1905 etiam
1115 1850 1247 1905 illud
1276 1851 1342 1906 εει
1381 1853 1434 1904 ει,
1467 1850 1753 1920 pmcipuis
1781 1847 1832 1907 Β
1860 1836 2084 1901 dnm,ut
2111 1847 2325 1893 constet
2344 1841 2558 1910 quinam
2589 1841 2665 1895 illi
2693 1843 2800 1898 sint
2821 1844 2911 1913 qui
2940 1860 2967 1896 a
2993 1841 3210 1901 Christo
3233 1861 3332 1916 pro
3353 1849 3469 1903 suis

191 1939 405 2008 baptismi
432 1941 708 1996 beneﬁciis
731 1942 1123 1997 numerandum
1146 1951 1202 1997 ut
1225 1943 1478 1998 nimirum
1503 1943 1755 2012 baptismi

192 2032 360 2086 virtute
400 2033 521 2089 illud
547 2048 944 2104 consequamur
971 2045 1028 2090 ut
1052 2044 1236 2091 nostra
1269 2051 1480 2106 quoque
1511 2051 1658 2090 mors
1681 2037 1756 2090 sit

193 2123 377 2179 Christo
401 2126 729 2196 imputanda.
753 2126 909 2193 Quod
937 2125 1175 2193 Christo,
1205 2143 1271 2184 eo
1299 2128 1418 2199 ipso
1449 2128 1638 2183 mortis
1657 2142 1756 2181 no-

193 2217 334 2282 mine,
371 2233 428 2272 ea
457 2217 765 2284 deberetur,
794 2235 955 2289 quam
1007 2220 1136 2285 dixi,
1167 2219 1581 2276 resurrectionis
1611 2232 1756 2274 mer-

193 2321 284 2372 ces,
314 2323 341 2362 e
365 2308 537 2364 Veteri
589 2326 804 2381 quoque
831 2310 1180 2366 Testamento
1228 2311 1339 2381 jam
1389 2311 1639 2381 superius
1665 2325 1759 2366 os-

195 2401 448 2454 tendimus.
478 2402 551 2455 Ex
585 2402 678 2456 illo
725 2403 977 2458 nimirum
1014 2404 1301 2474 antiquiori
1347 2413 1506 2474 pacto
1554 2419 1661 2474 quo
1687 2405 1758 2460 de

196 2501 289 2546 toto
304 2495 672 2564 redemptionis
698 2496 914 2565 negotio
940 2496 1430 2566 incarnationisque
1455 2511 1577 2551 eum
1597 2497 1757 2552 Patre

195 2586 438 2655 transegit.
485 2586 638 2653 Quod
694 2587 837 2641 enim
877 2586 1076 2641 Christi
1101 2589 1454 2654 resurrectio,
1489 2605 1595 2641 non
1649 2599 1755 2642 tam

193 2677 392 2744 propriae
418 2677 528 2745 ejus
554 2685 607 2731 et
636 2678 830 2732 nativa:
861 2677 1080 2743 Deitati,
1109 2693 1269 2747 quam
1302 2679 1440 2732 Patri
1470 2679 1755 2746 tribuitur;

192 2767 310 2834 quod
339 2770 490 2822 etiam
535 2768 697 2822 Pater
741 2782 847 2822 non
901 2768 1074 2822 Patris
1119 2777 1295 2823 tamen
1337 2770 1390 2823 in
1439 2769 1542 2825 hac
1596 2785 1759 2824 causa

191 2872 441 2927 personam
491 2861 686 2931 egerit,
729 2861 824 2916 sed
877 2860 1117 2930 judicis;
1170 2876 1270 2917 nec
1321 2877 1431 2917 suae
1483 2863 1536 2916 in
1585 2863 1756 2918 filium

193 2963 384 3027 στοργῆς
410 2956 670 3010 rationem
694 2953 968 3023 habuerit,
992 2954 1087 3010 sed
1111 2953 1311 3010 Christi
1343 2957 1526 3026 potius
1555 2957 1607 3010 in
1640 2972 1762 3026 pas-

193 3044 319 3100 sione
356 3045 524 3100 mcriti
559 3065 572 3101 :
603 3046 745 3116 quod
779 3045 942 3101 etiam
974 3047 1224 3103 Christus
1254 3063 1361 3102 non
1393 3063 1491 3117 pro
1535 3063 1630 3103 sua
1673 3048 1761 3103 hic

192 3141 458 3210 aequalitate
504 3157 626 3196 cum
658 3141 841 3209 Patre,
888 3140 982 3195 sed
1011 3141 1168 3211 plane
1196 3143 1350 3212 quasi
1393 3141 1657 3207 subditus,
1691 3142 1762 3196 sit

1858 1939 2241 1998 agnoscantur.
2279 1930 2392 1985 Hoc
2439 1941 2616 1987 autem
2661 1945 2874 2003 pactum
2906 1945 2964 1990 ut
3015 1937 3083 1993 ad
3130 1949 3468 1996 sacramenta

1858 2029 2066 2088 spectat
2107 2021 2157 2074 in
2190 2037 2412 2091 genere,
2450 2022 2520 2076 ita
2552 2025 2775 2093 propius
2812 2035 2868 2081 et
2910 2028 3181 2098 pmcipue
3210 2029 3277 2085 ad
3331 2030 3468 2102 bap-

1862 2113 2077 2165 tismum
2104 2114 2246 2182 quod
2275 2114 2489 2169 unicum
2507 2115 2824 2171 initialionis
2845 2129 3248 2176 sacramentum
3278 2137 3470 2180 omnes

1859 2215 2179 2272 agnoscunt.
2210 2204 2342 2261 Illud
2376 2208 2518 2262 enim
2539 2209 2754 2277 proprie
2770 2220 2985 2280 pactum
3009 2213 3338 2284 appellamus
3362 2231 3470 2287 quo

1855 2298 1945 2368 jus
1972 2300 2115 2369 pacti
2149 2300 2504 2372 ejusdemque
2521 2300 2782 2358 beneﬁcia
2810 2304 3043 2375 primum
3061 2309 3466 2379 consequimur,

1861 2408 1967 2448 non
1996 2408 2102 2462 quo
2129 2395 2406 2450 consecuti
2429 2395 2517 2466 jus
2565 2396 2705 2452 idem
2736 2412 2999 2469 augemus
3030 2407 3190 2472 atque
3215 2417 3470 2458 consum-

1860 2502 2092 2542 mamus.
2117 2487 2230 2556 Qua
2261 2488 2442 2558 itaque
2479 2490 2689 2546 ratione
2721 2493 2787 2545 ad
2816 2493 3071 2563 baptismi
3101 2510 3467 2553 «consumma-

1862 2579 2063 2633 tionem
2086 2579 2422 2636 ostendimus
2446 2581 2721 2652 pertinere
2744 2585 3085 2656 martyrium,
3106 2587 3299 2643 eadem
3323 2598 3378 2644 et
3398 2589 3468 2645 ad

1861 2679 2077 2738 pactum
2129 2674 2503 2740 evangelicum
2564 2677 2811 2747 pactique
2862 2678 3119 2734 beneﬁcia
3191 2681 3467 2749 pertinere

1862 2762 2192 2830 censebitur,
2227 2780 2295 2818 ne
2324 2765 2447 2834 quis
2475 2767 2712 2821 nominis
2743 2769 2932 2834 solius,
2963 2786 3069 2824 non
3100 2771 3228 2827 item
3261 2773 3337 2829 rei
3373 2789 3472 2844 per

1863 2870 2060 2909 nomen
2080 2857 2416 2926 signiﬁcata),
2448 2859 2586 2915 hanc
2611 2860 2865 2932 baptismi
2886 2878 3008 2919 cum
3039 2866 3300 2938 martyrio
3316 2883 3470 2923 com-

1863 2947 2286 3001 municationem
2316 2948 2724 3020 interpretetur.

1941 3036 1968 3108 §
2012 3037 2609 3096 ‘29.—-0bservandum
2639 3044 2780 3097 enim
2808 3055 2965 3102 sexto
2984 3091 2998 3116 ,
3022 3063 3129 3105 non
3155 3065 3218 3107 ea
3250 3044 3465 3110 tantum

1864 3131 2102 3200 generali
2135 3131 2346 3188 ratione
2387 3134 2699 3189 adumbrari
2731 3137 2781 3191 in
2814 3137 3084 3208 baptismo
3120 3145 3472 3217 martyrium,

193 3232 594 3299 considerandus,
628 3242 684 3288 et
709 3232 1039 3288 obedientite
1064 3236 1258 3288 merito
1297 3235 1574 3303 praemium
1606 3233 1757 3288 exal-

1866 3237 1969 3290 qua
2001 3230 2056 3276 et
2086 3223 2293 3294 reliqua
2328 3227 2506 3280 omnia
2549 3227 2804 3297 haptizati
2834 3229 3014 3287 ofﬁcia
3041 3234 3470 3306 adumbrantur;

196 3325 380 3378 tationis
405 3343 431 3378 a
463 3326 622 3381 Patre
639 3327 901 3396 reputarit
924 3343 939 3392 ;
969 3327 1144 3394 plane,
1174 3326 1412 3396 inquam,
1438 3326 1556 3380 bmc
1578 3326 1756 3381 omnia

193 3425 390 3487 arguunt
410 3433 513 3473 non
545 3433 696 3472 suam
725 3417 837 3484 hic,
870 3416 965 3473 sed
993 3433 1123 3472 vero
1147 3418 1401 3483 alienam,
1440 3429 1494 3472 et
1539 3418 1758 3489 quidem

192 3522 214 3560 a
235 3523 314 3563 sua
343 3511 488 3580 longe
517 3510 941 3565 diversissimam
978 3526 1007 3564 a
1041 3511 1254 3566 Christo
1300 3520 1606 3580 susceptam
1637 3527 1760 3566 esse

193 3615 461 3665 personam.
491 3604 556 3658 Et
579 3618 708 3658 vero
740 3603 854 3672 ipsa
880 3617 1149 3673 personm,
1169 3618 1330 3672 quam
1355 3605 1636 3669 sustinuit,
1669 3619 1758 3658 ra-

193 3695 255 3750 tio
279 3708 474 3766 pactum
501 3697 718 3767 aliquod
747 3699 970 3751 omnino
997 3698 1254 3767 postulat,
1281 3706 1334 3752 et
1364 3707 1606 3751 mutuum
1635 3712 1759 3752 cum

191 3785 326 3843 Patre
365 3803 709 3843 consensum.
741 3787 851 3847 Nec
878 3789 1021 3843 enim
1049 3787 1252 3843 Christi
1285 3789 1503 3842 nomine
1531 3804 1632 3841 una
1661 3789 1762 3842 ali-

191 3895 293 3947 qua,
313 3891 366 3935 ut
387 3881 586 3936 scholae
617 3882 932 3950 loquuntur,
959 3879 1232 3934 individua
1257 3896 1486 3950 persona
1508 3881 1750 3950 intelligi-

193 3981 280 4036 tur,
308 3973 391 4027 sed
423 3975 636 4044 politica
669 3983 726 4027 et
754 3972 968 4042 publica
1009 3988 1127 4042 qua:
1169 3988 1267 4027 suo
1312 3973 1522 4026 ambitu
1562 3989 1761 4029 omnes

193 4066 398 4119 omnium
416 4066 734 4121 saeculorum
762 4066 1116 4136 locorumque
1140 4067 1379 4132 omnium
1406 4066 1588 4120 fideles
1611 4081 1765 4120 com-

192 4156 438 4222 plectatur.
479 4159 574 4219 iiis
604 4159 750 4213 enim
787 4159 1036 4212 omnibus
1067 4158 1357 4212 convenire
1390 4158 1762 4227 intelliguntur

194 4244 329 4316 hujus
351 4250 625 4305 beneﬁcia.
659 4251 913 4304 Poterant
933 4247 1162 4303 fortasse
1185 4248 1380 4304 Christi
1406 4250 1593 4302 merita
1625 4265 1762 4317 prae-

194 4339 330 4393 mium
349 4343 563 4412 aliquod
597 4358 662 4396 cx
695 4343 962 4411 mquitatis
986 4341 1106 4410 jure
1131 4340 1233 4395 sibi
1260 4340 1572 4410 impetrare.
1600 4340 1759 4407 Quod

202 4447 307 4487 tero
331 4450 426 4490 non
457 4450 521 4490 ex
555 4450 713 4505 aequo
751 4435 1052 4498 dumtaxat,
1086 4432 1181 4487 sed
1213 4447 1309 4504 pro
1327 4433 1549 4503 justitim
1577 4433 1762 4488 debito

191 4523 297 4579 illud
326 4528 630 4592 vindicent;
659 4527 803 4593 quod
834 4541 942 4582 non
966 4526 1068 4581 sibi
1099 4526 1283 4592 modo,
1314 4527 1410 4582 sed
1443 4527 1553 4581 suis
1579 4525 1760 4582 omni-

1867 3315 1961 3368 sed
2001 3315 2144 3386 quod
2189 3317 2364 3386 ipsum
2413 3320 2570 3390 aquei
2610 3320 2863 3390 baptismi
2894 3325 3201 3396 symbolum
3233 3329 3304 3385 ita
3341 3346 3472 3386 nos-

1866 3416 2032 3475 trum,
2063 3425 2224 3479 quem
2248 3411 2505 3478 diximus,
2530 3414 2890 3483 sanguineum
2918 3415 3242 3488 baptismum
3273 3437 3476 3492 reprtc-

1865 3510 2065 3568 sentet,
2091 3502 2330 3572 utplane
2359 3503 2502 3557 nulla
2531 3505 2603 3559 sit
2626 3507 2783 3576 aquei
2816 3507 3072 3578 baptismi
3095 3510 3474 3580 eiﬁcacia,nisi

1865 3592 1933 3645 ad
1971 3593 2328 3663 sanguineum
2369 3595 2697 3664 baptismum
2733 3595 3024 3654 referatur.
3051 3600 3164 3668 Qua
3195 3603 3336 3657 enim
3375 3604 3476 3658 im-

1866 3687 2066 3742 mersio
2105 3688 2159 3741 in
2191 3703 2386 3758 aquam
2413 3689 2539 3743 vitae
2569 3691 2817 3746 animalis
2843 3693 3346 3764 mortificationem,
3377 3698 3475 3753 de-

1865 3787 2034 3845 notat,
2065 3794 2168 3861 qua
2200 3780 2434 3835 emersio
2462 3795 2530 3836 ex
2557 3782 2749 3837 eadem
2781 3799 2935 3839 novae
2961 3786 3124 3841 etiam
3151 3788 3478 3857 spiritualis-

1865 3886 1971 3940 que
1998 3871 2117 3924 vitae
2140 3872 2516 3941 sponsionem,
2540 3889 2626 3938 ea,
2655 3889 2758 3943 qua
2783 3875 2922 3943 dixi,
2947 3880 3212 3947 sponsarii
3243 3882 3475 3951 symboli

1865 3963 2260 4032 signiﬁcatione
2286 3975 2678 4034 repraesentat;
2713 3965 2888 4022 fateor
2912 3970 3116 4025 nullum
3143 3986 3264 4028 esse
3303 3974 3476 4030 chris-

1864 4057 2027 4109 tianae
2056 4056 2177 4110 vitm
2209 4056 2447 4111 ofﬁcium
2480 4059 2607 4128 quin
2640 4058 2709 4114 ad
2742 4059 2939 4115 horum
2968 4062 3290 4119 alterutrum
3326 4067 3474 4124 refe-

1866 4157 2036 4212 ratur,
2070 4165 2194 4204 cum
2225 4152 2473 4224 κάθαρσιν
2499 4151 2678 4206 omnia
2709 4162 2802 4209 aut
2829 4154 3089 4211 τελείωσιν
3119 4167 3385 4226 spectent,
3420 4168 3478 4216 ut

1869 4240 2152 4311 loquamur
2191 4258 2312 4297 cum
2347 4245 2740 4314 pythagorzeis,
2786 4245 2904 4301 haec
2933 4247 3002 4302 ad
3040 4263 3233 4304 novam
3278 4253 3475 4323 mysti-

1867 4347 2095 4402 eamque
2123 4334 2286 4388 vitam
2306 4375 2320 4399 ,
2347 4335 2416 4388 ad
2443 4351 2638 4391 novam
2663 4336 2752 4392 illa
2788 4338 3180 4411 mysticatnque
3206 4353 3432 4398 mortem
3452 4385 3470 4412 ,

1867 4424 2118 4479 similiter
2159 4424 2464 4481 referenda.
2498 4426 2610 4482 Nec
2650 4437 2828 4484 tamen
2867 4441 3154 4501 propterea
3185 4435 3308 4490 novi
3345 4435 3477 4506 hap-

1869 4516 2011 4571 tismi
2056 4517 2317 4574 beneﬁcia
2360 4520 2692 4590 quibuslibet
2732 4521 2858 4578 vitze
2899 4525 3211 4581 christiana
3243 4525 3472 4598 ofﬁciis,

194 4616 274 4672 bus
301 4621 413 4674 illud
444 4637 474 4675 ε
507 4621 669 4675 patre
697 4620 983 4687 debeatur,
1016 4621 1133 4675 sine
1163 4629 1320 4691 pach
1343 4634 1567 4690 prorsus
1599 4619 1758 4675 ξηιει.
1784 4623 1840 4685 ι)
1867 4610 1962 4665 sed
1990 4626 2059 4666 ne
2091 4613 2342 4667 omnibus
2384 4613 2604 4684 quidem
2647 4616 2808 4670 simul
2849 4617 3124 4685 collectis,
3155 4621 3472 4678 asserimus.

193 4707 264 4779 ligi
294 4729 386 4766 non
425 4723 605 4783 potest
633 4729 743 4783 quo
772 4714 934 4769 Pater
958 4714 1124 4768 etiam
1154 4729 1402 4784 personae
1433 4715 1664 4784 politius:
1693 4714 1761 4767 il-

194 4803 280 4858 lam
306 4809 741 4863 constitutionem
773 4815 1102 4877 acceptaret.
1136 4807 1263 4862 Erat
1296 4807 1441 4862 enim
1477 4806 1578 4861 hoc
1609 4815 1762 4861 ante-

191 4897 406 4954 cedenter
426 4901 491 4953 ad
522 4909 739 4971 pactum
767 4898 839 4953 ita
867 4901 1066 4955 arbitra
1081 4898 1237 4963 rium,
1266 4907 1324 4953 ut
1352 4898 1500 4952 nulla
1521 4899 1755 4963 Patrem,

191 4989 230 5041 ni
257 4992 312 5045 ita
331 4994 693 5060 convenisset,
721 4992 803 5047 vel
825 4993 1053 5070 :equitas
1078 4992 1361 5064 obligaret,
1397 5001 1452 5046 ut
1478 5007 1577 5062 pro
1600 4991 1763 5046 Citri-

189 5081 242 5135 sti
266 5088 456 5140 meritis
485 5084 797 5141 mercedem
824 5083 1074 5142 ﬁdelibus
1093 5085 1448 5156 persolveret,
1475 5100 1599 5139 cum
1624 5099 1764 5155 pra:-

189 5177 339 5230 sertim
368 5191 415 5234 et
483 5180 583 5249 ipsi
635 5177 889 5244 Christo,
922 5179 975 5232 in
1032 5187 1248 5249 propria
1305 5177 1468 5233 etiam
1526 5191 1759 5247 persona

191 5271 516 5335 persolvisset.
577 5271 650 5327 Et
707 5271 923 5341 quidem
977 5271 1270 5327 admodum
1335 5282 1762 5327 consentaneum

197 5374 284 5418 erat
307 5368 582 5436 platonicis
615 5366 768 5421 illius
799 5364 898 5420 aevi
927 5365 1288 5436 dogmatibus,
1319 5375 1373 5419 ut
1424 5365 1550 5419 huic
1576 5366 1762 5436 αἰωνίῳ

184 5451 419 5531 Evangelii
474 5458 700 5533 διαθήκῃ
729 5499 743 5525 ,
783 5463 1116 5527 quaetamen
1169 5466 1287 5513 erat
1335 5457 1627 5522 terrestris,
1659 5455 1766 5510 alia

181 5550 303 5609 etiam
330 5554 697 5627 reSprmderct
749 5554 1060 5630 προαιώνιος
1101 5550 1152 5603 in
1194 5551 1345 5605 ccelis
1395 5550 1547 5620 cujus
1579 5546 1765 5602 virtuti

173 5645 223 5699 sit
245 5650 386 5705 etiam
441 5644 750 5705 tribuenda
801 5643 1083 5700 terrestris
1113 5640 1348 5708 διαθήκης
1394 5643 1654 5698 efﬁcacia.
1688 5641 1766 5696 ita

169 5740 402 5808 mbatum
436 5741 712 5801 dedimus
770 5736 880 5792 hoc
910 5742 1153 5806 paetum,
1183 5734 1326 5805 quod
1356 5734 1480 5790 licet
1518 5740 1770 5791 asseraut

163 5837 284 5898 etiam
309 5841 690 5908 recentiores,
748 5831 1077 5903 neutiquam
1130 5839 1309 5891 tamen
1363 5831 1612 5902 probant,
1666 5843 1768 5886 nec

1867 4701 2003 4758 Cum
2030 4705 2172 4759 enim
2199 4705 2327 4760 illud
2349 4706 2644 4763 dixerimus
2673 4709 3004 4779 praecipuum
3030 4712 3279 4783 baptismi
3304 4714 3474 4773 fuisse

1867 4797 2151 4852 consilium
2195 4807 2254 4852 ut
2290 4797 2496 4854 Christi
2536 4800 2817 4856 morientis
2849 4806 3291 4877 resurgentisque
3332 4810 3474 4865 ima-

1867 4891 2048 4958 ginem
2077 4890 2143 4944 ad
2171 4891 2351 4946 vivum
2377 4902 2858 4961 repraesentemus,
2884 4895 3009 4952 inde
3035 4898 3196 4953 etiam
3224 4900 3477 4958 beneﬁcii

1870 4982 2208 5051 baptismatis
2235 4997 2385 5054 Spem
2409 5000 2626 5040 omnem
2655 4985 2722 5040 ab
2755 5001 2818 5042 ea
2851 4989 2964 5058 ipsa
2992 4996 3474 5059 repraesentatione

1871 5089 2209 5130 arcessamus
2229 5093 2243 5142 ;
2266 5076 2514 5146 sequitur
2537 5077 2764 5147 proinde
2793 5091 2848 5134 ut
2867 5097 2971 5152 qua
2991 5083 3099 5138 vita
3121 5094 3280 5154 atque
3301 5096 3478 5144 morte

1869 5167 2148 5225 Christum
2179 5171 2586 5227 accuratissime
2621 5174 3008 5243 exprimimus,
3037 5177 3091 5233 in
3139 5180 3245 5235 illis
3272 5182 3479 5250 prima-

1869 5262 2006 5319 rium
2030 5263 2279 5333 baptismi
2301 5264 2586 5321 consilium
2607 5269 3046 5326 constituendum
3075 5273 3162 5338 sit,
3186 5273 3254 5329 ab
3283 5275 3478 5333 iisdem

1870 5361 2124 5431 baptismi
2171 5362 2332 5418 etiam
2371 5362 2633 5419 beneﬁcia
2663 5366 2774 5420 sint
2811 5369 3083 5440 praecipue
3121 5373 3478 5440 expectanda.

1874 5453 2037 5524 Atqui
2083 5470 2360 5526 corporeae
2389 5465 2545 5511 erant
2586 5457 2693 5513 illae
2732 5457 2932 5514 Christi
2979 5470 3086 5516 tam
3128 5477 3276 5518 mors
3316 5479 3476 5534 quam

1872 5550 2225 5616 resurrectio,
2255 5549 2448 5620 quibus
2481 5565 2580 5604 nos
2609 5551 2928 5621 proﬁtemur
2954 5553 3008 5607 in
3040 5554 3309 5624 baptismo
3339 5569 3475 5611 con-

1874 5640 2109 5710 formes,
2147 5651 2202 5698 et
2243 5657 2470 5713 quarum
2501 5658 2600 5698 nos
2633 5643 2829 5699 ibidem
2866 5653 3145 5715 portemus
3180 5645 3475 5713 imagines,

1876 5743 1936 5789 ut
1973 5735 2026 5789 in
2055 5749 2334 5805 corporea:
2361 5735 2778 5791 resurrectionis
2807 5750 2969 5790 causa
3010 5735 3056 5808 (1
3095 5733 3239 5799 σωκ,
3269 5733 3361 5802 xv)
3391 5736 3479 5792 lo-

1872 5826 2056 5897 quitur
2085 5827 2246 5884 etiam
2271 5826 2588 5899 Apostolus.
2618 5827 2837 5900 Mystica
2877 5827 3024 5883 enim
3064 5823 3396 5882 resurrectio
3437 5829 3485 5889 si
