3888 6342
471 382 539 439 47
1418 368 1781 432 DODWELLI
1820 366 2269 430 DISSERTATIO
2292 365 2701 428 CYPRIANICA
3695 370 3767 430 ιε

472 495 681 567 piendis
721 491 1057 550 observat-int
1104 490 1265 547 etiam
1306 489 1597 557 Ecclesiae;
1642 500 1696 546 et
1738 489 1953 561 quidem
2004 501 2068 542 eo
2093 483 2148 545 Α
2172 484 2499 553 ritmentio,
2533 487 2904 557 episcoporum
2935 484 3187 544 videlicet
3217 486 3655 560 presbyterorum
3684 498 3776 542 at-

473 588 793 659 promptiori
821 589 999 643 animo
1022 629 1037 654 ,
1068 586 1211 658 quod
1241 601 1347 642 non
1372 586 1581 641 illorum
1614 582 1776 639 modo
1806 582 2032 653 gratiam
2052 620 2067 645 ,

474 680 668 751 quibus
698 696 761 736 ea
794 681 1174 750 prwstiterant,
1204 680 1299 736 sed
1330 679 1423 733 Dei
1457 677 1593 732 adeo
1619 676 1806 745 ipsius,
1836 676 1987 746 cujus
2019 674 2069 728 in

474 786 641 842 opere
671 782 1085 839 occuparentur.
1117 787 1177 827 se
1207 770 1470 825 demereri
1500 769 1819 831 crederent,
1852 768 2075 837 partici-

474 880 681 935 pesque
710 880 769 920 se
801 865 1014 921 illorum
1041 880 1254 935 quoque
1295 877 1516 933 operum
1552 860 1783 916 futuros.
1815 859 2074 929 Apostolo

476 958 705 1013 Romam
736 957 970 1013 venienti
1002 956 1211 1009 obviam
1240 953 1392 1009 effusi
1420 961 1544 1008 sunt
1565 952 1780 1017 fratres,
1810 964 1979 1020 usque
2006 948 2074 1003 ad

479 1054 638 1123 Appii
659 1052 831 1108 forum
849 1060 902 1106 et
917 1049 1047 1105 Tres
1063 1047 1511 1118 'l'abernas(Act.,
1528 1061 1716 1110 xxvttl,
1742 1043 1854 1113 15).
1872 1043 2077 1112 Ignatio

482 1158 663 1202 tamen
706 1145 770 1199 ad
808 1136 1127 1214 'martyritmt
1176 1140 1484 1211 properanti
1522 1153 1690 1209 usque
1731 1136 1797 1191 ad
1843 1146 2075 1206 portum.

486 1239 777 1294 Meliteuses
805 1236 1138 1291 discedentem
1166 1236 1337 1289 multis
1368 1232 1642 1287 honoribus
1672 1228 2076 1295 Ironoraveruntg,

483 1348 531 1390 ct
556 1333 907 1405 navigantibus
933 1335 1281 1401 imposuerunt
1307 1345 1421 1400 quae
1448 1326 1731 1383 necessaria
1751 1334 1892 1380 erant
1915 1320 2076 1393 (Ibid.

484 1444 560 1492 tv,
579 1428 694 1496 l0).
720 1426 885 1480 Erant
900 1424 1015 1479 hinc
1030 1438 1214 1478 eorum
1234 1420 1585 1491 proculdubio
1600 1419 1775 1474 xenia.
1796 1412 2082 1469 Disceden-

484 1530 592 1575 tem
632 1518 696 1574 ad
731 1535 918 1575 navem
947 1532 1115 1585 usque
1135 1516 1373 1570 comitati
1403 1523 1530 1569 sunt
1563 1502 1787 1583 Ephesii
1811 1508 1949 1580 (Act.
1982 1523 2078 1570 xx,

485 1614 601 1681 58).
636 1612 762 1667 llaec
792 1623 906 1666 erat
936 1616 1219 1684 προπομπὴ
1239 1650 1256 1672 .
1287 1609 1440 1677 cujus
1474 1608 1633 1664 etiam
1666 1606 1778 1675 ipse
1806 1602 2084 1674 quamplu-

484 1706 639 1761 ritnis
679 1706 729 1759 in
764 1704 894 1759 locis
935 1703 1181 1757 meminit
1220 1701 1531 1770 ApOSIoltts.
1568 1698 1622 1751 ld
1662 1708 1841 1751 autem
1882 1694 1947 1748 ad
1990 1694 2086 1748 bo-

486 1812 674 1852 norem
726 1797 1020 1861 venientis,
1059 1810 1157 1865 pro
1204 1794 1344 1847 illius
1388 1807 1599 1863 quoque
1637 1790 1809 1845 aetatis
1853 1802 2084 1843 consueo

2174 596 2277 651 que
2300 579 2671 636 diaconorum.
2695 579 3112 651 Frequentiores
3137 591 3293 637 erant
3316 578 3772 645 extraordinarii,

2180 674 2441 744 apostoli,
2494 671 2867 741 evangelista,
2918 682 3161 743 pastores
3206 682 3366 743 atque
3413 672 3667 729 doctores
3719 681 3782 726 et

2177 766 2456 837 prolibetm
2493 766 2837 836 notioresque
2870 765 3092 820 omnino
3130 774 3291 835 atque
3327 764 3673 820 celebriores.
3706 761 3785 818 Et

2180 858 2455 929 probabile
2483 858 2699 929 quidem
2730 868 2812 913 est
2843 857 3035 913 horum
3068 859 3232 913 fuisse
3272 857 3542 928 propriam
3574 857 3785 928 prima-

2181 951 2313 1004 riam
2352 950 2496 1003 illam
2537 951 3098 1021 simplicissimamque
3124 951 3385 1007 Ecclesia:
3423 950 3785 1006 administra-

2187 1041 2419 1107 tionem;
2456 1048 2566 1095 tum
2594 1041 2811 1112 deinde,
2841 1056 2963 1097 cum
2990 1041 3433 1113 perlurbatiorem
3460 1041 3603 1097 illam
3632 1042 3791 1097 inor-

2183 1132 2614 1204 dinatioremque
2659 1135 2865 1204 experti
2914 1142 3127 1199 essent,
3179 1133 3434 1205 paulatim
3480 1135 3533 1189 in
3587 1149 3790 1190 eorum

2183 1226 2359 1281 locum
2389 1230 2715 1284 successisse
2748 1229 3026 1284 ministros
3047 1229 3196 1296 illos,
3229 1243 3364 1300 quos
3395 1228 3555 1285 hodie
3581 1231 3796 1285 retine-

2185 1335 2303 1374 mus
2323 1360 2338 1386 ,
2381 1320 2682 1375 ordinarios
2705 1362 2719 1387 ,
2754 1321 3115 1390 paulatimque
3135 1363 3149 1387 ,
3183 1337 3279 1391 pro
3316 1337 3590 1394 synaxeon
3621 1321 3794 1377 disci-

2184 1412 2367 1483 plina,
2422 1414 2877 1471 extraordinarios
2920 1415 3042 1469 illos
3097 1414 3383 1470 ordinariis
3437 1414 3607 1470 factos
3662 1429 3796 1470 esse

2188 1505 2451 1563 subditos.
2485 1506 2709 1574 Quando
2737 1507 2898 1577 igitur
2922 1522 3196 1577 synaxeon
3239 1507 3420 1561 munia
3452 1506 3707 1561 obierunt
3738 1506 3798 1560 hi

2187 1599 2597 1653 extraordinarii
2628 1598 2888 1664 ministri,
2922 1598 3118 1653 frustra
3143 1598 3547 1669 expectabimus
3566 1597 3802 1654 ordina-

2189 1692 2389 1747 riorum
2441 1693 2804 1747 ministrorum
2846 1692 3196 1747 mentionem.
3241 1690 3297 1745 ld
3347 1706 3511 1746 unum
3553 1690 3799 1757 sufficit,

2191 1784 2353 1841 fuisse
2380 1786 2500 1840 illos
2518 1828 2530 1851 ,
2567 1802 2674 1840 non
2700 1800 2909 1840 summa
2937 1783 3099 1839 modo
3128 1783 3387 1853 dignitate
3408 1824 3423 1847 ,
3448 1781 3542 1839 sed
3573 1798 3802 1839 summo

490 1888 706 1955 tudine,
754 1888 1055 1958 spectabat,
1103 1896 1159 1939 ut
1209 1900 1316 1955 quo
1370 1884 1595 1954 quisque
1644 1882 1903 1951 dignitate
1943 1888 2087 1935 esset
2114 1875 2165 1936 B
2192 1878 2375 1943 etiam,
2406 1878 2457 1931 in
2488 1878 2745 1933 Ecclesia:
2775 1876 3260 1940 administratione,
3287 1876 3425 1941 loco,
3455 1884 3511 1929 ut
3541 1874 3801 1943 proinde,

488 1980 767 2044 illustrior,
802 1994 865 2034 eo
894 1980 1066 2034 forent
1109 1977 1269 2033 etiam
1326 1976 1651 2031 illustriores
1693 1974 1729 2027 ii
1769 1972 1859 2044 qui
1890 1973 1940 2027 in
1973 1971 2088 2041 ejus

489 2086 771 2126 oceursmn
813 2072 1174 2125 mitterentur.
1222 2068 1384 2139 quue
1431 2068 1592 2122 etiam
1642 2065 1983 2120 observatum
2036 2063 2088 2117 in

492 2162 827 2231 excipiendis
854 2160 1253 2230 provinciarum
1286 2158 1622 2228 praesidibus,
1648 2165 1704 2211 ut
1731 2172 1889 2227 quem
1912 2155 1978 2209 ad
2012 2155 2091 2209 lo-

491 2270 612 2309 cum
655 2253 943 2323 provincia:
975 2252 1205 2321 primum
1234 2250 1602 2321 appulissent,
1634 2264 1699 2303 eo
1737 2247 2031 2317 legationes
2059 2261 2089 2300 a

491 2345 821 2407 civitatibus,
865 2345 1103 2398 virorum
1142 2344 1192 2397 in
1233 2358 1327 2396 sua
1370 2344 1596 2412 quisque
1635 2341 1849 2395 civitate
1893 2341 2090 2409 prima-

494 2442 697 2496 riorum
715 2479 729 2501 ,
758 2438 1116 2492 mitterentur.
1143 2435 1288 2492 Idem
1315 2436 1476 2489 etiam
1509 2450 1537 2487 a
1572 2432 1877 2488 civitatibus
1901 2431 2090 2485 vicinis

495 2530 837 2586 observatum
871 2530 923 2582 in
968 2526 1508 2597 peregrinationibus.
1548 2524 1600 2579 Id
1642 2539 1762 2579 cum
1810 2522 2088 2579 christiani

490 2628 548 2681 in
593 2624 956 2693 apostolorum
1010 2622 1353 2689 virorumque
1402 2618 1659 2673 Ecclesia:
1710 2616 2087 2687 primariorum

493 2718 1014 2789 peregrinationibus
1070 2715 1440 2777 imitarentur,
1494 2711 1545 2765 id
1594 2726 1807 2781 quoque
1856 2711 2090 2765 imitatos

489 2810 784 2885 yerisimile
806 2819 907 2874 est,
930 2824 995 2863 ne
1018 2806 1343 2862 venientium
1367 2804 1609 2875 dignitati
1632 2803 1883 2858 deessent
1908 2802 2087 2873 legati.

493 2904 825 2971 Quamquam
857 2901 999 2954 enim
1030 2899 1225 2984 [ustum
1256 2897 1585 2953 mundanum
1620 2894 1805 2965 procul
1834 2892 2090 2948 amanda-

493 3000 603 3051 rint
621 2994 870 3065 apostoli,
884 3003 1038 3047 erant
1056 3004 1233 3047 tamen
1253 2990 1435 3046 decori
1452 2989 1611 3044 iidem
1630 2986 2093 3045 observantissitui

491 3088 1027 3156 retinentissimiquc.
1078 3085 1134 3139 ld
1185 3094 1332 3139 certe
1378 3086 1435 3139 S.
1478 3084 1629 3138 Pauli
1677 3084 1842 3139 fuisse
1883 3082 2093 3138 videtur

492 3180 788 3251 ingenium,
818 3194 879 3234 ea
912 3177 1137 3233 indoles.
1170 3178 1279 3231 Nec
1308 3176 1357 3230 id
1387 3176 1602 3246 quidem
1636 3174 1925 3229 immerito.
1959 3173 2089 3227 Cum

2192 1970 2235 2025 si
2263 1985 2397 2041 quas
2422 1971 2495 2025 illi
2526 1971 2823 2041 legationes
2850 1969 3116 2035 obierint,
3144 1967 3432 2023 admodum
3474 1965 3599 2022 illas
3625 1966 3807 2023 fuisse

2193 2062 2516 2119 honorificas
2539 2079 2759 2119 necesse
2786 2073 2951 2119 esset.
2982 2061 3116 2117 Cum
3148 2076 3276 2116 vero
3305 2059 3541 2125 tandem,
3573 2068 3807 2131 propter

2193 2174 2467 2229 synaxeon
2518 2158 2893 2228 disciplinam,
2934 2157 3220 2214 ordinariis
3264 2154 3664 2225 subjicerentur
3711 2170 3807 2225 sy-

2193 2265 2401 2306 naxeon
2424 2251 2699 2313 ministris,
2731 2251 2907 2306 adhuc
2932 2259 3110 2305 tamen
3142 2248 3400 2305 honorem
3434 2246 3806 2318 proculdubio

2194 2358 2463 2397 summum
2490 2344 2849 2399 retinuerunt.
2885 2343 2995 2399 Nec
3023 2342 3165 2398 enim
3193 2350 3349 2397 erant
3378 2341 3455 2395 illi
3487 2339 3653 2396 certis
3682 2341 3808 2410 qui-

2194 2435 2420 2491 busdam
2466 2436 2711 2492 ecclesiis
2750 2436 2928 2501 affixi,
2974 2435 3070 2491 sed
3113 2436 3293 2506 potius
3332 2430 3495 2489 totius
3537 2432 3807 2489 Ecclesiae

2193 2526 2472 2582 catholicae
2513 2542 2862 2595 communes,
2905 2526 3046 2599 quod
3094 2526 3188 2598 (ea
3219 2524 3572 2597 proculdubio
3600 2532 3805 2589 aetate,

2194 2637 2315 2675 cum
2354 2620 2407 2674 in
2449 2636 2515 2676 eo
2555 2622 2746 2692 positae
2781 2631 2963 2676 essent
3004 2634 3378 2690 supremorum
3422 2612 3807 2673 ministrorum

2194 2728 2407 2783 operae,
2452 2714 2630 2782 potius
2660 2722 2718 2767 ut
2749 2712 2853 2767 late
2895 2711 3345 2767 christianitatem
3378 2710 3806 2765 disseminarent

2194 2821 2351 2875 quam
2381 2814 2437 2859 ut
2458 2805 2718 2860 ecclesias
2750 2813 3001 2875 regerent
3024 2803 3133 2873 jam
3166 2803 3413 2858 fundatas
3442 2803 3807 2858 constitutas-

2193 2901 2318 2967 que)
2353 2896 2467 2950 fieri
2510 2896 2598 2949 vix
2636 2906 2813 2965 potest
2840 2895 2968 2965 quin
3009 2910 3195 2950 eorum
3224 2893 3402 2949 officio
3437 2896 3809 2951 anteferretur

2194 2989 2285 3060 qui
2312 2989 2641 3059 singularum
2673 2997 2855 3043 essent
2880 2987 3160 3042 dumtaxat
3180 2987 3553 3043 ecclesiarum.
3584 2987 3672 3043 Ex
3700 2987 3808 3043 hoc

2194 3093 2374 3140 autem
2402 3084 2951 3140 extraordinariorum
2977 3082 3345 3139 ministrorum
3374 3097 3603 3138 numero
3632 3083 3808 3139 fuisse

2196 3180 2443 3235 videntur
2465 3180 2554 3248 qui
2584 3178 2742 3250 legati
2779 3178 3053 3235 constituti
3081 3188 3285 3233 essent.
3321 3177 3439 3248 Ipsa
3471 3176 3559 3232 illa
3606 3192 3807 3233 eorum

493 3274 636 3327 enim
678 3273 727 3325 in
773 3273 840 3325 ita
881 3270 1119 3340 exceptis
1171 3268 1375 3321 nullum
1424 3277 1598 3329 esset,
1645 3265 1749 3320 illis
1790 3264 2089 3335 praesertim
2119 3257 2165 3322 C
2198 3272 2334 3327 dona
2376 3272 2667 3326 infidelium
2712 3286 2906 3337 causa,
2955 3272 3132 3341 potius
3178 3286 3339 3341 quam
3371 3269 3641 3337 fidelium,
3672 3270 3807 3326 data

493 3363 931 3435 persecutionum
970 3359 1211 3423 sacculis,
1242 3359 1409 3414 fastus
1432 3357 1765 3429 periculum;
1808 3356 1971 3411 multa
2005 3364 2088 3410 ta-

489 3472 617 3513 men
650 3466 801 3511 erant
832 3457 883 3510 in
918 3456 1001 3510 his
1027 3454 1333 3523 adiaphoris
1359 3471 1477 3526 quae
1508 3454 1575 3509 ad
1605 3455 1941 3511 subditorum
1970 3454 2087 3509 cul-

492 3558 604 3603 tum
634 3548 1100 3619 reverentiamque
1125 3547 1518 3603 conciliandam
1547 3547 1804 3614 facerent,
1838 3564 1957 3618 quae
1979 3563 2086 3602 non

493 3652 645 3696 erant
665 3657 795 3696 sane
816 3640 1154 3711 negligenda,
1169 3657 1289 3695 eum
1317 3641 1611 3710 prtesertim
1630 3656 1735 3694 non
1756 3640 1823 3693 im
1834 3654 2088 3708 peraren-

489 3743 577 3788 tur
632 3735 745 3789 h:cc
786 3733 984 3797 ofﬁcia,
1015 3732 1107 3788 sed
1141 3748 1269 3788 vero
1296 3732 1573 3787 liberrimo
1600 3732 2087 3801 ardentissimoque

492 3826 829 3882 subditorum
860 3835 1241 3895 praestarentur
1265 3826 1547 3896 obsequio.

567 3920 595 3990 θ
633 3920 723 3975 20.
766 3921 942 3989 Atque
973 3918 1095 3975 hinc
1117 3920 1849 3990 concludimus,quamquam
1872 3919 2087 3976 aliunde

489 4027 600 4067 non
632 4011 1051 4081 intelligeremus
1094 4027 1252 4082 quem
1285 4014 1457 4066 locum
1489 4012 1539 4065 in
1576 4012 1813 4068 Ecclesia
1842 4012 2088 4067 obtinue-

491 4104 604 4159 rint
633 4101 723 4174 qui
746 4102 827 4157 his
853 4102 1208 4173 legationibus
1234 4102 1499 4158 obeundis
1527 4104 1946 4173 destinarentur,
1980 4120 2085 4163 non

492 4212 617 4252 esse
646 4206 822 4252 tamen
850 4196 992 4267 quod
1031 4196 1339 4252 dubitemus
1370 4199 1495 4267 quin
1528 4199 1571 4252 is
1604 4198 1763 4254 fuerit
1798 4200 2085 4257 admodum

490 4289 841 4346 honorificus.
874 4289 1277 4344 Ordinariorum
1316 4288 1507 4343 horum
1547 4290 1802 4345 Ecclesia:
1842 4293 2086 4348 ministe-

491 4384 694 4439 riorum
713 4383 763 4437 in
782 4383 949 4454 prima
969 4384 1042 4437 illi
1058 4383 1152 4438 aevi
1173 4384 1447 4455 apostolici
1465 4383 1889 4457 bistoria,rarior
1908 4400 2089 4441 occur-

2196 3381 2317 3422 esse
2344 3365 2588 3436 agnoscit
2613 3366 2889 3436 apostolus
2920 3364 3131 3421 utiliora
3160 3363 3387 3434 proinde
3423 3364 3597 3417 futura
3619 3403 3633 3428 ,
3667 3364 3719 3419 si
3753 3364 3807 3419 in

2195 3459 2573 3515 convertendis
2604 3459 2905 3514 infidelibus
2933 3460 3113 3528 potius
3140 3472 3298 3527 quam
3326 3456 3571 3511 fidelibus
3597 3458 3808 3512 conﬁr-

2195 3555 2405 3611 mundis
2426 3597 2440 3619 ,
2469 3555 2885 3611 collocarentur.
2910 3553 3045 3609 Cum
3074 3554 3373 3624 przesertim
3414 3567 3479 3606 eo
3511 3552 3630 3621 ipso
3670 3567 3809 3607 con-

2195 3649 2315 3705 silio
2337 3647 2483 3702 missi
2507 3655 2710 3712 essent,
2730 3662 2838 3701 non
2860 3646 2949 3714 qui
2973 3638 3249 3700 venientes
3272 3642 3582 3713 exciperent
3605 3642 3797 3709 modo,

2192 3741 2286 3797 sed
2315 3741 2403 3812 qui
2434 3740 2658 3796 comites
2687 3748 2869 3795 essent
2894 3748 2947 3793 et
2969 3741 3206 3813 συνεργοὶ
3233 3736 3601 3791 itinerantium
3634 3746 3806 3807 atque

2191 3835 2668 3907 peregrinantium.
2722 3832 2833 3889 Sed
2880 3848 3009 3887 vero
3057 3832 3217 3885 aliam
3265 3830 3485 3885 omnino
3529 3827 3805 3884 adminis-

2192 3929 2367 3986 trandi
2396 3928 2658 3983 rationem
2688 3925 2941 3996 exigebat
2969 3923 3115 3978 illius
3140 3923 3313 3977 aetatis
3349 3920 3592 3976 Ecclesia
3634 3935 3805 3991 quam

2191 4023 2551 4092 sequentium,
2580 4032 2634 4076 ut
2660 4020 2855 4076 frustra
2886 4020 2993 4073 siut
3016 4017 3238 4072 omnino
3267 4016 3358 4086 qui
3392 4013 3519 4069 nihil
3547 4012 3718 4069 hodie
3750 4014 3803 4069 in

2193 4117 2433 4173 Ecclesia
2487 4115 2803 4186 permittunt
2848 4112 2950 4167 nisi
2992 4109 3134 4182 quod
3180 4108 3246 4163 ad
3295 4108 3437 4162 illius
3479 4106 3805 4176 apostolica:

2192 4209 2448 4265 Ecclesiae
2475 4208 2681 4262 accedit
2707 4205 3035 4276 exemplum.
3070 4199 3493 4257 Considerandte
3520 4207 3649 4253 sunt
3678 4214 3802 4254 ont-

2191 4301 2319 4357 nino
2344 4299 2761 4355 circumstantiae
2789 4308 2847 4354 et
2874 4295 3151 4367 prudentia
3182 4292 3507 4359 adhibenda,
3542 4306 3650 4362 qua
3682 4306 3804 4348 cer-

2192 4405 2300 4450 tum
2332 4404 2415 4449 est
2441 4394 2622 4448 multis
2650 4394 2702 4449 in
2735 4392 2893 4448 rebus
2920 4406 3048 4447 usos
3077 4405 3203 4447 esse
3230 4388 3526 4460 apostolos.

786 4632 2438 4802 DISSEBTATIO
2548 4631 3499 4798 TERTIA

1073 4876 1232 4958 DE
1292 4876 1848 4961 SECUNDO
1907 4878 2491 4963 MARTYRII
2550 4876 3165 4981 BAPTISMO,

1748 5016 2071 5074 AUCTORE
2112 5017 2521 5077 DODWELLO.

484 5160 514 5231 ς
552 5159 599 5214 l.
625 5185 693 5197 -——
715 5155 817 5211 Cur
861 5154 1170 5225 singularem
1212 5154 1330 5208 huic
1362 5162 1663 5224 argumento
1709 5154 1933 5211 dicemus
1974 5157 2078 5210 dis-

559 5249 904 5305 sertationem.
927 5276 994 5286 —
1026 5246 1056 5319 ς
1083 5245 1136 5299 2.
1160 5246 1231 5299 Ab
1256 5247 1623 5313 antiquissimis
1650 5263 1807 5317 usque
1834 5247 2078 5302 Ecclesia:

553 5340 856 5412 temporibus
886 5340 953 5392 ad
990 5353 1161 5393 nostra
1189 5338 1296 5392 lucc
1340 5339 1600 5393 descendit
1630 5340 1822 5407 Opinio.
1850 5371 1933 5380 —
1960 5340 1986 5412 §
2017 5342 2071 5396 5.

562 5432 853 5504 Baptismus
913 5448 1105 5500 aqueus
1151 5442 1196 5484 et
1251 5432 1371 5486 uitio
1418 5443 1629 5487 externa
1675 5449 1788 5487 cum
1846 5432 2083 5488 Ecclesia

565 5525 909 5595 prtet'equisita
976 5525 1043 5577 ad
1089 5525 1418 5593 sanguineum
1460 5526 1694 5597 martyrii
1750 5527 2076 5598 baptismum.

554 5647 624 5658 —
654 5616 680 5687 §
708 5616 762 5671 4.
810 5614 1126 5681 Baptisnmm
1165 5618 1499 5686 sanguineum
1538 5635 1700 5689 nqueo
1741 5622 2076 5689 prwtulerunt

554 5718 759 5762 veteres.
796 5737 864 5745 —
890 5706 954 5778 §§
984 5707 1037 5771 5,
1072 5706 1123 5761 6.
1154 5705 1476 5777 Explicatur,
1513 5711 1608 5763 hac
1647 5712 1699 5765 in
1728 5728 1903 5778 causa,
1934 5715 2075 5769 locus

554 5800 819 5869 Cypriani.
849 5829 919 5840 ——
952 5798 980 5870 ᾗ
1005 5798 1055 5852 7.
1090 5796 1394 5869 Defenditur
1423 5800 1531 5855 licet:
1560 5813 1778 5858 veterum
1807 5807 2070 5861 sententia.

556 5921 626 5933 ν-
679 5889 707 5968 §
738 5892 787 5946 8.
822 5890 869 5947 Ε
894 5890 1072 5964 quibus
1103 5891 1389 5966 Scriptura:
1434 5892 1558 5967 locis
1588 5895 1729 5951 illam
1758 5898 2074 5972 collegerint.

2248 5153 2386 5226 -§
2430 5147 2484 5210 9:
2524 5152 2732 5208 Observ.
2785 5153 2949 5223 primo
2982 5168 3007 5206 e
3050 5151 3202 5224 factis
3244 5151 3457 5207 Domini
3509 5152 3793 5226 legitimam

2260 5250 2531 5314 procedere
2557 5246 3071 5318 argumentationem,
3097 5245 3357 5315 prazcipue
3373 5246 3426 5299 id
3455 5262 3613 5318 genus
3640 5248 3795 5318 factis

2256 5340 2431 5407 qualia
2448 5338 2809 5405 adhibuerunt,
2834 5339 2995 5393 hacin
3015 5354 3189 5405 causa,
3212 5339 3567 5411 νείκει-ἥς
3591 5340 3682 5409 10,
3703 5343 3787 5397 Η.

2262 5430 2381 5485 Obs.
2442 5434 2701 5501 secundo,
2757 5449 2857 5489 non
2902 5452 2928 5489 e
2966 5434 3119 5504 factis
3168 5432 3342 5498 modo,
3392 5433 3481 5487 sed
3538 5449 3605 5487 ea:
3663 5435 3793 5502 ipsis

2258 5522 2471 5579 Domini
2497 5525 2679 5592 verbis,
2709 5537 2903 5581 constat
2948 5544 3042 5598 pro
3086 5526 3339 5597 baptismo
3365 5524 3653 5580 habendum
3687 5542 3794 5581 esse

2258 5622 2583 5691 martyrium.
2611 5652 2685 5662 —
2712 5620 2740 5694 ᾗ
2772 5622 2855 5677 12.
2894 5620 3017 5675 Obs.
3051 5622 3218 5685 tertio,
3253 5637 3355 5674 non
3390 5620 3659 5674 verborum
3686 5635 3791 5675 esse

2259 5714 2545 5782 dumtaxat,
2579 5716 2667 5771 sed
2696 5732 2867 5770 rerum
2902 5716 3055 5771 etiam
3094 5717 3325 5786 ipsarum
3364 5713 3605 5783 baptismi
3638 5727 3792 5784 atque

2259 5809 2493 5877 martyrii
2532 5808 2845 5880 aﬂinitatem.
2894 5808 3146 5864 Locorum
3194 5808 3546 5871 occasionem,
3576 5806 3627 5859 in
3671 5805 3788 5875 qui-

2258 5898 2350 5955 bus
2394 5901 2457 5957 de
2504 5903 2751 5973 baptismo
2798 5904 3063 5977 sanguinis
3105 5904 3190 5973 agi
3220 5902 3545 5959 crediderunt
3575 5910 3781 5969 veteres,
