3888 6352
70 380 98 437 9
1055 379 1141 436 DE
1172 376 1486 436 SECUNDO
1522 376 1708 436 MART
1723 377 1910 438 YRUM
1944 374 2298 434 BAPTISMO.
3267 375 3338 433 50

107 497 240 568 fuisse
272 494 600 567 martyrium.
660 492 890 549 Domini
936 494 1215 565 baptismus
1244 491 1472 563 ejusdem
1518 501 1628 546 erat
1656 494 1707 555 A
1734 507 1944 548 morum
1977 501 2279 562 temporum
2308 491 2600 562 martyriis,
2633 491 2807 547 locum
2838 491 2906 547 ab
2930 491 3132 546 auxilio
3157 490 3339 548 divino

111 589 400 659 martyrium,
430 587 591 656 idque
618 603 781 642 sensu
813 586 1190 642 Ecclesiastico.
1212 613 1284 626 —-
1314 583 1376 657 ᾗῇ
1404 585 1469 639 15
1491 625 1506 648 ,
1539 583 1629 652 14,
1741 587 2057 658 primarium
2076 585 2375 641 obtinuisse
2403 593 2619 654 recepta
2639 585 2783 640 illius
2805 585 3050 641 ecclesia:
3071 586 3342 655 primaeva:

116 675 1629 749 15,t6.Herericiapostoliscoasvimartyriumnegabant.
1740 683 1808 738 de
1859 680 2102 753 martyrii
2154 678 2414 748 dignitate
2444 677 2726 748 dogmata,
2759 677 2890 732 illud
2936 677 3181 748 inprimis
3235 691 3342 748 quo

125 772 301 827 Horum
341 770 803 843 pseudo-Christos
832 769 1095 843 refellebat
1127 769 1187 824 S.
1219 768 1452 822 Joannes
1476 785 1634 839 argu-

121 875 268 920 mento
306 884 336 919 a
364 864 466 919 veri
498 861 714 919 Messite
747 865 970 916 adventu
1013 879 1101 931 per
1135 877 1318 932 aquam
1351 871 1397 914 et
1425 860 1638 931 sangui-

124 976 242 1013 nein.
268 957 569 1028 Explicatur
601 967 708 1012 tota
734 957 831 1010 illa
857 956 1322 1028 argumentatio.—
1352 953 1380 1026 §
1408 954 1495 1008 17.
1532 954 1639 1009 0b-

125 1069 240 1108 serv.
273 1062 469 1122 quarto,
518 1054 573 1106 in
617 1052 733 1122 ipso
763 1051 859 1105 illo
887 1051 1194 1104 initiationis
1233 1049 1639 1121 expiationisque

133 1149 242 1213 ritu,
268 1148 344 1200 cui
374 1154 694 1210 peccatorum
733 1144 1090 1213 purgationem
1117 1140 1400 1194 tribuebant
1426 1150 1633 1207 veteres,

136 1251 225 1293 tam
273 1240 576 1309 frequentem
619 1235 779 1305 fuisse
830 1233 972 1305 apud
1018 1234 1136 1288 illas
1178 1233 1446 1303 sanguinis
1485 1248 1638 1300 quam

135 1349 266 1395 aqua
282 1348 420 1386 usum
447 1346 465 1385 :
492 1339 541 1383 et
567 1329 771 1401 quidem
789 1327 1053 1398 sanguinis
1073 1327 1391 1380 initiatorum
1418 1323 1636 1395 proprii.

133 1424 241 1495 -ς
269 1424 349 1478 l8.
381 1420 490 1475 Nec
515 1421 571 1473 id
597 1419 750 1472 modo
777 1419 832 1472 in
862 1416 1252 1480 initiationibus,
1274 1415 1364 1470 sed
1391 1415 1502 1469 etin
1525 1430 1649 1485 pac-

148 1517 204 1570 tis
248 1512 515 1572 obtinebat.
562 1527 656 1580 pro
703 1510 929 1564 moribus
982 1519 1201 1564 veterum
1242 1506 1637 1576 antiquissimis.

134 1604 354 1677 -§l9.
383 1602 450 1658 Ut
491 1601 771 1673 sanguini,
828 1602 882 1654 in
932 1602 1029 1654 hac
1079 1599 1390 1670 expiationis
1439 1599 1642 1668 negotio

138 1704 292 1764 partes
314 1692 650 1748 concedebant
677 1693 834 1763 facile
858 1691 1152 1762 primarius,
1181 1692 1255 1743 ita
1293 1689 1504 1744 humani
1529 1705 1653 1743 san-

140 1790 320 1862 guinis,
348 1803 450 1858 prta
474 1788 592 1842 aliis
617 1787 772 1840 etiam
801 1785 1153 1857 sanguinibus,
1177 1785 1278 1839 vim
1306 1785 1455 1854 longe
1481 1783 1648 1837 niaxi-

1741 773 1966 831 secundi
2021 771 2272 844 baptismi
2316 771 2490 827 vicem
2542 781 2703 841 atque
2768 769 3027 826 beneﬁcia
3076 771 3340 843 martyrio

1739 866 2104 922 vindicabant.
2160 863 2293 924 lloc.
2320 865 2442 934 quia
2473 863 2709 918 alienum
2737 861 2852 916 scio
2907 877 2934 915 a
2975 863 3340 918 recentiorum

1745 959 1957 1030 placitis
1983 958 2073 1029 qui
2121 971 2248 1011 suas
2273 970 2551 1010 sacrarum
2604 954 2904 1009 litterarum
2945 955 3346 1022 interpretatio-

1745 1071 1861 1120 nes,
1900 1064 2189 1124 utcumque
2211 1053 2481 1119 inﬁrmas,
2523 1067 2623 1108 nec
2658 1061 2807 1108 certo
2843 1054 3024 1122 aliqua
3056 1052 3340 1106 ratiocinio

1748 1150 2002 1210 nitentes,
2036 1156 2276 1202 veterum
2322 1155 2500 1201 tamen
2547 1144 2848 1200 ratiociniis
2890 1153 3254 1214 anteponunt;
3301 1153 3358 1199 et

1748 1241 1873 1312 quia
1921 1249 2030 1294 tota
2064 1239 2177 1293 haec
2201 1238 2444 1309 mystica:
2489 1237 2974 1307 argumentationis
3025 1237 3161 1290 ratio
3184 1278 3200 1302 ,
3229 1250 3353 1306 qum

1752 1332 2100 1403 mysticarum
2127 1332 2352 1386 omnino
2382 1329 2799 1399 scripturarum,
2831 1327 3098 1403 huiusque
3120 1326 3259 1382 adeo
3286 1328 3354 1382 de

1751 1422 2112 1478 sacramentis
2155 1420 2481 1493 argumenti,
2516 1431 2621 1486 est,
2655 1434 2756 1473 suo
2803 1400 3038 1490 quodam
3069 1419 3192 1488 jure
3231 1433 3360 1489 pro-

1751 1517 1892 1589 pria,
1920 1525 2226 1585 contempta
2258 1522 2442 1571 tamen
2468 1513 2551 1569 vel
2572 1514 2814 1584 neglecta
2843 1522 2971 1569 csta
2990 1512 3366 1568 celeberrimis

1758 1607 2031 1678 plerisque
2056 1614 2368 1662 nostrorum
2394 1615 2696 1675 temporum
2727 1603 3135 1673 interpretibus;
3161 1613 3216 1658 et
3238 1604 3363 1672 quia

1758 1701 1851 1770 qui
1881 1698 2022 1754 hanc
2045 1707 2288 1754 veterum
2317 1699 2642 1754 sententiam
2678 1705 2896 1753 tuentur
2926 1696 3087 1751 hodie
3130 1696 3363 1765 scripto-

1759 1808 1846 1848 res
1898 1791 2193 1863 pontiﬁcii,
2255 1807 2415 1847 unam
2461 1802 2702 1846 veterum
2759 1789 3137 1844 auctoritatem
3187 1798 3365 1843 tamen

141 1901 262 1938 tuam
301 1890 627 1955 agnoverunt.
654 1911 728 1921 —-
759 1880 788 1953 §
829 1880 921 1936 20.
954 1879 1078 1935 Obs.
1117 1881 1292 1950 quinto
1313 1921 1327 1942 .
1383 1879 1452 1933 ad
1481 1880 1649 1945 ipsum
1679 1890 1727 1950 B
1755 1887 2080 1954 obtendunt,
2117 1887 2276 1951 plane
2318 1885 2386 1942 de
2429 1883 2628 1942 'eorum
2679 1885 2976 1941 ratiociniis
3007 1883 3203 1947 securi,
3234 1898 3356 1937 rec-

146 1978 361 2046 baptismi
405 1984 780 2030 sacramentum
820 1974 1074 2043 pertinere
1115 1973 1454 2042 sanguineum
1513 1973 1650 2025 hunc

149 2071 461 2140 baptismum,
489 2078 534 2122 et
559 2067 760 2137 quidem
809 2066 881 2119 ita
907 2065 1160 2135 pertinere
1201 2074 1256 2117 ut
1297 2073 1495 2132 portent
1539 2063 1651 2132 ejus

150 2164 432 2236 pracipuam
481 2170 811 2216 consummet.
860 2189 930 2200 ——
988 2159 1016 2230 ᾗ
1059 2160 1154 2212 2|.
1201 2156 1385 2211 Primo
1446 2165 1653 2227 pactum

156 2255 424 2325 baptismate
449 2270 538 2324 pro
562 2255 664 2307 illis
692 2253 804 2326 (qui
833 2251 975 2320 apud
998 2260 1186 2305 veteres
1204 2248 1521 2320 obtinebant)
1555 2265 1651 2319 pa-

152 2359 322 2402 ctorum
347 2363 448 2402 esse
472 2347 695 2400 moribus
724 2345 1112 2416 explicandum.
1136 2374 1207 2382 —
1234 2343 1261 2415 §
1289 2343 1381 2397 22.
1411 2342 1652 2397 Secundo

157 2450 202 2492 ut
239 2439 286 2491 in
325 2439 436 2493 aliis
464 2439 648 2507 pactis,
673 2437 748 2490 ita
771 2446 816 2490 et
839 2437 892 2489 in
915 2444 1089 2490 nostra
1109 2445 1307 2506 quaque
1341 2435 1652 2505 baptismali,

154 2532 241 2584 duo
276 2546 375 2586 esse
399 2548 430 2583 a
455 2546 509 2584 se
536 2529 753 2583 invicem
780 2527 1142 2598 distinguenda
1189 2527 1506 2581 diversarum
1535 2543 1659 2597 par-

151 2624 259 2676 tium
297 2624 485 2695 ofﬁcia,
514 2619 614 2674 Dei
649 2621 779 2685 alia,
810 2621 916 2674 alia
943 2627 1136 2673 nostra.
1159 2647 1231 2658 -—
1262 2619 1290 2689 ᾗ
1332 2618 1423 2674 25.
1458 2618 1650 2686 Tertia,

142 2717 220 2785 jus
241 2713 360 2767 illud
378 2713 539 2784 legale
557 2728 728 2774 omne,
753 2711 890 2782 quod
911 2712 1047 2781 pacti
1073 2709 1323 2777 beneficio
1350 2710 1654 2776 obtinemus,

149 2809 208 2861 ad
242 2805 332 2861 Dei
357 2806 719 2879 promissiones
742 2846 756 2869 ,
811 2821 878 2858 ea?
930 2803 1093 2872 officii
1123 2803 1286 2856 nostri
1333 2804 1659 2872 prtestatione

147 2918 238 2957 esse
273 2899 646 2956 deducendum.
677 2927 749 2937 -—
781 2897 810 2969 §
837 2896 928 2951 2i.
970 2894 1186 2960 Quarto,
1215 2910 1330 2964 qua:
1376 2895 1525 2949 nobis
1573 2895 1654 2948 in-

143 2996 360 3048 cumbunt
383 2994 434 3046 in
451 2995 550 3046 hoc
571 2999 725 3062 pacto
755 2989 1050 3058 baptismali
1074 2988 1391 3041 conditiones
1423 3004 1454 3040 a
1481 2997 1656 3041 nostra

143 3098 270 3156 parte
299 3085 604 3161 prtestandte
625 3101 654 3139 e
686 3083 1034 3154 symbolarum
1061 3082 1365 3135 salemnium
1392 3081 1658 3149 significa-

143 3181 263 3233 tione
284 3175 649 3248 colligendum.
671 3205 746 3215 —
762 3175 791 3246 ᾗ
807 3173 900 3230 9-5.
931 3173 1145 3239 Quinta,
1177 3173 1230 3226 in
1259 3170 1506 3243 symbolis
1532 3170 1658 3242 bap-

1758 1992 1880 2035 tenc
1905 1988 2014 2035 tam
2044 1996 2074 2035 e
2102 1979 2418 2049 Scripturis,
2444 1988 2500 2034 et
2529 1995 2624 2049 pro
2647 1979 2918 2048 primaevae
2945 1975 3359 2031 Christianitatis

1756 2081 1913 2141 captu
1946 2068 2057 2144 (cui
2091 2081 2269 2126 tamen
2299 2070 2398 2126 soli
2429 2068 2690 2140 Spiritum
2744 2070 2803 2124 ὃ.
2855 2071 2909 2123 in
2957 2067 3359 2138 Scripturarnm

1757 2162 2176 2217 concinnatioue
2211 2161 2550 2217 consuluisse
2598 2161 2723 2215 alibi
2757 2160 3100 2230 probavimus
3127 2159 3204 2232 (in
3231 2157 3368 2212 Prae

1760 2254 1944 2324 legam.
1972 2253 2040 2307 ad
2069 2252 2220 2307 Dom.
2247 2252 2477 2317 Stearn.,
2506 2253 2569 2305 de
2599 2251 2902 2321 ()bstinat.),
2925 2262 3087 2322 atque
3113 2249 3250 2304 adeo
3277 2265 3364 2305 so-

1760 2344 1887 2406 lide,
1920 2344 2280 2415 collegerint:
2321 2341 2546 2413 proinde
2591 2342 3051 2396 consultissimum
3109 2340 3366 2395 duximus

1760 2437 1804 2490 si
1834 2445 1939 2490 tam
1967 2434 2206 2505 iucundo
2239 2434 2465 2504 utilique
2494 2443 2813 2506 argumento
2840 2474 2854 2499 ,
2890 2433 3162 2503 propriam
3212 2446 3366 2486 suam

1760 2529 2195 2601 singularemque
2221 2527 2653 2582 dissertationem
2679 2526 3103 2597 assignar‘emus.

1835 2623 1862 2695 ς
1891 2625 1946 2678 2.
1976 2654 2046 2663 ——
2069 2622 2151 2678 Ab
2191 2623 2578 2692 antiquissimis
2611 2623 2790 2694 itaque
2817 2622 3154 2692 lcmporibus
3181 2623 3368 2680 Eccle-

1761 2718 1876 2779 siae,
1898 2715 2386 2786 recentissimaque
2415 2714 2782 2784 apostolorum
2815 2716 3099 2781 memoria,
3131 2715 3362 2773 deducta

1762 2811 1877 2866 haec
1900 2819 1983 2866 est
2013 2810 2080 2865 de
2103 2810 2344 2864 secundo
2367 2809 2611 2880 martyrii
2630 2808 2897 2878 baptismo
2924 2810 3216 2877 sententia,
3239 2820 3293 2866 et
3315 2811 3367 2865 in

1762 2905 2007 2960 Ecclesia
2035 2903 2327 2975 vulgariter
2357 2913 2596 2972 recepta.
2640 2901 2714 2957 De
2757 2902 3036 2957 Felicitate
3069 2903 3138 2957 ita
3175 2914 3364 2959 auctor

1761 3000 2018 3052 Actorum
2039 2996 2179 3065 (Act.
2201 2994 2406 3066 Perpet.
2425 3005 2469 3048 et
2491 2991 2679 3059 Felic.,
2699 3011 2752 3061 p.
2772 2992 2861 3058 29,
2880 2993 2970 3059 50,
2988 2993 3110 3047 edit.
3135 2993 3367 3067 0mm):

1766 3107 1786 3140 ι
1837 3089 1964 3142 item
2009 3088 2260 3143 Felicitas
2303 3087 2508 3142 salvam
2551 3102 2610 3141 se
2660 3087 2937 3156 peperisse
2981 3086 3223 3155 gaudens
3249 3130 3264 3155 ,
3311 3099 3371 3142 ut

1762 3182 1830 3237 ad
1859 3181 2060 3236 bestias
2093 3190 2377 3251 pugnaret,
2410 3180 2671 3250 sanguine
2698 3180 2767 3234 ab
2796 3179 3086 3234 obstetrice
3107 3179 3172 3234 ad
3199 3181 3370 3236 retia;

145 3274 266 3326 tisinl
283 3270 439 3327 nostri
461 3267 854 3324 sacramentalis
866 3264 1197 3328 solemnibus,
1217 3280 1321 3317 non
1336 3277 1484 3332 aqua:
1495 3262 1653 3316 solius

1763 3277 1900 3330 rium
1923 3275 2096 3329 latura
2121 3283 2240 3344 post
2267 3283 2477 3343 partum
2502 3273 2769 3344 baptismo
2800 3272 3059 3328 secundo.
3101 3292 3119 3326 ι
3155 3273 3362 3330 Eodem

143 3365 400 3433 baptismus
413 3363 709 3426 denotatur,
725 3357 816 3414 sed
829 3358 978 3411 etiam
992 3356 1079 3409 ille
1090 3354 1379 3426 sanguinis;
1393 3362 1440 3406 et
1452 3351 1658 3419 quidem

141 3458 204 3510 ita
240 3457 504 3511 denotatur
553 3465 610 3507 ut
657 3454 726 3506 ad
771 3467 930 3506 unum
971 3447 1300 3518 eamdemque
1348 3447 1657 3515 baptismum

142 3563 331 3623 uterque
354 3551 609 3622 pertinere
638 3545 976 3614 intelligatur.
1011 3573 1082 3584 -—
1128 3541 1157 3613 ᾗ
1187 3540 1280 3596 26.
1316 3539 1402 3593 Ita
1430 3555 1483 3593 se
1511 3539 1660 3593 habet

142 3648 196 3698 de
215 3645 448 3713 facto.-—
469 3641 531 3716 ες
547 3641 640 3708 27,
661 3638 754 3694 28.
781 3636 1035 3692 Redditur
1053 3636 1176 3703 facti
1197 3635 1348 3688 ratio.
1377 3663 1446 3674 ——
1477 3631 1538 3704 §§
1563 3632 1656 3697 29,

145 3740 224 3794 50.
255 3738 428 3804 Sexta,
474 3738 549 3791 ita
603 3733 941 3788 adumbratur
989 3731 1041 3783 in
1086 3727 1394 3799 ipso-aquei
1425 3725 1661 3795 baptismi

144 3830 354 3899 symbolo
405 3829 686 3900 baptismus
717 3824 1064 3892 sanguineus,
1106 3833 1162 3873 ut
1205 3821 1360 3889 plane
1415 3818 1661 3871 innuatur

146 3922 325 3975 nullam
348 3938 453 3977 esse
483 3919 636 3988 aquei
657 3916 894 3988 baptismi
919 3914 1192 3985 efﬁcaciam
1219 3912 1319 3965 nisi
1348 3911 1417 3964 ad
1448 3911 1660 3982 sangui-

148 4029 285 4067 neum
318 4013 624 4082 baptismum
659 4009 930 4078 referatur.
959 4035 1028 4045 ——
1062 4004 1125 4076 §§
1153 4005 1214 4060 5i
1245 4045 1260 4070 ,
1306 4002 1395 4058 52.
1426 4002 1660 4072 lnfertur

151 4107 363 4176 septimo,
379 4121 482 4159 non
511 4102 664 4156 modo
689 4117 752 4155 ea:
768 4101 904 4169 pacti
929 4096 1250 4167 baptismatis
1274 4095 1402 4166 lege,
1431 4084 1521 4148 s’ed
1543 4109 1659 4147 vero

152 4213 206 4250 ex
225 4197 439 4268 ejusdem
468 4196 627 4250 etiam
644 4193 911 4260 aequitate,
938 4190 1185 4244 vindicari
1211 4205 1359 4258 posse
1386 4188 1438 4240 in
1457 4189 1660 4257 sangui-

151 4303 232 4341 neo
255 4287 495 4359 baptismo
522 4287 698 4342 omnia
724 4284 964 4354 beneﬁcia
986 4300 1016 4336 a
1039 4282 1263 4346 Christo,
1291 4297 1385 4353 pro
1407 4297 1500 4334 sua
1522 4281 1660 4351 pacti

154 4381 442 4451 baptismalis
473 4391 641 4449 parte,
667 4378 980 4449 prtestmtda.
1010 4408 1080 4417 -
1111 4376 1175 4448 §§
1202 4377 1292 4440 55,
1319 4376 1408 4431 5b.
1431 4374 1660 4446 lnfertur

154 4483 308 4526 actaeo
353 4475 562 4544 plenam
612 4472 841 4529 omnium
889 4479 1209 4541 peccatorum
1265 4469 1659 4538 praecedentium

154 4568 494 4637 indulgentiam
541 4576 648 4619 tant
685 4581 794 4619 esse
844 4564 1125 4633 martyrio,
1178 4578 1333 4632 quam
1384 4561 1656 4630 baptismo,

1763 3373 1975 3436 spectat
2012 3365 2174 3420 etiam
2221 3363 2502 3434 gentilium
2552 3363 2620 3418 de
2662 3363 2858 3418 Saturo
2897 3363 3216 3418 acclamatio
3242 3379 3366 3419 cum

1764 3475 1872 3515 uno
1898 3458 2140 3531 leopardi
2160 3473 2343 3513 morsu
2365 3466 2509 3513 totus
2529 3471 2628 3513 suo
2649 3458 2908 3528 sanguine
2933 3455 3367 3526 perfunderetur,

1764 3555 1970 3610 salvum
1996 3554 2201 3609 lotum!
2236 3552 2442 3608 salvum
2487 3552 2674 3606 lotum!
2711 3549 2854 3621 quod
2883 3550 2952 3604 ita
2985 3551 3371 3620 interpretatur

1765 3649 2020 3704 Actorum
2073 3655 2282 3713 auctor,
2303 3653 2374 3700 'ut
2399 3644 2466 3700 ad
2508 3644 2798 3700 secundam
2831 3644 3074 3716 martyrii
3103 3643 3361 3699 lotionem

1764 3742 1901 3795 facta
1929 3747 2072 3794 esset
2103 3738 2241 3793 vela
2274 3735 2643 3793 nescientibus
2670 3735 2840 3791 turbis
2879 3735 3092 3789 allusio.
3143 3734 3221 3789 Ita
3256 3735 3368 3805 jam

1763 3832 2070 3886 obtinuerat
2126 3828 2266 3900 apud
2316 3827 2642 3884 chrisuanos
2684 3841 2748 3882 ea
2794 3825 3048 3895 loquendi
3078 3826 3217 3880 ratio
3255 3841 3372 3895 qua

1764 3927 1884 3997 quis
1915 3926 2076 3982 etiam
2125 3923 2367 3995 martyrii
2414 3921 2614 3992 pariter
2641 3935 2704 3974 ac
2731 3934 2884 3989 aqua:
2923 3919 3193 3988 baptismo
3221 3919 3361 3974 lotus

1763 4021 2057 4076 diceretur.
2087 4017 2351 4074 Secunda:
2393 4030 2560 4086 porro
2588 4013 2926 4069 intinctionis
2957 4027 3088 4067 voce
3116 4027 3247 4068 usus
3283 4024 3370 4069 est

1764 4113 1830 4169 de
1861 4112 2118 4184 martyrio
2144 4109 2508 4166 Tertullianus
2536 4105 2806 4176 (Tertull,
2830 4107 2893 4159 de
2926 4103 3176 4172 Patient.,
3206 4122 3252 4159 c.
3276 4105 3369 4173 15,

1765 4206 1828 4259 de
1853 4203 2034 4273 Bapt.,
2064 4220 2111 4257 c.
2141 4201 2255 4275 l6),
2282 4201 2424 4272 quod
2455 4211 2510 4254 et
2535 4199 2666 4254 alibi
2704 4197 2926 4253 secundi
2961 4198 3205 4261 Lavacri,
3240 4212 3370 4251 san-

1764 4297 1942 4368 guinis
1959 4295 2212 4350 nimirum
2244 4293 2517 4364 baptismi,
2545 4291 2762 4345 nomine
2778 4289 3044 4360 designat.
3071 4288 3182 4344 Ncc
3205 4289 3364 4345 aliter

1763 4391 2024 4460 Origenes
2045 4388 2134 4458 qui
2163 4402 2230 4443 ex
2257 4400 2324 4442 eo
2356 4387 2478 4455 ipso
2497 4382 2943 4454 baptismiolﬁcio
2968 4381 3178 4452 colligit
3199 4391 3366 4449 recte,

1765 4480 2080 4553 martyrium
2131 4478 2388 4549 baptismi
2439 4476 2682 4541 nomine,
2741 4474 3064 4544 meritoque,
3119 4473 3368 4544 insigniri

1764 4590 1944 4648 posse,
1976 4571 2120 4644 quod
2149 4580 2491 4642 peccatorum
2520 4569 2897 4624 remissionem
2926 4574 3147 4637 praastet
3165 4566 3369 4635 pariter

157 4662 520 4716 concedendam.
549 4690 623 4700 —
669 4659 698 4730 ᾗ
747 4658 837 4714 55.
868 4655 1019 4711 Nihil
1065 4671 1171 4710 esse
1209 4654 1433 4709 alienum
1463 4670 1494 4707 a
1535 4654 1653 4726 bap-

1766 4684 1827 4724 ac
1855 4666 2151 4737 haptismus
2171 4705 2187 4731 ,
2218 4679 2286 4718 ne
2316 4661 2485 4717 solius
2515 4660 2748 4716 nominis
2781 4660 2868 4714 hic
2888 4657 3080 4713 haberi
3103 4657 3368 4712 rationem

159 4755 272 4809 tistni
301 4767 479 4811 natura
510 4755 650 4826 quod
672 4753 912 4824 temporis
957 4749 1228 4805 intervallo
1262 4748 1597 4820 sejungantur
1627 4763 1659 4799 a

162 4849 405 4903 seiucicem
420 4849 706 4919 baptismus
719 4861 908 4916 aqueus
925 4856 1077 4914 atque
1088 4842 1417 4913 sanguineus.
1431 4870 1504 4881 —
1522 4839 1550 4910 ᾗ
1566 4839 1654 4895 56.

163 4970 220 4979 —
243 4939 383 4998 Nono
415 4952 700 5012 martyrum
732 4939 1032 5010 sanguinem
1061 4954 1152 5006 pro
1188 4933 1377 4991 Christi
1414 4935 1660 5005 sanguine

163 5034 363 5090 habuisse
411 5045 621 5090 veteres.
653 5062 721 5072 —
761 5030 910 5102 §57.
948 5029 1153 5082 Decimo
1180 5027 1440 5097 prwcipue
1459 5027 1524 5091 si,
1564 5043 1658 5095 pro

164 5123 322 5181 Christi
364 5111 621 5199 exemplo,
676 5124 882 5198 publica
935 5122 1224 5176 animarunt
1275 5134 1432 5173 causa
1481 5118 1660 5189 fuisset

164 5219 339 5286 elusus.
359 5252 430 5263 —
455 5221 484 5294 ᾗ
513 5221 603 5277 58.
629 5217 989 5292 Defenduntur
1012 5225 1217 5271 veteres.
1241 5213 1360 5286 —-§
1386 5211 1476 5268 59.
1508 5212 1655 5269 Mar-

166 5315 319 5384 tyrium
343 5315 394 5370 in
430 5312 596 5378 altera
626 5313 785 5368 etiam
820 5310 1141 5364 eucharistice
1166 5317 1486 5363 sacramenta
1503 5321 1659 5376 span-

165 5409 322 5467 tlentus.
351 5442 420 5454 -
453 5409 482 5483 ς
521 5408 616 5466 40.
648 5405 717 5461 1η
749 5406 998 5476 martyrio
1026 5405 1119 5476 jus
1168 5403 1238 5457 ad
1286 5401 1531 5470 beneﬁcia
1572 5401 1661 5454 ba-

162 5502 299 5570 ptismi
341 5515 444 5559 tam
489 5500 772 5574 privativa,
802 5514 957 5568 quam
996 5497 1144 5550 etiam
1191 5494 1423 5566 pasitiva,
1481 5510 1660 5548 conse-

183 5617 334 5657 utatur.

150 5619 614 5769 gltnrDiximus,
640 5685 917 5758 superiori
945 5682 1329 5739 dissertatione
1355 5681 1450 5753 (‘),
1478 5682 1528 5735 in
1555 5680 1664 5750 pri-

147 5786 296 5885 (‘lCtti
347 5812 546 5869 titulus
599 5827 612 5863 :
657 5802 1085 5885 Defrimorum
1139 5809 1431 5880 martyr-unt
1478 5798 1666 5867 insigni

106 5870 598 5958 [σέιῆιέάίῄεκίιιεᾳηι
624 5870 831 5933 causis.
852 5870 1019 5928 Nobis
1041 5883 1150 5928 erat
1171 5872 1398 5942 primum
1421 5870 1471 5926 in
1488 5879 1666 5926 mente

1764 4760 2109 4831 suspicentur
2120 4755 2412 4811 adversarii
2433 4754 2449 4825 (
2459 4753 2696 4824 0rigen.,
2714 4751 2765 4806 in
2790 4752 2842 4806 Μ
2847 4752 2997 4817 atth.,
3017 4769 3069 4821 p.
3094 4749 3221 4814 416,
3244 4750 3368 4805 edit.

1765 4850 1987 4918 Huctii)
2023 4868 2036 4904 :
2067 4853 2226 4914 Καθό,
2262 4849 2460 4917 inquit,
2498 4844 2674 4921 ἄφεσιν
2703 4844 2952 4919 λαμϐάνει
2983 4844 3372 4921 ἁμαρτημάτων

1762 4947 1788 5002 ὁ
1816 4947 2117 5017 ὑπομείνας.
2141 4941 2419 5016 βάπτισμα
2447 4941 2584 4993 ἐστιν
2611 4952 2624 4965 ⁸
2657 4938 2699 4990 εἰ
2727 4938 2827 5010 γάρ
2858 4937 2917 4991 τὸ
2946 4935 3221 5008 {Sarranum
3249 4930 3371 5008 ἄφεσ-

1764 5060 1844 5093 σιν
1899 5035 2283 5114 ἁμαρτημάτων
2334 5030 2719 5104 ἐπαγγέλλεται,
2780 5029 2942 5087 καθὼς
2991 5025 3371 5102 παρειλήφαμεν

1763 5133 1999 5206 περὶτοῦ
2021 5130 2071 5183 ἐν
2101 5125 2253 5182 ὺδατι
2284 5126 2370 5180 καὶ
2398 5124 2654 5195 πνεύματι
2678 5121 3047 5197 βαπτίσματος
3067 5159 3082 5183 ,
3115 5115 3288 5191 ἄφεσιν
3315 5115 3371 5170 δὲ

1762 5223 2009 5296 λαμϐάνει
2054 5218 2439 5292 ἁμαρτημάτων
2470 5217 2556 5268 καὶ
2581 5214 2607 5269 ὁ
2634 5216 2693 5270 τὸ
2719 5217 2811 5268 τοῦ
2837 5215 3124 5287 μαρτυρίου
3152 5211 3370 5279 ὑπομεί-

1762 5338 1854 5377 νας
1881 5315 2187 5386 βάπτισμα,
2222 5311 2497 5384 βάπτισμα
2540 5309 2599 5362 τὸ
2630 5307 2916 5381 μαρτύριον
2946 5303 3164 5374 εὐλόγως
3191 5300 3371 5373 λέγοιτ’

1766 5404 1849 5472 ἂν.
1895 5418 2000 5462 etc.
2047 5403 2195 5459 Idem
2243 5413 2296 5459 et
2349 5403 2401 5456 in
2451 5399 2572 5454 aliis
2623 5398 2756 5454 locis
2812 5413 2955 5466 saepe
3006 5396 3167 5450 habet
3225 5396 3368 5449 idem

1767 5499 2122 5555 Adamantius
2142 5494 2404 5566 (0rigen.,
2423 5494 2478 5546 in
2512 5492 2602 5544 lib.
2626 5490 2830 5550 Judic.,
2851 5491 2966 5542 hom
2988 5487 3019 5539 7
3040 5495 3083 5539 et
3112 5492 3161 5538 in
3181 5483 3364 5551 Jatm.,

1772 5604 1891 5647 tam.
1912 5607 2022 5654 \‘lll,
2046 5609 2096 5660 p.
2120 5589 2244 5650 155,
2263 5587 2384 5640 edit.
2397 5584 2616 5655 Huetii).
2639 5583 2778 5637 Idem
2795 5595 2941 5650 saepe
2961 5587 3144 5632 noster
3159 5575 3370 5645 Cypria-

1770 5704 1887 5753 nus,
1923 5683 2219 5754 (Cyprian.,
2273 5679 2372 5748 Ep.
2421 5695 2526 5743 ur,
2575 5679 2636 5730 de
2685 5673 2830 5728 Orat.
2882 5672 3088 5726 Domin.
3117 5669 3338 5722 EI/tC-t't.

1771 5801 1919 5856 illam
1953 5800 2004 5851 in
2039 5797 2142 5851 hoc
2174 5805 2320 5849 tomo
2344 5795 2602 5854 inserere;
2637 5789 2801 5844 multa
2835 5803 2962 5843 vero
2987 5792 3204 5854 promer
3226 5780 3370 5835 male

1775 5872 2022 5929 sonantia
2066 5867 2361 5925 omittenda
2395 5865 2506 5919 luit.
