3888 6346
453 376 519 431 δι
1458 365 1832 424 DODWELLI
1871 362 2325 423 DlSSERTATlO
2359 362 2780 422 CYPRIANICA

445 489 672 558 Mai-lyr.
706 485 811 556 Ep.
843 485 1052 554 mnu),
1092 491 1146 540 et
1187 483 1519 548 recentiores
1545 481 1635 536 alii
1661 480 1919 551 Cypriane
1950 478 2052 534 Pa-
2077 493 2130 551 Α
2157 493 2263 548 que
2293 479 2630 549 comprobat;
2685 493 2755 534 ex
2795 477 2913 549 ipsa
2962 479 3126 536 etiam
3172 480 3449 552 Ecclesiae:
3472 474 3806 542 catholica

450 594 564 637 tres
591 577 993 650 quamplurimi,
1021 590 1157 647 quos
1186 576 1350 632 taedet
1397 576 1450 629 in
1490 572 1594 628 hoc
1626 572 1745 627 loco
1773 571 2046 642 sigillatim
2158 571 2314 640 praxi
2345 572 2542 641 liquet,
2585 585 2705 641 quae
2749 585 2871 625 cum
2908 585 3164 628 verorum
3208 582 3506 644 martyrum
3547 589 3805 646 semper
3847 559 3849 580 ¹

447 686 753 729 recensere.
785 669 913 725 Inde
944 670 1089 724 enim
1117 665 1581 724 consentientibus
1610 664 1908 719 ercorum
1947 664 2050 720 La-

449 765 776 832 tinorumque
807 761 1076 832 suﬁ‘ragiis
1100 759 1447 830 comprobata
1479 758 1595 813 haec
1621 757 1805 828 opinio
1846 756 1913 812 ad
1950 773 2050 814 no-

453 866 564 912 stra
582 871 752 927 usque
770 864 1011 924 tempora
1030 851 1328 908 descendit.
1349 877 1356 882 -

533 949 562 1021 §
596 950 647 1004 5.
682 976 754 987 -
779 947 876 1001 Est
901 960 1062 1015 porro
1109 944 1238 999 illud
1278 943 1748 1000 animadversione
1790 944 2008 1016 dignum
2033 988 2047 1013 ,

452 1042 526 1097 ita
550 1041 692 1094 inter
719 1055 778 1094 sc
804 1039 939 1091 duos
971 1036 1136 1092 hosce
1163 1052 1318 1107 aqua:
1345 1045 1506 1106 atque
1533 1037 1811 1107 sanguinis
1840 1037 2046 1107 baptis-

455 1151 578 1191 mos
604 1132 946 1189 contendisse
998 1131 1241 1195 Veteres,
1299 1137 1782 1200 ut'nonnunquam
1835 1141 2053 1200 postpo-

451 1236 584 1282 nant
608 1223 902 1279 secundum
933 1221 1075 1276 hunc
1121 1221 1399 1292 sanguinis
1432 1220 1758 1290 baptismum
1787 1237 1938 1291 aquae
1975 1220 2052 1274 illi

453 1321 656 1395 primo,
685 1330 740 1375 et
756 1319 871 1374 vice
893 1333 1049 1373 versa
1075 1331 1458 1386 nonnunquam
1487 1315 1811 1381 anteferant,
1835 1314 2052 1369 diverso

454 1415 510 1470 id
561 1413 813 1467 nimirum
866 1421 1118 1480 respectu
1168 1419 1331 1480 atque
1379 1409 1836 1464 consideratione.
1895 1406 2050 1473 Quod

453 1507 673 1578 quidem
697 1506 764 1561 ad
792 1505 920 1560 illud
949 1513 1158 1576 spectat
1187 1505 1345 1574 aquei
1387 1504 1640 1574 baptismi
1667 1503 1903 1558 ofﬁcium
1945 1519 2053 1574 quo

457 1601 676 1656 unimur
696 1601 912 1656 Christo
937 1609 1096 1668 atque
1116 1598 1374 1654 Ecclesiae
1391 1639 1406 1665 ,
1438 1613 1760 1668 quamquam
1783 1598 2053 1670 superiori

452 1699 566 1768 jam
598 1695 979 1750 dissertatione
1005 1694 1405 1750 osrenderimus
1434 1709 1584 1748 suam
1613 1709 1825 1765 quoque
1865 1695 1971 1748 vim
2001 1695 2053 1748 in

457 1790 561 1844 hac
591 1788 706 1857 ipsa
744 1801 959 1858 quoque
999 1788 1201 1842 unione
1229 1786 1476 1856 augenda
1508 1785 1700 1841 saltem
1737 1798 1897 1856 atque
1926 1801 2054 1856 pro-

2155 662 2318 720 fuerit
2354 665 2828 721 observantissima
2849 708 2864 732 ,
2893 680 3190 738 numquam
3211 677 3385 720 tamen
3417 666 3527 722 illis
3548 668 3764 722 haereti-

2157 776 2254 816 cos
2283 761 2726 816 schismaticosve
2755 766 3116 832 accensuerit,
3153 763 3298 818 nulla
3320 779 3505 819 eorum
3541 766 3764 820 nomina

2159 857 2211 910 in
2237 856 2404 910 fastos
2423 870 2548 910 suos
2575 854 2877 926 admiserit,
2907 857 3114 912 nullam
3147 858 3650 915 institueriteorum
3681 875 3767 916 so-

2158 947 2394 1004 lemnem
2437 952 3033 1006 commemorationem.

2229 1041 2255 1110 §
2279 1043 2333 1096 4.
2360 1071 2432 1080 -
2460 1042 2794 1112 Quamquam
2830 1058 2961 1114 ergo
2995 1043 3062 1099 ad
3083 1043 3313 1114 subjecti
3347 1044 3766 1115 dispositionem

2158 1136 2496 1191 necessarius
2518 1136 2586 1189 sit
2604 1137 2750 1204 prior
2777 1136 2869 1192 ille
2892 1152 3046 1207 aqua:
3063 1137 3381 1207 baptismus,
3403 1145 3460 1192 ut
3483 1138 3612 1208 quis
3643 1153 3765 1192 san-

2159 1227 2340 1297 guinei
2367 1227 2620 1297 baptismi
2659 1229 2831 1297 possit
2869 1226 3102 1283 fructum
3151 1229 3460 1298 percipere;
3508 1230 3557 1283 si
3586 1238 3767 1284 tamen

2158 1329 2307 1375 recte
2352 1320 2491 1374 hanc
2515 1322 2974 1390 comparationem
3012 1322 3296 1378 instituere
3336 1323 3590 1390 velimus,
3620 1333 3678 1378 et
3707 1326 3770 1380 de

2159 1413 2441 1483 utriusque
2468 1413 2722 1483 baptismi
2757 1413 3025 1469 beneﬁcio
3050 1413 3318 1484 judicare,
3341 1413 3396 1469 id
3427 1430 3595 1485 porro
3621 1433 3769 1485 qua:-

2159 1507 2389 1562 renduin
2420 1509 2593 1563 utrius
2626 1509 2874 1578 baptismi
2903 1507 3074 1579 magis
3099 1510 3170 1564 sit
3192 1509 3513 1565 beneficium
3554 1512 3611 1566 in
3644 1513 3770 1566 sub-

2155 1599 2304 1670 jecto
2329 1598 2432 1654 rite
2463 1598 2768 1668 disposito?
2797 1600 2860 1654 Et
2894 1600 3113 1672 quidem
3145 1601 3303 1670 hujus
3352 1600 3605 1658 beneﬁcii
3652 1618 3771 1657 res.

2159 1700 2317 1762 peetu
2393 1693 2748 1761 sanguineum
2797 1691 3123 1762 baptismum
3176 1708 3350 1763 aqueo
3417 1696 3773 1765 prmtulerunt

2159 1782 2422 1853 Origenes
2452 1792 2503 1838 et
2535 1779 2721 1838 noster
2743 1782 3065 1854 Cyprianus.
3104 1802 3122 1834 ‹
3158 1783 3428 1854 Baptisma
3464 1789 3769 1856 sanguinis,

454 1881 725 1937 movenda
755 1881 1088 1938 concessisse
1115 1880 1339 1936 Veteres
1370 1898 1383 1932 :
1419 1879 1491 1934 ita
1521 1891 1700 1937 tamen
1737 1881 1884 1936 illam
1916 1897 2052 1937 con-
2085 1889 2133 1948 B
2162 1876 2336 1946 inquit
2380 1873 2628 1945 Origines
2658 1873 2910 1947 (Origen.
2931 1916 2945 1941 ,
2971 1877 3026 1930 in
3056 1875 3233 1930 ludio.
3266 1877 3445 1931 homil.
3478 1878 3562 1951 7),
3593 1879 3772 1934 solum

459 1976 742 2030 cesserunt
773 1984 829 2030 ut
849 1976 956 2029 vim
986 1975 1200 2029 interim
1253 1973 1371 2042 ejus
1404 1974 1605 2028 nullam
1649 1975 1968 2046 agnoverint
1988 1975 2054 2030 ad

459 2084 648 2123 eorum
703 2069 955 2123 unionem
997 2067 1423 2138 promovendam
1455 2068 1544 2137 qui
1594 2068 1831 2123 nondum
1875 2080 2059 2125 essent

456 2161 664 2228 pravio
683 2160 865 2230 aliquo
889 2169 1050 2230 atque
1072 2159 1328 2215 inchoato
1342 2159 1532 2214 saltem
1558 2160 1815 2215 unitionis
1841 2161 2058 2216 vinculo

460 2253 724 2309 Ecclesia:
765 2253 1151 2324 conglutinati,
1187 2268 1281 2308 seu
1330 2253 1728 2308 communionis
1774 2253 1825 2308 in
1877 2252 2057 2309 ofﬁcio

460 2347 847 2414 eucharistico,
875 2362 968 2401 seu
995 2345 1244 2415 baptismi
1267 2347 1444 2416 reipsa
1470 2347 1728 2416 suscepti,
1753 2348 1838 2402 vel
1859 2348 1910 2401 in
1935 2357 2060 2401 voto

459 2439 653 2494 saltem
681 2438 922 2507 expetiti,
957 2453 1076 2507 quas
1105 2452 1265 2493 causa
1299 2447 1415 2492 erat
1441 2439 1863 2507 competentium
1895 2439 2056 2496 Cate-

460 2530 888 2596 chumenorum;
921 2530 1026 2584 vim
1057 2546 1244 2585 rursus
1275 2532 1472 2594 nullam
1505 2532 1572 2587 ad
1614 2535 1858 2606 martyrii
1888 2534 2058 2590 bene-

459 2621 585 2676 ﬁcia
608 2620 846 2676 nondum
881 2623 1044 2677 unitis
1086 2623 1445 2692 impetranda.
1479 2623 1590 2679 Nec
1629 2626 1771 2680 enim
1801 2630 2061 2699 martyrio

461 2715 788 2772 beneﬁcium
839 2715 1054 2787 aliquod
1102 2717 1343 2772 tribuant
1372 2719 1416 2771 si
1445 2719 1565 2788 quis
1595 2729 1744 2773 extra
1803 2721 2061 2776 unitatem

461 2822 658 2879 passus
701 2807 883 2874 fuerit;
942 2808 1036 2864 sed
1077 2825 1178 2864 nec
1204 2809 1336 2864 illud
1388 2810 1506 2879 ejus
1545 2809 1867 2866 beneﬁcium
1897 2826 2063 2882 agno-

468 2912 643 2970 scunt,
676 2913 732 2958 ut
763 2919 826 2960 ea
851 2903 964 2971 ipsa
997 2904 1206 2958 ratione
1229 2904 1351 2974 quis
1379 2907 1559 2959 unitus
1599 2905 1850 2961 invisibili
1882 2907 2061 2976 aliqua

466 2995 674 3050 unitate
693 3006 980 3050 censeatur
1002 2996 1046 3049 si
1063 2997 1380 3066 martyrium
1402 3011 1590 3066 passus
1619 2997 1805 3053 fuerit.
1831 2998 2064 3054 Proinde

466 3089 843 3143 barreticorum
863 3089 1446 3158 schismaticorumque
1465 3091 1740 3160 martyria,
1761 3091 1974 3145 illorum
1989 3093 2066 3146 vi-

469 3179 687 3246 delicet,
701 3183 790 3252 qui
804 3181 985 3251 aliquo
1004 3181 1086 3236 vel
1103 3191 1222 3235 actu
1238 3197 1358 3246 suo,
1377 3182 1458 3236 vel
1479 3182 1757 3246 Ecclesiae.
1777 3182 1845 3238 ab
1860 3185 2065 3241 unitate

2163 1977 2245 2023 est
2275 1966 2421 2037 quod
2451 1982 2550 2022 nos
2577 1969 2820 2038 puriores
2849 1968 3062 2036 reddat,
3093 1984 3252 2038 quam
3282 1985 3436 2040 aqua:
3469 1971 3776 2042 baptismus

2163 2057 2420 2114 reddidit.
2460 2077 2479 2110 ι
2506 2058 2684 2125 Quod,
2728 2059 2913 2129 paucis
2965 2059 3334 2129 interpositis,
3368 2063 3439 2116 ita
3481 2063 3727 2133 explicat
3761 2083 3773 2119 :

2172 2168 2190 2200 ‹
2229 2150 2440 2205 Vereor
2479 2165 2547 2205 ne
2575 2150 2720 2205 istud
2761 2151 3018 2223 baptismi
3045 2152 3373 2208 eminentius
3401 2154 3474 2208 sit
3515 2155 3626 2210 isto
3656 2155 3779 2226 bap-

2166 2242 2384 2297 tismate
2410 2243 2553 2312 quod
2582 2257 2677 2313 per
2705 2260 2899 2315 aquam
2933 2246 3183 2302 traditur.
3218 2246 3316 2301 lllo
3348 2249 3490 2302 enim
3521 2261 3776 2318 accepto,

2165 2335 2322 2389 valde
2344 2336 2500 2405 pauci
2527 2345 2654 2390 sunt
2679 2336 2749 2391 ita
2777 2337 2945 2405 beati,
2977 2339 3068 2410 qui
3101 2339 3154 2394 id
3176 2340 3584 2407 immaculatum
3608 2359 3779 2414 usque

2167 2429 2234 2482 ad
2261 2429 2465 2484 exitum
2495 2431 2615 2484 vita:
2645 2443 2864 2486 servare
2889 2432 3188 2500 potuerint.
3214 2433 3326 2487 Hoc
3349 2448 3480 2488 vero
3504 2434 3779 2505 baptismo

2166 2519 2258 2589 qui
2287 2519 2587 2589 baptizatus
2618 2519 2815 2586 fuerit,
2851 2536 3080 2590 peccare
3099 2523 3211 2593 jam
3245 2523 3389 2577 ultro
3419 2539 3528 2579 non
3574 2536 3776 2596 potest.

2166 2613 2236 2667 Et
2261 2612 2306 2666 si
2331 2613 2675 2668 temerarium
2708 2629 2814 2669 non
2847 2623 2931 2670 est
2961 2615 3012 2669 in
3037 2616 3203 2671 rebus
3227 2616 3424 2671 talibus
3449 2617 3660 2674 audere
3685 2619 3781 2673 ali-

2168 2703 2318 2774 quid,
2354 2719 2644 2772 possumus
2671 2705 2856 2760 dicere
2874 2705 3020 2776 quod
3054 2722 3152 2776 per
3177 2706 3307 2780 illud
3335 2708 3611 2778 baptisma
3637 2725 3780 2780 pra:-

2170 2794 2328 2849 terita
2354 2805 2573 2864 peccata
2599 2806 2914 2868 purgantur,
2946 2813 3042 2868 per
3058 2775 3372 2854 iistud‘vero
3401 2775 3566 2854 etiam
3595 2775 3779 2856 futura

2170 2893 2530 2963 perimuntur.
2562 2894 2643 2948 lbi
2671 2907 2890 2964 peccata
2921 2894 3145 2951 dimissa
3171 2906 3320 2963 sunt,
3349 2896 3436 2950 hic
3466 2898 3713 2954 exclusa.
3758 2920 3774 2950 ι

2171 2989 2229 3043 In
2258 2991 2504 3048 eamdem
2538 2991 2698 3064 plane
2723 2991 3046 3053 sententiam
3073 2991 3528 3062 gloriosissimum
3563 2993 3711 3050 hunc
3729 3005 3781 3050 et

2171 3087 2465 3141 maximum
2489 3087 2765 3156 sanguinis
2794 3086 3120 3155 baptismum
3151 3084 3391 3156 appellat
3415 3095 3604 3141 noster
3637 3104 3780 3142 mar-

2171 3187 2278 3250 tyr,
2303 3178 2446 3248 quod
2466 3193 2662 3248 nempe
2692 3177 3011 3248 gloriosiora
3041 3176 3152 3230 sint
3178 3187 3234 3232 et
3255 3177 3462 3248 majora
3491 3181 3779 3250 sanguinei

469 3271 695 3328 abscissi
714 3282 918 3336 essent,
949 3288 1049 3328 nec
1082 3275 1355 3328 unitorum
1387 3273 1553 3329 fuisse
1573 3275 1940 3342 crediderunt,
1968 3294 2066 3334 nec
2095 3273 2138 3334 C
2173 3270 2426 3339 baptismi
2451 3270 2712 3325 beneﬁcia
2736 3285 2895 3340 quam
2918 3270 3105 3324 simea
3127 3285 3248 3340 qua:
3273 3285 3366 3340 per
3387 3286 3624 3342 aqueum
3653 3283 3783 3328 sunt

466 3365 604 3420 adeo
634 3366 790 3420 ullius
806 3367 949 3436 apud
982 3367 1148 3421 Deum
1175 3367 1352 3435 pretii.
1380 3365 1903 3423 Catechumenorum
1933 3386 2064 3425 cau-

468 3474 584 3514 sam
614 3458 1048 3513 favorabiliorem
1081 3469 1428 3525 censuerunt,
1459 3459 1548 3528 qui
1579 3474 1685 3514 non
1733 3470 1838 3514 tam
1883 3473 2068 3518 essent

468 3553 537 3607 ab
561 3546 766 3606 unitate
800 3551 1050 3620 sejuncti,
1085 3567 1244 3620 quam
1277 3566 1395 3604 eam
1436 3551 1609 3621 ipsam
1643 3554 1902 3610 unitatem
1933 3571 2067 3609 non-

469 3643 596 3696 dum
625 3643 924 3705 consecuti;
959 3643 1154 3710 quibus
1181 3642 1254 3696 ita
1283 3642 1412 3697 vitio
1441 3659 1547 3697 non
1572 3653 1718 3698 esset
1746 3646 2065 3702 vertendum

468 3735 614 3806 quod
661 3735 901 3789 nondmn
947 3734 1313 3796 essentuniti.
1349 3745 1406 3788 ut
1452 3746 1640 3792 contra
1691 3737 1832 3792 laudi
1892 3740 2068 3807 potius

470 3839 617 3885 esset
643 3828 783 3899 quod
831 3828 1216 3883 ecclesiasticae
1262 3828 1556 3898 discipiincc
1595 3831 1739 3900 leges
1781 3831 2067 3887 observas-

470 3931 614 3978 sent.
650 3922 714 3976 lli
741 3931 886 3976 certe
929 3931 1052 3976 voto
1087 3930 1192 3976 tam
1237 3937 1357 3988 suo,
1401 3937 1559 3992 quam
1607 3921 1900 3988 Ecclesia),
1936 3925 2068 3979 uniti

465 4016 580 4086 jam
609 4025 792 4081 erant;
821 4025 873 4069 et
901 4031 1022 4069 cum
1055 4029 1114 4069 se
1145 4015 1358 4085 legibus
1382 4014 1762 4072 ecclesiasticis
1800 4017 2066 4088 subjecis-

466 4117 612 4172 sent,
643 4122 710 4162 eo
742 4109 858 4177 ipso
911 4121 970 4161 se
1022 4106 1256 4176 politica:
1306 4107 1528 4161 unitatis
1568 4107 1808 4162 membra
1838 4107 2068 4178 professi

471 4213 619 4266 sunt,
652 4200 796 4272 quod
823 4200 1104 4272 mysticam
1139 4199 1284 4253 illam
1316 4200 1611 4267 unitatem,
1643 4203 1928 4270 quantovis
1950 4217 2067 4256 eam

473 4295 741 4351 haberent
791 4294 841 4347 in
889 4293 1081 4363 pretio,
1112 4295 1357 4363 arripere
1403 4302 1583 4349 tamen
1618 4309 1722 4348 non
1769 4294 2066 4363 auderent;

472 4396 825 4459 expectarent
873 4389 1122 4451 interim,
1176 4388 1324 4453 dum,
1362 4403 1456 4457 per
1500 4388 1652 4458 leges
1687 4389 2072 4445 ecclesiastica:

471 4485 675 4556 politiae
703 4498 822 4538 eam
871 4481 974 4536 rite
999 4482 1220 4551 adipisci
1263 4481 1470 4536 liceret.
1511 4480 1623 4536 illis
1653 4481 1815 4552 igitur
1859 4498 2070 4552 aequum

469 4586 588 4632 erat
616 4574 840 4630 concedi
872 4572 1093 4628 unitatis
1147 4573 1428 4640 beneﬁcia,
1475 4574 1564 4644 qui
1590 4572 1701 4643 jam
1758 4589 1820 4628 ea
1866 4586 2068 4644 essent,

2173 3361 2502 3430 baptismum
2542 3378 2570 3412 a
2602 3362 2848 3431 subjecto
2880 3362 2984 3417 rite
3013 3361 3279 3432 disposito
3303 3365 3671 3433 expectanda.
3707 3367 3781 3420 Ita

2171 3454 2316 3508 enim
2349 3453 2536 3508 scribit
2570 3454 2662 3507 ille
2691 3452 2745 3507 in
2774 3468 2870 3507 sua
2899 3453 2964 3508 ad
2997 3459 3314 3525 martyrium
3344 3453 3732 3513 exhortatione
3768 3477 3780 3513 :

2179 3567 2196 3596 ι
2235 3545 2347 3602 Nos
2381 3557 2620 3610 tantum,
2656 3547 2848 3616 inquit,
2883 3547 2972 3617 qui
3022 3548 3249 3602 Domino
3287 3549 3636 3618 permittente
3669 3553 3783 3622 pri-

2176 3656 2318 3694 mum
2351 3641 2612 3711 baptisma
2637 3640 2988 3694 credentibus
3011 3639 3280 3706 dedimus,
3298 3642 3363 3694 ad
3393 3642 3538 3697 aliud
3562 3660 3784 3714 quoque

2175 3732 2412 3803 singulos
2463 3747 2850 3802 prarparemus,
2884 3733 3220 3788 insinuantes
3265 3745 3319 3788 et
3363 3735 3624 3791 docentes
3682 3739 3784 3793 hoc

2175 3842 2296 3881 esse
2316 3826 2577 3895 baptisma
2598 3827 2650 3879 in
2677 3826 2848 3895 gratia
2878 3827 3079 3896 majus,
3101 3826 3156 3880 in
3181 3838 3449 3897 potestate
3465 3830 3781 3898 sublimius,

2174 3923 2230 3977 in
2264 3921 2469 3976 honore
2511 3919 2802 3991 pretiosius
2837 3938 2850 3973 :
2883 3919 3149 3991 baptisma
3179 3923 3232 3976 in
3263 3938 3370 3994 quo
3399 3924 3574 3995 angeli
3609 3925 3787 3996 bapti-

2175 4026 2320 4081 zant,
2347 4015 2612 4085 baptisma
2643 4014 2694 4067 in
2719 4027 2826 4084 quo
2848 4013 2987 4068 Deus
3012 4021 3068 4069 et
3090 4012 3338 4070 Christus
3367 4015 3484 4084 ejus
3509 4018 3782 4083 exultant,

2174 4108 2440 4178 baptisma
2466 4114 2587 4176 post
2608 4105 2750 4175 quod
2779 4119 2938 4160 nemo
2959 4105 3071 4176 jam
3101 4116 3309 4176 peccat,
3339 4107 3606 4178 baptisma
3637 4110 3784 4180 quod

2176 4199 2298 4256 ﬁdei
2343 4208 2540 4254 nostra:
2568 4198 2905 4252 incrementa
2937 4209 3300 4266 consummat,
3334 4199 3597 4270 baptisma
3637 4202 3785 4272 quod

2175 4310 2278 4351 nos
2308 4294 2377 4350 de
2429 4291 2628 4348 mundo
2673 4291 2995 4347 recedentes
3036 4293 3218 4347 statim
3269 4293 3382 4349 Deo
3429 4294 3672 4364 c0pulat.
3726 4296 3785 4352 ln

2175 4404 2327 4459 aquae
2349 4389 2619 4458 baptismo
2639 4387 2907 4456 accipitur
2933 4399 3279 4457 peccatorum
3299 4389 3546 4455 remissa;
3571 4388 3627 4444 in
3660 4406 3786 4444 sano

2175 4481 2352 4551 guinis
2377 4495 2577 4552 corona
2623 4479 2908 4535 virtutum.
2943 4479 3335 4550 Amplectenda
3375 4495 3464 4536 res
3492 4490 3574 4536 est
3603 4492 3663 4537 et
3689 4500 3787 4554 op-

2180 4573 2356 4639 tanda,
2383 4583 2437 4629 et
2464 4574 2714 4629 omnibus
2742 4573 3159 4644 postulationum
3190 4585 3498 4630 nostrarum
3527 4579 3787 4646 precibus

471 4683 593 4738 qua:
621 4667 858 4738 legitima
907 4675 1083 4731 esset,
1119 4666 1324 4720 unitate
1353 4664 1660 4736 conjuncti;
1692 4679 1790 4720 nec
1822 4663 1927 4719 ulla
1973 4681 2068 4721 sua
2097 4667 2150 4728 D
2177 4665 2498 4738 expetenda,
2532 4665 2697 4734 utqui
2725 4666 2869 4720 servi
2898 4666 3219 4734 Deisumus,
3249 4667 3419 4721 simus
3449 4675 3504 4722 et
3532 4671 3717 4724 amici.
3762 4688 3781 4722 ι

470 4760 627 4830 culpa
651 4758 1044 4829 impedirentur
1065 4759 1357 4827 quominus
1387 4757 1531 4812 illam
1555 4774 1766 4828 quoque
1793 4761 2072 4814 consecuti

468 4859 654 4908 essent
683 4866 804 4921 qua:
833 4850 1066 4905 nondum
1092 4861 1239 4904 esset
1267 4849 1522 4919 legltima.
1565 4850 1694 4904 Erat
1719 4861 1898 4906 autem
1927 4869 2071 4907 mar-

470 4947 598 5019 tyrii
628 4945 832 5000 fructus
862 4945 1002 4998 inter
1029 4943 1250 4998 unitatis
1278 4943 1560 5009 beneﬁcia,
1592 4958 1690 5012 pro
1720 4943 1934 5013 illorum
1964 4959 2069 5001 sa:-

470 5041 718 5097 culorum
749 5038 1040 5104 sententia,
1091 5035 1418 5092 censendus.
1472 5036 1622 5090 Hanc
1647 5037 2068 5095 catechumeno-

468 5152 589 5191 rum
629 5148 847 5190 causam
895 5133 1003 5203 agit
1045 5131 1098 5185 in
1139 5131 1367 5200 epistola
1411 5130 1477 5185 ad
1518 5129 1838 5186 Jubaianum
1886 5144 2070 5190 noster

469 5229 772 5301 Cyprianus
796 5223 989 5298 (Epist.
1011 5223 1223 5296 LXXIII).
1256 5223 1552 5279 Damnasse
1581 5232 1760 5278 autem
1783 5223 2069 5282 hreretico-

469 5335 590 5375 rum
617 5317 1192 5386 schismaticorumqu‘e
1219 5313 1473 5388 martyria
1506 5315 1682 5370 notius
1714 5326 1797 5371 est
1822 5333 1978 5387 quam
2015 5329 2073 5374 ut

469 5411 582 5468 ulla
614 5407 934 5480 probatione
980 5407 1233 5479 indigeat.
1266 5406 1375 5463 Nec
1431 5407 1610 5462 solum
1640 5406 1805 5464 fuisse
1870 5410 1924 5464 in
1971 5411 2072 5465 hac

468 5519 634 5562 causa
665 5503 1010 5574 Cyprianum,
1043 5502 1138 5558 sed
1171 5502 1413 5557 Ecclesia
1444 5503 1647 5573 pariter
1674 5504 1919 5559 universa
1949 5503 2066 5559 suf-

465 5598 713 5668 fragante
735 5638 749 5663 ,
783 5589 1086 5662 damnasse,
1117 5612 1184 5650 ex
1210 5597 1327 5666 ipso
1347 5595 1402 5651 S.
1437 5597 1736 5667 Augustino
1759 5599 1941 5666 liquet,
1978 5601 2069 5670 qui

465 5707 589 5749 cum
622 5698 807 5744 nostro
835 5687 1078 5761 martyri,
1110 5689 1164 5742 in
1203 5704 1364 5744 causa
1393 5690 1647 5759 baptismi
1687 5690 2067 5746 hmreticorum

467 5801 590 5843 sese
614 5784 989 5840 strenuissime
1011 5784 1256 5854 opponit,
1282 5784 1421 5839 hanc
1450 5793 1630 5839 tamen
1657 5784 1772 5855 ejus
1801 5785 1869 5839 de
1892 5783 2069 5841 hzere-

475 5878 704 5934 ticorum
730 5875 1302 5947 schismaticorumqne
1333 5876 1607 5948 martyriis
1637 5890 1923 5935 censuram
1955 5877 2070 5937 nbi-

2179 4761 2340 4817 Multa
2375 4759 2463 4814 hic
2490 4759 2749 4816 habemus
2781 4759 2832 4814 in
2855 4759 2956 4813 hoc
2982 4758 3240 4832 Cypriani
3270 4761 3439 4816 nostri
3469 4763 3786 4818 testimonio

2178 4867 2298 4908 cum
2346 4851 2672 4922 Origeniano
2716 4851 2810 4905 illo
2849 4851 3177 4919 communia,
3221 4867 3448 4922 qumque
3497 4861 3603 4906 tam
3634 4869 3789 4909 com-

2177 4948 2325 5002 muni
2355 4947 2661 5013 assertioni,
2716 4961 2874 5016 quam
2905 4939 3013 5005 sibi,
3049 4945 3300 5014 invicem,
3332 4947 3508 5003 lucem
3539 4948 3786 5006 vicissim

2176 5037 2533 5095 {(Bnercttlur.

2253 5130 2280 5204 §
2308 5130 2651 5187 5.—Gratiae
2674 5131 2919 5201 inprimis
2946 5131 3370 5201 magnitudinem
3400 5131 3524 5187 inde
3546 5135 3787 5189 aestimat

2175 5222 2350 5294 quod,
2378 5237 2498 5278 cum
2526 5231 2647 5292 post
2677 5236 2828 5290 aqua:
2858 5222 3186 5291 baptismum
3228 5236 3513 5292 peccamus
3554 5223 3778 5292 iterum,

2173 5313 2605 5385 baptizalemque
2620 5313 2847 5383 gratiam
2862 5311 3184 5381 amittimus,
3208 5303 3262 5368 in
3281 5313 3546 5384 baptismo
3561 5319 3786 5387 sangui-

2177 5407 2260 5462 nis
2291 5406 2466 5460 nullns
2494 5407 2945 5474 supersit-metus
2981 5406 3280 5462 futurorum
3315 5418 3689 5478 peccatorum,
3728 5422 3785 5466 ut

2171 5499 2404 5572 proinde
2437 5514 2530 5570 per
2565 5500 2714 5554 illum
2766 5511 2873 5555 tam
2921 5500 3223 5557 futurorum
3274 5505 3452 5559 securi
3499 5505 3787 5562 reddimur

2173 5608 2332 5664 quam
2351 5591 2764 5661 praeteritorum,
2789 5608 2910 5646 cum
2937 5593 3204 5662 praeterita
3233 5592 3511 5650 dumtaxat
3533 5596 3584 5650 in
3606 5611 3786 5668 aqueo

2175 5684 2445 5755 baptismo
2473 5684 2779 5752 eXpientur,
2811 5683 2956 5754 quod
2983 5686 3145 5738 etiam
3168 5693 3295 5740 ante
3321 5684 3650 5756 Cyprianum
3678 5691 3783 5744 ob-

2171 5789 2486 5836 servaverat
2505 5776 2788 5850 Origenes,
2812 5788 3006 5848 etpost
3030 5776 3362 5851 Cyprianum
3388 5790 3633 5837 nostrum
3653 5796 3782 5838 san-

2177 5875 2419 5935 ctissima
2449 5885 2654 5948 martyr
2671 5874 2883 5946 Pelagia
2905 5875 3046 5948 apud
3079 5873 3443 5947 Ambrosium,
3467 5877 3562 5936 lib.
3601 5895 3679 5948 Ill,
3709 5881 3778 5938 de
