3888 6364
213 386 269 445 55
1164 387 1253 445 DE
1287 387 1600 447 SECUNDO
1637 383 2033 449 MARTYRUM
2070 389 2439 452 BAPTISMO.
3415 397 3486 452 54

217 499 443 571 Virginib.
468 497 602 555 Tum
626 499 696 556 ad
725 500 920 572 gratiae
943 515 1155 573 quoque
1180 503 1602 573 magnitudinem
1636 502 1768 558 illud
1795 509 1849 567 Α
1873 517 1925 561 et
1942 503 2190 563 Christus
2213 507 2333 578 ejus
2344 510 2608 566 exultent.
2634 512 2800 568 Docet
2821 513 3079 568 Dominus
3097 511 3483 569 exultationem

219 593 450 660 pertinere
467 601 673 660 censet,
693 594 864 664 quod,
884 610 1009 649 cum
1027 595 1092 649 ad
1111 598 1283 671 ἀρχῆς
1306 597 1449 670 λόγον
1478 606 1531 651 et
1550 599 1770 670 θεμέλιον
1882 599 1934 652 in
1962 599 2100 653 coelo
2121 614 2244 656 esse
2276 601 2326 654 in
2355 604 2710 660 conversione
2735 605 3055 675 peccatoris.
3085 603 3234 660 Hanc
3258 619 3486 660 conver-

218 703 413 759 aqueum
443 689 588 743 illum
609 689 940 760 baptismum
975 691 1213 746 retulerit
1236 693 1530 761 Apostolus
1561 691 1772 764 (Hebr.,
1883 690 2090 746 sionem
2119 693 2192 746 illi
2217 693 2282 748 ad
2311 695 2636 764 baptismum
2665 713 2894 767 aqueum
2921 699 3147 752 fortasse
3185 697 3489 764 retuleriut,

225 796 286 844 vi,
325 780 463 851 l,2).
504 781 792 852 Sanguinis
839 782 929 837 hic
974 783 1272 854 baptismus
1309 782 1377 838 ad
1411 782 1536 838 ﬁdei
1579 792 1778 840 nostra:
1884 793 1938 838 et
1962 778 2345 841 exultationem
2397 789 2446 841 in
2493 789 2632 844 caelo
2665 789 2808 843 illam
2845 789 2913 843 de
2936 789 3251 858 angelorum
3282 789 3494 844 exulta-

219 873 512 928 incrementa
543 876 973 930 consummanda
1016 876 1301 945 pertineat;
1343 875 1510 945 quod,
1553 891 1676 931 cum
1725 877 1776 930 in
1885 877 2032 932 tione
2069 879 2454 935 intellexerint.
2502 881 2808 952 Opponitur
2837 883 2981 937 enim
3021 883 3130 936 Deo
3171 883 3368 938 caelum
3403 882 3490 953 (S.

218 979 362 1034 aqneo
386 964 644 1033 baptismo
682 966 1059 1022 renuntiantes
1084 967 1286 1022 mundo
1329 966 1642 1024 fruitionem
1683 968 1753 1022 De

1956 987 2040 1034 ιε..
2061 986 2148 1036 xv,
2168 970 2285 1044 21).
2313 973 2380 1026 Ει
2401 974 2596 1029 caelum
2617 990 2736 1028 cum
2760 982 2865 1035 τοῖς·
2887 980 3185 1030 κατοικοῦσι
3206 974 3491 1044 conjungi-

220 1073 308 1114 nou
332 1059 421 1114 nisi
443 1072 472 1113 e
500 1059 791 1129 longinquo
823 1070 1002 1116 tamen
1031 1069 1404 1131 expectemus,
1443 1077 1536 1131 per
1563 1063 1774 1132 sangni-
1889 1072 1973 1118 tur
1999 1064 2264 1134 (Apocal.,
2292 1082 2388 1130 xit,
2423 1066 2535 1138 12),
2577 1067 2717 1136 quod
2741 1077 2887 1122 certe
2907 1067 2973 1121 de
2992 1066 3270 1120 Trin-uno
3285 1065 3395 1121 Deo
3416 1069 3489 1121 ita

218 1151 1780 1223 neumstatimDeocopulemur;quod,cumibipeccatornm
1885 1157 2168 1212 commode
2222 1159 2442 1228 intelligi
2496 1161 2701 1230 nequit.
2755 1161 2828 1214 lta
2884 1160 3042 1229 igitur
3098 1159 3265 1214 Deum
3324 1157 3486 1228 hujus

218 1245 553 1300 remissionem
573 1261 990 1315 consequamur,
1023 1247 1110 1302 hic
1137 1248 1419 1316 praemium
1441 1248 1602 1302 etiam
1628 1262 1782 1303 coro-
1887 1248 2167 1318 sanguinei
2196 1249 2451 1319 baptismi
2476 1250 2760 1320 praesidem
2779 1251 3143 1315 crediderunt,
3177 1249 3343 1321 quod,
3368 1265 3494 1304 cum

219 1351 417 1406 namque
438 1348 720 1407 expectare
749 1339 1042 1407 possimus;
1066 1337 1187 1417 illic
1210 1353 1398 1394 servos
1428 1339 1518 1395 Dei
1545 1353 1662 1405 nos,
1696 1354 1784 1408 vej
1889 1343 2204 1413 martyrium
2247 1344 2534 1414 agonibus.
2564 1343 2678 1398 sive
2712 1343 2854 1399 Indis
2879 1343 3234 1398 theatralibus
3255 1384 3269 1406 ,
3302 1353 3494 1398 contu-

220 1427 379 1484 saltem
416 1431 774 1505 ἀπελευθέρους
806 1432 1177 1501 proﬁteantur,
1202 1431 1292 1488 hic
1315 1431 1479 1488 etiam
1509 1433 1666 1488 amici
1689 1427 1786 1490 Dei
1890 1435 2101 1501 lissent,
2134 1434 2301 1491 Deum
2332 1437 2732 1506 Agonothetam
2765 1435 3016 1501 fecerint,
3039 1446 3092 1490 et
3123 1435 3276 1503 quasi
3299 1449 3500 1490 consu-

225 1537 563 1592 agnoscamur.
598 1523 769 1579 Porro
795 1534 1062 1595 potestate
1089 1524 1465 1581 sublimiorem
1491 1525 1622 1581 dicit
1647 1525 1787 1582 hunc
1892 1526 1998 1582 lem
2027 1527 2077 1580 in
2101 1525 2392 1581 Orchestra
2424 1537 2806 1597 spectatorem.
2842 1526 2958 1596 Ipsa
2989 1526 3280 1596 spectaculi
3310 1540 3443 1581 voce
3471 1541 3503 1581 a

220 1614 460 1685 sanguinis
507 1615 858 1686 baptismum,
889 1616 1033 1690 quod
1063 1616 1340 1672 hominem
1384 1618 1690 1672 miuiSIrum
1719 1616 1785 1672 ad
1893 1617 2120 1672 theatris
2164 1617 2449 1688 desumpta
2480 1633 2608 1673 usus
2656 1619 2759 1673 hac
2813 1619 2866 1671 in
2909 1632 3068 1672 causa
3115 1628 3199 1672 est
3247 1616 3504 1673 Octavius

221 1720 351 1773 aqua:
369 1705 680 1776 baptismum
695 1706 1078 1773 adhibeamus,
1096 1710 1146 1763 in
1162 1709 1460 1780 sanguineo
1474 1709 1787 1780 angelorum
1895 1712 2106 1786 (Minut.
2140 1710 2259 1767 Fel.
2285 1711 2462 1767 Octav.
2477 1755 2490 1778 ,
2511 1731 2563 1783 ρ.
2580 1713 2741 1785 358).
2766 1713 2965 1780 «Quam
2986 1711 3269 1782 pulchrum
3284 1712 3504 1784 (inquit)

224 1800 491 1855 ministerio
541 1801 837 1855 initientur.
890 1801 958 1857 Ut
1001 1801 1145 1857 enim
1186 1802 1472 1857 invisibilis
1501 1802 1663 1873 plane
1707 1812 1790 1864 est
1892 1804 2259 1875 spectaculum
2293 1805 2422 1871 Deo,
2455 1820 2576 1860 cum
2623 1805 2950 1859 christianos
2990 1819 3112 1859 cum
3156 1803 3345 1859 dolore
3371 1819 3505 1859 con-

221 1903 482 1962 martyrum
510 1892 598 1946 ille
612 1892 936 1962 baptismns,
965 1892 1156 1948 saltem
1173 1892 1316 1963 quod
1334 1893 1400 1948 ad
1417 1893 1560 1947 illam
1578 1901 1786 1966 partem
1818 1901 1867 1961 B
1893 1898 2152 1970 greditur.
2172 1907 2301 1965 etc.,
2328 1900 2448 1955 i.Et
2464 1908 2646 1955 noster
2659 1898 2963 1970 Cyprianus
2981 1898 3109 1971 (Ep.
3128 1896 3240 1969 LVI)
3263 1917 3274 1950 :
3298 1916 3316 1950 ι
3341 1897 3510 1968 Spec-

221 1982 504 2052 attinetquze
523 1983 688 2038 Deum
716 1983 893 2053 ipsum
925 1992 1150 2052 spectat,
1182 1984 1254 2038 ita
1278 1993 1426 2038 certe
1460 1983 1786 2040 invisibilcm
1896 2005 1973 2051 [at
2013 1996 2238 2051 militem
2282 2011 2439 2052 suum
2472 1997 2719 2052 Christus
2764 1997 2960 2068 ubique
3012 2005 3362 2066 pugnantem,
3397 2015 3417 2049 ι
3444 1994 3513 2051 Et

221 2073 341 2127 “iam
366 2074 666 2152 λειτουργίαν
691 2073 758 2128 δά
790 2075 959 2128 Deum
983 2074 1159 2144 ῑιιειιιιι
1187 2074 1444 2139 duillius»
1481 2089 1578 2144 Ρτο
1601 2076 1793 2147 πηγειί-
1903 2097 2087 2158 postea
2125 2105 2138 2142 :
2180 2106 2197 2139 ι
2233 2087 2372 2144 Ecce
2397 2103 2540 2158 agon
2569 2088 2816 2143 sublimis
2845 2096 2900 2143 et
2930 2103 3176 2158 magnus,
3207 2096 3263 2144 et
3288 2102 3508 2144 coronat

219 2179 283 2220 ac
319 2164 656 2236 philosophia:
703 2166 1017 2236 principiis,
1071 2165 1237 2221 fuisse
1289 2165 1654 2222 referendam.
1723 2166 1754 2223 ι

1975 2181 2135 2237 :lestis
2174 2183 2396 2258 praemio
2425 2182 2720 2252 gloriosus,
2766 2192 2823 2237 ut
2853 2192 3061 2252 spectet
3104 2198 3206 2239 nos
3224 2191 3510 2240 certantes

222 2272 372 2316 autem
399 2262 448 2317 in
472 2264 700 2333 mystico
732 2262 1043 2318 SﬂCCl‘dOllO
1073 2263 1180 2319 duo
1206 2271 1364 2318 erant
1393 2261 1570 2319 ofﬁcia
1593 2264 1794 2321 νίεἱιιίιί
1902 2274 2064 2329 Deus,
2093 2273 2412 2330 Prmliames
2439 2289 2539 2331 nos
2560 2283 2614 2328 et
2637 2274 2761 2330 ﬁdei
2792 2276 3181 2345 congressione
3210 2284 3518 2347 pugnantes

225 2358 489 2414 sacerdotio
519 2360 848 2414 adamussim
905 2359 1313 2428 respondentia,
1345 2359 1596 2428 superius
1623 2357 1792 2424 aliud,
1901 2375 2112 2436 spectat
2152 2367 2313 2433 Deus,
2344 2377 2592 2436 spectant
2620 2368 2797 2438 angeli
2843 2369 2962 2437 ejus
2983 2411 3000 2436 ,
3025 2377 3239 2438 spectat
3265 2377 3319 2424 et
3345 2369 3508 2424 Chri-

222 2455 338 2518 quod
364 2451 679 2522 βελτιωτικόν
713 2452 830 2506 sive
857 2453 1170 2507 τελιιωτικὸν
1201 2450 1563 2521 appellarunt,
1592 2449 1754 2505 Chris

1979 2471 2072 2511 ιε.»
2105 2457 2172 2512 Et
2192 2459 2319 2514 alibi
2344 2457 2471 2530 (Ep.
2503 2457 2625 2529 ix):
2664 2458 2739 2514 «0
2763 2458 2918 2529 quale
2946 2459 3078 2514 illud
3106 2459 3206 2513 fuit
3231 2469 3514 2530 spectacu-

224 2544 542 2612 proculdnhio
584 2545 755 2615 ipsius
797 2547 849 2600 in
903 2545 1005 2599 hac
1051 2545 1275 2616 mystica
1331 2546 1621 2624 λειτουργίᾳ
1670 2558 1796 2613 pro-
1906 2551 2019 2605 lum
2051 2550 2313 2616 Domino,
2345 2567 2506 2621 quam
2555 2551 2806 2614 sublime,
2839 2567 3000 2621 quam
3050 2565 3323 2622 magnum,
3357 2568 3518 2623 quam

227 2635 395 2704 prium;
414 2636 637 2692 inferius
655 2636 806 2692 aliud
835 2637 950 2692 sive
971 2637 1300 2712 ὑπηρετικόν,
1326 2634 1468 2705 quod
1485 2635 1762 2705 angelorut

1979 2645 2004 2698 ei
2031 2645 2201 2700 oculis
2217 2653 2560 2699 sacramento
2578 2659 2642 2699 ac
2663 2644 2955 2700 devotione
2973 2645 3159 2698 militis
3177 2645 3295 2714 ejus
3313 2659 3514 2714 accep-

226 2729 361 2784 etiam
387 2730 547 2787 fuisse
581 2733 862 2802 proprium
896 2730 1032 2786 nihil
1059 2739 1144 2786 est
1167 2729 1309 2800 quod
1339 2729 1648 2784 dubitemus
1680 2746 1693 2782 :
1727 2727 1800 2782 ita
1909 2745 2020 2791 tum
2045 2779 2059 2803 ,
2091 2746 2196 2790 etc.
2237 2754 2256 2788 ι
2288 2735 2400 2792 Nec
2430 2736 2624 2790 mirum
2655 2735 2756 2791 hac
2785 2736 2974 2792 eadem
3009 2735 3362 2792 similitudine
3391 2750 3522 2791 usos

225 2831 349 2877 certe
375 2822 624 2893 baptismi
653 2837 854 2878 munus
901 2821 966 2876 ad
1012 2819 1238 2875 inferius
1447 2817 1801 2874 ministerium
1910 2845 2034 2886 esse
2067 2831 2227 2886 [oues
2254 2829 2585 2885 christianos
2607 2873 2620 2896 ’
2655 2845 2816 2900 quam
2841 2840 2895 2885 et
2925 2831 3096 2899 ipsam
3143 2829 3392 2885 eamdem
3422 2827 3524 2883 ad-

224 2916 535 2986 pertinuisse,
560 2917 693 2972 alibi
715 2925 801 2973 est
827 2932 857 2971 a
881 2915 1055 2979 nobis,
1078 2914 1179 2968 nisi
1205 2911 1459 2980 fallimur,
1495 2911 1759 2983 probatun

1990 2931 2204 2977 merant
2241 2922 2342 2993 ipsi
2371 2922 2533 2976 etiam
2568 2921 2895 2993 phiIOSOplti,
2923 2921 3127 2976 Seneca
3181 2920 3424 2991 (Senec.,
3462 2921 3525 2976 de

224 3003 497 3064 lnexteruo
525 3009 674 3064 enim
702 3008 863 3079 aquei
888 3007 1135 3076 baptismi
1169 3019 1393 3061 munere
1419 3004 1690 3059 inferioris
1709 3019 1802 3073 ge-
1911 3010 2218 3081 Prov.,c.5)
2237 3021 2291 3066 et
2307 3012 2781 3082 Epictetus(Epist.
2802 3012 2889 3066 ad.
2910 3011 3172 3084 Arrium).
3188 3011 3529 3083 Quamquam

225 3099 348 3151 neris
394 3100 657 3154 ministris
710 3099 794 3153 usi
847 3106 975 3152 sunt.
1008 3106 1068 3151 ul
1101 3096 1391 3166 plurimum
1441 3095 1691 3165 θροειοιίι
1734 3093 1806 3148 υἱ
1911 3104 2074 3160 etiam
2100 3105 2261 3158 altius
2290 3106 2571 3173 repetitam
2595 3104 2758 3158 fuisse
2789 3105 3088 3159 verisimile
3116 3115 3218 3172 est,
3249 3121 3278 3159 a
3306 3104 3532 3160 visioni-

227 3189 425 3260 proinde
451 3191 598 3247 idem
617 3190 778 3245 silde
812 3189 1064 3245 invisibili
1088 3203 1304 3259 quoque
1340 3188 1432 3242 illo
1468 3191 1804 3258 mysticoque
1912 3196 2014 3252 bus
2051 3195 2307 3250 nimirum
2349 3197 2460 3251 illis
2484 3195 2681 3265 quibus
2706 3195 2853 3251 Deus
2883 3210 3124 3265 praesens
3156 3197 3528 3252 laborantibus

225 3283 464 3353 baptismo
494 3283 869 3348 statuendum,
903 3290 959 3337 ut
983 3281 1236 3336 exteriori
1256 3279 1524 3349 baptismo
1555 3277 1807 3332 adamus-
1833 3289 1879 3352 ρ
1912 3298 2257 3360 apparuerat.
2290 3289 2366 3344 Ita
2404 3291 2460 3346 S.
2494 3289 2770 3359 Stephano
2796 3288 3042 3344 Christus
3075 3288 3237 3359 (Ach,
3274 3307 3378 3354 vn,
3410 3289 3529 3362 55).

225 3375 312 3431 Sim
358 3375 704 3446 YCSPODdealo
738 3375 826 3430 hic
866 3389 1083 3445 quoque
1113 3375 1381 3445 ὑπηρετῶν
1430 3369 1594 3426 fuisse
1625 3384 1806 3437 "sum.
1916 3382 2066 3438 Elin
2111 3381 2411 3436 certamine
2444 3380 2728 3452 Polycarpi
2778 3395 2965 3435 vocem
3012 3380 3230 3435 caelitus
3270 3381 3528 3435 emissam

227 3471 305 3540 qui
329 3485 428 3526 non
445 3472 534 3525 alii
556 3487 680 3526 esse
697 3471 986 3540 potuerint,
1016 3485 1112 3539 pro
1131 3479 1373 3524 veterum
1394 3467 1609 3522 illorum
1627 3477 1809 3536 captu,
1916 3482 2223 3529 memorant
2241 3472 2620 3542 Sinyrnenscs,
2645 3472 2805 3545 ἴσχυε
2837 3474 3158 3548 Πολύχαρπε,
3182 3478 3270 3529 καὶ
3290 3472 3530 3548 ἀνδρίζου

229 3577 368 3632 quam
421 3564 626 3635 angeli.
683 3563 890 3617 Divina:
937 3562 1080 3618 enim
1133 3560 1437 3631 prmsentia:
1505 3559 1812 3629 symbolum
1919 3564 2048 3637 (Ep.
2081 3565 2148 3617 ad
2178 3563 2406 3618 Philam.
2445 3580 2534 3632 ap.
2579 3563 2794 3628 Euseb.,
2827 3563 2964 3618 Hist.
2999 3564 3147 3629 eccl.,
3195 3561 3418 3634 tv,15).
3467 3563 3535 3619 Et

226 3656 589 3721 (Schechinam
615 3657 892 3728 appellant
918 3657 1116 3726 Judaei)
1144 3655 1346 3726 angelis
1376 3654 1617 3709 tribuunt
1643 3655 1814 3723 scrip—
1921 3658 2117 3712 merito
2140 3670 2272 3711 sane
2291 3656 2369 3710 illi
2403 3655 2494 3709 Dei
2514 3654 2651 3710 hanc
2675 3654 2904 3710 laventis
2933 3655 3283 3724 praesentiam
3308 3654 3535 3709 maximi

231 3759 357 3806 tores
391 3762 611 3808 veteres
663 3760 772 3805 tam
823 3749 1017 3816 Judwi,
1051 3763 1208 3818 quam
1239 3745 1618 3813 ecclesiastici,
1650 3760 1815 3815 quam
1922 3749 2146 3804 honoris
2174 3746 2298 3803 loco
2321 3747 2616 3801 duxerunt.
2645 3746 2704 3800 In
2744 3763 2810 3801 eo
2838 3758 3018 3800 autem
3052 3745 3389 3814 praetulerint
3414 3743 3531 3798 for-

230 3846 351 3900 sacri
379 3857 431 3901 et
456 3845 736 3910 canonici;
770 3855 823 3898 et
852 3859 1013 3913 quam
1043 3843 1153 3896 Deo
1177 3841 1817 3908 tribuuntnonnunquam
1923 3853 2068 3898 tasse
2093 3840 2377 3912 sanguinei
2398 3841 2558 3910 hujus
2579 3840 2832 3910 baptismi
2856 3837 3378 3910 apparatum,quod,
3410 3853 3534 3893 cum

231 3940 636 4007 apparitionem,
680 3937 928 3993 eamdem
959 3935 1085 3990 alibi
1113 3935 1319 4006 angelis
1345 3935 1639 4003 assignant.
1675 3932 1818 3988 Deus
1923 3936 1978 3990 in
2019 3935 2159 3991 cmlo
2188 3933 2440 4005 gaudium
2469 3949 2608 3988 esse
2637 3941 2944 3987 memorant
2997 3947 3167 3986 sacrae
3208 3930 3432 3985 Littera:
3480 3930 3534 3984 in

232 4033 277 4086 iu
302 4035 429 4089 rubo
454 4033 631 4103 Moysi
661 4031 980 4101 apparuisse
1006 4030 1224 4100 legitur,
1257 4044 1421 4099 quem
1452 4037 1631 4082 tamen
1657 4041 1818 4105 puge-
1925 4029 2282 4084 conversione
2328 4026 2632 4099 peccatoris
2663 4025 2683 4100 (
2711 4040 2887 4095 aqueo
2937 4024 3196 4078 nimirum
3265 4023 3536 4093 baptismo

233 4124 328 4181 lum
372 4129 615 4199 appellat
644 4125 702 4181 S.
737 4126 1050 4195 Stephanus
1082 4125 1248 4195 (Ach,
1291 4138 1386 4185 vit,
1428 4120 1544 4191 '55).
1580 4110 1723 4175 Detis
1765 4119 1820 4173 in
1927 4119 2172 4193 expiati),
2205 4119 2329 4175 θα)ιὶ
2356 4120 2574 4174 nomine
2595 4119 2851 4174 caelestes
2877 4127 3176 4181 creaturas,
3205 4116 3429 4186 angelos
3457 4115 3540 4169 ni-

233 4231 393 4277 monte
426 4221 578 4279 Sinai
608 4220 926 4290 decalogntn
955 4217 1153 4278 edidit,
1181 4231 1339 4286 quam
1364 4224 1540 4270 tamen
1573 4212 1819 4268 eamdem
1926 4214 2145 4279 mirum,
2175 4211 2570 4278 intellexerint;
2604 4211 2691 4267 hic
2729 4211 2897 4266 Deum
2920 4211 3097 4282 ipsum
3131 4208 3360 4281 ejusque
3384 4207 3540 4264 Chri-

234 4313 386 4385 legem
414 4317 482 4370 ab
510 4312 723 4383 angelis
757 4311 956 4366 editam
987 4311 1062 4363 ait
1093 4306 1380 4377 Apostolus
1409 4303 1618 4377 (Helm,
1653 4319 1711 4371 tt,
1741 4302 1818 4374 ἓ).
1927 4317 2071 4364 stum
2102 4306 2420 4377 plaudentes
2447 4305 2863 4362 introduxerint.

237 4405 294 4461 Et
318 4423 443 4463 vero
469 4409 526 4460 in
560 4406 663 4460 hoc
691 4403 995 4460 cmlestium
1027 4401 1405 4472 mysteriorum
1436 4399 1684 4453 universo
1717 4410 1814 4451 ne-
2004 4397 2300 4472 §7.—Non
2321 4415 2408 4456 me
2425 4400 2554 4456 latet
2579 4399 2913 4474 antiquitatis
2936 4407 3343 4470 contemptores
3373 4413 3538 4468 quam

236 4502 364 4570 gotio
383 4545 399 4569 ,
443 4500 588 4571 quod
637 4507 928 4570 praestatur
958 4499 1010 4551 in
1039 4493 1270 4549 visibilis
1297 4491 1678 4548 ecclesiasticae
1705 4490 1822 4545 hie-
1929 4492 2007 4547 illi
2050 4491 2166 4548 hinc
2193 4500 2440 4548 veterum
2470 4493 2891 4548 christianorum
2921 4492 3206 4548 ratiocinia
3239 4492 3388 4547 nullo
3431 4493 3544 4546 sint

236 4594 450 4649 rarchizc
490 4592 787 4664 mysteriis,
820 4590 1056 4646 ollicium
1102 4586 1171 4642 ab
1224 4583 1512 4640 ordinariis
1567 4581 1824 4638 Ecclesia:
1930 4583 1984 4637 iu
2030 4580 2154 4637 loco
2185 4582 2444 4638 habituri.
2476 4582 2631 4650 Quod
2678 4583 2999 4655 martyrium
3029 4583 3287 4654 baptismi
3319 4581 3542 4640 secundi

239 4686 506 4753 ministris,
544 4693 654 4740 tam
702 4683 1024 4756 βελτιωτικὸν
1074 4677 1238 4743 illud,
1288 4676 1432 4747 quod
1481 4675 1614 4742 dixi,
1663 4674 2088 4744 quamptitulo
2139 4675 2509 4745 insignierint;
2565 4691 2668 4731 nec
2714 4675 2860 4732 nudo
2903 4675 3182 4730 dumtaxat
3225 4675 3402 4742 titulo,
3445 4674 3544 4730 sed

239 4778 386 4834 etiam
423 4779 736 4854 ὑπηρετικὸν
758 4776 901 4830 idem
925 4773 1130 4843 angelis
1161 4769 1401 4827 ofﬁcium
1429 4769 1668 4839 assignat
1705 4768 1826 4823 Cle-
1930 4777 2193 4839 pneterea
2213 4767 2394 4823 omnia
2415 4767 2611 4839 prioris
2627 4768 2876 4839 baptismi
2896 4766 3157 4823 beneﬁcia
3185 4768 3362 4823 eidem
3384 4768 3544 4822 attri-

243 4886 380 4926 mens
434 4867 832 4926 Alexandrinus
877 4886 892 4922 ε
949 4869 1147 4927 ταύτας
1194 4865 1368 4934 inquit
1406 4862 1602 4936 (Clem.
1650 4859 1823 4929 Alea,
1933 4861 2178 4926 buerint;
2211 4875 2313 4915 nec
2340 4875 2408 4916 eo
2435 4860 2554 4931 ipso
2600 4861 2873 4924 contenti,
2906 4859 3249 4930 superiorem
3279 4858 3443 4913 etiam
3475 4873 3543 4914 eo

244 4963 562 5032 Suom.,vu,
578 4963 744 5034 init),
762 4961 912 5037 ἄμφω
937 4965 1031 5023 τὰς
1053 4960 1310 5020 διακονίας
1340 4956 1539 5032 ἄγγελοι
1562 4977 1616 5013 τε
1642 4957 1779 5032 {amp

2010 4969 2055 5010 to
2076 4955 2344 5025 baptismo
2371 4953 2600 5008 fecerint
2623 4953 2762 5024 quia
2779 4953 2888 5008 Deo
2914 4951 3089 5006 fuerat
3112 4951 3421 5006 institutus:
3445 4965 3545 5020 pro

244 5065 440 5115 τοῦικαι
464 5067 538 5132 τῷ
575 5061 670 5131 θεῷ
698 5057 832 5118 κατὰ
869 5059 960 5114 τήν
998 5061 1098 5109 τῶν
1129 5053 1390 5127 περιγείων
1411 5049 1716 5121 οἰκονομίαν,
1744 5069 1774 5101 κ

2009 5050 2096 5106 ldis
2122 5047 2200 5103 illi
2219 5047 2576 5120 proculdubio
2599 5046 2834 5102 habituri
2855 5054 2980 5102 sunt
3004 5045 3302 5118 martyrum
3338 5043 3544 5100 deliriis

245 5151 389 5212 αὐτὸς
412 5151 760 5225 ὁγνωστικός,
782 5158 888 5204 ctc.
919 5144 1028 5202 Sed
1056 5144 1339 5202 redeamus
1360 5141 1425 5197 ad
1455 5148 1703 5196 nostrum
1728 5138 1780 5210 (1;

2011 5157 2104 5213 jue
2151 5140 2494 5198 commentis.
2525 5139 2956 5210 lndiguabuntur
3007 5152 3194 5208 porro,
3229 5152 3329 5193 nec
3369 5137 3546 5191 feren-

249 5245 506 5314 prianum.
1941 5235 2066 5292 dam
2089 5233 2368 5290 audaciam
2392 5247 2515 5290 esse
2537 5231 2910 5300 clamitabunt,
2933 5238 3142 5286 tantum
3171 5231 3292 5286 illos
3314 5227 3549 5284 inventis

317 5338 878 5410 §6.—-ldemdenique
908 5335 1362 5410 additmysticum
1395 5332 1536 5387 hunc
1560 5329 1837 5402 sanguinis
1942 5329 2055 5386 suis
2081 5327 2320 5384 tribuere
2351 5333 2408 5382 ut
2432 5325 2861 5381 commentitium
2898 5339 3055 5379 suum
3071 5323 3396 5394 baptismum
3416 5321 3550 5391 bap-

252 5430 562 5503 haptismum
594 5435 648 5489 in
678 5433 887 5489 honore
917 5443 1039 5488 esse
1066 5428 1468 5501 pretiosiorem.
1490 5424 1622 5493 Quae
1672 5421 1837 5479 verba
1943 5421 2108 5478 tismo
2130 5435 2163 5476 a
2191 5419 2408 5476 Christo
2425 5417 2671 5473 instituto
2689 5416 2772 5472 vel
2793 5414 3045 5472 conferre
3067 5415 3319 5480 audeant,
3351 5412 3550 5469 nedum

255 5525 426 5585 adilla
466 5528 690 5586 fortasse
719 5523 1006 5584 referenda
1045 5533 1192 5590 sunt,
1223 5520 1367 5592 quod
1414 5534 1534 5575 cum
1572 5518 1626 5574 in
1667 5531 1840 5589 aqueo
1944 5511 2235 5570 anteferre.
2286 5515 2604 5581 Quaeramus
2649 5508 2810 5581 igitur
2855 5507 3153 5574 meritone,
3187 5520 3255 5560 an
3286 5519 3465 5572 secus,
3495 5505 3548 5558 in

261 5620 507 5693 baptismo
526 5625 666 5681 servi
687 5615 1401 5683 dumtaxatconscribimur,
1433 5613 1522 5671 hic
1548 5616 1598 5681 in
1622 5613 1840 5682 sangui-
1945 5624 2010 5665 ea
2061 5617 2275 5664 veteres
2335 5604 2536 5661 iuerint
2572 5603 2890 5662 sententia?
2940 5602 3093 5672 Rogo
3134 5601 3350 5656 interim
3388 5608 3550 5669 atquc

267 5715 623 5788 neohaptismo
639 5715 946 5772 amicorum
967 5709 1124 5766 titulo
1146 5709 1304 5780 longe
1328 5705 1660 5764 honoratiori
1682 5719 1843 5760 exor—
1948 5704 2196 5770 obsecro,
2231 5708 2289 5756 ut
2323 5700 2586 5776 tantisper
2628 5705 2892 5788 seponant
2939 5695 3164 5788 allectus
3206 5693 3550 5788 dum-ratio-

273 5784 456 5867 uemur:
487 5812 644 5870 Forte
669 5813 839 5870 etiam
867 5807 938 5863 ad
966 5815 1246 5861 externam
1275 5803 1444 5860 divini
1482 5801 1641 5872 hujus
1659 5799 1846 5871 agonis
1953 5809 2076 5850 nem
2101 5791 2380 5849 reddimus
2407 5806 2505 5846 cur
2531 5791 2604 5846 ita
2648 5786 2922 5844 senserint
2954 5787 3200 5859 primaevi
3251 5784 3548 5848 christiani.

271 5917 488 5982 pompam
513 5924 671 5984 atquc
699 5911 1032 5982 apparatum
1051 5944 1064 5970 ,
1098 5899 1242 5974 quod
1284 5911 1483 5969 nempe
1523 5897 1575 5954 in
1613 5909 1679 5954 eo
1708 5894 1848 5952 Deus
1953 5888 2032 5943 lta
2063 5883 2155 5943 lict
2180 5893 2237 5943 ut
2262 5894 2316 5943 et
2340 5881 2496 5942 nobis
2526 5881 2794 5952 mquiorcs
2821 5879 2953 5948 sint,
2984 5889 3036 5937 et
3061 5877 3161 5937 sibi
3193 5877 3325 5949 ipsis
3351 5875 3550 5948 optime
