3888 6340
412 385 477 439 5’:
1409 386 1768 444 DUDWI-ILIJ
1811 384 2264 442 DISSERTATIU
2301 383 2709 442 (ZYPRIANICA
3636 383 3705 439 ες

410 499 714 563 consulant,
746 498 787 552 si
817 513 922 553 non
946 499 1050 553 sint
1075 499 1127 552 in
1152 497 1347 553 heroas
1376 498 1516 562 illos,
1542 496 1760 553 Christo
1790 499 2004 568 procul.
2034 498 2086 558 Α
2114 499 2163 552 id
2219 479 2434 571 quoque
2486 499 2784 556 concedent
2826 501 3020 557 medici
3069 502 3558 557 extraordinarium
3607 503 3711 559 no'n

409 591 572 644 dnbio
598 589 965 656 cliarissimos,
1000 607 1255 646 censores
1287 591 1577 646 temerarii.
1597 590 1884 646 Videamus
1907 592 2008 647 ita-

408 697 513 750 que
565 684 810 752 inprimis
851 684 992 737 unde
1023 693 1240 738 veteres
1283 682 1576 737 secundum
1626 681 1766 736 hunc
1809 682 2008 754 baptis-

409 789 557 828 mum
591 776 926 841 collegerint.
963 775 1089 830 Inde
1144 774 1504 842 intelligemus
1541 791 1605 824 an
1661 773 2011 840 proba.fuerit

405 879 461 922 et
490 868 658 922 solida
685 866 773 920 illa
803 869 1071 922 collectio.
1102 865 1231 920 Inde
1261 882 1384 919 num
1415 878 1468 919 et
1499 867 1810 936 illaqnoipte
1837 866 2007 920 solida

408 975 529 1028 quc
560 959 628 1013 de
659 975 844 1012 eorum
876 960 1014 1012 inter
1063 973 1122 1012 se
1171 959 1556 1013 commissione
1597 959 1863 1028 prioribus
1904 960 2010 1014 illis

406 1051 688 1120 principiis
709 1051 845 1104 datis
869 1049 1356 1119 superstruxerint.

485 1144 512 1214 §
543 1144 738 1198 8.—-—Et
765 1143 977 1212 quidem
998 1143 1326 1196 recentiores
1350 1141 1416 1196 ab
1437 1143 1832 1214 antiquioribus
1863 1144 2006 1198 illum

407 1235 1043 1306 accepisscmanifestnm
1091 1246 1192 1288 est.
1242 1235 1356 1288 Non
1407 1245 1533 1290 sunt
1571 1236 1730 1306 igitur
1762 1236 1812 1289 iit
1858 1237 2007 1290 hunc

406 1341 648 1382 nostrmn
673 1344 890 1383 c--nsum
919 1328 1236 1396 recipiendi.
1266 1328 1376 1381 llttr.
1400 1329 1581 1382 retulit
1602 1337 1804 1400 martyr
1824 1339 2010 1382 noster

406 1425 493 1477 (Ν.
525 1421 676 1486 Luca,
704 1440 794 1486 xu,
820 1421 933 1486 50).
957 1422 1028 1474 De
1055 1437 1182 1490 quo,
1209 1421 1398 1490 inquit,
1431 1432 1479 1475 et
1510 1421 1766 1475 Dominus
1796 1421 2008 1475 dicebat

405 1514 605 1568 habere
637 1530 696 1567 se
729 1514 869 1566 aliud
923 1515 1184 1582 baplisma
1216 1513 1472 1584 baptizari
1528 1514 1652 1584 (It‘p.
1691 1528 1893 1578 Lxxut,
1941 1515 2007 1564 ad

402 1607 671 1675 Jubnimi).
708 1607 907 1660 Retulit
951 1607 1111 1660 etiam
1156 1604 1437 1675 Origenes.
1468 1605 1813 1675 Laetipletior
1840 1614 1923 1659 est
1956 1606 2005 1658 in

403 1715 469 1754 eo
499 1699 773 1767 probando
806 1699 1171 1752 'l‘crtnllianns
1200 1716 1210 1749 :
1248 1716 1264 1746 ε
1299 1698 1391 1750 Est
1422 1697 1634 1765 quiden.
1661 1697 1813 1750 nobis
1843 1697 2005 1750 etiam

404 1793 702 1845 secundum
737 1792 1031 1853 lavaettun,
1071 1806 1230 1843 unum
1265 1801 1314 1842 et
1352 1791 1545 1858 ipsum,
1589 1789 1865 1859 sanguinis
1894 1790 2004 1845 sci-

2116 590 2282 644 fuisse
2327 592 2370 645 si
2421 592 2488 646 de
2536 605 2670 660 aqua
2715 590 2999 660 pericardii
3031 592 3100 645 sit
3144 591 3572 663 intelligendum.
3607 591 3713 648 Ob-

2114 693 2359 737 servetur
2410 696 2572 752 porro
2625 681 2865 735 secundo
2921 682 3268 737 christianam
3320 683 3486 739 vitam
3536 685 3608 739 ita
3658 685 3712 740 in

2113 774 2264 828 Novo
2306 774 2650 828 Testamento
2684 773 2916 828 describi
2945 776 3096 844 quasi
3129 774 3271 845 quod
3320 791 3350 830 a
3379 775 3596 831 Christo
3637 776 3707 832 ad

2113 865 2341 922 litteram
2367 873 2577 932 gestum
2604 864 2694 928 sit,
2721 863 2771 917 id
2798 878 2896 918 nos
2921 865 3146 935 mystice
3173 881 3362 935 gerere
3391 851 3713 922 debeamus.

2117 957 2191 1010 Ita
2222 971 2344 1010 cum
2379 971 2442 1010 eo
2467 955 2602 1010 mori
2635 955 2922 1023 debemus,
2949 971 3072 1011 cum
3104 972 3170 1011 eo
3196 958 3434 1029 eruciligi
3456 1001 3471 1024 ,
3500 974 3624 1013 cum
3647 973 3715 1014 eo

2115 1047 2460 1116 ignominiam
2493 1046 2656 1113 ferre,
2689 1064 2811 1102 cum
2841 1063 2906 1102 eo
2939 1049 3176 1117 sepeliri,
3220 1064 3505 1118 resurgere
3529 1059 3584 1105 et
3620 1065 3712 1105 as-

2111 1139 2343 1193 cendere
2365 1141 2416 1193 in
2443 1140 2658 1195 ctelmu.
2687 1138 2909 1194 Netetnr
2932 1142 3114 1205 tertio,
3136 1140 3249 1195 lucc
3275 1141 3342 1195 dc
3361 1139 3561 1197 Christi
3590 1158 3713 1212 pas—

2111 1232 2351 1286 sionibus
2377 1247 2497 1286 esse
2524 1233 2606 1286 vel
2635 1233 2888 1300 primario
2915 1233 3280 1302 intelligenda,
3301 1241 3354 1287 ttt
3386 1249 3712 1304 quamquam

2111 1336 2258 1394 gesta
2287 1325 2394 1379 sint
2415 1325 2482 1379 ab
2499 1340 2564 1380 eo
2582 1325 2836 1380 nonnulla
2857 1326 3209 1382 imitationem
3229 1337 3466 1381 nostram
3483 1327 3716 1384 fortasse

2111 1419 2448 1487 Superantia;
2479 1428 2670 1489 atquae
2698 1433 2886 1488 passus
2919 1429 3022 1486 est,
3048 1435 3146 1474 nos
3169 1419 3357 1476 eadem
3383 1421 3490 1491 pati
3511 1422 3716 1476 debea—

2112 1525 2250 1565 mus.
2277 1510 2499 1565 Notetur
2525 1521 2733 1581 quarto,
2761 1511 2832 1565 ita
2865 1513 3065 1581 optime
3093 1512 3158 1566 de
3202 1527 3367 1568 sensu
3411 1514 3715 1584 prophetia:

2107 1605 2334 1675 iudicari
2373 1619 2532 1675 posse
2571 1605 2615 1659 si
2659 1615 2816 1676 typus
2861 1604 3206 1675 propheticus
3248 1606 3314 1660 ad
3369 1621 3479 1661 rem
3530 1618 3714 1662 notam

2112 1696 2310 1751 alludat
2355 1698 2404 1749 in
2454 1697 2604 1767 praxi
2649 1697 2907 1752 Ecclesia:
2948 1697 3014 1752 ab
3053 1714 3119 1752 eo
3148 1709 3610 1764 reri-:esentatatn.
3639 1697 3718 1754 Ut

2113 1787 2256 1842 enim
2313 1788 2363 1840 in
2418 1787 2748 1858 propheticis
2778 1790 3354 1858 reprzesentationibns
3403 1791 3455 1844 id
3499 1800 3713 1846 certum

403 1885 562 1950 licet,
610 1884 677 1937 de
722 1897 828 1952 quo
887 1883 1166 1942 Dominus.
1230 1881 1434 1947 llabeo,
1491 1882 1685 1950 inquit,
1736 1881 2004 1952 baptismo
2035 1884 2081 1944 B
2109 1888 2212 1944 est,
2241 1893 2345 1933 non
2378 1879 2459 1932 sui
2491 1881 2659 1949 gratia
2696 1888 2912 1950 typum,
2943 1880 3036 1935 sed
3065 1883 3295 1952 aotitypi
3322 1882 3389 1935 ab
3411 1897 3478 1936 eo
3511 1898 3716 1952 reprcu—

405 1979 605 2048 tingui,
658 1993 780 2032 cmn
815 1977 924 2044 jam
971 1978 1169 2030 tinctus
1198 1976 1407 2029 fuisset.
1455 1973 1689 2030 Venerat
1734 1976 1874 2029 enim
1908 1991 2003 2045 per

399 2087 592 2143 aquam
641 2083 692 2125 et
750 2070 1064 2140 smgninetn
1094 2111 1108 2132 ,
1167 2069 1303 2122 sicut
1354 2066 1594 2122 Joannes
1640 2066 1896 2135 scripsit,
1946 2077 2004 2128 ut

403 2181 541 2236 aqua
572 2165 923 2233 tinguerctnr,
960 2161 1218 2231 sanguine
1242 2159 1654 2230 glorificaretur.
1688 2156 1916 2214 Proinde
1945 2168 2002 2213 ut

397 2270 498 2308 nos
531 2256 731 2308 faceret
759 2270 894 2322 aqua
921 2263 1158 2317 vocatos,
1209 2253 1470 2322 sanguine
1492 2251 1718 2314 electos,
1752 2251 1849 2305 hos
1865 2249 2001 2305 duos

400 2347 700 2417 haptismos
742 2347 810 2400 de
859 2347 1080 2400 vulnere
1133 2344 1362 2413 [DCI‘fOtSi
1396 2345 1579 2399 lateris
1620 2345 1818 2398 emisit.
1864 2344 1996 2412 Quia

399 2442 490 2512 qui
521 2441 572 2495 in
603 2441 919 2508 Sanguinem
952 2440 1068 2510 ejus
1117 2438 1422 2502 crederent,
1475 2453 1610 2506 aqua
1640 2438 1951 2492 lavarentur
1981 2457 1993 2490 :

397 2533 488 2602 qui
522 2548 655 2602 aqua
700 2532 989 2595 l:t\'is<cttt,
1040 2532 1200 2584 etiam
1250 2531 1565 2598 sanguinem
1599 2540 1865 2598 potarent.
1901 2529 1998 2584 llic

397 2634 480 2679 est
510 2626 781 2695 baptimus
826 2627 915 2695 qni
951 2626 1224 2678 lavacrum
1255 2633 1307 2678 et
1341 2639 1444 2677 non
1478 2637 1756 2693 aCCepttun
1800 2640 1999 2694 reprae-

393 2727 595 2781 sentat,
621 2728 673 2771 et
701 2717 966 2786 perditum
990 2716 1164 2771 reddit
1186 2716 1449 2786 (Tertull.,
1476 2719 1537 2771 de
1555 2716 1732 2786 BapL,
1754 2735 1799 2772 ι’.
1827 2718 1937 2790 16).
1973 2740 1990 2770 ›

395 2808 550 2874 Quod
599 2809 777 2878 itaque
812 2810 1071 2862 Dominus
1112 2811 1419 2879 passionem
1471 2825 1622 2863 suam
1671 2811 1992 2880 baptismum

397 2898 560 2951 alium
590 2899 966 2968 appellaverit;
994 2900 1134 2968 quod
1159 2900 1367 2954 venerit
1391 2900 1441 2953 in
1473 2916 1607 2970 aqua
1639 2910 1688 2954 et
1711 2904 1992 2971 sanguine;

397 2990 540 3059 quod
563 3006 686 3044 cum
711 3008 844 3060 aqua
871 2993 1188 3061 sanguinem
1218 2993 1266 3045 in
1283 3007 1442 3047 cruce
1463 3009 1493 3048 e
1521 2993 1740 3049 vulnere
1767 2995 1992 3062 perfossi

395 3081 582 3134 lateris
627 3082 869 3134 emiserit
922 3099 935 3134 :
982 3082 1104 3136 hinc
1154 3082 1414 3152 colligunt
1463 3084 1673 3139 Domini
1725 3086 1994 3155 duplicem

393 3173 561 3227 fuisse
585 3173 927 3243 baptismum.
956 3173 1063 3228 Nec
1089 3184 1265 3229 tamen
1290 3176 1498 3229 Domini
1527 3178 1804 3248 proprium
1831 3179 1994 3235 fuisse

393 3283 424 3322 e
454 3266 510 3322 S.
549 3265 761 3334 Matth,
799 3283 892 3332 xx,
925 3267 1016 3332 ‘22,
1050 3269 1303 3338 colligere
1337 3279 1606 3338 poterant,
1651 3271 1701 3323 in
1733 3287 1840 3338 quo
1869 3272 1990 3327 loco
2018 3272 2061 3332 C
2099 3267 2262 3321 menti
2295 3266 2595 3322 meonomia
2636 3267 2948 3323 adumbrata

393 3369 766 3429 apostolorum
820 3362 997 3428 passio
1041 3361 1292 3431 baptismi
1324 3364 1546 3416 nomine
1576 3366 1740 3418 etiam
1787 3365 1988 3420 intelli-

393 3451 566 3520 genda
596 3460 699 3505 est.
731 3450 1016 3506 Videamus
1034 3469 1164 3522 ergo
1196 3464 1412 3508 rectene
1439 3455 1725 3524 hateatquc
1751 3456 1990 3526 legitime

397 3544 654 3613 procedat
672 3547 1089 3614 argumentatio.

466 3635 488 3695 §
518 3638 654 3692 9.——
684 3636 1045 3691 ltecolcudum
1075 3640 1251 3707 itaque
1279 3641 1518 3708 inprimis
1567 3643 1706 3712 quod
1737 3646 1988 3714 superius

391 3727 553 3782 etiam
608 3728 1010 3783 observavimus
1058 3730 1076 3800 (
1114 3731 1131 3782 l
1167 3733 1226 3798 ),
1270 3747 1373 3785 non
1402 3732 1542 3786 dicta
1571 3735 1730 3789 modo
1781 3738 1985 3792 Domini

395 3820 585 3883 nostri,
634 3819 726 3872 sed
759 3831 809 3871 et
855 3819 1012 3884 facta,
1047 3836 1166 3890 qua:
1220 3822 1436 3891 quidem
1493 3827 1696 3893 scriptis
1728 3826 1987 3883 habemus

389 3911 554 3966 hodie
601 3912 885 3976 mandata,
935 3914 1244 3983 prophetica
1292 3931 1444 3978 esse,
1491 3927 1545 3970 et
1589 3918 1983 3989 inperpetuum

390 4004 649 4060 Ecclesia:
703 4020 854 4060 nsum
906 4008 1241 4076 conscripta,
1275 4018 1330 4062 ιιι
1377 4011 1596 4078 proinde
1638 4029 1701 4066 ex
1733 4015 1781 4067 id
1816 4029 1986 4084 genus

387 4095 544 4151 factis
587 4110 690 4150 non
738 4097 806 4151 sit
857 4096 1057 4162 futilis,
1101 4110 1158 4152 ut
1209 4111 1393 4168 putant
1435 4103 1623 4170 vulgo,
1655 4105 1746 4158 sed
1778 4106 1983 4163 solida.

389 4191 804 4259 argumentatio.
854 4191 1019 4246 Recte
1069 4193 1246 4262 itaque
1299 4193 1572 4248 eoneludit
1625 4197 1987 4256 Tertullianus

388 4299 457 4338 ex
506 4299 572 4338 eo
618 4284 759 4354 quod
819 4285 1076 4338 Dominus
1126 4297 1230 4339 tam
1287 4303 1381 4356 per
1432 4289 1781 4358 sanguinem,
1827 4310 1984 4363 quam

388 4389 488 4444 per
513 4391 704 4445 aquam
738 4375 964 4438 venerit,
995 4376 1302 4431 Christianis
1329 4379 1489 4434 etiam
1517 4390 1621 4435 tam
1646 4386 1983 4452 sanguinem,

386 4482 547 4537 qttam
596 4483 788 4537 aquam
815 4509 830 4532 ,
877 4482 996 4522 che
1041 4468 1357 4536 prolicttum.
1393 4474 1554 4527 Recte
1587 4475 1778 4530 iterum
1823 4494 1887 4532 ex
1922 4497 1987 4534 eo

388 4558 531 4626 quod
561 4559 874 4627 sanguinem
907 4559 1106 4626 pariter
1135 4577 1195 4614 ac
1236 4579 1426 4631 aquam
1475 4581 1504 4619 e
1542 4566 1761 4622 volnere
1804 4569 1987 4626 lateris

2106 1972 2308 2028 seutari
2350 1987 2378 2024 a
2421 1972 2530 2027 Deo
2581 1988 2704 2028 esse
2732 1975 3098 2044 designatum,
3132 1975 3201 2029 ita
3236 1975 3285 2029 id
3337 1991 3549 2046 quoque
3589 1992 3716 2033 cer.

2106 2071 2216 2117 ttun
2247 2074 2331 2119 est
2361 2080 2466 2118 non
2498 2065 2644 2131 alibi,
2676 2081 2836 2134 quam
2869 2068 2920 2120 in
2952 2067 3218 2133 Ecclesia,
3251 2069 3380 2123 illud
3406 2071 3714 2142 antitypum

2104 2173 2224 2213 esse
2260 2158 2628 2228 quaerendum.
2671 2158 2741 2214 Ut
2773 2159 2995 2229 proinde
3023 2160 3232 2230 quoties
3264 2172 3445 2230 aptum
3474 2166 3716 2218 occurrit

2105 2251 2158 2304 in
2208 2249 2444 2304 Ecclesia
2492 2251 2790 2319 antilypmn
2829 2251 2972 2320 quod
3031 2260 3157 2322 typo
3207 2253 3534 2308 examussim
3595 2269 3717 2309 res-

2104 2342 2337 2411 pondeat
2365 2383 2378 2406 ,
2426 2357 2524 2396 nec
2572 2341 2639 2396 de
2688 2343 2795 2396 alio
2846 2346 3072 2412 qiuestio
3109 2353 3210 2409 est,
3247 2362 3312 2399 an
3341 2345 3409 2400 ab
3439 2360 3506 2400 eo
3541 2347 3717 2417 magis

2101 2432 2168 2486 ad
2201 2432 2377 2486 vivum
2408 2435 2742 2500 exprimatur
2765 2475 2779 2497 ,
2827 2435 2896 2488 ita
2926 2435 3158 2489 ottbitari
3216 2453 3321 2490 non
3370 2439 3541 2505 possit
3577 2440 3712 2509 quin

2104 2525 2153 2580 id
2201 2527 2372 2595 ipsum
2429 2527 2568 2580 Deus
2606 2527 2892 2597 designare
2942 2529 3210 2594 voluerit;
3263 2545 3363 2585 nec
3401 2541 3484 2584 est
3527 2532 3579 2585 in
3609 2532 3717 2586 hac

2101 2621 2584 2690 argumentationis
2639 2622 2895 2675 tnethodo
2923 2623 3196 2692 quippiam
3235 2625 3379 2694 quod
3422 2625 3714 2680 lascivien-

2106 2715 2244 2768 tilms
2275 2715 2502 2783 ingeniis
2532 2715 2894 2783 permittatur.
2947 2715 3044 2769 Est
3073 2716 3124 2770 id
3153 2732 3284 2771 sane
3317 2728 3559 2772 veterum
3589 2735 3716 2773 om-

2102 2806 2256 2860 nibus
2281 2806 2520 2860 tnoribus
2540 2807 2758 2860 omnino
2775 2818 3222 2875 consentaneum,
3240 2809 3564 2879 quicumque
3582 2822 3715 2866 sunt

2102 2899 2153 2950 in
2176 2898 2610 2967 propheticorum
2629 2899 2994 2970 symbolorum
3022 2901 3463 2970 interpretatione
3482 2905 3706 2958 versati.

2098 2990 2154 3044 Id
2183 3005 2304 3043 eum
2337 2991 2406 3044 ob
2437 2990 2621 3045 oculos
2651 2989 2914 3046 haberent
2942 2991 3074 3045 Novi
3111 2992 3444 3047 Testamenti
3474 2995 3713 3065 scripto-

2101 3098 2185 3136 res
2203 3083 2332 3136 Novi
2354 3083 2686 3138 Testamenti
2708 3085 3013 3138 universam
3032 3087 3390 3140 moonomiam
3407 3088 3710 3157 antitypam

2099 3189 2237 3239 esse,
2271 3191 2390 3244 qua:
2421 3173 2580 3228 fuerit
2637 3177 2687 3228 in
2736 3176 2984 3231 universa
3037 3178 3221 3232 itidem
3266 3178 3474 3235 Veteris
3513 3179 3712 3236 Testa-

3003 3288 3016 3324 :
3069 3271 3296 3338 proinde
3334 3288 3456 3328 eum
3488 3273 3616 3343 quid
3651 3275 3708 3329 in

2099 3367 2323 3427 utraque
2344 3359 2641 3414 oeconomia
2662 3359 2836 3414 simile
2861 3362 3182 3431 repererint,
3215 3362 3266 3416 id
3293 3379 3393 3416 una
3419 3365 3583 3419 etiam
3608 3367 3709 3422 ad-

2097 3453 2332 3516 mittunt,
2363 3452 2504 3522 quod
2537 3452 2662 3506 alibi
2695 3453 2939 3524 nuspiam
2961 3496 2974 3518 ,
3009 3466 3062 3508 ut
3096 3454 3146 3508 itt
3173 3455 3224 3509 id
3253 3473 3424 3526 genus
3451 3458 3710 3516 similitu-

2093 3544 2309 3599 dinibus
2334 3559 2363 3597 a
2386 3545 2737 3600 similitudine
2757 3555 3036 3617 prototypa
3056 3546 3120 3599 ad
3151 3551 3448 3618 antitypam
3470 3549 3706 3606 solidam

2093 3649 2385 3707 agnoscant
2411 3649 2466 3693 ct
2493 3638 2782 3707 legitimam
2811 3641 3352 3709 argmuentationtmi.
3389 3642 3453 3696 Et
3481 3643 3706 3712 quidem

2091 3746 2152 3786 ea
2180 3731 2499 3787 certitudine
2541 3741 2742 3787 certam
2774 3735 3136 3803 agnoscebant
3182 3735 3485 3803 Imjnsmodi
3535 3753 3704 3808 argu-

2093 3826 2471 3879 mentationem
2500 3841 2618 3894 qua:
2649 3842 2768 3880 cutn
2799 3842 2859 3880 ea
2904 3826 3230 3882 obscuritate
3259 3830 3531 3884 conciliari
3571 3846 3705 3900 pos-

2091 3926 2174 3971 set
2199 3933 2318 3987 qua:
2344 3917 2468 3988 styli
2497 3916 2772 3987 sytubolici
2800 3929 2853 3972 ct
2881 3919 3178 3986 prolilietici
3209 3921 3316 3974 lere
3333 3921 3564 3988 geliuina
3593 3934 3705 3988 est,

2093 4012 2164 4065 ita
2193 4011 2380 4065 saltem
2411 4019 2612 4064 certam
2656 4020 2711 4064 tit
2755 4011 2931 4064 locum
2970 4011 3181 4066 interim
3217 4013 3485 4081 relinquat
3523 4013 3706 4069 libero

2090 4101 2367 4156 hominum
2412 4101 2654 4166 arbitrio,
2706 4103 2776 4155 ita
2823 4112 3026 4156 certam
3059 4113 3112 4156 ιιι
3164 4105 3467 4159 hominibus
3514 4108 3705 4162 corda-

2093 4198 2160 4251 tis
2197 4196 2408 4250 abunde
2448 4195 2678 4249 sufficiat
2729 4196 2794 4250 ad
2827 4197 3036 4265 praxim
3069 4198 3360 4265 prndtmter
3409 4199 3702 4256 instituen-

2089 4288 2233 4343 dam.
2262 4289 2337 4342 lta
2374 4290 2798 4359 quibuscumque
2834 4289 3046 4343 Veteris
3075 4289 3407 4345 Testamenti
3435 4292 3566 4347 locis
3599 4295 3704 4350 ali-

2090 4399 2246 4452 quam
2281 4382 2539 4437 habemus
2565 4397 2715 4451 aqum
2753 4384 3106 4446 mentionem,
3134 4400 3194 4436 ea
3243 4387 3419 4438 omnia
3454 4385 3700 4444 refertn.t

2091 4476 2250 4529 etiam
2299 4475 2435 4529 sacri
2481 4476 2772 4544 scriptores
2825 4475 2890 4528 ad
2941 4475 3072 4529 Novi
3121 4477 3453 4531 Testamenti
3497 4495 3699 4550 aquam

2094 4567 2483 4635 baptismaletu,
2516 4579 2568 4621 et
2595 4585 2714 4637 qua:
2753 4568 2860 4621 siut
2902 4567 2954 4621 in
3003 4581 3188 4623 uOstro
3220 4572 3486 4638 baptismo
3515 4575 3699 4630 officia

385 4651 627 4704 emiserit
649 4691 662 4713 ,
729 4650 1044 4714 sanguinem
1104 4668 1316 4723 quoque
1379 4656 1525 4710 illum
1599 4674 1665 4712 ex
1718 4676 1816 4715 usu
1868 4661 1984 4719 fore
2011 4664 2063 4723 D
2091 4658 2422 4713 observanda
2449 4659 2568 4713 inde
2591 4659 2871 4729 colligunt.
2897 4659 2968 4714 Ita
2999 4671 3054 4716 et
3081 4661 3130 4715 iii
3165 4662 3256 4715 illo
3277 4665 3696 4723 Atheniensium

385 4739 664 4795 Ecclesize.
718 4739 794 4795 Ne
840 4756 964 4795 vero
1003 4742 1166 4796 nimia
1201 4746 1536 4813 permittatur
1567 4749 1620 4801 in
1668 4750 1767 4805 hoc
1811 4767 1982 4822 genus

387 4835 942 4904 argumentationibus
984 4836 1228 4903 licentia,
1282 4840 1596 4895 observetur
1625 4843 1887 4912 imprimis
1919 4862 1982 4902 ea

385 4939 508 4995 qua:
578 4924 662 4979 hic
713 4925 1006 4995 prouderat
1055 4927 1418 4984 'l‘ertnllianns
1473 4931 1682 4989 Domini
1736 4940 1978 5009 exempla

384 5032 495 5071 non
524 5018 949 5072 extraordinaria
991 5020 1155 5074 fuisse
1176 5061 1190 5086 ,
1224 5022 1320 5076 sed
1351 5022 1643 5079 ordinaria.
1673 5027 1730 5082 In
1760 5031 1978 5086 ordina-

386 5108 484 5164 riis
515 5107 668 5164 facile
698 5110 986 5164 admittent
1033 5111 1326 5168 adversarii
1361 5115 1522 5169 vitam
1559 5117 1766 5173 Domini
1797 5137 1982 5178 exem-

384 5202 530 5270 plum
581 5215 702 5256 esse
739 5201 1183 5258 christianorum.
1234 5205 1390 5274 Quod
1427 5218 1605 5264 autem
1645 5226 1738 5280 per
1763 5216 1980 5284 sangui-

388 5311 515 5349 nem
566 5297 768 5366 pariter
813 5312 874 5352 ac
925 5313 1117 5369 aquam
1176 5303 1404 5366 venerit,
1458 5305 1507 5357 id
1563 5320 1724 5360 nemo
1774 5307 1984 5365 dubitet.

383 5389 513 5458 quin
558 5388 660 5442 tale
712 5391 782 5443 sit
826 5389 876 5443 in
927 5408 1032 5459 quo
1073 5409 1195 5447 eum
1244 5395 1437 5450 imitari
1481 5401 1746 5466 possimus
1775 5444 1788 5463 ,
1837 5405 1979 5474 quod

383 5483 557 5551 ipsum
605 5497 703 5536 nos
748 5483 1006 5538 ordinarii
1038 5502 1164 5541 voce
1213 5488 1593 5560 intelligimus;
1647 5496 1786 5563 quod
1817 5512 1976 5566 porro

380 5577 542 5631 etiam
579 5593 700 5632 eum
731 5580 987 5648 sanguine
1007 5595 1142 5651 aqua
1172 5598 1200 5633 e.
1229 5584 1448 5640 vulnere
1477 5585 1661 5642 lateris
1687 5594 1972 5658 emanarit,

454 5717 532 5786 (lii)
589 5715 642 5768 In
695 5715 915 5768 Dissert.
967 5717 1048 5794 etii
1100 5719 1280 5794 titulus
1330 5737 1339 5770 :
1391 5719 1466 5773 De
1506 5721 1728 5776 (lnitatis
1784 5727 1974 5794 primi:

383 5788 489 5866 pip,
527 5796 655 5852 ctr.,
688 5804 843 5856 quam
878 5803 973 5843 nec
1005 5790 1183 5844 decuit
1214 5794 1459 5859 praesenti
1487 5788 1790 5864 adjttngcre
1817 5800 1967 5852 volu-

378 5874 523 5911 Illllll.

2085 4749 2155 4805 de
2207 4750 2372 4804 muris
2413 4750 2600 4820 ligneis
2636 4753 2856 4807 oraculo
2899 4753 3314 4819 Themistocles,
3345 4771 3467 4810 cum
3527 4761 3696 4816 Athe-

2087 4843 2351 4898 niensium
2393 4857 2550 4897 causa
2585 4844 2781 4898 editum
2806 4845 3186 4915 perpenderet,
3222 4849 3344 4902 inde
3386 4849 3698 4917 prudentis-

2084 4938 2219 4992 sime
2244 4938 2524 5008 colligebat
2541 4953 2608 4992 ex
2635 4938 3040 4994 Atheniensimn
3061 4943 3282 5010 proinde
3310 4944 3552 5000 utoribus
3572 4961 3696 5002 esse

2083 5029 2507 5100 intelligendum.
2543 5031 2610 5085 Et
2634 5047 2755 5086 cum
2783 5033 2996 5086 oracula
3029 5033 3231 5098 Loxiae.
3263 5034 3504 5103 Delphici
3531 5039 3694 5095 uimi-

2085 5139 2202 5178 rnm
2255 5124 2555 5194 Apollinis,
2618 5125 2818 5195 pariter
2866 5140 2930 5180 ac
2983 5125 3293 5181 Iudaeorum
3348 5131 3687 5199 pr0phetim,

2085 5233 2192 5271 non
2220 5228 2402 5274 essent
2429 5217 2496 5273 ad
2527 5219 2783 5283 litteram,
2814 5218 2910 5274 sed
2948 5219 3270 5292 symbolice,
3311 5221 3490 5289 potius
3521 5241 3691 5294 expo-

2085 5311 2292 5380 nenda;
2338 5313 2389 5367 id
2437 5329 2596 5384 porro
2624 5313 2974 5384 quatrendum
3016 5315 3187 5380 duxit,
3219 5316 3408 5381 ecquid
3459 5320 3688 5374 essetin

2081 5402 2188 5472 jam
2231 5406 2516 5458 constituta
2550 5405 2959 5459 Atheniensium
3008 5406 3139 5475 Rep.
3189 5405 3331 5474 quod
3363 5420 3484 5459 cum
3518 5413 3688 5463 mutis

2083 5496 2269 5564 ligneis
2317 5498 2511 5565 aliquid
2565 5498 2786 5552 haberet
2825 5498 2985 5554 affine
3028 5500 3044 5569 (
3095 5517 3193 5554 nec
3223 5501 3364 5554 enim
3403 5502 3452 5553 in
3502 5518 3687 5557 muros

2084 5591 2291 5644 noviter
2335 5593 2688 5646 exstrnondos
2726 5594 2899 5660 ipsmn
2954 5594 3206 5648 innuebat
3261 5596 3580 5666 oraculum)
3635 5613 3687 5654 ct

2081 5698 2208 5737 vero
2261 5683 2391 5736 nihil
2447 5698 2557 5738 erat
2608 5687 2747 5754 quod
2809 5687 2856 5738 in
2911 5687 3040 5741 urbe
3071 5704 3187 5754 qua:
3231 5689 3431 5742 \ll‘lllllS
3462 5691 3686 5747 ﬂoreret

2077 5779 2517 5845 Cotumereiisque
2567 5779 2888 5844 maritimis,
2954 5779 3020 5833 de
3085 5795 3189 5848 quo
3257 5783 3392 5833 inuri
3460 5784 3531 5836 illi
3588 5802 3682 5854 ap-

2075 5873 2175 5923 titts
2223 5882 2474 5939 possent,
2523 5888 2678 5942 quam
2737 5873 2802 5926 de
2858 5873 3079 5926 navibus
3125 5873 3366 5942 intelligi.
3409 5875 3513 5930 Net:
3557 5893 3682 5930 vero
