3888 6340
195 409 251 461 ῖη
1189 397 1271 453 ΠΕ
1310 396 1632 454 SECI’NDll
1672 393 2063 452 MAilTYllli.“
2107 386 2468 448 B.\I'TIS;\IO.
3434 387 3500 442 333

195 525 369 594 aliquid
412 523 619 593 apponi
662 523 720 578 in
771 520 1106 579 contrarium
1141 527 1315 590 potest
1335 517 1403 570 de
1441 517 1600 584 hujus
1627 530 1786 586 argn-
1816 516 1865 574 Δ

193 614 517 671 nientationis
564 613 1010 678 iucertitudine,
1059 609 1200 679 quod
1267 622 1372 662 non
1431 607 1501 661 sit
1553 605 1790 661 ouminm

192 710 292 765 fere
339 710 752 779 prophetiarum
807 707 1251 773 oraculorutnque
1291 715 1575 756 commune
1611 699 1678 754 ab
1713 698 1792 769 ip-

189 804 258 858 sis
282 816 442 873 usque
495 811 867 872 utrorumque
894 799 1152 854 exordiis.

258 894 283 965 ξ
313 893 392 948 l0.
417 922 487 933 —
511 890 645 947 Haec
669 891 860 964 itaque
890 893 1067 946 omnia
1106 889 1432 944 validissime
1462 886 1787 959 procedcnt,

189 985 230 1041 si
265 985 444 1054 quinto
475 983 529 1037 id
563 998 797 1052 quoque
824 989 1176 1053 supponatur.
1212 995 1299 1035 res
1330 980 1401 1034 ita
1431 995 1459 1033 a
1515 976 1792 1050 prepheti-

189 1079 260 1130 eis
303 1078 437 1149 typis
494 1085 932 1143 reprazsentatas
987 1073 1051 1128 ad
1118 1083 1432 1142 perpetuum
1510 1071 1792 1124 attinuisse

190 1164 428 1222 Ecclesia:
462 1180 642 1219 usum.
687 1167 821 1234 Qua:
854 1166 996 1221 enim
1040 1165 1106 1218 ita
1135 1172 1393 1233 perpetua
1427 1161 1599 1215 futura
1627 1171 1752 1215 sunt
1773 1203 1786 1226 ,

188 1271 245 1312 ea
299 1257 402 1311 heu
449 1271 602 1310 curae
663 1271 790 1310 esse
849 1255 1208 1310 certissimum
1259 1263 1371 1320 est,
1424 1268 1485 1306 ea
1557 1253 1791 1307 maxime

189 1353 476 1408 necessaria
520 1362 581 1405 ut
612 1361 774 1407 certo
801 1351 981 1422 aliquo
1011 1350 1226 1405 decreto
1279 1347 1678 1411 Stabilirentur;
1726 1361 1788 1400 ea

188 1445 247 1498 ad
276 1445 590 1514 primarium
639 1443 736 1499 Dei
768 1444 820 1498 in
856 1442 1184 1514 propheticis
1215 1440 1475 1513 symbolis
1501 1439 1787 1495 consilium

188 1536 498 1608 pertinuisse
545 1535 828 1590 censenda
875 1543 1021 1590 sunt.
1071 1533 1128 1588 In
1175 1533 1259 1588 his
1304 1533 1484 1604 itaque
1511 1548 1632 1587 eum
1660 1531 1789 1602 quid

187 1631 580 1686 accuratissime
624 1631 893 1699 quadrat,
929 1643 1034 1682 non
1086 1627 1310 1682 fortuito
1360 1626 1412 1681 id
1459 1626 1646 1691 casui,
1693 1623 1787 1679 sed

187 1723 477 1777 certissimo
535 1723 912 1778 Providentia:
966 1720 1197 1777 consilio
1276 1718 1621 1775 tribuendum
1680 1727 1783 1774 est.

187 1811 306 1868 Cum
371 1829 502 1884 ergo
549 1830 677 1884 qua:
713 1813 782 1869 de
857 1813 1072 1868 Domini
1137 1812 1366 1868 adventu
1418 1812 1650 1882 legimus
1691 1828 1788 1882 per

1967 515 1993 579 §
2049 512 2134 566 tt.
2157 540 2222 549 —
2247 503 2652 564 Observandum
2685 503 2863 572 itaque
2916 501 3176 568 secundo,
3210 503 3263 557 id
3292 518 3505 577 quoque

1897 604 2080 674 negari
2115 618 2221 657 nou
2257 613 2436 671 posse,
2488 596 2800 668 passionem
2832 608 2982 648 suam
3033 594 3360 664 baptismum
3407 613 3506 668 ap-

1897 697 2128 768 pellasse
2177 695 2513 749 Salvatorem
2570 708 2583 744 :
2639 700 2692 743 et
2731 688 2886 758 quod
2943 689 3174 757 aposmli
3235 705 3334 759 pro
3390 693 3507 761 ejus

1896 789 2112 843 nomine
2146 787 2352 857 passuri
2377 794 2581 846 essent,
2609 781 2944 836 tantumdem
2974 781 3113 852 apud
3146 781 3297 836 illum
3325 783 3508 840 valere

1895 897 1958 936 ac
1987 879 2246 950 baptizari
2297 893 2361 933 eo
2394 877 2663 944 baptismo
2705 890 2813 944 quo
2845 882 2988 928 esset
3040 873 3155 943 ipse
3205 875 3509 945 baptizatus

1895 974 1982 1044 (S.
2025 974 2234 1037 J!attlt.,
2269 987 2335 1026 xx
2356 1011 2370 1034 ,
2401 968 2515 1039 29.).
2548 969 2622 1022 lta
2654 969 2797 1021 enim
2828 966 2880 1020 in
2911 981 3090 1036 graeco
3117 966 3379 1024 habemus
3404 1011 3419 1037 ,
3455 980 3509 1026 ct

1896 1071 1947 1124 iu
1996 1070 2116 1124 aliis
2163 1066 2548 1122 vetustissimis
2598 1062 2961 1124 versionibus,
2996 1060 3195 1116 desunt
3226 1075 3401 1119 tamen
3443 1080 3506 1120 ea

1894 1164 2059 1219 verba
2117 1165 2168 1217 in
2225 1162 2390 1216 latino
2445 1161 2740 1228 interprete
2794 1156 3033 1225 vulgato,
3088 1155 3507 1228 suifragantibus

1894 1257 2054 1314 etiam
2090 1256 2292 1310 Hilario
2324 1253 2611 1308 Ambrosio
2666 1250 2893 1321 illitam,
2929 1267 3046 1305 can.
3079 1249 3150 1308 ’50
3178 1252 3231 1303 in
3256 1249 3504 1324 Matth.),

1897 1350 2226 1421 lliet'ouytno
2266 1346 2536 1420 (Hierom,
2573 1345 2663 1398 lib.
2697 1360 2773 1398 ιιι.
2810 1342 3004 1398 Comm.
3063 1343 3114 1395 in
3150 1343 3339 1398 Matth.
3377 1344 3506 1414 xx),

1894 1444 2144 1514 ipsoque,
2175 1440 2430 1513 quicquid
2460 1439 2650 1494 innuat
2678 1437 2732 1492 in
2763 1435 3094 1491 contrarium
3116 1435 3356 1501 Grotius,
3383 1437 3505 1491 Ori-

1892 1551 2028 1606 gene
2051 1535 2249 1605 (Qrig.,
2269 1535 2320 1587 in
2342 1532 2558 1597 Matt/t.,
2577 1541 2696 1585 (om.
2719 1546 2825 1592 xw,
2843 1547 2893 1600 ιι.
2910 1527 3039 1589 415,
3063 1527 3164 1582 Ed.
3187 1526 3503 1599 Iluetiamr).

1893 1625 2158 1681 Convenit
2226 1633 2404 1679 tamen
2465 1639 2586 1678 cum
2640 1622 2831 1691 graccis
2881 1618 3157 1674 codicibus
3208 1621 3508 1675 vetustissi-

1893 1733 2010 1772 mus
2041 1719 2309 1787 interpres
2343 1715 2536 1787 Syrus,
2570 1724 2620 1770 et
2653 1725 2711 1768 ιιι
2742 1714 2828 1768 bic
2854 1711 3206 1781 expungenda
3235 1726 3355 1767 esse
3375 1711 3507 1768 late-

1893 1826 2116 1877 remur,
2169 1810 2298 1879 quin
2347 1817 2528 1862 tamen
2583 1807 2721 1878 apud
2765 1806 2823 1860 S.
2861 1805 3096 1858 Marcum
3149 1801 3373 1874 legenda
3399 1805 3506 1859 sint

187 1918 362 1974 aquam
417 1916 472 1958 et
499 1904 846 1976 sanguinem,
879 1904 947 1959 de
977 1919 1114 1974 aqua
1145 1905 1310 1960 etiam
1362 1913 1416 1958 et
1443 1903 1705 1974 sanguine
1755 1918 1786 1957 c
1816 1912 1862 1972 Β
1893 1906 2032 1976 (cap.
2067 1922 2118 1970 χ,
2151 1905 2241 1972 '58,
2273 1904 2385 1974 59),
2440 1919 2602 1958 nemo
2647 1911 2730 1956 est
2779 1901 2870 1971 qui
2899 1903 3128 1966 dubitet,
3184 1910 3239 1955 nt
3282 1899 3504 1972 proinde

189 1995 358 2050 lateris
399 1996 634 2051 vulnere
667 1995 1060 2066 proﬂuentihus
1087 2039 1100 2059 ,
1157 2012 1254 2066 pro
1297 1995 1424 2068 styli
1482 1994 1783 2066 prophetici

189 2085 445 2153 idiomate,
493 2087 871 2159 symbolarum
922 2087 1093 2142 vicem
1147 2087 1663 2152 obtinuerint;eum
1722 2102 1785 2142 ea

191 2179 234 2233 in
285 2190 572 2252 utrumque
632 2181 774 2235 hunc
814 2181 1079 2238 Ecclesia!
1132 2181 1459 2251 baptismum
1507 2180 1786 2250 aptissime

189 2275 538 2339 conveniant;
591 2288 716 2327 eum
775 2273 912 2327 nihil
968 2275 1037 2327 sit
1085 2273 1227 2343 quod
1293 2273 1603 2327 dubitemus
1655 2273 1783 2343 quin

191 2370 461 2432 perpetuus
513 2374 746 2435 uterque
785 2364 994 2419 futurus
1039 2365 1145 2419 sit:
1200 2363 1355 2434 plane
1387 2365 1659 2435 sequitur,
1713 2366 1784 2420 ita

189 2467 295 2508 esse
337 2455 625 2511 Dominum
671 2457 1111 2513 commodissime
1160 2457 1588 2529 intelligendum.
1639 2458 1782 2515 Prte-

189 2546 357 2601 scrtim
397 2560 554 2603 sexto
586 2549 629 2603 si
673 2549 724 2603 id
757 2564 972 2620 quoque
999 2549 1337 2609 observetur.
1388 2551 1440 2604 ni
1493 2551 1598 2605 bne
1628 2560 1785 2622 typos

191 2637 384 2696 Domini
415 2639 728 2696 referamus
758 2651 812 2696 ut
849 2644 1270 2712 prmuuntiarent
1299 2659 1458 2714 quem
1492 2644 1581 2699 ille
1613 2645 1787 2699 voluit

191 2727 429 2787 Ecclesia:
481 2743 684 2788 statum
735 2744 900 2806 atque
939 2738 1420 2802 constitutionem,
1455 2738 1589 2792 nihil
1637 2751 1785 2795 certe

190 2838 296 2879 esse
323 2841 426 2896 quo
456 2827 679 2883 aliunde
703 2839 919 2885 constet
965 2829 1222 2884 Ecclesia:
1250 2829 1592 2900 disciplinam
1621 2832 1689 2887 ab
1718 2848 1785 2888 eo

192 2932 301 2975 esse
325 2923 700 2978 constitutam.
744 2923 858 2979 Nec
910 2925 1054 2979 enim
1106 2925 1174 2980 de
1225 2940 1289 2980 ea
1333 2925 1552 2980 disertis
1603 2926 1786 2983 verbis

191 3025 217 3063 ιι
264 3011 482 3068 1)οωίηο
529 3014 731 3070 alicubi
777 3024 997 3070 cautum
1044 3016 1294 3087 legimus.
1327 3017 1467 3084 Quid
1494 3018 1638 3086 quod
1671 3019 1786 3073 hazc

193 3116 276 3172 per
294 3105 535 3174 symbola
562 3107 810 3162 tradendi
837 3107 1122 3164 methodus
1141 3109 1214 3163 ita
1239 3117 1322 3164 est
1349 3125 1378 3163 a
1407 3106 1635 3163 Domino
1656 3126 1782 3180 pro-

192 3192 320 3260 bats,
345 3211 399 3251 ut
429 3198 760 3255 multitudini
788 3202 993 3268 omnia,
1025 3201 1304 3270 discipulis
1334 3203 1495 3257 etiam
1526 3202 1784 3272 pleraque

1893 1998 2025 2052 nihil
2084 1998 2152 2051 sit
2192 1997 2334 2066 quod
2382 1996 2448 2050 de
2479 2004 2797 2064 argumento
2829 2003 3155 2048 metuamus.
3189 1991 3296 2047 Sed
3343 1991 3503 2046 aliam

1892 2091 1977 2145 hie
2018 2089 2464 2160 signiﬁcationem
2497 2089 2655 2158 lmjus
2705 2087 2853 2141 vocis
2897 2077 3202 2156 intelligent
3248 2085 3502 2140 adversa-

1891 2185 1953 2238 rii
1995 2198 2153 2254 quam
2201 2198 2303 2254 qua
2336 2182 2682 2236 ulimnrcum
2715 2180 2783 2235 de
2827 2187 3170 2235 sacramento
3213 2176 3500 2247 loquimur.

1890 2276 2188 2332 Ostendant
2262 2277 2424 2346 igitur
2499 2273 2661 2328 aliam
2723 2275 2775 2328 in
2834 2272 2974 2326 illius
3034 2271 3132 2326 aevi
3191 2257 3502 2324 auctoribus

1891 2386 2049 2442 quam
2134 2384 2254 2440 qum
2325 2368 2391 2423 ad
2467 2369 2833 2438 expiationem
2910 2366 3503 2434 sanctiﬁcationemque

1894 2464 2146 2534 pertinet.
2198 2462 2276 2518 Eo
2325 2471 2475 2517 certe
2528 2463 2865 2531 speetabant,
2901 2460 3133 2531 quitum
3187 2457 3502 2514 obtinebant

1894 2558 2164 2629 baptismi,
2220 2565 2280 2610 ut
2325 2558 2537 2628 opinor,
2594 2571 2804 2620 omnes,
2849 2570 2956 2608 non
3006 2554 3284 2608 hominum
3339 2550 3500 2606 modo

1892 2652 2153 2722 quibusin
2177 2651 2562 2721 pharisamrum
2588 2649 2913 2703 autJoannis
2941 2648 3279 2716 disciplinam
3303 2646 3500 2701 adscri-

1895 2748 2170 2809 berentur,
2218 2745 2314 2801 sed
2357 2754 2412 2799 et
2456 2759 2710 2799 vasorum
2757 2759 2974 2814 quoque
3008 2743 3083 2796 illi
3115 2757 3498 2812 sacrorumque

1893 2842 2216 2898 utensilium.
2262 2839 2486 2907 Quando
2534 2839 2695 2908 igitur
2747 2849 2886 2892 none
2939 2836 3349 2908 signiﬁcationis
3403 2850 3498 2890 vo-

1891 2951 2008 2990 cem
2043 2935 2300 2988 Dominus
2339 2932 2526 2987 tribuit
2554 2932 2840 3002 martyrio,
2878 2930 2928 2984 id
2953 2929 3104 2984 illum
3133 2929 3372 2985 voluisse
3399 2944 3495 2984 nc-

1891 3044 2043 3083 cesse
2065 3038 2168 3093 est,
2202 3028 2340 3082 idem
2371 3027 2488 3081 fore
2518 3042 2546 3078 a
2580 3025 2865 3096 martyrio.
2897 3025 3040 3094 quod
3071 3039 3096 3075 a
3123 3024 3406 3093 baptismis
3435 3024 3496 3077 il—

1893 3121 1958 3174 lis
1989 3117 2405 3188 expectandum,
2431 3127 2486 3172 ut
2508 3117 2764 3172 nimirum
2796 3126 2902 3170 tam
2923 3116 3184 3185 sanguine
3210 3132 3238 3169 a
3257 3118 3370 3170 suis
3393 3117 3497 3170 im-

1893 3212 2214 3281 puritatihus
2227 3226 2387 3281 quam
2403 3225 2561 3281 aqua,
2579 3221 2934 3280 purgarentur
2951 3219 3110 3277 atque
3123 3211 3491 3278 expiarentur.

194 3302 275 3355 Per
292 3290 532 3360 SYmbOia
555 3292 871 3356 tradiderit;
901 3294 1213 3363 etquidem,
1241 3309 1337 3364 pro
1366 3302 1610 3348 veterum
1634 3294 1702 3350 de
1723 3310 1782 3351 se
1810 3293 1854 3356 C
1888 3301 2043 3370 Quod
2072 3304 2116 3357 si
2148 3303 2330 3357 dicant
2361 3303 2604 3373 nuspiam
2638 3302 2905 3356 iudicasse
2939 3302 3221 3356 Dominum
3251 3301 3349 3358 hos
3372 3317 3493 3357 esse

191 3384 576 3452 prophetiarum
630 3385 773 3453 ﬁde,
817 3386 888 3440 ita
918 3397 1034 3441 erat
1084 3387 1398 3443 traditurus.
1447 3387 1598 3442 Tunc
1645 3402 1780 3444 vero

194 3482 408 3537 maxime
436 3481 630 3538 idonea
653 3493 770 3538 erat
797 3498 861 3539 ea
892 3484 1135 3539 tradendi
1155 3487 1291 3540 ratio
1320 3500 1442 3540 cum
1467 3501 1553 3540 res
1585 3484 1779 3540 ΐυιιιιω

193 3578 513 3637 traderentur
555 3582 753 3653 quibus
808 3581 1044 3637 nondum
1093 3590 1334 3636 maturus
1382 3591 1526 3637 esset
1561 3580 1776 3636 audito-

192 3686 292 3727 rum
336 3687 543 3745 captus.
586 3673 723 3729 Cum
792 3676 937 3730 enim
1012 3675 1137 3730 talia
1198 3674 1433 3729 traderet
1487 3675 1772 3738 Salvator,

191 3763 332 3818 etiam
361 3765 654 3836 discipulos
685 3782 780 3836 per
811 3766 1054 3838 symbola
1087 3767 1355 3832 instituit,
1388 3767 1567 3822 dedita
1609 3766 1772 3821 nimi-

193 3871 293 3912 rum
337 3874 517 3927 opera,
572 3875 640 3915 ne
687 3869 848 3915 antea
904 3860 1331 3932 intelligerentur
1367 3877 1524 3930 quam
1580 3877 1769 3916 eorum

192 3943 332 4004 ﬁdem
380 3960 604 4005 eventus
631 3951 1064 4023 comprobasset.
1095 3956 1256 4024 Atqui
1304 3953 1536 4022 Spiritus
1571 3954 1772 4023 baptis-

190 4055 330 4109 mus,
373 4060 490 4110 qua:
537 4044 756 4116 quidem
810 4048 1129 4100 sacramenti
1162 4061 1285 4116 pars
1314 4056 1425 4101 erat
1466 4049 1765 4116 prteci'pua,

191 4147 288 4188 non
319 4146 483 4191 tamen
513 4147 638 4191 ante
670 4139 1127 4193 resurrectionem
1160 4149 1277 4193 erat
1301 4140 1726 4195 communicatus
1749 4182 1764 4206 ,

191 4233 240 4278 ut
289 4227 500 4295 proinde
539 4228 692 4282 illum
751 4245 966 4300 quoque
999 4246 1103 4284 non
1145 4230 1366 4285 disertis
1405 4231 1584 4285 verbis
1609 4273 1625 4297 ,
1670 4233 1766 4288 sed

190 4331 330 4387 aqua:
369 4321 611 4391 symbolo
637 4364 652 4388 ,
697 4322 1018 4391 prardiceret
1045 4322 1139 4394 (S.
1181 4322 1364 4384 .Iotm.,
1400 4339 1490 4387 vn,
1525 4325 1614 4389 38,
1647 4324 1759 4397 59).

191 4411 329 4479 Quod
371 4415 415 4470 si
443 4415 768 4485 baptismum
818 4416 1089 4485 Spiritus,
1141 4433 1231 4487 qui
1264 4417 1329 4471 ad
1381 4419 1608 4487 gloriam
1643 4420 1765 4485 ejus

193 4513 450 4576 tantopere
502 4507 770 4574 iaciebat,
829 4492 1072 4565 obscuris
1153 4521 1330 4566 tamen
1388 4513 1762 4583 :enigntatibus

193 4596 546 4656 involvendum
599 4602 850 4680 duxerit,
898 4606 1061 4659 multo
1101 4616 1249 4660 certe
1303 4606 1498 4676 potiori
1551 4607 1762 4661 ratione

1889 3396 2094 3451 fructus
2149 3411 2176 3449 a
2231 3396 2495 3468 martyrio
2559 3395 2927 3466 expectandos
2957 3437 2973 3462 ,
3009 3395 3172 3451 iidem
3203 3395 3494 3449 observare

1887 3497 2134 3558 poterant
2186 3503 2252 3542 ne
2317 3487 2385 3542 de
2441 3487 2689 3558 baptismi
2748 3485 2964 3557 quidem
3035 3498 3376 3541 sacramento
3439 3486 3490 3540 id

1885 3595 2137 3650 umquam
2179 3579 2429 3635 docuisse
2459 3577 2822 3633 Salvatorem.
2882 3577 3037 3632 Nulla
3087 3589 3237 3632 certe.
3286 3577 3491 3632 mentio

1882 3685 2224 3744 peccatorum
2265 3671 2654 3744 expiandorum
2691 3675 2740 3727 in
2768 3673 2884 3742 ejus
2911 3671 3050 3741 apud
3083 3672 3142 3726 S.
3177 3670 3486 3726 Mattbzeutu

1881 3769 2244 3834 institutiOne,
2278 3768 2420 3823 nulla
2451 3751 2502 3822 in
2535 3767 2654 3838 ejus
2684 3782 2784 3822 usu
2829 3766 2970 3836 apud
3021 3767 3080 3822 S.
3108 3765 3393 3821 Joannem.
3425 3766 3493 3820 Et

1880 3871 2055 3917 tamen
2083 3863 2223 3917 hunc
2254 3861 2505 3932 baptismi
2534 3858 2940 3915 sacramentalis
2971 3859 3201 3912 fructum
3225 3872 3323 3912 nos
3362 3858 3488 3912 alibi

1877 3973 1941 4011 ex
1974 3955 2341 4024 apostolorum
2371 3953 2586 4023 scriptis
2631 3952 2996 4021 probavimus.
3035 3949 3191 4018 Quod
3249 3965 3377 4020 ergo
3417 3949 3488 4002 ita

1874 4048 2158 4103 docuerint
2212 4046 2461 4116 apostoli,
2512 4045 2565 4098 id
2605 4059 2672 4098 ex
2699 4051 2823 4096 nota
2849 4042 2958 4107 illa,
2989 4057 3150 4111 quam
3177 4040 3307 4105 dixi,
3360 4050 3486 4095 tunc.

1876 4143 2138 4212 temporis
2161 4140 2552 4211 signiﬁcatione
2581 4137 2750 4205 vocis,
2775 4147 2828 4192 et
2861 4137 2937 4192 rei
2970 4135 3139 4205 ipsius
3171 4135 3310 4205 apud
3341 4135 3481 4196 illos,

1872 4253 1900 4290 a
1919 4237 2112 4306 quibus
2144 4237 2284 4289 illam
2312 4233 2624 4299 Christiani,
2649 4249 2744 4286 usu
2767 4233 2886 4286 illos
2907 4230 3192 4286 deduxisse
3225 4241 3306 4285 est
3357 4245 3486 4286 sane

1872 4329 2353 4390 verisimillimum,
2411 4325 2511 4380 nisi
2566 4325 2632 4379 ad
2662 4339 2853 4378 novam
2902 4325 3077 4394 potius
3116 4324 3483 4392 apostolorum

1872 4423 2253 4478 t‘cvelatiouetn
2297 4421 2404 4485 hic,
2435 4421 2553 4475 sine
2582 4419 2688 4473 ulla
2714 4433 2939 4487 prorsus
2967 4417 3314 4480 necessitate,
3348 4430 3479 4470 con-

1872 4515 2179 4585 fugiendum
2240 4523 2426 4582 putent
2471 4510 2790 4566 adversarii.
2847 4509 2999 4577 Quod
3031 4510 3076 4563 si
3127 4507 3359 4578 apostoli
3414 4523 3481 4562 ex

1869 4617 1993 4663 nota
2050 4607 2136 4662 illa
2187 4606 2333 4661 vocis
2392 4605 2786 4676 signiﬁcatione
2844 4602 3162 4672 collegerint
3213 4601 3481 4668 baptismo

192 4692 512 4749 occultandus
538 4704 656 4749 erat
684 4695 960 4766 sanguinis
1013 4697 1087 4751 illi
1119 4707 1279 4766 atque
1328 4699 1570 4770 martyrii
1602 4699 2247 4769 queltleacramentali
2320 4700 2426 4754 vim
2501 4698 2646 4753 illam
2706 4705 3048 4767 peccatorum
3126 4695 3476 4763 expiatricem

192 4784 385 4841 modum
411 4798 631 4859 possent
661 4791 882 4844 omnino
909 4805 1124 4860 capere.
1171 4791 1281 4846 Nec
1333 4791 1478 4846 enim
1509 4791 1574 4845 ad
1624 4791 1765 4845 hunc

195 4877 344 4946 ipsum
373 4881 652 4937 Domimtm
686 4898 752 4938 eo
778 4885 1058 4954 sanguinis
1090 4885 1358 4955 baptismo
1397 4885 1541 4956 fungi
1598 4900 1763 4955 opor-

196 4973 294 5024 tere
319 4973 692 5039 crediderant,
723 4976 776 5030 in
811 4976 1185 5032 inﬁdelitatem
1218 4977 1331 5032 fere
1364 4979 1560 5047 relapsi
1592 5019 1605 5042 ,
1636 4994 1759 5033 eum

200 5059 241 5114 id
263 5079 426 5122 verum
451 5111 466 5135 ,
498 5079 696 5139 praeter
718 5071 1149 5139 expectationem
1179 5085 1355 5136 suam,
1394 5087 1581 5125 revera
1609 5087 1761 5126 com-

200 5155 422 5222 perissent
441 5160 528 5232 (S.
553 5159 708 5226 Luc.,
736 5178 898 5229 xxrv,
918 5161 1032 5234 2|),
1060 5165 1276 5234 gravius
1307 5164 1528 5220 omnino
1550 5163 1758 5234 passuri

199 5247 471 5306 scandalum
499 5252 544 5308 si
578 5252 684 5307 sibi
714 5269 933 5325 quoque
956 5256 1202 5310 eumdem
1253 5256 1589 5311 subeundum
1620 5272 1758 5312 nou-

199 5336 298 5393 dum
343 5345 527 5400 maturi
571 5345 918 5401 didicissent.
973 5347 1203 5404 Proinde
1250 5351 1494 5420 quamvis
1544 5365 1754 5414 eorum,

197 5446 292 5500 qua:
317 5449 400 5490 sua
429 5454 586 5493 causa
612 5441 820 5510 passuri
852 5449 1008 5494 erant
1039 5440 1305 5511 diseipuli,
1335 5440 1642 5496 meminerit
1672 5441 1761 5496 ali-

197 5528 368 5594 quoties
398 5532 653 5588 Dominus
675 5577 687 5599 ,
724 5550 792 5587 ne
823 5547 947 5585 cum
979 5534 1304 5597 evenissent,
1338 5551 1458 5589 eum
1490 5534 1712 5589 latuisse
1740 5575 1754 5598 ,

196 5632 264 5674 ant
288 5637 462 5692 praitcr
490 5629 636 5683 illius
669 5626 963 5682 consilium
994 5628 1256 5688 evenisse,
1307 5629 1754 5696 su<piearentur;

195 5713 232 5768 id
255 5727 404 5777 tuuen
435 5736 588 5778 caute
616 5721 947 5782 admodum,
981 5728 1033 5773 et
1087 5734 1181 5786 pro
1213 5721 1542 5774 inﬁrmorum
1598 5730 1758 5788 captu

191 5809 297 5878 fecit,
324 5832 382 5872 ne
399 5817 518 5874 dum
546 5829 602 5873 ut
632 5815 979 5884 baptismum
1009 5814 1298 5881 sanguinis,
1326 5815 1416 5884 qui
1445 5822 1616 5868 status
1642 5823 1759 5868 erat

187 5907 389 5974 patiendi,
423 5915 717 5986 perspicue
745 5917 1228 5961 conu‘uemuraret.

1864 5729 1946 5795 agi
1993 5726 2339 5780 crediderunt
2380 5737 2588 5776 veteres
2625 5765 2636 5787 ,

1869 4812 1989 4853 esse
2029 4791 2401 4857 tribuendam;
2450 4790 2638 4864 quidni
2668 4800 2720 4845 et
2755 4805 2854 4844 nos
2879 4830 2894 4854 ,
2927 4803 2996 4842 ex
3043 4786 3283 4857 ejusdem
3326 4786 3477 4840 vocis

1867 4890 2260 4963 signiﬁcatione
2306 4887 2488 4942 itidem
2527 4886 2868 4954 colligamus,
2907 4883 3204 4952 sanguineo
3261 4895 3477 4950 quoque

1868 4984 2132 5054 baptismo
2198 4980 2306 5034 vim
2360 4978 2606 5034 eamdem
2673 4974 3034 5047 purgati-iectu
3091 4987 3214 5029 esse
3276 4973 3479 5042 pariter

1868 5077 2205 5134 tribuendam
2229 5077 2252 5131 ?

1941 5171 1968 5240 ᾗ
2015 5172 2101 5225 ιε.
2137 5169 2309 5225 —Ne
2353 5171 2475 5239 quis
2529 5178 2705 5222 autem
2759 5172 2911 5236 putet
2965 5164 3179 5218 unicum
3229 5168 3474 5216 nostrum

1864 5264 2174 5335 praesidium
2200 5262 2249 5315 in
2288 5260 2434 5315 vocis
2463 5261 2575 5330 ipsa
2623 5257 3020 5328 signiﬁcatione
3052 5270 3174 5309 esse
3203 5254 3472 5322 positum;

1865 5373 1996 5428 age,
2048 5357 2364 5420 videamus,
2421 5369 2602 5408 annon
2657 5367 2722 5408 ex
2783 5367 2840 5404 re
2893 5351 3005 5419 ipsa
3056 5355 3270 5400 constet
3327 5355 3473 5399 recte

1867 5451 1951 5504 hic
1992 5466 2017 5500 a
2053 5449 2324 5503 veteribus
2368 5457 2642 5517 acceptum
2681 5461 2798 5499 esSe
2839 5439 3222 5498 Salvatorem?
3270 5437 3468 5493 Obser-

1864 5543 2091 5596 vandum
2142 5542 2319 5608 itaque
2372 5540 2553 5601 tertio,
2612 5534 3054 5591 verisimillimain
3092 5531 3284 5585 horum
3319 5529 3463 5581 loco-

1866 5652 1981 5689 l‘lllll
2033 5633 2392 5696 occasionem,
2432 5633 2480 5684 in
2539 5633 2736 5700 quibus
2766 5629 2831 5681 de
2878 5628 3142 5692 baptismo
3191 5621 3468 5690 sanguinis

2694 5722 2858 5774 fuisse
2915 5719 3252 5786 martyrium.
3290 5714 3463 5766 Alium

1866 5823 2012 5875 illum
2047 5820 2392 5888 baptismum,
2426 5834 2531 5887 quo
2558 5832 2615 5869 se
2662 5816 2797 5867 dixit
2853 5811 3109 5864 Dominus
3138 5808 3252 5861 fore
3287 5807 3464 5873 bapti-

1867 5910 2132 5975 zaudnm,
2189 5910 2254 5961 do
2307 5910 2552 5979 passione
2598 5906 2713 5971 eius
2763 5906 2810 5958 in
2852 5915 3011 5955 cruce
3057 5896 3464 5963 intelligendum
