3888 6336
400 340 470 406 69
1391 351 1760 411 DODWELLI
1800 353 2254 414 DISSERTATIO
2289 354 2710 418 CYPRIANICA
3626 369 3698 424 60

399 483 521 525 esse
553 482 711 524 nemo
738 465 964 524 dubitet.
998 466 1074 522 Ea
1104 476 1284 525 autem
1320 469 1432 540 ipsa
1464 471 1667 540 passio,
1705 485 1801 539 pro
1845 485 1995 525 more
2025 474 2076 531 A
2101 470 2306 541 Nempe
2372 473 2511 528 inter
2558 473 2694 529 alios
2747 474 2955 531 Messias
3033 477 3246 544 titulos,
3301 481 3498 551 quibus
3548 466 3702 535 illum

399 563 560 618 etiam
603 563 924 631 scriptorum
971 575 1271 627 sacrorum,
1309 563 1623 632 martyrium
1670 561 1992 631 appellatur.

400 653 528 710 Inde
572 663 628 708 et
667 654 782 724 ipse
819 653 1078 708 Dominus
1107 657 1309 730 μάρτυς
1355 655 1381 710 ὁ
1427 656 1611 714 πιστὸς
1658 658 1745 709 καὶ
1774 655 1997 718 ἀληθινὸς

401 746 662 819 (Αροεαιη
691 761 727 811 t,
770 746 803 800 5
828 761 843 810 ;
877 761 954 810 Ill,
989 743 1080 815 14)
1108 746 1303 800 dicitur
1327 753 1382 799 et
1405 755 1740 819 μαρτυρῆσαι
1765 748 1851 802 im
1871 759 1992 801 [lov-

398 842 510 897 τίου
532 840 746 894 Πιλάτου
768 844 858 898 τὴν
879 839 1034 897 καλὴν
1064 837 1328 912 ὁμολογίαν
1359 836 1400 909 (l
1427 835 1590 903 Tim.,
1621 853 1692 901 vt,
1725 839 1839 907 15).
1867 839 1997 906 Qua:

400 932 561 987 verba
590 932 769 986 omnia
795 930 1125 1002 martyrium,
1153 945 1251 999 pro
1279 931 1547 1000 pritnrevze
1575 931 1832 986 Ecclesiae
1858 933 1996 986 idio-

398 1032 579 1094 mate,
607 1023 906 1094 designant.
935 1021 1150 1094 Nequid,
1170 1032 1352 1076 autem
1381 1022 1480 1090 hic
1517 1023 1585 1077 ab
1612 1024 1992 1079 ecclesiasticis

399 1116 691 1173 conlictum
744 1113 1086 1178 arbitremur,
1122 1113 1283 1168 etiam
1312 1115 1484 1183 ipsam
1533 1116 1779 1186 martyrii
1807 1130 1992 1170 vocem

399 1207 792 1278 signillcatione
845 1205 1210 1260 ecclesiastica
1264 1216 1524 1274 usurpant
1559 1220 1730 1260 sacra:
1782 1206 1993 1260 litterae.

401 1299 473 1354 Ita
492 1301 696 1373 μάρτυς
712 1295 1014 1366 Stephanus
1027 1295 1189 1367 (Act,
1209 1311 1338 1360 xxu,
1354 1295 1534 1376 20),_et
1553 1299 1752 1372 μάρτυς
1770 1298 1794 1352 ὁ
1811 1299 1994 1359 πιστὸς

402 1393 633 1462 Antipas
667 1392 928 1462 (Apocal.,
967 1407 1027 1458 ιι,
1064 1391 1176 1463 15),
1223 1406 1343 1462 qua:
1367 1392 1554 1447 eadem
1588 1392 1814 1446 Domino
1841 1402 1995 1447 antea

399 1485 679 1552 tribuerat,
714 1495 771 1539 ut
821 1483 1074 1551 viditnus,
1111 1495 1300 1563 auctor
1323 1484 1748 1555 Apocalypseos,
1779 1499 1847 1538 ne
1876 1486 1996 1566 quis

399 1578 488 1634 hic
515 1578 740 1633 miretur
767 1578 1022 1649 martyris
1050 1591 1237 1633 vocem
1267 1578 1428 1632 etiam
1461 1577 1687 1630 Domino
1716 1576 1992 1641 tributam,

399 1685 564 1727 sensu
604 1671 1009 1734 ecclesiastico,
1067 1670 1395 1725 intellectam
1447 1684 1567 1724 esse
1612 1684 1641 1722 a
1698 1671 1991 1725 veteribus.

398 1765 474 1819 ita
520 1772 668 1819 certe
713 1765 948 1819 alienam
995 1780 1102 1818 non
1156 1762 1504 1818 crediderunt
1534 1779 1562 1816 a
1599 1762 1825 1817 Domino
1855 1764 1994 1819 hanc

2103 563 2436 635 designatum
2480 559 2851 621 intellexerant
2876 568 2928 622 in
2955 567 3271 640 Scripturis,
3301 583 3416 627 erat
3445 573 3530 627 vel
3556 588 3703 644 prae-

2102 655 2293 724 cipuus
2339 656 2426 710 ille
2467 660 2789 732 Ερχομένου.
2837 659 2907 712 Ita
2948 659 3209 717 habemus
3241 663 3292 717 in
3321 663 3375 718 S.
3410 663 3564 730 Luc.,
3603 679 3702 729 vti,

2105 746 2193 813 19,
2236 748 2308 802 20
2351 756 2406 802 et
2452 748 2601 802 alibi.
2654 750 2809 804 Illum
2851 751 3082 809 fortasse
3129 773 3160 810 e
3212 755 3568 812 celeberrimo
3610 759 3708 812 illo

2101 839 2242 905 loco,
2294 839 2455 906 Gen.,
2491 856 2640 907 Xle,
2675 842 2762 910 10,
2810 843 2892 898 vel
2921 845 3011 899 Ps.
3044 862 3093 900 ι..
3126 848 3178 912 5;
3213 862 3364 914 xcrv,
3396 848 3483 914 15;
3513 863 3703 914 xei-nt,

2103 933 2175 996 9,
2231 931 2580 1001 collegerint,
2640 933 2827 989 aliisve
2896 935 3159 990 similibus
3222 937 3511 1006 Scriptura:
3569 939 3707 994 locis

2101 1021 2292 1092 quibus
2319 1022 2540 1078 Messias
2570 1035 2829 1080 Venturos
2873 1026 3089 1081 dicitur.
3119 1028 3300 1094 Quare
3327 1043 3449 1083 cum
3480 1028 3708 1084 Messias

2101 1123 2362 1168 venturus
2382 1114 2763 1184 appellaretur,
2783 1118 3113 1173 tantumdem
3134 1119 3474 1190 valentsigna
3491 1120 3708 1176 Messias

2099 1217 2164 1259 ac
2189 1205 2341 1275 signa
2371 1203 2649 1261 adventus.
2681 1206 2755 1259 Ita
2789 1209 2855 1262 de
2886 1222 3015 1262 vero
3043 1208 3232 1264 Messia
3269 1209 3516 1279 discipuli
3550 1211 3706 1279 ejus;

2105 1292 2254 1358 Quod
2295 1296 2496 1365 signum
2554 1297 2798 1350 adventus
2847 1298 2955 1351 tui?
3004 1297 3092 1368 (S.
3140 1299 3354 1370 Matth.)
3389 1301 3540 1390 et‘de
3569 1302 3709 1359 falso

2099 1384 2290 1441 Messia
2331 1388 2650 1454 Apostolus:
2682 1386 2840 1460 Cujus
2869 1399 2942 1443 est
2968 1390 3212 1445 adventu:
3251 1384 3530 1445 secundum
3583 1411 3710 1464 ope-

2099 1482 2350 1534 rationem
2403 1479 2618 1536 Satauaz
2660 1483 2712 1535 in
2761 1485 2900 1537 omni
2948 1486 3128 1538 virtute
3153 1496 3198 1538 et
3249 1487 3429 1556 signis,
3477 1497 3584 1542 etc.
3645 1487 3708 1560 (ιι

2105 1571 2308 1637 Περι,
2344 1589 2402 1640 ιι,
2433 1563 2509 1640 9).
2544 1575 2746 1630 Venire
2799 1577 2978 1647 itaque
3013 1592 3110 1646 per
3151 1592 3343 1648 aquam
3393 1587 3448 1633 et
3490 1583 3714 1649 sangui-

2100 1679 2222 1719 nem
2268 1664 2408 1720 idem
2445 1666 2585 1721 valet
2630 1682 2693 1721 ac
2723 1683 2819 1737 per
2848 1684 3050 1739 aquam
3083 1678 3137 1725 et
3177 1672 3490 1741 sanguinem
3519 1686 3578 1728 se
3604 1687 3705 1727 ve-

2103 1771 2221 1811 rum
2249 1756 2496 1812 Messium
2541 1761 2915 1829 comprobare.

401 1856 564 1928 hujus
594 1858 742 1914 vocis
782 1844 1248 1927 signiﬁcationem,
1298 1867 1356 1912 ut
1384 1858 1655 1927 propriam
1687 1859 1849 1913 etiam
1879 1857 1992 1914 fere
2030 1861 2072 1919 Β
2175 1847 2203 1920 5
2233 1851 2612 1922 Μο--Νεηιρε
2632 1853 2720 1922 qui
2741 1862 2996 1909 venturus
3021 1862 3137 1908 erat
3158 1854 3478 1910 inmundum
3500 1856 3709 1911 isidem

400 1951 633 2006 Domino
665 1950 890 2006 fecerint
945 1951 1045 2021 ipsi
1079 1960 1342 2022 martyres
1375 1951 1615 2004 nonnulli
1643 1951 1783 2022 apud
1831 1953 2000 2008 Euse-

405 2044 550 2100 bium
599 2042 841 2116 (Euseb.,
869 2041 1007 2098 Hist.
1054 2044 1177 2097 eccl.
1205 2084 1218 2108 ,
1278 2057 1335 2110 v,
1381 2041 1462 2113 2).
1494 2041 1644 2109 Quod
1699 2044 1742 2096 si
1792 2044 2001 2102 Domini

398 2136 578 2208 passio
628 2136 968 2207 martyrium,
1037 2134 1337 2204 eademque
1367 2133 1437 2188 sit
1480 2133 1732 2203 baptismi
1787 2142 2001 2206 quoque

399 2227 621 2283 nomine
671 2225 1051 2296 insignienda,
1101 2225 1295 2295 ecquid
1339 2241 1537 2279 novum
1584 2226 1886 2283 alientttnve
1920 2229 2002 2283 di-

401 2323 574 2377 cimus
628 2321 674 2375 si
730 2319 894 2374 etiam
934 2318 1006 2375 de
1059 2318 1385 2390 martyribus
1435 2318 1813 2375 ecclesiasticis
1860 2320 1998 2376 idem

400 2412 736 2469 afﬁrmetnus
760 2413 783 2463 ι

474 2508 501 2580 ς
533 2508 696 2563 15.-
711 2504 817 2561 Sed
840 2514 894 2560 et
912 2505 1139 2560 aliorum
1161 2505 1403 2560 locorum
1429 2505 1767 2561 occasionem
1806 2507 1998 2562 eodem

404 2599 684 2655 collimare
731 2607 814 2653 est
862 2613 993 2653 sane
1049 2597 1516 2654 verisimillimum.
1566 2595 1700 2653 Cum
1741 2599 2004 2656 scriberet

403 2692 679 2764 apostolus
726 2691 784 2748 S.
837 2691 1108 2758 Joannes,
1154 2692 1266 2762 jam
1308 2693 1411 2747 orti
1461 2692 1710 2748 videntur
1760 2693 1999 2749 haeretici

404 2788 786 2844 valentiniauis
851 2786 1069 2859 quidem
1134 2786 1503 2858 antiquiores,
1565 2802 1752 2842 eorum
1818 2796 2000 2843 tamen

400 2862 654 2956 parentes
694 2893 856 2954 atque
895 2882 1150 2953 origines,
1203 2895 1304 2936 nec
1345 2880 1491 2936 enim
1543 2895 1759 2950 prorsus
1801 2896 1999 2935 novum

404 2987 524 3033 erat
573 2975 1064 3032 valentinianorum
1113 2973 1443 3038 institutum,
1495 2973 1587 3027 sed
1631 2974 2003 3034 priorumbtc-

399 3068 688 3123 relicorum
739 3066 955 3121 inventa
984 3068 1118 3135 πρὸς
1156 3063 1280 3120 ἴδιον
1326 3073 1646 3138 χαρακτῆρα
1680 3069 1999 3144 μεθήρμωσε,

399 3159 572 3230 inquit
623 3158 690 3214 de
737 3157 1022 3213 Valentino
1052 3156 1288 3211 lrenaaus
1313 3156 1506 3228 (lren.,
1548 3157 1638 3211 lib.
1669 3174 1708 3224 ι,
1738 3174 1785 3212 c.
1820 3159 1877 3227 ὃ)
1905 3174 2001 3213 cu-

2107 1954 2221 1998 erat
2248 1959 2276 1997 a
2305 1954 2455 2013 patre
2474 1946 2766 2001 mittendus
2783 1957 2943 2017 atque
2961 1948 3378 2003 Sanctificandus
3516 1949 3706 2015 Ιοαηο,

2109 2051 2165 2102 x,
2190 2036 2301 2106 56).
2328 2036 2405 2091 Ea
2435 2047 2613 2093 autem
2639 2040 2999 2094 sanctilicatio
3026 2042 3202 2111 qualis
3234 2041 3648 2112 intelligeretur,
3675 2057 3708 2098 e

2106 2135 2455 2190 sanctissimo
2481 2135 2790 2191 Judmorum
2835 2138 3035 2208 ofﬁcio,
3095 2156 3305 2196 sumtno
3337 2142 3593 2196 nimirum
3619 2157 3707 2196 sa-

2108 2227 2374 2292 cerdotio,
2419 2230 2620 2299 optime
2659 2231 2998 2302 colligemus.
3029 2233 3088 2288 ln
3124 2234 3268 2289 illius
3297 2234 3479 2306 itaque
3505 2237 3710 2291 sancti-

2109 2319 2361 2375 ficatione
2393 2329 2500 2375 tam
2543 2337 2734 2393 aquam
2767 2308 2925 2394 quam
2967 2327 3128 2381 etiam
3167 2329 3481 2398 sanguinem
3524 2329 3706 2386 locum

2109 2412 2364 2467 habuisse
2417 2425 2630 2471 constat
2659 2433 2674 2481 ;
2704 2433 2890 2487 aquam
2934 2420 3181 2488 equidem
3228 2419 3424 2487 Exod,
3453 2437 3604 2486 χχιι,
3629 2423 3662 2476 4
3687 2438 3702 2488 ;

2107 2503 2257 2571 Lev.,
2292 2521 2408 2572 vin,
2434 2508 2467 2562 6
2493 2524 2508 2568 ;
2538 2510 2840 2578 sanguinem
2880 2521 3058 2566 autem
3087 2511 3284 2579 Exod.,
3313 2529 3460 2581 χχιι,
3481 2513 3576 2582 20,
3608 2514 3704 2582 2|;

2111 2597 2253 2665 Leu,
2277 2613 2391 2665 vttt,
2412 2599 2610 2663 25,24.
2646 2599 2728 2656 Ad
2759 2601 3005 2658 Messium
3035 2603 3177 2657 enim
3212 2613 3485 2674 tamquam
3517 2606 3707 2677 mysti-

2106 2702 2228 2743 cum
2278 2692 2577 2761 evangelici
2629 2691 2852 2747 ftederis
2893 2693 3254 2759 sacerdotem,
3283 2695 3464 2750 retulit
3491 2696 3544 2749 in
3604 2697 3707 2752 hac

2110 2783 2222 2852 ipsa
2272 2799 2434 2838 causa
2491 2785 2781 2855 Apostolus
2825 2785 2998 2842 Judmi
3045 2787 3316 2858 pontiﬁcis
3364 2789 3702 2860 exemplum,

2107 2875 2249 2944 quod
2305 2877 2394 2930 ille
2429 2879 2591 2931 etiam
2621 2879 2874 2947 passione
2925 2893 3018 2933 sua
3064 2891 3207 2935 esset
3259 2880 3704 2937 sanctilicaudus.

2108 2967 2411 3029 Τελειὼσεος
2441 2983 2574 3023 voce
2595 2985 2726 3024 usus
2755 2979 2838 3024 est
2866 2971 3144 3040 apostolus
3171 2970 3380 3042 (ﬂabra,
3402 2989 3460 3038 ιι,
3491 2972 3580 3038 10,
3610 2974 3702 3040 11;

2109 3073 2162 3124 ν,
2188 3061 2242 3123 8,
2272 3059 2352 3130 9),
2376 3063 2596 3132 mystica
2627 3063 2878 3118 nimirum
2911 3065 3018 3130 illa,
3050 3075 3104 3120 et
3129 3079 3296 3121 sacra:
3319 3067 3703 3138 mysteriorum

2112 3149 2446 3220 praefectura:
2481 3155 2713 3224 prepria.
2745 3155 2818 3209 lta
2852 3165 3027 3210 tamen
3073 3156 3270 3210 Christi
3303 3157 3411 3211 hoc-
3449 3159 3707 3213 sacerdo-

394 3253 608 3324 jusdam
663 3251 860 3306 veteris
911 3249 1179 3319 opinionis
1227 3249 1433 3302 semina
1486 3258 1642 3303 natus
1690 3258 1812 3313 est,
1866 3259 2002 3305 teste
2031 3245 2076 3307 C
2114 3242 2245 3297 tium
2272 3244 2731 3300 cumJudanorum
2763 3248 3360 3304 sacerdotiocontendit
3385 3250 3701 3318 Apostolus,

399 3345 731 3404 Tertulliano
752 3344 940 3418 (Tert.,
971 3343 1087 3396 adv.
1119 3341 1339 3407 Valent,
1366 3358 1412 3396 ε.
1437 3339 1516 3413 4).
1545 3340 1789 3413 Utigitur
1815 3341 1996 3398 Jcsutn

398 3455 428 3495 a
455 3439 670 3495 Christo
698 3437 996 3493 diviserunt
1020 3435 1385 3500 valentiniani,
1419 3435 1484 3488 ad
1507 3419 1866 3505 antiquiorum
1897 3435 1999 3489 ba:-

398 3533 691 3587 reticorum
741 3529 1046 3599 exemplum
1089 3526 1351 3598 Apostolo
1403 3541 1736 3594 coaevorum,
1769 3543 1998 3598 quorum

399 3623 684 3679 occasione
733 3629 841 3676 tam
887 3631 970 3676 est
1021 3621 1072 3675 in
1123 3635 1189 3676 eo
1221 3621 1337 3689 ipso
1365 3629 1679 3690 argumento
1709 3620 1911 3674 multus
1945 3623 1997 3676 in

400 3716 571 3786 prima
600 3729 695 3769 sua
734 3713 959 3782 epistola
991 3713 1312 3782 Apostolus;
1348 3713 1418 3766 ita
1473 3721 1527 3766 et
1567 3713 1821 3783 martyrio
1873 3728 1994 3767 cum

403 3811 594 3866 iisdem
624 3809 1010 3865 valentinianis
1054 3805 1275 3861 eosdem
1303 3807 1462 3862 etiam
1493 3807 1752 3876 Apostolo
1781 3821 2001 3862 coaevus

399 3906 684 3960 haereticos
737 3901 1022 3956 sustulisse
1067 3899 1344 3971 probabile
1399 3907 1502 3954 est.
1546 3899 1603 3954 in
1657 3900 1800 3954 illam
1851 3908 1998 3954 certe

399 4000 723 4058 sententiam
751 3997 954 4068 optime
979 3994 1324 4067 quadrabunt
1354 3992 1598 4062 Apostoli
1641 4002 1954 4064 argumenta
1977 4033 1993 4059 ,

401 4101 460 4147 ut
511 4100 636 4147 ante
692 4104 792 4146 nos
840 4097 1026 4145 noster
1080 4085 1390 4143 observavit
1420 4083 1810 4140 Hammondus.
1845 4084 1998 4140 Anti-

399 4184 588 4240 christi
627 4193 780 4238 erant
825 4182 877 4236 bi
910 4179 1147 4236 haeretici
1176 4194 1294 4246 seu,
1328 4177 1471 4248 quod
1499 4177 1639 4248 apud
1683 4177 2000 4246 Apostolum

405 4277 736 4335 tantumdem
806 4275 984 4342 valet,
1059 4272 1478 4344 pseudo-chriin
1514 4312 1528 4336 ,
1589 4271 1731 4342 quod
1800 4270 1999 4326 Christi

400 4372 601 4428 Judaais
663 4369 914 4441 promissi
967 4382 1250 4438 personam
1299 4365 1400 4437 ipsi
1450 4365 1501 4418 in
1542 4378 1600 4418 se
1641 4363 1996 4434 susciperent.

402 4464 636 4519 Proinde
692 4461 822 4518 illud
869 4460 1040 4516 innuit
1085 4457 1375 4530 Apostolus
1419 4456 1581 4511 totius
1611 4455 1889 4525 Evangelii
1918 4455 2000 4509 sui

399 4557 567 4612 fuisse
591 4554 899 4620 consilium,
929 4561 987 4605 ut
1008 4549 1297 4606 crederent
1320 4547 1504 4604 Jesum
1523 4537 1686 4602 luisse
1710 4545 1878 4602 ﬁlium
1907 4547 1999 4602 Dei

2109 3346 2186 3399 ut,
2217 3351 2339 3390 cum
2370 3337 2420 3390 in
2469 3339 2750 3408 utriusque
2794 3341 3202 3395 consecratione
3239 3342 3513 3409 sanguinis
3545 3356 3702 3396 usum

2107 3427 2406 3483 adhibitum
2441 3431 2742 3500 probasset,
2777 3433 2827 3486 in
2856 3448 2921 3486 eo
2961 3433 3249 3486 eminuerit
3289 3431 3486 3487 Christi
3515 3448 3702 3488 sacer-

2105 3521 2312 3578 d0tiunt
2332 3526 2473 3595 quod
2497 3541 2595 3580 suo
2618 3524 2896 3580 dumtaxat
2916 3528 3177 3596 sanguine
3195 3536 3544 3582 consecratus
3571 3527 3706 3582 fuis«

2105 3624 2188 3672 set
2207 3615 2451 3671 Christus
2470 3632 2590 3671 cum
2609 3627 2833 3672 externo
2847 3617 3124 3672 dumtaxat
3147 3618 3412 3687 pecudum
3439 3619 3704 3690 sanguine

2106 3708 2190 3763 usi
2220 3718 2410 3763 essent
2440 3709 2492 3761 ιιι
2523 3707 2862 3763 sacerdotum
2907 3725 3126 3764 suorum
3158 3713 3568 3767 consecratione
3608 3713 3707 3768 Ju-

2106 3801 2232 3868 daai,
2253 3800 2442 3868 Helm,
2469 3817 2545 3867 ix,
2574 3801 2668 3867 25,
2695 3801 2786 3857 26.
2816 3803 2958 3858 idem
2991 3814 3045 3858 et
3071 3805 3198 3859 alibi
3221 3807 3420 3876 saepius
3448 3807 3700 3875 inculcat,

2104 3909 2226 3950 cum
2244 3909 2349 3948 non
2377 3903 2651 3949 taurorum
2669 3895 3033 3961 hircorumve,
3055 3897 3149 3952 sed
3173 3913 3303 3953 vero
3323 3900 3704 3970 propriudutn-

2108 3995 2274 4053 taxat,
2309 3985 2567 4058 sanguine
2595 3984 2868 4042 Christum
2891 3989 3053 4044 docet
3080 3989 3371 4044 initiatum.
3407 3990 3549 4062 Ergo
3575 4007 3703 4047 cum

2107 4077 2311 4133 ludatis
2337 4078 2388 4130 in
2411 4093 2478 4133 eo
2505 4089 2834 4135 convenerat
2861 4080 3175 4150 Apostolus,
3203 4081 3268 4136 ad
3297 4096 3524 4152 quorum
3554 4084 3708 4155 prin-

2107 4169 2246 4241 cipia
2277 4185 2434 4225 suam
2467 4171 2554 4226 hic
2582 4173 2784 4242 aptavit
2822 4175 3366 4245 argumentatiOnem,
3398 4185 3456 4231 ut
3495 4179 3706 4248 pontiﬁ-

2107 4277 2223 4318 cem
2281 4261 2397 4318 fore
2441 4262 2718 4320 Christum
2764 4281 2795 4322 a
2825 4282 3038 4324 summo
3083 4269 3335 4325 nimirum
3387 4270 3702 4328 Judteorum

2109 4354 2363 4425 pontiﬁce
2418 4357 2816 4428 adumbratum,
2873 4360 2945 4415 ita
2973 4362 3065 4432 qui
3097 4378 3256 4417 verus
3307 4362 3515 4419 futurus
3555 4377 3706 4423 esset

2108 4446 2353 4515 Messias,
2380 4450 2638 4520 sanguine
2683 4451 2882 4520 pariter
2907 4466 2971 4506 ac
3014 4468 3150 4524 aqua
3201 4463 3310 4509 tam
3363 4456 3537 4524 ipsum
3583 4455 3706 4516 fore

2108 4538 2445 4596 lustrandum
2474 4542 2605 4614 (vel,
2639 4551 2699 4598 ut
2737 4544 3050 4615 evangelica
3093 4560 3228 4603 voce
3270 4555 3506 4613 utamur,
3530 4549 3707 4620 bapti-

403 4648 606 4721 (Joan.,
640 4662 738 4713 xx,
772 4644 902 4718 5t),
958 4643 1140 4716 (quem
1184 4656 1377 4712 nempe
1420 4639 1631 4695 titulum
1664 4638 1872 4695 Messian
1901 4653 1998 4694 Suo
2025 4637 2080 4698 D
2108 4634 2368 4702 tandum)
2423 4650 2585 4705 quam
2625 4635 2760 4693 alios
2809 4637 3000 4694 iisdem
3049 4654 3174 4696 esse
3230 4639 3589 4698 lustrandum.
3624 4643 3710 4700 De

405 4756 436 4796 e
454 4742 542 4796 Ps.
561 4756 619 4807 ιι,
646 4740 698 4806 7,
721 4739 863 4793 illius
893 4737 1075 4793 sazcuii
1103 4735 1274 4791 Judaei
1301 4732 1659 4801 asserebant),
1687 4747 1793 4787 non
1815 4741 1998 4788 autem

401 4832 523 4887 illos
570 4831 948 4886 haereticorum
991 4829 1390 4898 antesignanos.
1415 4825 1593 4893 Quare
1640 4826 1780 4880 inter
1803 4834 2002 4880 caztera

398 4933 713 4998 argumenta
759 4926 952 4996 quibus
1001 4924 1195 4979 falsum
1231 4920 1382 4975 illum
1425 4919 1493 4976 de
1519 4918 1738 4975 Christo
1769 4927 2001 4990 prmtex-

401 5030 511 5075 tum
558 5017 757 5074 refellit
803 5017 1132 5088 Apostolus,
1164 5016 1257 5070 illo
1284 5028 1498 5084 quoque
1533 5027 1662 5068 usus
1685 5021 1768 5068 est
1793 5011 1860 5068 de
1885 5010 2000 5068 veri

399 5111 602 5168 Christi
643 5111 878 5166 adventu
927 5124 1021 5181 per
1049 5122 1244 5180 aquam
1272 5115 1329 5162 et
1370 5105 1708 5176 sanguinem.
1753 5103 1850 5158 Hic
1891 5111 1997 5170 est,

404 5207 575 5276 inquit
610 5204 679 5278 (Ι
725 5203 912 5272 Ῑοαιι.,
960 5221 1013 5270 v,
1050 5204 1083 5259 6
1117 5203 1157 5275 ),
1204 5203 1293 5273 qui
1350 5199 1496 5255 venit
1543 5214 1636 5270 per
1697 5212 1891 5268 aquam
1946 5205 2003 5252 et

401 5299 716 5370 sanguinem
743 5297 901 5354 Jesus
930 5295 1197 5362 Christus;
1244 5309 1350 5349 non
1382 5293 1436 5348 in
1478 5306 1616 5362 aqua
1662 5289 1860 5354 solum,
1904 5287 2000 5344 sed

400 5393 456 5448 in
483 5406 621 5462 aqua
668 5397 723 5444 et
748 5389 1029 5461 sanguine.
1059 5388 1103 5443 A
1144 5386 1312 5458 signis
1342 5384 1598 5440 nimirum
1640 5383 1752 5438 veri
1792 5381 2001 5438 Messian

402 5492 813 5555 argumentatus
840 5492 921 5538 est
947 5483 1016 5538 de
1039 5481 1234 5553 quibus
1262 5482 1401 5535 inter
1428 5477 1666 5543 Iudaeos,
1689 5476 1773 5532 vel
1805 5476 2000 5531 saltem

402 5580 548 5636 illius
599 5577 700 5634 aevi
744 5576 1102 5643 christianos,
1143 5582 1490 5638 convenerat,
1553 5583 1658 5625 tam
1711 5581 1768 5625 ut
1813 5569 1998 5626 Jesum

403 5682 646 5729 nostrum
715 5685 901 5727 verum
962 5668 1209 5725 Messiam
1264 5666 1670 5737 comprobaret,
1730 5679 1890 5735 quam
1946 5671 2004 5718 ut

413 5762 876 5830 pseudo-christos
924 5762 1046 5817 illos
1090 5760 1172 5817 vel
1220 5775 1285 5816 co
1315 5760 1434 5830 ipso
1483 5758 1735 5829 baptismi
1783 5757 2003 5813 nomine

408 5853 764 5926 improbaret.
809 5851 987 5923 Venit,
1019 5853 1210 5922 inquit,
1247 5866 1340 5924 per
1367 5865 1558 5921 aquam
1585 5859 1638 5907 et
1665 5848 2003 5922 sanguinem.

2111 4743 2266 4799 aqua:
2297 4727 2564 4799 baptismo
2593 4732 2646 4786 id
2673 4732 2840 4789 fuisse
2857 4742 3132 4805 receptura
3150 4744 3362 4791 constat
3382 4751 3450 4791 ex
3472 4737 3586 4807 ipsa
3613 4737 3707 4793 illa

2106 4823 2500 4895 pharisteorum
2529 4826 2950 4899 interrogatione
2977 4845 3082 4900 qua
3117 4829 3402 4897 Joannem,
3422 4831 3620 4902 ipsene
3644 4845 3707 4889 se

2104 4929 2202 4986 pro
2216 4916 2410 4974 Messia
2429 4918 2744 4985 venditaret,
2767 4921 3152 4991 explorandum
3166 4934 3497 4979 censuerunt
3528 4942 3542 4978 :
3566 4925 3707 4992 Quid

2107 5025 2228 5081 ergo
2270 5010 2499 5082 baptizas
2533 5054 2549 5079 ,
2583 5013 2628 5067 si
2669 5022 2724 5066 tu
2772 5030 2875 5068 non
2911 5031 2963 5070 et
3017 5015 3248 5072 Christus
3301 5033 3464 5088 neque
3509 5015 3657 5073 Elia:
3685 5059 3705 5087 ,

2108 5119 2268 5175 neque
2293 5105 2581 5176 propheta?
2610 5105 2696 5177 (S.
2724 5105 2909 5173 Joan.,
2946 5125 2981 5175 t,
3015 5107 3134 5178 25).
3158 5108 3304 5164 Idem
3332 5108 3400 5164 de
3427 5111 3710 5181 sanguinis

2109 5197 2378 5270 baptismo
2403 5199 2633 5255 innuunt
2655 5201 2744 5256 illa
2778 5201 2990 5256 Domini
3013 5201 3080 5256 ad
3109 5201 3403 5272 discipulos
3424 5219 3445 5258 :
3484 5202 3531 5258 Ο
3557 5205 3708 5259 stulti

2109 5302 2154 5348 et
2207 5293 2344 5346 tardi
2396 5293 2550 5348 corde
2578 5293 2645 5347 ad
2674 5292 2983 5349 credendum
3031 5295 3085 5348 in
3143 5296 3375 5350 omnibus
3404 5311 3520 5366 qua:
3549 5296 3710 5351 locuti

2105 5396 2222 5442 sunt
2245 5387 2543 5458 propheta!
2559 5386 2746 5444 Nonne
2761 5388 2869 5444 hth
2894 5388 3115 5460 oportuit
3130 5389 3236 5458 pati
3252 5387 3533 5456 Christum,
3557 5401 3607 5445 et
3633 5391 3710 5446 ita

2109 5482 2305 5536 intrare
2330 5481 2385 5535 in
2411 5481 2629 5553 gloriam
2654 5499 2801 5537 suam
2835 5483 2921 5554 (S.
2945 5482 3103 5552 Lua,
3133 5498 3288 5550 niv,
3310 5482 3404 5550 25,
3434 5482 3572 5554 26)?
3594 5483 3712 5539 Hoc

2108 5574 2317 5630 scilicet
2346 5588 2417 5628 ex
2459 5574 2564 5628 illis
2617 5575 2832 5646 collegit
2877 5573 3169 5646 Scripturis
3215 5589 3442 5644 quarum
3487 5589 3710 5632 sensum

2112 5677 2313 5737 postea
2340 5665 2621 5736 discipulis
2667 5669 2954 5738 explicuit,
3002 5683 3125 5722 cum
3175 5682 3363 5722 eorum
3398 5665 3710 5724 intellectus

2109 5759 2414 5828 aperuisset
2446 5766 2504 5813 ut
2531 5757 2842 5828 Scripturas
2883 5758 3266 5829 intelligerent,
3297 5757 3402 5812 illis
3447 5757 3704 5814 nimirum

2107 5864 2230 5922 qua:
2261 5851 2344 5908 vel
2383 5865 2447 5908 ex
2480 5849 2694 5907 illorum
2735 5852 3054 5910 saeculorum
3104 5850 3412 5920 concessis,
3438 5849 3521 5907 vel
3544 5851 3712 5906 certis
