3888 6342
263 378 321 435 Gl
1290 376 1378 434 DE
1418 374 1736 436 SECUNDO
1772 373 2165 436 MARTYRUM
2222 377 2586 436 BAPTISMO.
3499 377 3574 436 62

268 492 571 569 quibusdam
599 492 751 550 illius
770 493 963 550 saeculi
985 491 1301 560 ratiociniis,
1333 488 1403 549 de
1435 492 1629 549 Messia
1662 492 1860 548 intelli-
1885 492 1939 552 Α
1965 493 2349 564 sanguinisque
2394 495 2694 564 baptismos
2741 507 2862 550 esse
2890 492 3139 550 similiter
3164 493 3560 565 intelligendos.

269 585 447 660 gendze
499 595 696 650 erant,
763 601 998 657 quaeque
1082 585 1310 641 futuram
1375 594 1864 640 commemorarent

271 679 470 736 Messias
504 677 848 749 passionem,
878 678 1070 749 quales
1119 677 1394 749 proferunt
1436 678 1860 749 quamplurimas

269 785 369 827 non
396 769 530 826 Novi
555 769 717 825 modo
736 771 1072 826 Testamenti
1101 772 1413 842 scriptores,
1431 771 1526 826 sed
1554 781 1610 826 et
1635 787 1864 842 sequen-

271 866 396 920 tium
427 865 748 920 sxculorum
769 872 956 934 patres
977 879 1207 935 quorum
1236 872 1418 919 extant
1441 863 1600 918 hodie
1624 863 1862 933 disputa-

273 957 440 1011 tiones
484 954 751 1010 adversus
771 954 1010 1023 Judaeos,
1038 954 1298 1023 Justinus,
1327 954 1719 1024 Tertullianus,
1753 955 1861 1011 Eu-

271 1051 465 1118 sebius,
494 1061 604 1105 etc.

339 1143 366 1214 ς
394 1141 569 1197 15.-
589 1141 701 1196 Illa:
726 1157 860 1212 ergo
888 1142 1183 1213 Scriptura:
1211 1158 1353 1213 quae,
1382 1157 1481 1213 pro
1512 1143 1655 1197 illius
1680 1140 1864 1197 sieculi

272 1245 442 1307 captu,
475 1235 547 1291 de
565 1234 781 1292 Messia:
799 1237 1054 1306 passione
1081 1237 1368 1291 intellectze
1397 1245 1546 1302 sunt,
1564 1236 1864 1307 argumenti

270 1331 429 1386 vicem
460 1329 715 1384 obtinere
743 1338 994 1399 poterant
1014 1330 1152 1400 apud
1185 1329 1328 1394 illos,
1357 1331 1468 1399 qui,
1505 1338 1560 1383 ut
1582 1328 1650 1383 ab
1672 1327 1862 1383 ortho-

274 1421 417 1477 doxis
461 1421 848 1492 discrepabunt
879 1422 931 1475 in
963 1437 1030 1477 eo
1055 1421 1199 1492 quod
1231 1421 1416 1477 Jesum
1443 1436 1564 1476 esse
1590 1419 1865 1475 Christum

273 1512 531 1584 negarint,
561 1513 637 1567 ita
667 1521 724 1567 et
751 1511 806 1568 in
839 1527 904 1567 eo
933 1513 1171 1568 vicissim
1200 1529 1230 1567 a
1270 1512 1496 1576 Iudaeis,
1529 1511 1674 1582 quod
1703 1511 1864 1566 Chri-

275 1614 403 1659 stum
435 1605 893 1675 qualemcumque
933 1605 1085 1660 illum
1115 1605 1417 1671 ﬁnxissent,
1449 1605 1662 1660 venisse
1690 1613 1866 1658 tamen

274 1697 613 1755 crediderint.
639 1697 714 1752 Ita
740 1713 872 1770 ergo
889 1697 1072 1754 Jesum
1099 1699 1389 1769 Apostolus
1403 1696 1675 1753 Christum
1700 1696 1867 1753 fuisse

275 1789 646 1856 conﬁrmavit,
701 1789 849 1861 quod
902 1798 1012 1845 tam
1058 1805 1154 1860 per
1198 1789 1514 1860 sanguinem
1562 1804 1721 1859 quam
1769 1804 1868 1860 per

1968 583 2043 638 Ita
2075 589 2255 655 itaque
2281 601 2348 641 ex
2374 587 2616 641 locorum
2650 585 2933 642 occasione
2961 585 3015 640 in
3043 586 3237 656 quibus
3263 601 3418 656 aqua:
3444 603 3572 644 san-

1965 676 2249 747 guinisque
2275 678 2604 734 mentionem
2637 667 2820 733 retulit
2847 679 2951 733 huc
2965 678 3350 747 Tertullianus,
3370 688 3424 735 et
3445 696 3569 737 cum

1967 765 2300 824 Tertulliano
2336 781 2491 824 vetus
2539 770 2629 824 illa
2677 769 3033 840 proculdubio
3082 772 3573 844 Ecclesia,colligi‘

1966 875 2109 928 mus,
2139 875 2248 916 non
2280 861 2446 916 alium
2482 863 2664 932 utique
2708 863 3026 934 sanguinem
3075 879 3235 934 quam
3276 864 3574 936 baptisma-

1968 951 2072 1004 lcm
2103 965 2225 1006 esse
2250 951 2680 1022 intelligendum.

2043 1042 2181 1114 §l7.
2198 1074 2268 1083 —
2299 1045 2368 1098 At
2394 1047 2692 1114 aequivoce,
2725 1045 2957 1114 inquies,
2978 1046 3281 1102 communis
3301 1057 3421 1104 erat
3441 1048 3569 1120 bap-

1969 1136 2112 1190 tismi
2138 1135 2226 1190 illa
2256 1137 2395 1191 ratio
2424 1154 2598 1207 aqum,
2627 1139 2878 1209 sanguini
2910 1147 3071 1211 atque
3091 1139 3340 1210 Spiritui,
3369 1152 3427 1196 ut
3448 1157 3574 1212 pro-

1971 1228 2095 1283 inde
2118 1245 2224 1282 nou
2249 1230 2318 1284 sit
2347 1230 2491 1300 quod
2524 1247 2590 1285 ex
2621 1233 2894 1286 communi
2921 1234 3022 1287 hac
3053 1234 3306 1303 baptismi
3351 1235 3567 1291 ratione

1970 1318 2266 1375 inferamus
2319 1323 2598 1392 sanguinei
2654 1333 2814 1394 atque
2861 1326 3018 1392 aquei
3069 1320 3573 1395 baptismi'fructus

1970 1410 2188 1466 eosdem
2215 1427 2339 1468 esse
2370 1415 2755 1483 expectandos.
2784 1416 2838 1469 ld
2863 1431 2929 1470 ne
2960 1415 3189 1482 dicatur,
3223 1419 3573 1477 observamus

1972 1513 2232 1574 praeterea
2259 1515 2451 1574 quarto
2484 1506 2536 1559 iu
2582 1508 2700 1576 ipso
2732 1507 2822 1562 illo
2856 1508 3171 1563 initiationis
3217 1510 3572 1579 expiationis-

1974 1610 2078 1664 que
2110 1595 2240 1663 ritu,
2274 1598 2359 1650 cui
2392 1609 2738 1666 peccaturum
2773 1600 2916 1653 illam
2967 1603 3339 1672 purgationem
3369 1603 3575 1659 tribue-

1971 1687 2103 1742 bant
2130 1699 2362 1754 veteres,
2396 1698 2501 1744 tam
2534 1689 2870 1762 ft'equcntem
2905 1692 3075 1748 fuisse
3116 1695 3259 1765 apud
3303 1696 3422 1751 illos
3449 1713 3576 1752 sau-

1971 1780 2146 1850 guiuis
2195 1797 2356 1852 quam
2401 1797 2579 1852 aquze,
2603 1798 2782 1837 usum.
2814 1784 2871 1838 In
2920 1793 3146 1854 utraque
3195 1786 3282 1841 illa
3337 1796 3442 1842 tam
3481 1787 3579 1843 Ju-

274 1897 457 1953 aquam
484 1881 721 1948 venerit,
750 1881 804 1935 in
834 1896 900 1937 eo
929 1897 1125 1952 nempe
1155 1897 1363 1954 ponens
1383 1881 1667 1952 emphasin
1699 1891 1864 1950 atque
1895 1883 1943 1943 B
1973 1872 2238 1939 dreorum,
2271 1888 2434 1944 quam
2486 1873 2802 1938 Gentilium,
2845 1874 3150 1931 initiatione
3184 1877 3573 1934 sacriﬁciorum

276 1975 569 2045 argumenti
600 1974 737 2040 vim,
766 1974 912 2044 quod
933 1975 1117 2030 nonin
1145 1990 1280 2045 aqua
1313 1974 1488 2030 solum
1510 1973 1743 2038 venerit,
1768 1974 1862 2027 sed

275 2068 326 2123 in
375 2083 513 2138 aqua
541 2075 599 2122 et
656 2068 954 2137 sanguine,
988 2067 1130 2137 quod
1184 2066 1437 2121 nimirum
1480 2066 1631 2120 illum
1675 2065 1742 2119 de
1773 2063 1867 2118 ad-

275 2169 427 2216 ventu
471 2159 526 2214 in
571 2174 712 2228 aqua
743 2168 1063 2229 praetextum
1095 2173 1197 2214 nec
1227 2158 1625 2229 pseudochristi
1648 2157 1865 2228 quidem

276 2251 615 2322 abjeeissent,
646 2251 966 2322 sanguinem
1012 2250 1294 2306 dumtaxat
1324 2251 1464 2306 inter
1494 2249 1758 2306 adventus
1784 2249 1867 2304 sui

276 2345 414 2415 signa
445 2358 554 2399 non
588 2342 967 2398 adhibuissent
994 2342 1136 2412 (cum
1167 2357 1267 2398 nec
1294 2342 1396 2413 ipsi
1440 2342 1745 2396 antichristi
1769 2356 1867 2411 pa-

277 2437 458 2503 tiendi,
489 2450 588 2492 seu
641 2436 975 2506 exemplum,
1007 2450 1103 2491 seu
1134 2435 1295 2491 etiam
1337 2435 1756 2500 institutionem,
1782 2434 1868 2488 di-

277 2529 489 2599 scipulis
517 2529 994 2599 edidissent),qua
1025 2529 1144 2598 ipsa
1189 2528 1400 2584 ratione
1449 2528 1571 2583 illos
1622 2528 1869 2598 probata

275 2622 463 2678 Christi
489 2637 612 2679 esse
665 2623 888 2678 nomine
917 2621 1305 2689 excludendos,
1355 2615 1445 2692 qui
1477 2631 1766 2693 utrumque
1797 2623 1871 2678 si-

277 2730 434 2785 gnum
463 2715 726 2771 adhibere
755 2714 1029 2771 debuerit.

344 2808 546 2880 §16.—
561 2808 672 2865 Nec
684 2809 791 2865 alio
808 2809 1152 2865 referendum
1168 2807 1421 2863 existimo
1438 2807 1604 2879 quod,
1621 2808 1674 2862 in
1691 2807 1870 2863 Evan-

275 2901 432 2972 gelio,
451 2901 662 2973 signum
695 2901 827 2956 illud
853 2899 923 2956 de
954 2916 1093 2970 aqua
1124 2910 1178 2956 et
1199 2901 1460 2972 sanguine
1481 2916 1518 2963 le
1548 2901 1735 2956 lateris
1757 2902 1872 2956 vul-

278 3008 404 3048 nere
441 2993 494 3047 in
532 3007 700 3049 cruce
731 2993 1077 3049 manantibus
1127 3001 1411 3063 tantopere
1440 2992 1870 3048 conﬁrmandum

277 3084 559 3140 crediderit
592 3085 907 3154 Apostolus,
942 3086 1097 3157 quasi
1144 3085 1211 3160 de
1257 3101 1324 3141 eo
1371 3085 1561 3139 fuisset
1603 3086 1871 3140 maximo-

277 3191 400 3246 pere
455 3176 777 3232 dubitatum.
838 3176 906 3230 Et
967 3178 1054 3247 qui
1117 3177 1288 3242 vidit,
1348 3177 1566 3247 inquit,
1629 3178 1874 3233 testiino-

1970 1978 2124 2018 usum
2140 1964 2514 2021 intercessisse
2541 1981 2700 2020 nemo
2714 1976 2796 2022 est
2817 1967 2943 2037 quin
2968 1966 3578 2030 facile;coucedat.Nota

1969 2065 2052 2110 est
2084 2056 2225 2127 apud
2263 2055 2482 2112 Judaaos
2519 2060 2681 2113 etiam
2738 2061 3087 2116 rabbinorum
3137 2064 3235 2118 illa
3266 2065 3577 2124 observatio

1971 2162 2077 2218 qua
2137 2147 2238 2202 tria
2284 2147 2470 2204 dicunt
2527 2150 2580 2204 in
2619 2151 3179 2223 proselytismoesse
3207 2157 3576 2228 observanda,

1972 2240 2478 2308 circumcisionem,
2556 2245 2880 2299 sacriﬁcium
2929 2255 3090 2318 atque
3138 2248 3486 2319 baptismum.
3516 2253 3582 2308 Et

1975 2349 2104 2389 vero
2132 2335 2382 2390 sacriﬁcii
2413 2336 2588 2391 vicem
2619 2339 2964 2408 sustinuisse,
2996 2357 3063 2396 ex
3086 2351 3329 2398 veterum
3358 2355 3579 2402 senten-

1977 2427 2069 2488 tia,
2101 2429 2421 2500 martyrium
2447 2431 2559 2500 jam
2589 2431 2958 2501 probavimus.
2989 2435 3162 2490 Porro
3198 2447 3396 2506 prmter
3416 2441 3584 2495 sacri-

1977 2521 2220 2576 ﬁciorum
2238 2524 2580 2593 sanguinem,
2599 2539 2667 2580 ne
2689 2525 2740 2580 id
2754 2526 2971 2597 quidem
2987 2538 3103 2583 erat
3124 2545 3152 2582 a
3179 2532 3452 2586 communi
3480 2533 3583 2587 ini-

1977 2614 2256 2668 tiatiouum
2285 2631 2386 2670 usu
2412 2617 2646 2672 alienum
2671 2627 2729 2672 ut
2749 2633 2905 2674 suum
2934 2636 3149 2691 quoque
3172 2623 3488 2692 sanguinem
3512 2625 3582 2679 ad

1977 2708 2057 2762 sui
2089 2710 2452 2780 expiationem
2483 2711 2824 2769 adhiberent.
2871 2712 3088 2770 Clarum
3121 2715 3252 2772 illud
3293 2727 3376 2772 est
3403 2719 3456 2773 in
3477 2719 3582 2774 cir-

1978 2802 2311 2858 cumcisione
2351 2803 2493 2874 apud
2528 2804 2746 2860 Iudaeos
2794 2807 3127 2878 exemplum.
3163 2808 3269 2866 Sed
3299 2820 3354 2866 et
3384 2811 3435 2865 in
3464 2811 3583 2867 Bel-

1977 2894 2116 2951 lonae
2167 2896 2339 2953 initiis
2385 2901 2702 2970 sanguinem
2749 2902 3010 2957 emissum
3051 2917 3171 2958 esse
3214 2904 3476 2960 discimus
3514 2920 3580 2961 ex

1977 2986 2312 3042 Tertulliano
2362 2989 2678 3062 (Apologet.,
2726 3007 2776 3047 c.
2811 2989 2939 3066 8)":
2985 2993 3180 3062 Hodie,
3233 2996 3427 3067 inquit,
3459 2998 3581 3054 istic

1977 3081 2214 3136 Bellonae
2263 3093 2508 3138 sacratus
2562 3086 2781 3157 sanguis
2835 3087 2904 3142 de
2951 3087 3155 3144 femore
3208 3091 3480 3161 proscisso
3524 3095 3578 3149 in

1979 3175 2270 3243 palmulam
2302 3187 2563 3247 exceptus
2594 3179 2702 3233 suis
2733 3178 2890 3235 datur
2941 3182 3185 3250 signatis.
3221 3182 3474 3254 Ejusdem
3507 3188 3579 3242 ri-

280 3269 416 3321 nium
454 3269 748 3338 perhibuit,
781 3277 835 3323 et
860 3284 1044 3323 verum
1099 3279 1182 3323 est
1235 3269 1580 3348 testimonium
1637 3271 1766 3340 ejus.
1807 3270 1869 3324 Et
1898 3274 1943 3336 (ι
1979 3276 2065 3322 tus
2119 3269 2486 3325 meminerunt
2523 3282 2578 3326 et
2625 3271 2737 3327 alii.
2771 3271 2904 3330 Cum
2953 3282 3130 3330 tamen
3175 3279 3248 3330 ita
3295 3279 3496 3332 scribat
3527 3281 3579 3334 in

279 3361 362 3413 ille
384 3363 473 3416 scit
513 3363 635 3433 quia
665 3379 782 3417 vera
828 3363 985 3427 dicit,
1011 3372 1066 3416 ut
1113 3374 1161 3418 et
1206 3380 1293 3417 vos
1332 3364 1552 3419 credatis
1575 3364 1866 3436 (S.Joan.,

281 3467 395 3519 xtx,
421 3452 533 3526 35).
561 3453 623 3508 Ni
666 3455 899 3524 quzestio
925 3453 1120 3510 fuisset
1146 3455 1286 3510 inter
1305 3454 1531 3509 aemulus
1548 3454 1765 3522 Christi,
1783 3473 1868 3524 ea,

281 3561 374 3615 qua
403 3546 553 3612 dixi,
586 3547 1004 3603 ratiocinatione
1054 3546 1395 3602 terminauda
1417 3589 1432 3614 ,
1484 3547 1601 3630 alia.
1631 3549 1872 3617 profecto

282 3639 479 3695 Domini
509 3642 770 3697 miracula
788 3643 1003 3698 abunde
1025 3642 1144 3713 ejus
1163 3657 1192 3697 a
1224 3652 1372 3713 patre
1398 3642 1710 3698 missionem
1733 3659 1867 3701 con-

284 3733 604 3790 ﬁrmassent.
638 3735 842 3790 Eorum
873 3744 1054 3791 tamen
1093 3734 1476 3790 miraculorum
1499 3743 1665 3800 testes
1692 3737 1872 3794 nullos

284 3828 510 3893 protulit,
545 3827 746 3883 nedum
783 3836 934 3884 tanta
990 3828 1100 3893 illa,
1135 3843 1259 3898 qua.
1282 3827 1368 3882 hic
1425 3842 1553 3883 usus
1582 3841 1685 3896 est,
1719 3846 1871 3887 asse-

281 3920 571 3976 veratione.
605 3919 746 3986 Quid
784 3919 928 3990 quod
955 3923 1119 3977 verba
1153 3922 1262 3988 illa,
1297 3931 1352 3976 ut
1378 3930 1564 3990 ctvos,
1588 3925 1870 3994 emphasin

283 4014 561 4082 quamdam
605 4014 842 4070 habeant
869 4016 1145 4080 eximiam,
1177 4005 1386 4084 reliqua.
1419 4016 1872 4073 nimirurnanira-

281 4104 388 4160 cuia
415 4107 902 4164 inﬁdelium‘causa
924 4107 1090 4164 fuisse
1121 4119 1229 4162 tam
1274 4109 1440 4176 edita,
1465 4124 1625 4180 quam
1656 4112 1873 4181 scriptis

283 4200 429 4254 etiam
455 4201 776 4272 consignata
799 4217 814 4268 ;
840 4200 946 4257 hoc
971 4217 1138 4256 unum
1160 4200 1281 4256 aliis
1299 4203 1519 4258 omnino
1544 4203 1871 4259 adversariis

282 4280 434 4348 fuisse
459 4292 794 4348 destinatum
827 4293 933 4348 illis
955 4294 1212 4349 nimirum
1240 4308 1472 4365 quorum
1497 4294 1667 4365 gratia
1696 4296 1871 4366 scrip-

289 4393 390 4439 tum
428 4383 620 4442 fuisset
648 4385 1023 4457 Evangelium,
1046 4386 1515 4441 antichristorum‘
1549 4386 1870 4442 aemulorum

283 4477 656 4532 assertoribus.
696 4476 868 4533 flecte
898 4477 1079 4548 itaque
1103 4476 1244 4531 hanc
1273 4477 1551 4547 sanguinis
1577 4478 1783 4548 pariter
1807 4493 1872 4535 ac

279 4585 418 4641 aqua:
442 4585 475 4626 e
502 4570 709 4626 Christi
762 4570 934 4627 latere
979 4570 1328 4626 emissionem
1349 4612 1364 4636 ,
1393 4573 1555 4642 atque
1597 4571 1868 4641 duplicem

1976 3356 2278 3414 Commodo
2304 3377 2403 3416 suo
2427 3360 2792 3432 Lampridius,
2823 3383 2842 3416 ο
2873 3364 3107 3419 Bellonae
3130 3367 3430 3423 servientes
3457 3385 3582 3423 vere

1976 3465 2238 3506 exsecare
2269 3452 2550 3509 brachium
2581 3457 2876 3524 przecepit',
2916 3475 2936 3509 ι
2967 3457 3173 3528 colligit
3227 3457 3582 3517 Casaubonus

1979 3542 2295 3613 plerumque
2341 3544 2463 3599 ﬁcta
2502 3553 2557 3600 et
2587 3545 2838 3601 simulata
2892 3556 3098 3604 tantum
3159 3549 3326 3606 fuisse
3355 3551 3579 3607 vulnera

1977 3633 2427 3692 Bellonariorum.
2452 3637 2533 3693 Eo
2559 3650 2826 3694 venerunt
2849 3639 3082 3696 fortasse
3106 3643 3444 3699 mollioribus
3465 3645 3578 3699 suis

1977 3730 2528 3799 interpretatiuuculis
2585 3731 2802 3788 fanatici
2855 3734 3210 3790 recentiores.
3251 3736 3357 3792 Sed
3388 3753 3576 3793 verum

1979 3818 2148 3876 fuisse
2197 3825 2473 3893 sanguinis
2516 3825 2863 3882 emissionem
2913 3844 3032 3897 qua:
3085 3828 3153 3882 ab
3182 3830 3579 3900 antiquioribus

1979 3911 2281 3969 introducta
2332 3925 2439 3982 est,
2472 3926 2527 3971 ct
2568 3933 2753 3972 verum
2787 3919 2932 3974 illam
2960 3935 3080 3990 quae
3130 3937 3159 3975 a
3194 3923 3453 3980 militibus
3478 3923 3578 3978 ob-

1977 4017 2194 4062 servata
2216 4018 2298 4064 est
2324 4009 2562 4068 Bellona:
2590 4011 2834 4078 initiatis,
2859 4029 2890 4069 e
2920 4014 3233 4084 supradicto
3260 4015 3581 4078 Tertulliani
3646 4012 3651 4017 ’

1976 4096 2098 4153 loco
2127 4099 2436 4170 colligimus
2467 4113 2628 4172 atque
2658 4101 2890 4175 Vegetii,
2912 4105 3251 4177 aliorumque
3277 4107 3580 4178 plerorum-

1975 4204 2082 4260 que
2096 4191 2184 4261 qui
2201 4192 2359 4262 hujus
2374 4195 2510 4250 ritus
2525 4197 2908 4254 meminerunt.
2924 4196 2994 4254 Et
3011 4214 3139 4256 vero
3157 4203 3583 4258 vetustissimum

1975 4279 2147 4339 fuisse
2170 4283 2323 4340 illum
2355 4286 2690 4346 lustrationis
2724 4307 2931 4348 morem
2964 4308 3061 4364 per
3107 4296 3383 4365 sanguinis
3424 4298 3582 4354 emis-

1977 4376 2185 4431 sionem
2203 4392 2235 4432 e
2260 4380 2677 4452 quamplurimis
2701 4385 3380 4465 constatScripturae‘locis
3401 4386 3578 4457 :Leu.,

1975 4483 2092 4534 XIX,
2124 4468 2195 4523 28
2220 4486 2235 4536 ;
2262 4469 2445 4538 Deut...
2475 4487 2586 4540 xlv,
2619 4476 2644 4530 l
2677 4491 2692 4541 ;
2722 4476 2744 4531 Ι
2777 4476 2930 4548 Reg.,
2967 4494 3119 4545 xvut,
3148 4477 3259 4545 28;
3292 4478 3432 4547 Jer.,
3468 4496 3576 4546 XVI,

1975 4559 2129 4616 6.1m
2155 4577 2353 4634 nempe
2381 4565 2624 4634 Baalitae,
2646 4568 2716 4623 ita
2745 4567 2884 4624 Galli
2911 4569 3166 4642 (quorum
3195 4571 3340 4628 diem
3368 4586 3582 4628 sacrum

281 4662 411 4718 hunc
451 4679 608 4734 aqua:
665 4663 1048 4735 sanguinisque
1087 4662 1434 4733 baptismum,
1464 4663 1657 4720 eodem
1688 4664 1871 4720 retulit
1896 4666 1950 4727 1)
1976 4668 2030 4708 ιι
2057 4653 2167 4710 kal.
2221 4657 2378 4726 april.
2429 4674 2590 4730 quem
2643 4670 2698 4717 et
2725 4664 3002 4733 sanguinis
3030 4665 3174 4720 diem
3215 4665 3579 4736 appellabat".

279 4752 657 4810 Tertullianus.
685 4753 844 4821 Quod
871 4753 1013 4810 enim
1044 4754 1308 4810 adversus
1354 4753 1576 4810 eosdem
1620 4755 1874 4819 adversa-

279 4849 380 4903 rios
415 4848 726 4919 conscripta
770 4856 955 4903 essent
1000 4847 1069 4904 ab
1095 4847 1377 4917 Apostolo,
1408 4847 1535 4904 inde
1582 4863 1713 4905 sane
1743 4850 1876 4906 veri-

277 4939 440 4995 simile
467 4948 555 4996 est
608 4938 807 4996 eodem
836 4953 957 4994 esse
983 4937 1288 4995 referenda.
1324 4938 1393 4994 Et
1415 4941 1539 5011 quia
1567 4955 1693 5003 cum
1719 4955 1873 5012 aqua:

279 5042 329 5088 et
391 5034 628 5106 Spiritus
705 5033 991 5104 baptismis
1051 5035 1126 5089 ita
1190 5034 1410 5106 sanguis
1475 5034 1545 5090 ab
1611 5034 1891 5116 Apostolo‘

279 5125 318 5198 (ι
339 5127 520 5196 leam,
544 5143 602 5195 v,
629 5126 686 5199 8)
707 5125 1014 5196 confertur,
1043 5135 1102 5182 ut
1128 5127 1246 5197 ipse
1291 5127 1594 5182 ternarium
1612 5142 1734 5182 cum
1764 5127 1871 5183 illis

278 5237 550 5278 numerum
578 5219 878 5287 conﬁciat;
908 5221 1065 5291 plane
1114 5219 1359 5290 sequitur
1410 5219 1661 5290 baptismi
1708 5221 1871 5277 etiam

278 5315 532 5370 rationem
561 5313 812 5386 sanguini
839 5327 963 5368 cum
992 5327 1130 5382 aqua
1155 5311 1321 5368 fuisse
1339 5325 1706 5369 communem.
1735 5313 1870 5383 Quia

279 5407 427 5463 etiam
451 5422 518 5464 ex
545 5421 700 5479 aquze
721 5415 777 5462 et
802 5404 1081 5477 sanguinis
1099 5405 1391 5460 emissione
1416 5404 1491 5459 ita
1522 5403 1869 5461 antichristus

277 5497 462 5554 refutat
490 5499 546 5555 in
593 5497 888 5570 Evangelio
916 5505 976 5553 ut
1004 5497 1058 5552 in
1087 5497 1319 5568 epistola
1344 5496 1603 5552 rcfutarat
1649 5513 1748 5568 per
1771 5499 1870 5554 ad-

279 5604 487 5650 ventum
533 5594 590 5650 in
621 5607 761 5664 aqua
799 5602 853 5648 et
894 5592 1160 5662 sanguine
1189 5608 1203 5646 :
1237 5591 1483 5662 sequitur
1511 5601 1794 5661 praeterea,
1825 5593 1868 5648 si

281 5684 330 5740 in
349 5686 572 5759 epistola
606 5702 704 5759 per
725 5687 1043 5758 sanguinem
1071 5687 1368 5758 baptismus
1396 5686 1674 5757 sanguinis
1704 5687 1869 5744 intel-

282 5776 512 5851 ligendus
554 5780 655 5850 sit,
703 5781 759 5836 in
786 5778 1085 5837 emissione
1125 5777 1288 5834 etiam
1337 5777 1427 5834 illa
1457 5793 1613 5850 aqua:
1652 5787 1709 5835 et
1736 5794 1868 5836 san-

270 5871 452 5947 guinis,
485 5891 607 5950 quae
656 5876 710 5936 in
756 5872 1059 5947 Evangelia
1107 5880 1472 5943 memoratur,
1519 5887 1674 5946 aqum
1705 5873 1867 5936 etiam

1979 4757 2248 4804 memorat
2278 4752 2332 4805 in
2364 4751 2429 4807 D.
2471 4750 2696 4810 Claudio
2733 4755 3039 4812 Trebellius
3069 4757 3265 4827 Pollio,
3298 4773 3582 4830 perperam

1977 4842 2124 4896 enim
2171 4857 2234 4898 ea
2264 4844 2332 4900 ad
2380 4844 2661 4903 Bellonam
2707 4849 2896 4905 retulit
2945 4849 3316 4918 Casaubonus,
3367 4868 3488 4924 quae
3515 4852 3582 4908 ad

1975 4951 2224 5007 magnam
2258 4949 2486 4996 matrem
2515 4941 2634 5012 ipse
2657 4943 2840 5000 retulit
2862 4943 3214 5018 Trebellius),
3243 4947 3315 5001 ita
3339 4945 3495 5000 Isiaci
3527 4955 3584 5001 et

1975 5030 2204 5104 Luperci
2229 5032 2409 5106 ﬂagris
2443 5050 2565 5092 sese
2604 5047 2952 5109 pectorumve
2975 5040 3314 5096 tunsionibus
3343 5039 3485 5095 male
3515 5040 3584 5095 ad

1975 5127 2252 5197 sanguinis
2277 5129 2592 5187 missionem
2613 5148 2782 5202 usque
2806 5133 3358 5191 mulctantes.Eodem
3376 5135 3594 5207 scilicet,

1973 5221 2226 5291 exemplo
2274 5237 2381 5293 quo
2430 5238 2528 5280 sua
2557 5240 2771 5297 quoque
2818 5241 2941 5283 cum
2991 5227 3328 5284 daemonibus
3376 5227 3581 5285 foedera

1973 5313 2244 5372 Veneﬁca!
2270 5319 2433 5374 etiam
2455 5321 2720 5391 sanguine
2745 5321 3002 5378 dicuntur
3027 5321 3187 5378 hodie
3209 5323 3444 5377 sancire.

2046 5407 2074 5480 ς
2103 5408 2270 5463 18.--
2289 5409 2476 5483 Neque
2494 5427 2624 5468 vero
2648 5413 2921 5472 initiorum
2951 5415 3232 5471 dumtaxat
3257 5416 3430 5470 vicem
3453 5430 3584 5486 sup-

1975 5500 2154 5570 plebat
2210 5502 2511 5573 baptismus
2535 5548 2550 5574 ,
2607 5507 2748 5576 pacti
2787 5509 2947 5562 etiam
2997 5507 3144 5562 illam
3185 5507 3481 5563 obtinebat.
3510 5508 3587 5563 At

1975 5593 2362 5663 paciscentium
2388 5612 2603 5669 quoque
2633 5613 2749 5652 mos
2775 5609 2892 5654 erat
2921 5613 3020 5654 suo
3048 5599 3285 5655 invicem
3314 5599 3582 5665 sanguine

1974 5685 2179 5743 fmdera
2225 5690 2458 5745 sancire.
2491 5691 2568 5745 lla
2613 5675 3083 5747 circumcisionem
3127 5705 3280 5745 suam
3310 5688 3585 5759 intellige-

1975 5781 2104 5837 bant
2131 5781 2324 5839 Judaei.
2349 5781 2503 5839 Unde
2539 5783 2702 5839 etiam
2749 5783 2838 5854 qui
2866 5791 3023 5854 pacto
3068 5783 3306 5837 mosaico
3336 5793 3433 5849 pcr
3460 5793 3583 5838 san-

1973 5876 2194 5949 guinem
2229 5874 2473 5937 initiatus
2495 5876 2705 5947 fuisset,
2730 5890 2873 5949 eum,
2896 5890 2993 5947 pro
3021 5874 3254 5946 receptis
3274 5869 3593 5930 intimorum
