3888 6338
318 354 388 410 65
1313 347 1678 408 DODWEIJJ
1717 344 2171 404 DISSERTATIO
2209 345 2625 410 CYPlllANICA
3557 356 3632 413 ﬁt

318 473 577 540 moribus,
601 478 712 560 pm
752 477 902 529 nam
929 471 1258 542 appellatum
1285 471 1351 526 ad
1381 470 1579 536 Exuit,
1611 485 1684 534 tv,
1708 468 1799 533 26,
1825 465 1921 520 oh-
1950 465 1999 523 A
2030 461 2165 560 irato
2218 464 2438 520 numine
2483 467 2671 536 patria:
2715 466 2991 526 calamitas
3021 485 3144 542 quae
3187 473 3482 530 multorum
3510 464 3631 529 citi—

321 574 608 622 servarunt
655 565 838 621 Medus
893 573 1054 636 atque
1097 564 1414 636 Gregorius,
1445 573 1499 618 et
1547 571 1670 616 ante
1728 560 1919 615 illosin

321 655 522 713 Lexico
554 673 654 712 suo
692 656 1068 713 Sebindlerus.
1101 656 1244 713 Idem
1300 657 1351 710 in
1403 653 1679 725 gentilium
1709 667 1919 723 quoque

321 751 498 821 pactis
525 750 774 818 obtinuit,
808 765 1039 820 quorum
1077 749 1326 819 equidem
1352 745 1665 801 memoriam
1690 744 1920 812 aliquant

324 841 490 899 hodie
529 841 846 910 retinemus,
879 843 1285 914 antiquissimis.
1324 841 1397 895 De
1427 839 1594 895 Medis
1618 848 1778 908 atque
1819 837 1923 908 Ly-

327 933 410 990 dis
434 944 624 990 auctor
668 946 746 991 est
801 937 853 990 in
898 936 1013 990 Clio
1060 933 1380 1001 Herodotus,
1425 931 1569 1009 ὅρκια
1600 931 1653 988 δὲ
1691 933 1919 986 ποιέεται

321 1033 494 1084 ταῦτα
519 1030 588 1085 τὰ
620 1026 766 1084 ἔθνεα
809 1030 1031 1104 τάπερτε
1076 1028 1304 1088 Ελληνες·
1348 1031 1436 1082 καὶ
1481 1027 1610 1103 πρὸς
1648 1026 1740 1079 τού
1795 1043 1928 1076 τοισι

323 1121 479 1178 ἐπεὰν
508 1125 629 1184 τοὺς
651 1123 941 1199 βραχίονας
971 1120 1339 1196 ἐπιτάμωνται.
1363 1142 1414 1182 ες
1437 1125 1526 1179 τὴν
1548 1117 1852 1193 ὁμοχροιΐην
1872 1115 1928 1167 τὸ

327 1211 456 1288 αἷμα
496 1215 837 1288 ἀναλείχουσι
876 1215 1114 1275 ἀλλήλων.
1146 1216 1219 1271 De
1250 1214 1459 1285 Scythis
1480 1215 1531 1267 in
1563 1210 1882 1282 Melpomene
1909 1221 1927 1258 :

330 1304 481 1382 ὅρκια
524 1303 577 1358 δὲ
601 1311 868 1360 ποιοῦνται
890 1307 1070 1361 Σκύθαι
1095 1303 1189 1362 ὧδε
1208 1350 1221 1372 ,
1250 1309 1379 1383 πρὸς
1402 1307 1523 1364 τούς
1550 1299 1608 1357 ἂν
1637 1303 1924 1356 ποιέω-παν

328 1404 378 1457 3;
399 1396 582 1451 κύλικα
607 1397 827 1470 μεγάλην
857 1401 1129 1474 κεραμίνην
1157 1395 1286 1454 οἶνον
1310 1401 1607 1470 ἐγχέαντες,
1638 1391 1767 1466 αἷμα
1789 1415 1923 1462 συμ-

324 1492 573 1564 μίσγουσι
600 1498 698 1548 τῶν
736 1493 801 1546 τὰ
829 1490 974 1568 ὅρκια
1006 1495 1348 1566 ταμνομένων.
1385 1492 1458 1546 De
1485 1491 1674 1545 iisdem
1713 1489 1928 1558 Scythis

325 1589 489 1650 atque
519 1580 689 1637 Medis
733 1582 803 1635 ita
845 1581 1061 1638 Solinus
1091 1599 1103 1635 :
1143 1601 1161 1634 ι
1195 1583 1401 1638 Haustu
1445 1582 1618 1637 mutui
1649 1582 1926 1652 sanguinis

325 1672 504 1728 ftedus
537 1673 805 1737 sanciunt,
837 1689 942 1730 non
974 1689 1073 1730 suo
1106 1685 1308 1730 tantum
1333 1690 1504 1738 more,
1531 1672 1625 1729 sed
1648 1673 1924 1730 Medorum

325 1778 542 1834 quoque
577 1773 830 1833 usurpata
857 1765 1160 1834 disciplina.
1201 1784 1220 1817 ι
1257 1766 1564 1838 (Polyltisl.,
1615 1781 1667 1821 c.
1701 1766 1818 1836 20.)
1859 1765 1927 1820 Et

2035 558 2170 612 tium
2199 559 2550 628 epidemicum
2581 562 2897 631 minaretur,
2942 564 3236 620 multorum
3271 567 3392 622 vita:
3421 580 3631 638 pauco—

2031 668 2148 707 rum
2205 663 2359 708 erant
2410 656 2670 725 sanguine
2715 657 3078 724 redimendae,
3120 661 3232 714 sive
3281 659 3324 714 is
3357 662 3631 717 sacriﬁcio

2031 755 2192 811 esset,
2219 747 2331 800 sive
2357 746 2462 800 alio
2492 747 2671 815 aliquo
2710 748 2870 803 modo
2897 749 3243 807 hauriendus.
3268 751 3399 806 Eam
3429 754 3631 828 ἀνθρω-

2038 840 2304 906 ποθυσίας,
2336 840 2485 909 apud
2504 840 2790 896 Platenicas
2820 841 3079 897 rationem
3104 842 3336 899 reddidit
3363 843 3489 916 (Ap.
3523 843 3635 896 Eu-

2031 930 2156 993 seb.,
2176 928 2352 1003 Pra'p.
2379 934 2753 1004 evang.,t,10;
2779 948 2849 1000 tv,
2870 930 2939 989 16
2959 950 2973 992 :
2992 932 3279 1006 Porphyr.,
3294 935 3356 989 de
3371 935 3516 990 Abst.
3530 979 3545 1002 ,
3571 951 3632 1002 tt,

2032 1018 2145 1091 lib),
2167 1022 2306 1091 apud
2337 1023 2612 1080 Philonem
2645 1025 2905 1098 Byblium,
2935 1026 3144 1082 Pseudo
3174 1028 3474 1083 Sanchonia
3499 1029 3634 1083 thon

2029 1123 2238 1180 auctor,
2269 1125 2325 1168 ιιι
2353 1116 2514 1186 vulgo
2540 1119 2798 1182 creditur,
2823 1121 3233 1176 vetustissimus.
3262 1121 3519 1178 Eamdem
3549 1122 3637 1178 di-

2029 1215 2157 1261 cunt
2190 1207 2451 1262 rationem
2496 1210 2787 1281 mytlmlogi
2835 1228 2930 1267 cur
2976 1212 3214 1284 Phryrus
3263 1223 3316 1269 et
3347 1214 3501 1270 llelte
3533 1229 3631 1268 sa-

2029 1299 2236 1354 criﬁcio
2261 1301 2682 1367 destinarentur,
2715 1319 2834 1358 cmn
2867 1315 3023 1360 terra:
3051 1306 3306 1362 sterilitas
3340 1307 3440 1381 (ita
3470 1309 3634 1364 enim

2032 1392 2340 1446 Athamanti
2366 1397 2630 1462 persuasit
2659 1395 2776 1468 lno)
2801 1397 2992 1452 famem
3026 1399 3340 1454 minaretur.
3365 1399 3634 1454 Eamdetu

2030 1497 2129 1537 cur
2154 1483 2347 1539 Leonis
2396 1485 2540 1552 ﬁliae,
2573 1501 2670 1541 cur
2719 1487 3083 1556 Andromeda,
3130 1504 3227 1544 cur
3251 1490 3443 1556 etiam,
3486 1490 3635 1561 apud

2031 1577 2362 1633 recentiores
2408 1578 2698 1645 Romanos,
2715 1578 2928 1636 Curtius
2955 1592 3008 1636 et
3035 1582 3146 1636 duo
3175 1583 3320 1637 Decii
3340 1597 3418 1647 se,
3443 1581 3639 1653 patrie

2031 1668 2311 1723 servanda:
2341 1671 2671 1742 augendaeve
2699 1673 3072 1743 gratia,exitio
3094 1675 3436 1732 devoverint.
3467 1676 3640 1731 Excr-

2031 1762 2169 1816 cilus
2194 1764 2420 1819 salutem
2453 1765 2621 1820 voluit
2644 1767 3013 1836 Agamemnon
3047 1765 3322 1839 Iphigenia
3353 1768 3459 1822 tilia
3484 1782 3581 1823 sua
3620 1786 3635 1832 ;

328 1868 460 1909 vero
484 1855 715 1910 aliorum
745 1855 1116 1924 barbarorum,
1142 1871 1368 1927 quorum
1393 1857 1508 1912 haec
1531 1866 1744 1928 recepta
1767 1856 1930 1913 fuerit
1957 1850 2005 1910 B
2036 1853 2203 1908 voluit
2224 1865 2278 1911 et
2307 1855 2458 1910 hoste
2501 1856 2794 1928 Polyxena,
2824 1858 3154 1914 immolanda
3195 1874 3431 1914 servare.
3467 1857 3640 1914 Multa

329 1948 684 2017 consuetudo,
711 1950 1077 2006 meminerunt
1106 1951 1346 2006 historici
1375 1951 1538 2006 etiam
1573 1951 1925 2006 recentiores.

328 2028 664 2113 Quamquam
680 2052 735 2099 et
753 2045 806 2098 in
829 2044 934 2099 illis
951 2059 1166 2115 quoque
1194 2045 1470 2101 brutorum
1487 2043 1770 2100 sacriﬁciis
1788 2044 1928 2100 idem

331 2134 663 2191 intellexisse
682 2137 915 2207 gentiles
931 2137 1287 2193 ostenderunt
1316 2138 1483 2193 nostri
1503 2137 1764 2194 adversus
1791 2138 1928 2193 soci-

331 2227 542 2287 nianos.
577 2227 854 2283 hominum
884 2227 1055 2284 vicem
1088 2229 1324 2298 gessisse
1357 2230 1476 2285 illas
1505 2232 1782 2286 brutorum
1817 2244 1929 2284 ma-

331 2322 600 2377 ctationes
627 2321 820 2377 similia
848 2322 949 2379 sibi
972 2323 1397 2394 imprecantium
1426 2323 1469 2378 si
1514 2322 1674 2376 fidem
1709 2321 1932 2377 fefellis~

332 2425 480 2472 sent.
511 2415 654 2486 Ergo
685 2415 772 2471 ille
799 2431 1016 2486 quoque
1045 2414 1437 2472 sacrificiorum
1463 2417 1680 2488 sanguis
1709 2415 1929 2470 humani

339 2515 518 2562 tamen
545 2515 666 2563 erat
702 2505 979 2578 sanguinis
1016 2508 1248 2563 vicarius
1269 2547 1284 2573 ,
1331 2508 1632 2577 eodemque
1662 2518 1778 2563 erat
1812 2507 1931 2563 loco

331 2599 636 2656 censendus
657 2615 721 2656 ac
751 2602 798 2656 si
828 2602 989 2657 homo
1019 2602 1135 2672 ipse
1183 2602 1497 2672 sanguinem
1541 2603 1813 2673 proprium
1836 2618 1930 2674 op-

331 2694 696 2766 pignoraSset.
725 2693 968 2766 Cumque
997 2695 1196 2766 duplex
1243 2706 1388 2752 esset
1418 2695 1558 2761 hmo,
1607 2711 1765 2766 quam
1794 2696 1926 2760 dixi,

339 2794 448 2841 tam
475 2785 616 2857 apud
646 2784 863 2843 Iudaeus
886 2803 1047 2858 quam
1075 2787 1322 2858 gentiles,
1353 2804 1505 2859 aquae
1527 2798 1687 2858 atque
1715 2789 1932 2859 sangui-

333 2879 436 2942 nis,
453 2885 795 2947 peccatorum
819 2879 1206 2947 expiandorum
1221 2880 1410 2950 gratia,
1428 2890 1644 2950 recepta
1664 2880 1930 2946 lustratio;

334 2970 511 3038 major
539 2980 718 3027 tamen
761 2971 965 3027 credita
1014 2981 1132 3037 est,
1179 2973 1453 3042 sanguinis
1484 3013 1498 3034 .
1548 2989 1707 3044 quam
1755 2989 1931 3044 aquae,

337 3061 600 3117 efficacia.
650 3062 879 3119 Leviora
922 3064 1066 3120 enim
1114 3073 1270 3119 erant
1300 3063 1390 3119 illa
1421 3079 1541 3135 qua:
1572 3081 1724 3134 aqua:
1751 3080 1936 3135 asper-

333 3156 488 3211 sione
533 3157 796 3226 expianda
841 3157 1216 3214 crederentur.
1255 3156 1516 3212 Graviora
1562 3173 1789 3228 quaeque
1816 3172 1935 3228 qua:

2034 1955 2161 1999 sunt
2211 1946 2401 2001 eodem
2450 1951 2747 2019 spectantia
2798 1951 3044 2022 exempla
3071 1967 3191 2023 qua:
3225 1952 3436 2023 plenam
3468 1953 3637 2010 ﬁdem

2032 2037 2232 2093 faciant
2271 2049 2529 2110 quantum
2571 2041 2624 2096 in
2674 2041 2926 2098 humanis
2974 2044 3289 2100 criminibus
3339 2047 3640 2119 expiandis

2035 2131 2271 2187 humano
2321 2135 2567 2205 sanguini
2599 2136 2905 2202 tribuerint,
2939 2149 3194 2208 quantum
3250 2139 3412 2195 etiam
3442 2142 3640 2211 aqueis

2033 2225 2181 2280 itlmn
2231 2227 2634 2284 lustrationibus
2665 2231 3014 2298 praetulerint.
3047 2230 3201 2302 Apud
3255 2231 3478 2286 Iudaeos
3509 2232 3632 2302 ipsa

2035 2320 2376 2374 circumcisio
2403 2323 2710 2393 sanguinea:
2731 2323 2951 2379 omnino
2990 2325 3310 2393 espiationis
3339 2323 3476 2397 (sive
3504 2326 3638 2396 bap-

2038 2412 2256 2468 tismum
2301 2429 2421 2468 cum
2484 2415 2708 2469 Domino
2736 2416 3011 2486 appellare
3043 2415 3219 2488 malis)
3261 2417 3431 2472 vicem
3463 2417 3639 2471 sustia

2039 2506 2220 2572 nebat,
2275 2516 2328 2560 et
2359 2507 2574 2575 quidem
2630 2507 2866 2563 humano
2913 2508 3082 2578 ipsius
3133 2509 3324 2564 initiati
3369 2510 3640 2581 sanguine

2039 2591 2314 2654 faciendae.
2347 2598 2480 2654 Cum
2512 2600 2690 2671 itaque
2717 2600 2767 2655 id
2798 2617 2958 2656 unum
2987 2601 3052 2656 ad
3081 2601 3334 2672 baptismi
3367 2603 3638 2658 rationem

2038 2692 2254 2761 pr0prie
2283 2703 2492 2761 spectet
2522 2701 2579 2746 ut
2607 2693 2657 2746 in
2688 2708 2754 2747 eo
2785 2701 3002 2763 peccata
3030 2693 3296 2764 expianda
3327 2693 3473 2760 sint;
3507 2709 3637 2750 cum

2038 2787 2220 2853 etiam,
2257 2787 2307 2841 in
2349 2802 2409 2840 ea
2448 2788 2768 2856 expiationis
2811 2787 3041 2852 ratione,
3090 2786 3336 2858 exempla
3383 2785 3638 2842 habuerit

2040 2879 2297 2933 Dominus
2325 2887 2431 2933 tam
2463 2878 2793 2944 Judmorum,
2829 2895 2986 2948 quam
3042 2880 3341 2950 gentilium,
3373 2879 3464 2950 qui
3516 2894 3639 2935 san-

2038 2969 2183 3039 guini
2219 2971 2536 3026 beneﬁcium
2566 2971 2718 3035 illud,
2755 2972 2952 3041 pariter
2981 2987 3045 3028 ac
3091 2987 3248 3043 aqua:
3291 2973 3636 3040 tribuissent,

2039 3061 2129 3131 qui
2163 3061 2397 3116 humano
2425 3062 2586 3116 etiam
2620 3063 2786 3133 ipsius
2817 3064 3004 3118 initiati
3034 3065 3299 3135 sanguini,
3328 3065 3417 3135 qui
3473 3065 3640 3135 maju-

2041 3168 2154 3207 retn
2198 3170 2410 3225 quoque
2439 3153 2736 3210 efficaciam
2769 3158 3075 3227 sanguineae
3105 3157 3403 3212 lustrationi
3430 3199 3445 3222 ,
3473 3173 3637 3227 quant

335 3247 546 3320 piacula
600 3249 716 3305 sive
765 3247 874 3322 ἄγγε’
920 3249 1258 3305 habebantur
1283 3291 1297 3313 ,
1345 3250 1608 3320 sanguine
1661 3250 1934 3321 purganda
1964 3237 2008 3299 C
2043 3245 2126 3299 vel
2155 3261 2340 3317 aque-.1:
2390 3248 2835 3305 concessissent:
2867 3249 2981 3304 Non
3027 3259 3143 3306 erat
3184 3265 3318 3305 sane
3345 3263 3641 3306 consenta-

334 3341 888 3406 erantJlomicidium
921 3343 1061 3398 inter
1082 3343 1289 3413 piacula
1319 3344 1676 3398 numerabant
1701 3355 1933 3412 veteres,

333 3434 478 3504 quod
519 3435 773 3491 nimirum
822 3435 925 3507 ipsi
974 3446 1132 3492 terra:
1177 3435 1444 3491 maculam
1498 3437 1739 3492 inureret
1767 3437 1934 3503 nullo,

342 3537 703 3601 praeterquam
734 3529 1035 3600 sanguinis,
1070 3529 1285 3584 lavacro
1312 3529 1616 3585 eluendam.
1655 3531 1786 3598 Ejus
1837 3547 1935 3585 au-

339 3631 468 3686 tem,
493 3622 539 3677 si
570 3631 730 3678 notus
778 3623 972 3678 fuisset
1021 3631 1230 3684 auctor,
1267 3623 1486 3693 proprio
1513 3624 1632 3694 ejus
1675 3626 1937 3696 sanguine

340 3715 610 3786 piaculum
635 3716 924 3784 expiabant
948 3733 963 3780 ;
991 3716 1073 3770 sin
1105 3716 1371 3782 latuisset,
1400 3731 1576 3771 vacca:
1599 3719 1856 3788 sanguine
1886 3720 1935 3774 in

343 3809 468 3864 loco
491 3808 855 3864 immolandas.
881 3807 1068 3878 Neque
1095 3825 1226 3864 vero
1252 3809 1430 3866 caedes
1458 3811 1595 3877 sola,
1636 3811 1732 3866 sed
1758 3821 1811 3867 et
1837 3813 1938 3866 im—

335 3901 544 3972 paritas
571 3899 658 3954 illa
678 3899 864 3969 legalis
889 3915 919 3954 e
944 3901 1264 3957 morticiniis
1291 3910 1542 3958 contactu
1569 3905 1937 3961 contrahenda

334 4009 515 4050 vaccae
537 3992 670 4048 rufa:
690 3992 966 4048 cineribus
992 3993 1268 4065 purganda
1291 4003 1422 4050 erat.
1445 3995 1749 4062 Quinetiam
1775 3999 1937 4053 totius

341 4089 524 4160 populi
547 4088 823 4144 israelitici
849 4096 1066 4158 peccata
1089 4088 1140 4142 in
1165 4088 1373 4143 hircum
1399 4090 1734 4145 emissarium
1762 4089 1936 4160 (Leu,

338 4181 457 4254 xvi)
498 4180 888 4252 imprecatione
913 4181 1153 4251 conjecta
1184 4190 1341 4248 sunt,
1365 4182 1606 4252 ejusdem
1633 4191 1690 4236 ut
1713 4182 1938 4239 Rabbini

336 4274 529 4330 volunt
558 4317 574 4340 ,
622 4282 797 4329 morte
851 4273 1067 4329 luenda.
1099 4272 1209 4330 Nec
1260 4273 1363 4328 alia
1393 4273 1704 4330 Grzecorum
1730 4287 1845 4332 erat
1871 4276 1937 4331 de

336 4372 451 4425 suis
479 4383 696 4440 quoque
726 4371 1024 4441 καθάρμασι
1054 4369 1341 4434 sententia,
1371 4377 1429 4423 nt
1455 4384 1523 4423 ex
1556 4369 1939 4440 Arismphanis

347 4461 640 4517 scholiaste
664 4461 924 4517 discimus
949 4462 1158 4529 (Ανίειη
1190 4462 1353 4517 schol.
1381 4464 1435 4516 in
1467 4461 1665 4533 Plut.).
1700 4461 1942 4534 Tamque

2042 3355 2200 3393 neum
2234 3349 2290 3393 ut
2321 3355 2479 3410 quam
2510 3341 2761 3410 expiandi
2795 3341 3052 3412 majorem
3081 3344 3133 3396 in
3165 3342 3427 3414 sanguine
3473 3358 3638 3413 quam

2042 3433 2092 3487 in
2120 3448 2256 3503 aqua
2286 3435 2535 3489 virtutem
2587 3435 2674 3489 alii
2706 3435 2845 3505 apud
2880 3451 2939 3490 se
2969 3436 3131 3492 fuisse
3159 3437 3543 3507 gloriarentur,
3573 3453 3638 3493 ea

2040 3527 2138 3580 soli
2170 3526 2446 3581 christiani
2496 3527 2935 3583 destitueretuur.
2970 3528 3287 3585 Praesertim
3337 3545 3458 3584 cum
3489 3530 3541 3584 in
3573 3546 3639 3584 eo

2042 3622 2269 3687 versari,
2307 3622 2416 3691 jam
2463 3621 2717 3690 diximus,
2774 3622 3058 3678 universan
3131 3624 3241 3678 fere
3277 3622 3410 3678 Novi
3443 3623 3638 3678 Testa-

2042 3717 2208 3772 mettti
2237 3717 2777 3787 argumentationem.
2810 3726 2866 3771 ut
2898 3732 3248 3787 quaecumque
3278 3728 3484 3783 essent,
3523 3718 3640 3774 sive

2040 3812 2179 3883 apud
2207 3811 2443 3878 Judmos,
2468 3813 2580 3867 sive
2611 3814 2862 3883 gentiles,
2892 3813 3167 3886 privilegia
3204 3813 3272 3868 de
3297 3813 3492 3884 quibus
3515 3813 3636 3884 glu-

2041 3905 2334 3968 riarentur,
2364 3920 2426 3959 ea
2459 3904 2770 3961 christianis
2817 3906 3010 3975 potiori
3060 3906 3523 3976 praestantiorique
3553 3919 3644 3960 ra-

2043 3996 2188 4052 tione
2217 3999 2509 4053 convenire
2531 3998 2904 4068 probarentur.
2929 3997 3041 4052 Non
3073 4010 3189 4053 erat
3217 4005 3639 4053 consentaneum

2044 4099 2125 4154 ut,
2155 4105 2279 4145 cum
2317 4095 2367 4144 in
2416 4090 2604 4146 eadem
2654 4091 2754 4146 hac
2797 4106 2959 4145 causa
2991 4091 3238 4162 baptismi
3269 4106 3455 4146 vocem
3487 4089 3643 4144 adhi-

2041 4183 2235 4238 berent
2280 4192 2386 4236 tam
2436 4185 2552 4253 ipse
2586 4183 2844 4238 Dominus
2895 4199 3055 4254 quam
3116 4182 3246 4237 Novi
3303 4182 3637 4238 Testamenti

2044 4277 2360 4348 scriptores,
2393 4276 2551 4330 aliam
2583 4287 2760 4330 tamen
2790 4275 3238 4345 significationem
3275 4275 3643 4345 intelligerent

2043 4385 2202 4440 quam
2232 4369 2483 4439 expiandi
2520 4370 2663 4423 illam
2709 4368 2946 4423 onmium
2999 4369 3335 4423 notissimam
3376 4368 3640 4438 receptis-

2044 4462 2360 4530 simamque.
2386 4461 2503 4516 Non
2526 4471 2643 4516 erat
2666 4470 3087 4517 consentaneum
3116 4471 3192 4526 ut,
3219 4461 3308 4531 qui
3337 4461 3406 4515 ita
3435 4460 3642 4515 sensis-

339 4565 458 4610 erat
515 4554 835 4610 universalis
889 4555 1004 4610 haec
1065 4566 1406 4625 peccatorum
1451 4571 1549 4626 per
1625 4558 1938 4627 sanguinem
1985 4626 1992 4627 η
2046 4564 2185 4618 sent,
2217 4555 2375 4611 aliter
2426 4566 2602 4611 tamen
2649 4556 2995 4623 l0querentur
3023 4571 3182 4626 quam
3216 4565 3506 4626 martyrem
3543 4569 3641 4609 no-

346 4650 614 4721 purgatio.
646 4657 704 4704 ut
735 4648 936 4704 nullam
974 4649 1060 4703 hic
1083 4650 1454 4720 exceptionem
1508 4626 1762 4706 adhibeat
1793 4651 1938 4721 Apo—
1965 4626 2020 4686 Ῑ)
2048 4656 2217 4700 strmn
2248 4647 2356 4717 jam
2405 4648 2643 4704 locutum
2671 4648 3098 4713 observavimus,
3129 4656 3186 4700 ut
3231 4648 3480 4702 nimirum
3509 4662 3640 4702 san-

338 4743 512 4799 stolus
545 4761 558 4798 :
586 4744 714 4798 Sine
757 4743 1043 4813 sanguinis,
1096 4744 1304 4814 inquit,
1337 4743 1585 4810 e/fusione
1615 4761 1716 4799 non
1747 4745 1805 4814 ﬁt
1851 4762 1936 4799 re-

339 4837 516 4893 missio
543 4836 758 4911 (Helm,
789 4853 869 4904 ιι,
902 4836 1123 4910 ‘22).lta
1169 4848 1590 4893 consentaneum
1642 4846 1763 4892 erat
1813 4837 1933 4892 illo-

341 4946 462 4988 rum
513 4939 815 5001 temporum
875 4927 1237 5000 dogmatibus,
1269 4937 1328 4982 ut
1350 4945 1471 4984 cum
1517 4940 1798 5000 utramque
1831 4941 1937 4985 tam

339 5023 636 5094 sanguinis,
689 5037 849 5092 quam
898 5036 1051 5092 aqua:
1097 5021 1456 5091 expiationem
1522 5037 1618 5091 pro
1669 5023 1937 5092 baptismo

342 5116 628 5180 haberent,
663 5115 923 5185 majorem
965 5123 1142 5170 tamen
1170 5113 1452 5182 sanguinei
1474 5113 1745 5185 baptismi,
1775 5129 1935 5185 quam

342 5210 523 5282 aquei,
551 5209 806 5266 virtutem
831 5199 1209 5282 agnoscerent.

415 5304 444 5376 ξ
469 5303 559 5358 l9.
587 5330 659 5341 -
686 5302 752 5356 Et
773 5312 832 5357 ut
856 5303 1105 5373 sanguini
1135 5302 1187 5356 in
1213 5301 1314 5356 hoc
1341 5304 1666 5374 expiationis
1691 5303 1932 5374 negotio,

343 5407 526 5466 partes
554 5394 919 5450 concedebant
944 5395 1098 5451 facile
1127 5397 1445 5466 primarias;
1482 5397 1550 5450 ita
1577 5396 1794 5452 humani
1812 5413 1935 5450 san-

339 5488 539 5558 guinis,
568 5501 681 5557 pra:
707 5487 825 5540 aliis
854 5490 1014 5542 etiam
1041 5489 1410 5557 sanguiuibus,
1436 5489 1542 5542 vim
1576 5489 1732 5559 longe
1761 5489 1932 5543 maxi-

344 5596 487 5636 mam
531 5589 887 5650 agnoveruut.
933 5579 1056 5634 Inde
1109 5591 1284 5635 ortum
1338 5580 1489 5634 duxit
1545 5581 1792 5634 immanis
1820 5581 1933 5647 illa,

339 5695 462 5749 qua:
510 5679 651 5747 apud
694 5689 905 5732 veteres
938 5678 1181 5742 invaluit,
1213 5681 1632 5757 ἀνθρωποθυσὶα,
1664 5677 1804 5746 quod
1838 5677 1934 5731 de-

348 5771 562 5827 delictis
610 5771 884 5825 hominum
912 5769 1193 5840 expiandis
1220 5771 1486 5824 humanus
1517 5770 1737 5840 sanguis
1766 5770 1935 5840 apti-5-

345 5871 512 5926 simus
539 5864 827 5920 \itlf‘t‘Cltlt'.
863 5869 995 5926 Cum
1037 5846 1262 5938 ‘gravim‘
1293 5863 1473 5933 aliqua
1521 5862 1831 5925 imminere:
1872 5873 1941 5927 ah

2042 4739 2222 4810 guinei
2265 4740 2512 4809 baptismi
2553 4742 2657 4794 vim
2701 4743 2862 4795 etiam
2908 4741 3254 4810 eXpiatricem
3301 4741 3458 4811 aquei
3503 4740 3640 4810 bap-

2043 4833 2184 4888 tismi
2236 4833 2312 4888 illi
2351 4833 2508 4903 longe
2539 4833 2939 4889 anteferendam
2977 4835 3373 4889 existimarent.
3407 4833 3638 4890 Tantum

2042 4925 2192 4980 abest
2226 4935 2284 4980 ut
2310 4925 2499 4980 duram
2541 4925 2696 4992 hanc,
2728 4935 2829 4980 eta
2858 4933 3321 4981 sacratnentoruln
3352 4925 3637 4995 dignitate,

2042 5028 2098 5074 et
2148 5018 2361 5072 Domini
2431 5029 2610 5074 tuente
2663 5019 2890 5073 alienam
2938 5033 3163 5074 censere
3219 5017 3511 5073 debeamus
3564 5019 3640 5075 lo-

2043 5115 2241 5187 quendi
2292 5117 2579 5182 rationem,
2615 5126 2670 5172 ut
2728 5127 2912 5188 putant
2970 5119 3109 5173 illam
3171 5118 3399 5174 alienant
3450 5116 3641 5173 adver-

2041 5208 2190 5264 sarii.

2113 5299 2242 5372 ξεί).
2275 5334 2344 5342 —
2367 5303 2440 5359 lta
2462 5305 2637 5375 itaque
2657 5305 3013 5370 ostendimus,
3030 5321 3188 5376 quam
3209 5305 3293 5360 hic
3311 5308 3492 5361 omnia
3514 5317 3637 5379 apte

2045 5396 2186 5450 inter
2231 5411 2290 5451 se
2343 5412 2722 5469 congrucque,
2759 5415 2856 5468 pro
2900 5400 3042 5454 illius
3073 5401 3244 5454 artatis
3296 5402 3638 5470 dogmatibus

2041 5489 2368 5556 cohrteant,
2403 5497 2445 5546 si
2478 5496 2546 5547 ita
2571 5493 2852 5547 Dominum
2882 5494 3079 5564 ipsum,
3100 5497 3168 5548 ita
3199 5495 3316 5560 eius
3343 5497 3634 5565 apostolus,

2042 5587 2427 5657 intelligamus.
2496 5587 2623 5640 lude
2673 5583 2917 5656 sequitur
2973 5603 3066 5657 pro
3131 5588 3229 5639 hoc
3287 5603 3408 5641 esse
3461 5588 3637 5657 potius

2044 5697 2206 5736 sensu
2265 5677 2748 5750 prwjudicandutu,
2779 5677 2862 5732 vel
2891 5721 2904 5744 ,
2935 5679 2979 5732 si
3009 5693 3192 5731 vocem
3246 5678 3495 5732 malimus
3527 5691 3637 5734 ter-

2048 5773 2356 5830 tulliaueam
2386 5813 2399 5835 ,
2455 5768 2933 5842 praescribendum,
2980 5769 3031 5823 ni
3080 5767 3220 5824 clara
3269 5782 3556 5824 occurrant
3585 5773 3634 5824 in

2047 5868 2223 5937 reipsa
2274 5872 2582 5937 argumenta
2634 5880 2730 5920 cur
2778 5865 2844 5918 sit
2888 5863 3043 5918 aliter
3074 5860 3434 5925 intelligenda.
3471 5863 3627 5931 Atqui
