  <div class='ocr_page' id='page_1' title='image "/cluster/home/n/w/nwhite01/storage/ocr_20150623/5/uva.x000826532/058.png"; bbox 0 0 3888 6346; ppageno 0'>
   <div class='ocr_carea' id='block_1_1' title="bbox 263 360 3532 429">
    <p class='ocr_par' dir='ltr' id='par_1_1' title="bbox 263 360 3532 429">
     <span class='ocr_line' id='line_1_1' title="bbox 263 360 3532 429; baseline -0.001 0"><span class='ocrx_word' id='word_1_1' title='bbox 263 363 322 429; x_wconf 73' lang='lat'><strong>65</strong></span> <span class='ocrx_word' id='word_1_2' title='bbox 1236 365 1324 424; x_wconf 90' lang='lat' dir='ltr'><strong>DE</strong></span> <span class='ocrx_word' id='word_1_3' title='bbox 1366 363 1686 425; x_wconf 79' lang='lat' dir='ltr'><strong>SECUNDO</strong></span> <span class='ocrx_word' id='word_1_4' title='bbox 1725 360 2111 422; x_wconf 76' lang='lat' dir='ltr'><strong>MARTYRUM</strong></span> <span class='ocrx_word' id='word_1_5' title='bbox 2142 364 2503 426; x_wconf 75' lang='lat' dir='ltr'><strong>BAPTISMO.</strong></span> <span class='ocrx_word' id='word_1_6' title='bbox 3459 368 3532 425; x_wconf 81' lang='lat'><strong>66</strong></span> 
     </span>
    </p>
   </div>
   <div class='ocr_carea' id='block_1_2' title="bbox 267 478 3530 573">
    <p class='ocr_par' dir='ltr' id='par_1_2' title="bbox 267 478 3530 573">
     <span class='ocr_line' id='line_1_2' title="bbox 267 478 3530 573; baseline 0.001 -36"><span class='ocrx_word' id='word_1_7' title='bbox 267 491 447 538; x_wconf 89' lang='lat' dir='ltr'><strong>tantum</strong></span> <span class='ocrx_word' id='word_1_8' title='bbox 473 481 614 538; x_wconf 85' lang='lat' dir='ltr'><strong>abest</strong></span> <span class='ocrx_word' id='word_1_9' title='bbox 647 491 703 537; x_wconf 85' lang='lat' dir='ltr'><strong>ul</strong></span> <span class='ocrx_word' id='word_1_10' title='bbox 730 481 791 562; x_wconf 73' lang='lat' dir='ltr'><strong>in</strong></span> <span class='ocrx_word' id='word_1_11' title='bbox 820 481 1007 551; x_wconf 87' lang='lat' dir='ltr'><strong>reipsa</strong></span> <span class='ocrx_word' id='word_1_12' title='bbox 1048 480 1310 536; x_wconf 89' lang='lat' dir='ltr'><strong>contraria</strong></span> <span class='ocrx_word' id='word_1_13' title='bbox 1342 479 1635 561; x_wconf 84' lang='lat' dir='ltr'><strong>habeamus</strong></span> <span class='ocrx_word' id='word_1_14' title='bbox 1666 494 1824 549; x_wconf 81' lang='lat' dir='ltr'><strong>argn-</strong></span> <span class='ocrx_word' id='word_1_15' title='bbox 1854 479 1908 538; x_wconf 80' lang='grc' dir='ltr'>Α</span> <span class='ocrx_word' id='word_1_16' title='bbox 1933 478 2033 534; x_wconf 88' lang='lat' dir='ltr'><strong>bus</strong></span> <span class='ocrx_word' id='word_1_17' title='bbox 2058 481 2110 536; x_wconf 89' lang='lat' dir='ltr'><strong>in</strong></span> <span class='ocrx_word' id='word_1_18' title='bbox 2142 482 2459 538; x_wconf 89' lang='lat' dir='ltr'><strong>societatem</strong></span> <span class='ocrx_word' id='word_1_19' title='bbox 2506 480 2929 540; x_wconf 85' lang='lat' dir='ltr'><strong>ehristianorum</strong></span> <span class='ocrx_word' id='word_1_20' title='bbox 2985 483 3256 555; x_wconf 86' lang='lat' dir='ltr'><strong>politicam</strong></span> <span class='ocrx_word' id='word_1_21' title='bbox 3306 485 3530 573; x_wconf 62' lang='grc' dir='ltr'><strong>θεοτὶὶὲ-</strong></span> 
     </span>
    </p>
   </div>
   <div class='ocr_carea' id='block_1_3' title="bbox 267 571 3535 649">
    <p class='ocr_par' dir='ltr' id='par_1_3' title="bbox 267 571 3535 649">
     <span class='ocr_line' id='line_1_3' title="bbox 267 571 3535 649; baseline 0.001 -20"><span class='ocrx_word' id='word_1_22' title='bbox 267 585 425 630; x_wconf 87' lang='lat' dir='ltr'><strong>menta</strong></span> <span class='ocrx_word' id='word_1_23' title='bbox 451 616 466 642; x_wconf 92' lang='lat'><strong>,</strong></span> <span class='ocrx_word' id='word_1_24' title='bbox 496 585 548 629; x_wconf 91' lang='lat' dir='ltr'><strong>ut</strong></span> <span class='ocrx_word' id='word_1_25' title='bbox 597 573 731 630; x_wconf 85' lang='lat' dir='ltr'><strong>nihil</strong></span> <span class='ocrx_word' id='word_1_26' title='bbox 784 575 961 649; x_wconf 82' lang='lat' dir='ltr'><strong>magis</strong></span> <span class='ocrx_word' id='word_1_27' title='bbox 1005 573 1167 628; x_wconf 85' lang='lat' dir='ltr'><strong>faciat</strong></span> <span class='ocrx_word' id='word_1_28' title='bbox 1212 573 1274 628; x_wconf 92' lang='lat' dir='ltr'><strong>ad</strong></span> <span class='ocrx_word' id='word_1_29' title='bbox 1323 581 1520 627; x_wconf 66' lang='lat' dir='ltr'><strong>nostra:</strong></span> <span class='ocrx_word' id='word_1_30' title='bbox 1550 571 1831 628; x_wconf 66' lang='lat' dir='ltr'><strong>sententia:</strong></span> <span class='ocrx_word' id='word_1_31' title='bbox 1938 587 2078 639; x_wconf 92' lang='lat' dir='ltr'><strong>mur,</strong></span> <span class='ocrx_word' id='word_1_32' title='bbox 2105 588 2166 628; x_wconf 91' lang='lat' dir='ltr'><strong>ea</strong></span> <span class='ocrx_word' id='word_1_33' title='bbox 2195 573 2416 630; x_wconf 66' lang='lat' dir='ltr'><strong>foederis</strong></span> <span class='ocrx_word' id='word_1_34' title='bbox 2443 589 2566 629; x_wconf 90' lang='lat' dir='ltr'><strong>esse</strong></span> <span class='ocrx_word' id='word_1_35' title='bbox 2586 574 2870 630; x_wconf 84' lang='lat' dir='ltr'><strong>solemnia.</strong></span> <span class='ocrx_word' id='word_1_36' title='bbox 2902 575 3034 645; x_wconf 87' lang='lat' dir='ltr'><strong>Quis</strong></span> <span class='ocrx_word' id='word_1_37' title='bbox 3063 585 3244 634; x_wconf 89' lang='lat' dir='ltr'><strong>autem</strong></span> <span class='ocrx_word' id='word_1_38' title='bbox 3275 575 3405 631; x_wconf 91' lang='lat' dir='ltr'><strong>illud</strong></span> <span class='ocrx_word' id='word_1_39' title='bbox 3434 571 3535 631; x_wconf 77' lang='lat' dir='ltr'><strong>du-</strong></span> 
     </span>
    </p>
   </div>
   <div class='ocr_carea' id='block_1_4' title="bbox 269 661 1831 736">
    <p class='ocr_par' dir='ltr' id='par_1_4' title="bbox 269 661 1831 736">
     <span class='ocr_line' id='line_1_4' title="bbox 269 661 1831 736; baseline -0.005 -16"><span class='ocrx_word' id='word_1_40' title='bbox 269 665 691 721; x_wconf 82' lang='lat' dir='ltr'><strong>conlirmationem</strong></span> <span class='ocrx_word' id='word_1_41' title='bbox 726 680 891 736; x_wconf 88' lang='lat' dir='ltr'><strong>quam</strong></span> <span class='ocrx_word' id='word_1_42' title='bbox 940 667 988 720; x_wconf 98' lang='lat' dir='ltr'><strong>si</strong></span> <span class='ocrx_word' id='word_1_43' title='bbox 1020 679 1135 720; x_wconf 90' lang='lat' dir='ltr'><strong>rem</strong></span> <span class='ocrx_word' id='word_1_44' title='bbox 1163 664 1328 734; x_wconf 84' lang='lat' dir='ltr'><strong>ipsam</strong></span> <span class='ocrx_word' id='word_1_45' title='bbox 1363 663 1598 733; x_wconf 90' lang='lat' dir='ltr'><strong>penitius</strong></span> <span class='ocrx_word' id='word_1_46' title='bbox 1627 661 1831 725; x_wconf 82' lang='lat' dir='ltr'><strong>exami-</strong></span> 
     </span>
    </p>
   </div>
   <div class='ocr_carea' id='block_1_5' title="bbox 269 749 1827 826">
    <p class='ocr_par' dir='ltr' id='par_1_5' title="bbox 269 749 1827 826">
     <span class='ocr_line' id='line_1_5' title="bbox 269 749 1827 826; baseline -0.004 -14"><span class='ocrx_word' id='word_1_47' title='bbox 269 771 456 812; x_wconf 86' lang='lat' dir='ltr'><strong>nemus.</strong></span> <span class='ocrx_word' id='word_1_48' title='bbox 499 749 1052 812; x_wconf 65' lang='lat' dir='ltr'><strong>Animadvertendum</strong></span> <span class='ocrx_word' id='word_1_49' title='bbox 1105 758 1280 826; x_wconf 85' lang='lat' dir='ltr'><strong>itaque</strong></span> <span class='ocrx_word' id='word_1_50' title='bbox 1320 757 1512 826; x_wconf 83' lang='lat' dir='ltr'><strong>quinto</strong></span> <span class='ocrx_word' id='word_1_51' title='bbox 1556 755 1622 808; x_wconf 87' lang='lat' dir='ltr'><strong>ad</strong></span> <span class='ocrx_word' id='word_1_52' title='bbox 1653 755 1827 824; x_wconf 52' lang='lat' dir='ltr'><strong>ipsum</strong></span> 
     </span>
    </p>
   </div>
   <div class='ocr_carea' id='block_1_6' title="bbox 270 845 1829 921">
    <p class='ocr_par' dir='ltr' id='par_1_6' title="bbox 270 845 1829 921">
     <span class='ocr_line' id='line_1_6' title="bbox 270 845 1829 921; baseline -0.003 -17"><span class='ocrx_word' id='word_1_53' title='bbox 270 848 493 919; x_wconf 83' lang='lat' dir='ltr'><strong>baptismi</strong></span> <span class='ocrx_word' id='word_1_54' title='bbox 531 856 931 905; x_wconf 76' lang='lat' dir='ltr'><strong>sacramentum</strong></span> <span class='ocrx_word' id='word_1_55' title='bbox 973 848 1244 919; x_wconf 89' lang='lat' dir='ltr'><strong>pertinere</strong></span> <span class='ocrx_word' id='word_1_56' title='bbox 1266 848 1659 921; x_wconf 8' lang='lat' dir='ltr'><strong>,‘sanguineum</strong></span> <span class='ocrx_word' id='word_1_57' title='bbox 1689 845 1829 899; x_wconf 88' lang='lat' dir='ltr'><strong>hunc</strong></span> 
     </span>
    </p>
   </div>
   <div class='ocr_carea' id='block_1_7' title="bbox 269 936 1831 1011">
    <p class='ocr_par' dir='ltr' id='par_1_7' title="bbox 269 936 1831 1011">
     <span class='ocr_line' id='line_1_7' title="bbox 269 936 1831 1011; baseline -0.004 -14"><span class='ocrx_word' id='word_1_58' title='bbox 269 939 584 1011; x_wconf 85' lang='lat' dir='ltr'><strong>baptismum,</strong></span> <span class='ocrx_word' id='word_1_59' title='bbox 611 949 666 995; x_wconf 90' lang='lat' dir='ltr'><strong>et</strong></span> <span class='ocrx_word' id='word_1_60' title='bbox 702 939 923 1011; x_wconf 88' lang='lat' dir='ltr'><strong>quidem</strong></span> <span class='ocrx_word' id='word_1_61' title='bbox 956 940 1028 995; x_wconf 89' lang='lat' dir='ltr'><strong>ita</strong></span> <span class='ocrx_word' id='word_1_62' title='bbox 1073 940 1340 1010; x_wconf 76' lang='lat' dir='ltr'><strong>pertinere</strong></span> <span class='ocrx_word' id='word_1_63' title='bbox 1371 947 1424 993; x_wconf 86' lang='lat' dir='ltr'><strong>ut</strong></span> <span class='ocrx_word' id='word_1_64' title='bbox 1480 947 1684 1007; x_wconf 90' lang='lat' dir='ltr'><strong>partem</strong></span> <span class='ocrx_word' id='word_1_65' title='bbox 1712 936 1831 1006; x_wconf 86' lang='lat' dir='ltr'><strong>ejus</strong></span> 
     </span>
    </p>
   </div>
   <div class='ocr_carea' id='block_1_8' title="bbox 273 1029 1830 1104">
    <p class='ocr_par' dir='ltr' id='par_1_8' title="bbox 273 1029 1830 1104">
     <span class='ocr_line' id='line_1_8' title="bbox 273 1029 1830 1104; baseline -0.001 -19"><span class='ocrx_word' id='word_1_66' title='bbox 273 1033 564 1104; x_wconf 69' lang='lat' dir='ltr'><strong>pracipuam</strong></span> <span class='ocrx_word' id='word_1_67' title='bbox 615 1042 980 1088; x_wconf 73' lang='lat' dir='ltr'><strong>consummet.</strong></span> <span class='ocrx_word' id='word_1_68' title='bbox 1031 1031 1144 1087; x_wconf 82' lang='lat' dir='ltr'><strong>Hoc</strong></span> <span class='ocrx_word' id='word_1_69' title='bbox 1170 1031 1260 1086; x_wconf 89' lang='lat' dir='ltr'><strong>ubi</strong></span> <span class='ocrx_word' id='word_1_70' title='bbox 1291 1029 1572 1101; x_wconf 89' lang='lat' dir='ltr'><strong>probatum</strong></span> <span class='ocrx_word' id='word_1_71' title='bbox 1615 1029 1830 1085; x_wconf 87' lang='lat' dir='ltr'><strong>dederi-</strong></span> 
     </span>
    </p>
   </div>
   <div class='ocr_carea' id='block_1_9' title="bbox 272 1122 1830 1196">
    <p class='ocr_par' dir='ltr' id='par_1_9' title="bbox 272 1122 1830 1196">
     <span class='ocr_line' id='line_1_9' title="bbox 272 1122 1830 1196; baseline -0.003 -16"><span class='ocrx_word' id='word_1_72' title='bbox 272 1140 394 1190; x_wconf 86' lang='lat' dir='ltr'><strong>mus,</strong></span> <span class='ocrx_word' id='word_1_73' title='bbox 422 1139 566 1180; x_wconf 90' lang='lat' dir='ltr'><strong>nemo</strong></span> <span class='ocrx_word' id='word_1_74' title='bbox 595 1124 718 1190; x_wconf 90' lang='lat' dir='ltr'><strong>erit,</strong></span> <span class='ocrx_word' id='word_1_75' title='bbox 752 1124 967 1196; x_wconf 84' lang='lat' dir='ltr'><strong>opinor,</strong></span> <span class='ocrx_word' id='word_1_76' title='bbox 1001 1124 1126 1196; x_wconf 93' lang='lat' dir='ltr'><strong>quin</strong></span> <span class='ocrx_word' id='word_1_77' title='bbox 1158 1122 1309 1179; x_wconf 81' lang='lat' dir='ltr'><strong>facile</strong></span> <span class='ocrx_word' id='word_1_78' title='bbox 1344 1123 1603 1178; x_wconf 74' lang='lat' dir='ltr'><strong>concedat</strong></span> <span class='ocrx_word' id='word_1_79' title='bbox 1635 1123 1830 1192; x_wconf 65' lang='lat' dir='ltr'><strong>prmci.</strong></span> 
     </span>
    </p>
   </div>
   <div class='ocr_carea' id='block_1_10' title="bbox 271 1218 1832 1290">
    <p class='ocr_par' dir='ltr' id='par_1_10' title="bbox 271 1218 1832 1290">
     <span class='ocr_line' id='line_1_10' title="bbox 271 1218 1832 1290; baseline 0.001 -16"><span class='ocrx_word' id='word_1_80' title='bbox 271 1233 417 1290; x_wconf 87' lang='lat' dir='ltr'><strong>puum</strong></span> <span class='ocrx_word' id='word_1_81' title='bbox 461 1219 702 1290; x_wconf 75' lang='lat' dir='ltr'><strong>baptismi</strong></span> <span class='ocrx_word' id='word_1_82' title='bbox 749 1220 979 1275; x_wconf 90' lang='lat' dir='ltr'><strong>fructum</strong></span> <span class='ocrx_word' id='word_1_83' title='bbox 1015 1221 1080 1274; x_wconf 91' lang='lat' dir='ltr'><strong>ab</strong></span> <span class='ocrx_word' id='word_1_84' title='bbox 1111 1235 1178 1275; x_wconf 90' lang='lat' dir='ltr'><strong>eo</strong></span> <span class='ocrx_word' id='word_1_85' title='bbox 1207 1234 1332 1275; x_wconf 89' lang='lat' dir='ltr'><strong>esse</strong></span> <span class='ocrx_word' id='word_1_86' title='bbox 1359 1218 1482 1289; x_wconf 88' lang='lat' dir='ltr'><strong>jure</strong></span> <span class='ocrx_word' id='word_1_87' title='bbox 1529 1219 1832 1287; x_wconf 89' lang='lat' dir='ltr'><strong>meritoque</strong></span> 
     </span>
    </p>
   </div>
   <div class='ocr_carea' id='block_1_11' title="bbox 273 1312 1832 1384">
    <p class='ocr_par' dir='ltr' id='par_1_11' title="bbox 273 1312 1832 1384">
     <span class='ocr_line' id='line_1_11' title="bbox 273 1312 1832 1384; baseline 0 -19"><span class='ocrx_word' id='word_1_88' title='bbox 273 1312 650 1383; x_wconf 76' lang='lat' dir='ltr'><strong>expectandum.</strong></span> <span class='ocrx_word' id='word_1_89' title='bbox 707 1313 819 1368; x_wconf 82' lang='lat' dir='ltr'><strong>Nec</strong></span> <span class='ocrx_word' id='word_1_90' title='bbox 871 1312 979 1368; x_wconf 91' lang='lat' dir='ltr'><strong>alio</strong></span> <span class='ocrx_word' id='word_1_91' title='bbox 1029 1317 1259 1384; x_wconf 88' lang='lat' dir='ltr'><strong>spectat,</strong></span> <span class='ocrx_word' id='word_1_92' title='bbox 1290 1322 1346 1367; x_wconf 91' lang='lat' dir='ltr'><strong>ut</strong></span> <span class='ocrx_word' id='word_1_93' title='bbox 1394 1321 1557 1382; x_wconf 92' lang='lat' dir='ltr'><strong>puto,</strong></span> <span class='ocrx_word' id='word_1_94' title='bbox 1592 1312 1832 1382; x_wconf 83' lang='lat' dir='ltr'><strong>Apostuli</strong></span> 
     </span>
    </p>
   </div>
   <div class='ocr_carea' id='block_1_12' title="bbox 273 1405 1831 1478">
    <p class='ocr_par' dir='ltr' id='par_1_12' title="bbox 273 1405 1831 1478">
     <span class='ocr_line' id='line_1_12' title="bbox 273 1405 1831 1478; baseline -0.001 -17"><span class='ocrx_word' id='word_1_95' title='bbox 273 1405 350 1461; x_wconf 84' lang='lat' dir='ltr'><strong>illa</strong></span> <span class='ocrx_word' id='word_1_96' title='bbox 400 1405 716 1475; x_wconf 86' lang='lat' dir='ltr'><strong>comparatio</strong></span> <span class='ocrx_word' id='word_1_97' title='bbox 762 1420 868 1476; x_wconf 91' lang='lat' dir='ltr'><strong>qua</strong></span> <span class='ocrx_word' id='word_1_98' title='bbox 907 1421 1118 1476; x_wconf 88' lang='lat' dir='ltr'><strong>aquam,</strong></span> <span class='ocrx_word' id='word_1_99' title='bbox 1151 1405 1464 1478; x_wconf 86' lang='lat' dir='ltr'><strong>sanguinem</strong></span> <span class='ocrx_word' id='word_1_100' title='bbox 1493 1415 1548 1461; x_wconf 91' lang='lat' dir='ltr'><strong>et</strong></span> <span class='ocrx_word' id='word_1_101' title='bbox 1576 1405 1831 1476; x_wconf 75' lang='lat' dir='ltr'><strong>Spiritum</strong></span> 
     </span>
    </p>
   </div>
   <div class='ocr_carea' id='block_1_13' title="bbox 271 1495 1834 1567">
    <p class='ocr_par' dir='ltr' id='par_1_13' title="bbox 271 1495 1834 1567">
     <span class='ocr_line' id='line_1_13' title="bbox 271 1495 1834 1567; baseline 0.003 -17"><span class='ocrx_word' id='word_1_102' title='bbox 271 1496 319 1550; x_wconf 92' lang='lat' dir='ltr'><strong>in</strong></span> <span class='ocrx_word' id='word_1_103' title='bbox 339 1512 484 1552; x_wconf 88' lang='lat' dir='ltr'><strong>unum</strong></span> <span class='ocrx_word' id='word_1_104' title='bbox 505 1496 572 1552; x_wconf 82' lang='lat' dir='ltr'><strong>ita</strong></span> <span class='ocrx_word' id='word_1_105' title='bbox 592 1497 841 1563; x_wconf 89' lang='lat' dir='ltr'><strong>contulit,</strong></span> <span class='ocrx_word' id='word_1_106' title='bbox 868 1505 944 1561; x_wconf 87' lang='lat' dir='ltr'><strong>ut,</strong></span> <span class='ocrx_word' id='word_1_107' title='bbox 969 1495 1429 1567; x_wconf 82' lang='lat' dir='ltr'><strong>quemadmodum</strong></span> <span class='ocrx_word' id='word_1_108' title='bbox 1453 1496 1631 1564; x_wconf 90' lang='lat' dir='ltr'><strong>Pater,</strong></span> <span class='ocrx_word' id='word_1_109' title='bbox 1666 1497 1834 1554; x_wconf 86' lang='lat' dir='ltr'><strong>Filius</strong></span> 
     </span>
    </p>
   </div>
   <div class='ocr_carea' id='block_1_14' title="bbox 273 1589 1834 1662">
    <p class='ocr_par' dir='ltr' id='par_1_14' title="bbox 273 1589 1834 1662">
     <span class='ocr_line' id='line_1_14' title="bbox 273 1589 1834 1662; baseline 0.001 -17"><span class='ocrx_word' id='word_1_110' title='bbox 273 1599 322 1645; x_wconf 89' lang='lat' dir='ltr'><strong>et</strong></span> <span class='ocrx_word' id='word_1_111' title='bbox 350 1590 561 1661; x_wconf 85' lang='lat' dir='ltr'><strong>Spiritus</strong></span> <span class='ocrx_word' id='word_1_112' title='bbox 600 1599 817 1647; x_wconf 88' lang='lat' dir='ltr'><strong>sanctus</strong></span> <span class='ocrx_word' id='word_1_113' title='bbox 837 1605 1010 1647; x_wconf 88' lang='lat' dir='ltr'><strong>unum</strong></span> <span class='ocrx_word' id='word_1_114' title='bbox 1056 1601 1202 1656; x_wconf 88' lang='lat' dir='ltr'><strong>sunt,</strong></span> <span class='ocrx_word' id='word_1_115' title='bbox 1230 1591 1302 1645; x_wconf 88' lang='lat' dir='ltr'><strong>ita</strong></span> <span class='ocrx_word' id='word_1_116' title='bbox 1334 1606 1491 1662; x_wconf 88' lang='lat' dir='ltr'><strong>aqua,</strong></span> <span class='ocrx_word' id='word_1_117' title='bbox 1518 1589 1752 1660; x_wconf 84' lang='lat' dir='ltr'><strong>Spiritus</strong></span> <span class='ocrx_word' id='word_1_118' title='bbox 1781 1600 1834 1647; x_wconf 90' lang='lat' dir='ltr'><strong>et</strong></span> 
     </span>
    </p>
   </div>
   <div class='ocr_carea' id='block_1_15' title="bbox 273 1681 1836 1754">
    <p class='ocr_par' dir='ltr' id='par_1_15' title="bbox 273 1681 1836 1754">
     <span class='ocr_line' id='line_1_15' title="bbox 273 1681 1836 1754; baseline 0.001 -17"><span class='ocrx_word' id='word_1_119' title='bbox 273 1683 468 1754; x_wconf 78' lang='lat' dir='ltr'><strong>sanguis</strong></span> <span class='ocrx_word' id='word_1_120' title='bbox 491 1682 591 1736; x_wconf 86' lang='lat' dir='ltr'><strong>sint</strong></span> <span class='ocrx_word' id='word_1_121' title='bbox 633 1683 686 1736; x_wconf 91' lang='lat' dir='ltr'><strong>in</strong></span> <span class='ocrx_word' id='word_1_122' title='bbox 735 1698 925 1742; x_wconf 88' lang='lat' dir='ltr'><strong>unum.</strong></span> <span class='ocrx_word' id='word_1_123' title='bbox 957 1681 1098 1754; x_wconf 90' lang='lat' dir='ltr'><strong>quod</strong></span> <span class='ocrx_word' id='word_1_124' title='bbox 1149 1697 1345 1752; x_wconf 87' lang='lat' dir='ltr'><strong>nempe</strong></span> <span class='ocrx_word' id='word_1_125' title='bbox 1394 1698 1558 1737; x_wconf 91' lang='lat' dir='ltr'><strong>unum</strong></span> <span class='ocrx_word' id='word_1_126' title='bbox 1589 1683 1836 1752; x_wconf 85' lang='lat' dir='ltr'><strong>idemque</strong></span> 
     </span>
    </p>
   </div>
   <div class='ocr_carea' id='block_1_16' title="bbox 275 1771 1833 1844">
    <p class='ocr_par' dir='ltr' id='par_1_16' title="bbox 275 1771 1833 1844">
     <span class='ocr_line' id='line_1_16' title="bbox 275 1771 1833 1844; baseline 0.002 -19"><span class='ocrx_word' id='word_1_127' title='bbox 275 1781 504 1844; x_wconf 63' lang='lat' dir='ltr'><strong>prastent</strong></span> <span class='ocrx_word' id='word_1_128' title='bbox 523 1780 704 1831; x_wconf 81' lang='lat' dir='ltr'><strong>Omnes</strong></span> <span class='ocrx_word' id='word_1_129' title='bbox 725 1788 847 1829; x_wconf 89' lang='lat' dir='ltr'><strong>com</strong></span> <span class='ocrx_word' id='word_1_130' title='bbox 858 1774 1141 1844; x_wconf 88' lang='lat' dir='ltr'><strong>pleantqne</strong></span> <span class='ocrx_word' id='word_1_131' title='bbox 1156 1772 1419 1828; x_wconf 88' lang='lat' dir='ltr'><strong>officium.</strong></span> <span class='ocrx_word' id='word_1_132' title='bbox 1439 1773 1517 1829; x_wconf 87' lang='lat' dir='ltr'><strong>De</strong></span> <span class='ocrx_word' id='word_1_133' title='bbox 1532 1771 1833 1844; x_wconf 89' lang='lat' dir='ltr'><strong>baptismali</strong></span> 
     </span>
    </p>
   </div>
   <div class='ocr_carea' id='block_1_17' title="bbox 1936 660 3531 739">
    <p class='ocr_par' dir='ltr' id='par_1_17' title="bbox 1936 660 3531 739">
     <span class='ocr_line' id='line_1_17' title="bbox 1936 660 3531 739; baseline 0.004 -23"><span class='ocrx_word' id='word_1_134' title='bbox 1936 660 2066 719; x_wconf 90' lang='lat' dir='ltr'><strong>bitet</strong></span> <span class='ocrx_word' id='word_1_135' title='bbox 2099 664 2354 736; x_wconf 85' lang='lat' dir='ltr'><strong>baptismi</strong></span> <span class='ocrx_word' id='word_1_136' title='bbox 2388 681 2510 720; x_wconf 87' lang='lat' dir='ltr'><strong>esse</strong></span> <span class='ocrx_word' id='word_1_137' title='bbox 2559 668 2833 737; x_wconf 87' lang='lat' dir='ltr'><strong>proprium</strong></span> <span class='ocrx_word' id='word_1_138' title='bbox 2882 668 3120 724; x_wconf 83' lang='lat' dir='ltr'><strong>officium</strong></span> <span class='ocrx_word' id='word_1_139' title='bbox 3148 678 3207 724; x_wconf 90' lang='lat' dir='ltr'><strong>ut</strong></span> <span class='ocrx_word' id='word_1_140' title='bbox 3255 684 3353 739; x_wconf 86' lang='lat' dir='ltr'><strong>per</strong></span> <span class='ocrx_word' id='word_1_141' title='bbox 3380 669 3531 723; x_wconf 91' lang='lat' dir='ltr'><strong>illum</strong></span> 
     </span>
    </p>
   </div>
   <div class='ocr_carea' id='block_1_18' title="bbox 1933 758 3533 834">
    <p class='ocr_par' dir='ltr' id='par_1_18' title="bbox 1933 758 3533 834">
     <span class='ocr_line' id='line_1_18' title="bbox 1933 758 3533 834; baseline 0.003 -23"><span class='ocrx_word' id='word_1_142' title='bbox 1933 758 2106 813; x_wconf 87' lang='lat' dir='ltr'><strong>sacris</strong></span> <span class='ocrx_word' id='word_1_143' title='bbox 2132 761 2551 815; x_wconf 86' lang='lat' dir='ltr'><strong>ehristianorum</strong></span> <span class='ocrx_word' id='word_1_144' title='bbox 2581 761 2878 829; x_wconf 85' lang='lat' dir='ltr'><strong>iuitiemur,</strong></span> <span class='ocrx_word' id='word_1_145' title='bbox 2905 763 3030 818; x_wconf 89' lang='lat' dir='ltr'><strong>etin</strong></span> <span class='ocrx_word' id='word_1_146' title='bbox 3062 763 3336 834; x_wconf 87' lang='lat' dir='ltr'><strong>pr0priam</strong></span> <span class='ocrx_word' id='word_1_147' title='bbox 3359 762 3533 818; x_wconf 88' lang='lat' dir='ltr'><strong>ascri-</strong></span> 
     </span>
    </p>
   </div>
   <div class='ocr_carea' id='block_1_19' title="bbox 1934 849 3536 924">
    <p class='ocr_par' dir='ltr' id='par_1_19' title="bbox 1934 849 3536 924">
     <span class='ocr_line' id='line_1_19' title="bbox 1934 849 3536 924; baseline 0.002 -20"><span class='ocrx_word' id='word_1_148' title='bbox 1934 849 2128 905; x_wconf 90' lang='lat' dir='ltr'><strong>bamur</strong></span> <span class='ocrx_word' id='word_1_149' title='bbox 2152 850 2574 908; x_wconf 89' lang='lat' dir='ltr'><strong>ehristianorum</strong></span> <span class='ocrx_word' id='word_1_150' title='bbox 2602 854 2961 910; x_wconf 84' lang='lat' dir='ltr'><strong>societatem?</strong></span> <span class='ocrx_word' id='word_1_151' title='bbox 2991 856 3252 911; x_wconf 84' lang='lat' dir='ltr'><strong>Convenit</strong></span> <span class='ocrx_word' id='word_1_152' title='bbox 3274 862 3536 924; x_wconf 73' lang='lat' dir='ltr'><strong>prmterea</strong></span> 
     </span>
    </p>
   </div>
   <div class='ocr_carea' id='block_1_20' title="bbox 1934 942 3538 1016">
    <p class='ocr_par' dir='ltr' id='par_1_20' title="bbox 1934 942 3538 1016">
     <span class='ocr_line' id='line_1_20' title="bbox 1934 942 3538 1016; baseline 0.001 -20"><span class='ocrx_word' id='word_1_153' title='bbox 1934 942 2079 1012; x_wconf 89' lang='lat' dir='ltr'><strong>quod</strong></span> <span class='ocrx_word' id='word_1_154' title='bbox 2125 944 2214 1012; x_wconf 89' lang='lat' dir='ltr'><strong>qui</strong></span> <span class='ocrx_word' id='word_1_155' title='bbox 2263 943 2541 1000; x_wconf 88' lang='lat' dir='ltr'><strong>confertur</strong></span> <span class='ocrx_word' id='word_1_156' title='bbox 2571 944 2624 999; x_wconf 93' lang='lat' dir='ltr'><strong>in</strong></span> <span class='ocrx_word' id='word_1_157' title='bbox 2668 944 3090 1002; x_wconf 89' lang='lat' dir='ltr'><strong>ehristianorum</strong></span> <span class='ocrx_word' id='word_1_158' title='bbox 3118 946 3390 1016; x_wconf 89' lang='lat' dir='ltr'><strong>baptismo</strong></span> <span class='ocrx_word' id='word_1_159' title='bbox 3414 943 3538 1016; x_wconf 90' lang='lat' dir='ltr'><strong>Spi-</strong></span> 
     </span>
    </p>
   </div>
   <div class='ocr_carea' id='block_1_21' title="bbox 1935 1035 3537 1110">
    <p class='ocr_par' dir='ltr' id='par_1_21' title="bbox 1935 1035 3537 1110">
     <span class='ocr_line' id='line_1_21' title="bbox 1935 1035 3537 1110; baseline 0.002 -22"><span class='ocrx_word' id='word_1_160' title='bbox 1935 1035 2092 1096; x_wconf 87' lang='lat' dir='ltr'><strong>ritus.</strong></span> <span class='ocrx_word' id='word_1_161' title='bbox 2127 1036 2170 1089; x_wconf 96' lang='lat' dir='ltr'><strong>is</strong></span> <span class='ocrx_word' id='word_1_162' title='bbox 2199 1037 2442 1110; x_wconf 79' lang='grc' dir='ltr'><strong>ἀρῤαϐὠν</strong></span> <span class='ocrx_word' id='word_1_163' title='bbox 2474 1036 2619 1107; x_wconf 73' lang='lat' dir='ltr'><strong>(qua:</strong></span> <span class='ocrx_word' id='word_1_164' title='bbox 2650 1045 2704 1092; x_wconf 91' lang='lat' dir='ltr'><strong>et</strong></span> <span class='ocrx_word' id='word_1_165' title='bbox 2736 1039 2896 1092; x_wconf 87' lang='lat' dir='ltr'><strong>arrha</strong></span> <span class='ocrx_word' id='word_1_166' title='bbox 2925 1047 3009 1093; x_wconf 88' lang='lat' dir='ltr'><strong>est</strong></span> <span class='ocrx_word' id='word_1_167' title='bbox 3046 1036 3401 1106; x_wconf 81' lang='lat' dir='ltr'><strong>scriptoribus</strong></span> <span class='ocrx_word' id='word_1_168' title='bbox 3443 1051 3537 1092; x_wconf 88' lang='lat' dir='ltr'><strong>ro-</strong></span> 
     </span>
    </p>
   </div>
   <div class='ocr_carea' id='block_1_22' title="bbox 1937 1126 3537 1201">
    <p class='ocr_par' dir='ltr' id='par_1_22' title="bbox 1937 1126 3537 1201">
     <span class='ocr_line' id='line_1_22' title="bbox 1937 1126 3537 1201; baseline 0.004 -21"><span class='ocrx_word' id='word_1_169' title='bbox 1937 1126 2135 1199; x_wconf 89' lang='lat' dir='ltr'><strong>manis)</strong></span> <span class='ocrx_word' id='word_1_170' title='bbox 2169 1127 2218 1182; x_wconf 89' lang='lat' dir='ltr'><strong>in</strong></span> <span class='ocrx_word' id='word_1_171' title='bbox 2245 1127 2395 1183; x_wconf 82' lang='lat' dir='ltr'><strong>Novo</strong></span> <span class='ocrx_word' id='word_1_172' title='bbox 2419 1127 2767 1185; x_wconf 85' lang='lat' dir='ltr'><strong>Testamento</strong></span> <span class='ocrx_word' id='word_1_173' title='bbox 2808 1131 3131 1201; x_wconf 89' lang='lat' dir='ltr'><strong>appelletur.</strong></span> <span class='ocrx_word' id='word_1_174' title='bbox 3156 1130 3285 1185; x_wconf 87' lang='lat' dir='ltr'><strong>Erat</strong></span> <span class='ocrx_word' id='word_1_175' title='bbox 3307 1129 3452 1185; x_wconf 89' lang='lat' dir='ltr'><strong>enim</strong></span> <span class='ocrx_word' id='word_1_176' title='bbox 3481 1131 3537 1187; x_wconf 91' lang='lat' dir='ltr'><strong>in</strong></span> 
     </span>
    </p>
   </div>
   <div class='ocr_carea' id='block_1_23' title="bbox 1931 1219 3525 1295">
    <p class='ocr_par' dir='ltr' id='par_1_23' title="bbox 1931 1219 3525 1295">
     <span class='ocr_line' id='line_1_23' title="bbox 1931 1219 3525 1295; baseline 0.003 -21"><span class='ocrx_word' id='word_1_177' title='bbox 1931 1219 2053 1291; x_wconf 86' lang='lat' dir='ltr'><strong>jure</strong></span> <span class='ocrx_word' id='word_1_178' title='bbox 2075 1237 2302 1279; x_wconf 91' lang='lat' dir='ltr'><strong>romano</strong></span> <span class='ocrx_word' id='word_1_179' title='bbox 2325 1223 2486 1278; x_wconf 88' lang='lat' dir='ltr'><strong>arrha</strong></span> <span class='ocrx_word' id='word_1_180' title='bbox 2516 1238 2792 1294; x_wconf 86' lang='lat' dir='ltr'><strong>pactorum</strong></span> <span class='ocrx_word' id='word_1_181' title='bbox 2828 1224 3064 1295; x_wconf 76' lang='lat' dir='ltr'><strong>propria,</strong></span> <span class='ocrx_word' id='word_1_182' title='bbox 3090 1223 3360 1295; x_wconf 68' lang='lat' dir='ltr'><strong>praecipue</strong></span> <span class='ocrx_word' id='word_1_183' title='bbox 3385 1238 3525 1294; x_wconf 90' lang='lat' dir='ltr'><strong>nup-</strong></span> 
     </span>
    </p>
   </div>
   <div class='ocr_carea' id='block_1_24' title="bbox 1939 1313 3537 1389">
    <p class='ocr_par' dir='ltr' id='par_1_24' title="bbox 1939 1313 3537 1389">
     <span class='ocr_line' id='line_1_24' title="bbox 1939 1313 3537 1389; baseline 0.003 -23"><span class='ocrx_word' id='word_1_184' title='bbox 1939 1313 2170 1369; x_wconf 90' lang='lat' dir='ltr'><strong>tialium.</strong></span> <span class='ocrx_word' id='word_1_185' title='bbox 2224 1315 2432 1385; x_wconf 78' lang='lat' dir='ltr'><strong>Nempe</strong></span> <span class='ocrx_word' id='word_1_186' title='bbox 2474 1318 2755 1389; x_wconf 86' lang='lat' dir='ltr'><strong>mysticam</strong></span> <span class='ocrx_word' id='word_1_187' title='bbox 2809 1332 2932 1371; x_wconf 90' lang='lat' dir='ltr'><strong>cum</strong></span> <span class='ocrx_word' id='word_1_188' title='bbox 2980 1316 3223 1372; x_wconf 87' lang='lat' dir='ltr'><strong>Ecclesia</strong></span> <span class='ocrx_word' id='word_1_189' title='bbox 3273 1316 3537 1387; x_wconf 84' lang='lat' dir='ltr'><strong>unitatem</strong></span> 
     </span>
    </p>
   </div>
   <div class='ocr_carea' id='block_1_25' title="bbox 1939 1406 3538 1478">
    <p class='ocr_par' dir='ltr' id='par_1_25' title="bbox 1939 1406 3538 1478">
     <span class='ocr_line' id='line_1_25' title="bbox 1939 1406 3538 1478; baseline 0.001 -19"><span class='ocrx_word' id='word_1_190' title='bbox 1939 1407 2321 1461; x_wconf 88' lang='lat' dir='ltr'><strong>matrimoniali</strong></span> <span class='ocrx_word' id='word_1_191' title='bbox 2369 1406 2559 1462; x_wconf 89' lang='lat' dir='ltr'><strong>unitati</strong></span> <span class='ocrx_word' id='word_1_192' title='bbox 2615 1407 2946 1477; x_wconf 88' lang='lat' dir='ltr'><strong>respondere</strong></span> <span class='ocrx_word' id='word_1_193' title='bbox 2987 1424 3020 1460; x_wconf 89' lang='lat' dir='ltr'><strong>v</strong></span> <span class='ocrx_word' id='word_1_194' title='bbox 3068 1408 3133 1463; x_wconf 91' lang='lat' dir='ltr'><strong>ad</strong></span> <span class='ocrx_word' id='word_1_195' title='bbox 3189 1407 3329 1478; x_wconf 87' lang='lat' dir='ltr'><strong>Eph.</strong></span> <span class='ocrx_word' id='word_1_196' title='bbox 3362 1407 3538 1462; x_wconf 92' lang='lat' dir='ltr'><strong>innuit</strong></span> 
     </span>
    </p>
   </div>
   <div class='ocr_carea' id='block_1_26' title="bbox 1941 1499 3539 1572">
    <p class='ocr_par' dir='ltr' id='par_1_26' title="bbox 1941 1499 3539 1572">
     <span class='ocr_line' id='line_1_26' title="bbox 1941 1499 3539 1572; baseline 0.001 -18"><span class='ocrx_word' id='word_1_197' title='bbox 1941 1499 2254 1570; x_wconf 86' lang='lat' dir='ltr'><strong>Apostolus.</strong></span> <span class='ocrx_word' id='word_1_198' title='bbox 2283 1500 2506 1570; x_wconf 85' lang='lat' dir='ltr'><strong>Propria</strong></span> <span class='ocrx_word' id='word_1_199' title='bbox 2563 1517 2726 1572; x_wconf 89' lang='lat' dir='ltr'><strong>porro</strong></span> <span class='ocrx_word' id='word_1_200' title='bbox 2755 1501 2916 1556; x_wconf 89' lang='lat' dir='ltr'><strong>arrha</strong></span> <span class='ocrx_word' id='word_1_201' title='bbox 2969 1510 3050 1558; x_wconf 88' lang='lat' dir='ltr'><strong>est</strong></span> <span class='ocrx_word' id='word_1_202' title='bbox 3099 1501 3240 1556; x_wconf 91' lang='lat' dir='ltr'><strong>illius</strong></span> <span class='ocrx_word' id='word_1_203' title='bbox 3279 1499 3539 1571; x_wconf 86' lang='lat' dir='ltr'><strong>temporis</strong></span> 
     </span>
    </p>
   </div>
   <div class='ocr_carea' id='block_1_27' title="bbox 1941 1589 3542 1663">
    <p class='ocr_par' dir='ltr' id='par_1_27' title="bbox 1941 1589 3542 1663">
     <span class='ocr_line' id='line_1_27' title="bbox 1941 1589 3542 1663; baseline -0.002 -17"><span class='ocrx_word' id='word_1_204' title='bbox 1941 1607 2046 1661; x_wconf 89' lang='lat' dir='ltr'><strong>quo</strong></span> <span class='ocrx_word' id='word_1_205' title='bbox 2074 1592 2250 1662; x_wconf 86' lang='lat' dir='ltr'><strong>primo</strong></span> <span class='ocrx_word' id='word_1_206' title='bbox 2298 1590 2475 1646; x_wconf 75' lang='lat' dir='ltr'><strong>fcedus</strong></span> <span class='ocrx_word' id='word_1_207' title='bbox 2525 1591 2740 1646; x_wconf 90' lang='lat' dir='ltr'><strong>inimus.</strong></span> <span class='ocrx_word' id='word_1_208' title='bbox 2784 1590 2915 1647; x_wconf 86' lang='lat' dir='ltr'><strong>lude</strong></span> <span class='ocrx_word' id='word_1_209' title='bbox 2959 1591 3202 1663; x_wconf 90' lang='lat' dir='ltr'><strong>sequitur</strong></span> <span class='ocrx_word' id='word_1_210' title='bbox 3251 1600 3307 1647; x_wconf 91' lang='lat' dir='ltr'><strong>ut</strong></span> <span class='ocrx_word' id='word_1_211' title='bbox 3336 1591 3407 1647; x_wconf 92' lang='lat' dir='ltr'><strong>de</strong></span> <span class='ocrx_word' id='word_1_212' title='bbox 3435 1589 3542 1644; x_wconf 89' lang='lat' dir='ltr'><strong>alia</strong></span> 
     </span>
    </p>
   </div>
   <div class='ocr_carea' id='block_1_28' title="bbox 1940 1683 3542 1755">
    <p class='ocr_par' dir='ltr' id='par_1_28' title="bbox 1940 1683 3542 1755">
     <span class='ocr_line' id='line_1_28' title="bbox 1940 1683 3542 1755; baseline 0.001 -17"><span class='ocrx_word' id='word_1_213' title='bbox 1940 1683 2174 1753; x_wconf 86' lang='lat' dir='ltr'><strong>Spiritus</strong></span> <span class='ocrx_word' id='word_1_214' title='bbox 2201 1684 2507 1750; x_wconf 89' lang='lat' dir='ltr'><strong>collatione,</strong></span> <span class='ocrx_word' id='word_1_215' title='bbox 2541 1693 2898 1755; x_wconf 69' lang='lat' dir='ltr'><strong>prmterquam</strong></span> <span class='ocrx_word' id='word_1_216' title='bbox 2943 1683 3272 1755; x_wconf 89' lang='lat' dir='ltr'><strong>baptismali,</strong></span> <span class='ocrx_word' id='word_1_217' title='bbox 3306 1690 3542 1754; x_wconf 81' lang='lat' dir='ltr'><strong>nequeat</strong></span> 
     </span>
    </p>
   </div>
   <div class='ocr_carea' id='block_1_29' title="bbox 1942 1771 3541 1846">
    <p class='ocr_par' dir='ltr' id='par_1_29' title="bbox 1942 1771 3541 1846">
     <span class='ocr_line' id='line_1_29' title="bbox 1942 1771 3541 1846; baseline 0.001 -18"><span class='ocrx_word' id='word_1_218' title='bbox 1942 1774 2187 1846; x_wconf 89' lang='lat' dir='ltr'><strong>intelligi.</strong></span> <span class='ocrx_word' id='word_1_219' title='bbox 2221 1774 2564 1831; x_wconf 78' lang='lat' dir='ltr'><strong>Conveniunt</strong></span> <span class='ocrx_word' id='word_1_220' title='bbox 2591 1771 2827 1846; x_wconf 88' lang='lat' dir='ltr'><strong>denique</strong></span> <span class='ocrx_word' id='word_1_221' title='bbox 2849 1785 2904 1830; x_wconf 92' lang='lat' dir='ltr'><strong>et</strong></span> <span class='ocrx_word' id='word_1_222' title='bbox 2933 1775 3188 1844; x_wconf 83' lang='lat' dir='ltr'><strong>baptismi</strong></span> <span class='ocrx_word' id='word_1_223' title='bbox 3216 1775 3321 1829; x_wconf 74' lang='lat' dir='ltr'><strong>illa:</strong></span> <span class='ocrx_word' id='word_1_224' title='bbox 3347 1774 3401 1829; x_wconf 88' lang='lat' dir='ltr'><strong>in</strong></span> <span class='ocrx_word' id='word_1_225' title='bbox 3434 1775 3541 1830; x_wconf 85' lang='lat' dir='ltr'><strong>Ec-</strong></span> 
     </span>
    </p>
   </div>
   <div class='ocr_carea' id='block_1_30' title="bbox 271 1865 3544 1938">
    <p class='ocr_par' dir='ltr' id='par_1_30' title="bbox 271 1865 3544 1938">
     <span class='ocr_line' id='line_1_30' title="bbox 271 1865 3544 1938; baseline 0.001 -19"><span class='ocrx_word' id='word_1_226' title='bbox 271 1880 390 1936; x_wconf 89' lang='lat' dir='ltr'><strong>aqua</strong></span> <span class='ocrx_word' id='word_1_227' title='bbox 414 1875 467 1922; x_wconf 90' lang='lat' dir='ltr'><strong>et</strong></span> <span class='ocrx_word' id='word_1_228' title='bbox 493 1866 686 1938; x_wconf 88' lang='lat' dir='ltr'><strong>Spiritu</strong></span> <span class='ocrx_word' id='word_1_229' title='bbox 731 1867 1136 1938; x_wconf 87' lang='lat' dir='ltr'><strong>intelligendum</strong></span> <span class='ocrx_word' id='word_1_230' title='bbox 1164 1867 1590 1934; x_wconf 81' lang='lat' dir='ltr'><strong>observavimus,</strong></span> <span class='ocrx_word' id='word_1_231' title='bbox 1623 1876 1683 1922; x_wconf 91' lang='lat' dir='ltr'><strong>ut</strong></span> <span class='ocrx_word' id='word_1_232' title='bbox 1710 1882 1833 1938; x_wconf 87' lang='lat' dir='ltr'><strong>pro-</strong></span> <span class='ocrx_word' id='word_1_233' title='bbox 1863 1872 1909 1932; x_wconf 86' lang='grc' dir='ltr'><strong>Β</strong></span> <span class='ocrx_word' id='word_1_234' title='bbox 1939 1866 2103 1922; x_wconf 88' lang='lat' dir='ltr'><strong>clesia</strong></span> <span class='ocrx_word' id='word_1_235' title='bbox 2133 1866 2388 1938; x_wconf 71' lang='lat' dir='ltr'><strong>primaeva</strong></span> <span class='ocrx_word' id='word_1_236' title='bbox 2421 1867 2630 1933; x_wconf 60' lang='lat' dir='ltr'><strong>format,</strong></span> <span class='ocrx_word' id='word_1_237' title='bbox 2649 1865 2880 1922; x_wconf 86' lang='lat' dir='ltr'><strong>Credis?</strong></span> <span class='ocrx_word' id='word_1_238' title='bbox 2905 1865 3106 1933; x_wconf 88' lang='lat' dir='ltr'><strong>Credo,</strong></span> <span class='ocrx_word' id='word_1_239' title='bbox 3133 1867 3544 1922; x_wconf 77' lang='lat' dir='ltr'><strong>Abrenuntias&#39;t</strong></span> 
     </span>
    </p>
   </div>
   <div class='ocr_carea' id='block_1_31' title="bbox 271 1955 1838 2030">
    <p class='ocr_par' dir='ltr' id='par_1_31' title="bbox 271 1955 1838 2030">
     <span class='ocr_line' id='line_1_31' title="bbox 271 1955 1838 2030; baseline -0.001 -14"><span class='ocrx_word' id='word_1_240' title='bbox 271 1959 382 2016; x_wconf 88' lang='lat' dir='ltr'><strong>inde</strong></span> <span class='ocrx_word' id='word_1_241' title='bbox 399 1955 706 2029; x_wconf 84' lang='lat' dir='ltr'><strong>baptismum</strong></span> <span class='ocrx_word' id='word_1_242' title='bbox 727 1959 877 2014; x_wconf 92' lang='lat' dir='ltr'><strong>illum</strong></span> <span class='ocrx_word' id='word_1_243' title='bbox 897 1960 1345 2016; x_wconf 87' lang='lat' dir='ltr'><strong>sacramentalem</strong></span> <span class='ocrx_word' id='word_1_244' title='bbox 1367 1960 1618 2030; x_wconf 90' lang='lat' dir='ltr'><strong>supplere</strong></span> <span class='ocrx_word' id='word_1_245' title='bbox 1643 1959 1838 2015; x_wconf 83' lang='lat' dir='ltr'><strong>debeat</strong></span> 
     </span>
    </p>
   </div>
   <div class='ocr_carea' id='block_1_32' title="bbox 271 2052 1839 2124">
    <p class='ocr_par' dir='ltr' id='par_1_32' title="bbox 271 2052 1839 2124">
     <span class='ocr_line' id='line_1_32' title="bbox 271 2052 1839 2124; baseline 0 -18"><span class='ocrx_word' id='word_1_246' title='bbox 271 2053 564 2123; x_wconf 84' lang='lat' dir='ltr'><strong>sanguineus</strong></span> <span class='ocrx_word' id='word_1_247' title='bbox 592 2054 677 2109; x_wconf 89' lang='lat' dir='ltr'><strong>hic</strong></span> <span class='ocrx_word' id='word_1_248' title='bbox 732 2053 1051 2124; x_wconf 88' lang='lat' dir='ltr'><strong>baptismus.</strong></span> <span class='ocrx_word' id='word_1_249' title='bbox 1091 2052 1256 2122; x_wconf 90' lang='lat' dir='ltr'><strong>quue</strong></span> <span class='ocrx_word' id='word_1_250' title='bbox 1302 2053 1474 2123; x_wconf 88' lang='lat' dir='ltr'><strong>ipsum</strong></span> <span class='ocrx_word' id='word_1_251' title='bbox 1528 2053 1839 2108; x_wconf 76' lang='lat' dir='ltr'><strong>observavit</strong></span> 
     </span>
    </p>
   </div>
   <div class='ocr_carea' id='block_1_33' title="bbox 270 2145 1837 2217">
    <p class='ocr_par' dir='ltr' id='par_1_33' title="bbox 270 2145 1837 2217">
     <span class='ocr_line' id='line_1_33' title="bbox 270 2145 1837 2217; baseline 0.002 -20"><span class='ocrx_word' id='word_1_252' title='bbox 270 2153 380 2201; x_wconf 86' lang='lat' dir='ltr'><strong>ante</strong></span> <span class='ocrx_word' id='word_1_253' title='bbox 402 2160 497 2200; x_wconf 87' lang='lat' dir='ltr'><strong>nos</strong></span> <span class='ocrx_word' id='word_1_254' title='bbox 518 2146 792 2217; x_wconf 73' lang='lat' dir='ltr'><strong>Origenes,</strong></span> <span class='ocrx_word' id='word_1_255' title='bbox 814 2161 882 2200; x_wconf 92' lang='lat' dir='ltr'><strong>ne</strong></span> <span class='ocrx_word' id='word_1_256' title='bbox 904 2147 1024 2216; x_wconf 92' lang='lat' dir='ltr'><strong>quis</strong></span> <span class='ocrx_word' id='word_1_257' title='bbox 1042 2153 1279 2200; x_wconf 84' lang='lat' dir='ltr'><strong>veterum</strong></span> <span class='ocrx_word' id='word_1_258' title='bbox 1297 2145 1638 2215; x_wconf 78' lang='lat' dir='ltr'><strong>dogmatibus</strong></span> <span class='ocrx_word' id='word_1_259' title='bbox 1661 2146 1837 2200; x_wconf 90' lang='lat' dir='ltr'><strong>minus</strong></span> 
     </span>
    </p>
   </div>
   <div class='ocr_carea' id='block_1_34' title="bbox 273 2237 1840 2309">
    <p class='ocr_par' dir='ltr' id='par_1_34' title="bbox 273 2237 1840 2309">
     <span class='ocr_line' id='line_1_34' title="bbox 273 2237 1840 2309; baseline -0.002 -18"><span class='ocrx_word' id='word_1_260' title='bbox 273 2247 657 2294; x_wconf 87' lang='lat' dir='ltr'><strong>consentaneam</strong></span> <span class='ocrx_word' id='word_1_261' title='bbox 708 2239 1012 2309; x_wconf 89' lang='lat' dir='ltr'><strong>suspicetur</strong></span> <span class='ocrx_word' id='word_1_262' title='bbox 1041 2247 1281 2293; x_wconf 87' lang='lat' dir='ltr'><strong>nostram</strong></span> <span class='ocrx_word' id='word_1_263' title='bbox 1335 2237 1475 2292; x_wconf 90' lang='lat' dir='ltr'><strong>banc</strong></span> <span class='ocrx_word' id='word_1_264' title='bbox 1516 2237 1840 2306; x_wconf 82' lang='lat' dir='ltr'><strong>interpreta-</strong></span> 
     </span>
    </p>
   </div>
   <div class='ocr_carea' id='block_1_35' title="bbox 273 2330 1841 2404">
    <p class='ocr_par' dir='ltr' id='par_1_35' title="bbox 273 2330 1841 2404">
     <span class='ocr_line' id='line_1_35' title="bbox 273 2330 1841 2404; baseline 0.001 -20"><span class='ocrx_word' id='word_1_265' title='bbox 273 2331 475 2387; x_wconf 86' lang='lat' dir='ltr'><strong>tionem.</strong></span> <span class='ocrx_word' id='word_1_266' title='bbox 523 2331 702 2404; x_wconf 84' lang='lat' dir='ltr'><strong>Neque</strong></span> <span class='ocrx_word' id='word_1_267' title='bbox 744 2348 879 2388; x_wconf 89' lang='lat' dir='ltr'><strong>vero</strong></span> <span class='ocrx_word' id='word_1_268' title='bbox 904 2343 1104 2403; x_wconf 87' lang='lat' dir='ltr'><strong>pugnat</strong></span> <span class='ocrx_word' id='word_1_269' title='bbox 1133 2331 1276 2402; x_wconf 90' lang='lat' dir='ltr'><strong>quod</strong></span> <span class='ocrx_word' id='word_1_270' title='bbox 1304 2331 1660 2402; x_wconf 87' lang='lat' dir='ltr'><strong>sanguineum</strong></span> <span class='ocrx_word' id='word_1_271' title='bbox 1697 2330 1841 2385; x_wconf 90' lang='lat' dir='ltr'><strong>hunc</strong></span> 
     </span>
    </p>
   </div>
   <div class='ocr_carea' id='block_1_36' title="bbox 277 2421 1840 2497">
    <p class='ocr_par' dir='ltr' id='par_1_36' title="bbox 277 2421 1840 2497">
     <span class='ocr_line' id='line_1_36' title="bbox 277 2421 1840 2497; baseline -0.001 -19"><span class='ocrx_word' id='word_1_272' title='bbox 277 2422 574 2494; x_wconf 88' lang='lat' dir='ltr'><strong>baptismum</strong></span> <span class='ocrx_word' id='word_1_273' title='bbox 623 2425 918 2481; x_wconf 87' lang='lat' dir='ltr'><strong>secundum</strong></span> <span class='ocrx_word' id='word_1_274' title='bbox 947 2423 1271 2497; x_wconf 88' lang='lat' dir='ltr'><strong>appellarint</strong></span> <span class='ocrx_word' id='word_1_275' title='bbox 1315 2423 1477 2480; x_wconf 89' lang='lat' dir='ltr'><strong>iidem</strong></span> <span class='ocrx_word' id='word_1_276' title='bbox 1505 2433 1738 2479; x_wconf 89' lang='lat' dir='ltr'><strong>veteres.</strong></span> <span class='ocrx_word' id='word_1_277' title='bbox 1763 2421 1840 2476; x_wconf 82' lang='lat' dir='ltr'><strong>Ita</strong></span> 
     </span>
    </p>
   </div>
   <div class='ocr_carea' id='block_1_37' title="bbox 275 2513 1843 2588">
    <p class='ocr_par' dir='ltr' id='par_1_37' title="bbox 275 2513 1843 2588">
     <span class='ocr_line' id='line_1_37' title="bbox 275 2513 1843 2588; baseline -0.001 -20"><span class='ocrx_word' id='word_1_278' title='bbox 275 2515 402 2569; x_wconf 83' lang='lat' dir='ltr'><strong>enim</strong></span> <span class='ocrx_word' id='word_1_279' title='bbox 431 2515 755 2588; x_wconf 75' lang='lat' dir='ltr'><strong>intelligendi</strong></span> <span class='ocrx_word' id='word_1_280' title='bbox 805 2523 952 2580; x_wconf 89' lang='lat' dir='ltr'><strong>sunt,</strong></span> <span class='ocrx_word' id='word_1_281' title='bbox 994 2515 1158 2586; x_wconf 91' lang='lat' dir='ltr'><strong>quod,</strong></span> <span class='ocrx_word' id='word_1_282' title='bbox 1207 2530 1329 2571; x_wconf 92' lang='lat' dir='ltr'><strong>cum</strong></span> <span class='ocrx_word' id='word_1_283' title='bbox 1360 2515 1609 2569; x_wconf 88' lang='lat' dir='ltr'><strong>renovari</strong></span> <span class='ocrx_word' id='word_1_284' title='bbox 1662 2513 1843 2569; x_wconf 89' lang='lat' dir='ltr'><strong>denuo</strong></span> 
     </span>
    </p>
   </div>
   <div class='ocr_carea' id='block_1_38' title="bbox 277 2605 1836 2678">
    <p class='ocr_par' dir='ltr' id='par_1_38' title="bbox 277 2605 1836 2678">
     <span class='ocr_line' id='line_1_38' title="bbox 277 2605 1836 2678; baseline 0.001 -19"><span class='ocrx_word' id='word_1_285' title='bbox 277 2621 367 2660; x_wconf 90' lang='lat' dir='ltr'><strong>non</strong></span> <span class='ocrx_word' id='word_1_286' title='bbox 395 2607 552 2678; x_wconf 77' lang='lat' dir='ltr'><strong>possit</strong></span> <span class='ocrx_word' id='word_1_287' title='bbox 575 2606 988 2663; x_wconf 74' lang='lat' dir='ltr'><strong>sacramentalis</strong></span> <span class='ocrx_word' id='word_1_288' title='bbox 1011 2607 1103 2662; x_wconf 89' lang='lat' dir='ltr'><strong>ille</strong></span> <span class='ocrx_word' id='word_1_289' title='bbox 1134 2608 1456 2677; x_wconf 88' lang='lat' dir='ltr'><strong>baptismus,</strong></span> <span class='ocrx_word' id='word_1_290' title='bbox 1493 2606 1545 2662; x_wconf 92' lang='lat' dir='ltr'><strong>in</strong></span> <span class='ocrx_word' id='word_1_291' title='bbox 1576 2605 1836 2677; x_wconf 83' lang='lat' dir='ltr'><strong>martyrio</strong></span> 
     </span>
    </p>
   </div>
   <div class='ocr_carea' id='block_1_39' title="bbox 277 2698 1827 2769">
    <p class='ocr_par' dir='ltr' id='par_1_39' title="bbox 277 2698 1827 2769">
     <span class='ocr_line' id='line_1_39' title="bbox 277 2698 1827 2769; baseline -0.002 -15"><span class='ocrx_word' id='word_1_292' title='bbox 277 2709 431 2756; x_wconf 87' lang='lat' dir='ltr'><strong>tamen</strong></span> <span class='ocrx_word' id='word_1_293' title='bbox 471 2700 583 2769; x_wconf 86' lang='lat' dir='ltr'><strong>ejus</strong></span> <span class='ocrx_word' id='word_1_294' title='bbox 627 2701 886 2756; x_wconf 83' lang='lat' dir='ltr'><strong>beneficia</strong></span> <span class='ocrx_word' id='word_1_295' title='bbox 933 2701 1042 2754; x_wconf 91' lang='lat' dir='ltr'><strong>sint</strong></span> <span class='ocrx_word' id='word_1_296' title='bbox 1079 2698 1148 2754; x_wconf 92' lang='lat' dir='ltr'><strong>de</strong></span> <span class='ocrx_word' id='word_1_297' title='bbox 1177 2713 1337 2768; x_wconf 89' lang='lat' dir='ltr'><strong>novo,</strong></span> <span class='ocrx_word' id='word_1_298' title='bbox 1367 2699 1482 2753; x_wconf 88' lang='lat' dir='ltr'><strong>sine</strong></span> <span class='ocrx_word' id='word_1_299' title='bbox 1508 2698 1625 2768; x_wconf 87' lang='lat' dir='ltr'><strong>ejus</strong></span> <span class='ocrx_word' id='word_1_300' title='bbox 1653 2708 1827 2752; x_wconf 89' lang='lat' dir='ltr'><strong>tamen</strong></span> 
     </span>
    </p>
   </div>
   <div class='ocr_carea' id='block_1_40' title="bbox 277 2789 1832 2863">
    <p class='ocr_par' dir='ltr' id='par_1_40' title="bbox 277 2789 1832 2863">
     <span class='ocr_line' id='line_1_40' title="bbox 277 2789 1832 2863; baseline 0 -17"><span class='ocrx_word' id='word_1_301' title='bbox 277 2790 425 2862; x_wconf 86' lang='lat' dir='ltr'><strong>ipsius</strong></span> <span class='ocrx_word' id='word_1_302' title='bbox 464 2794 808 2849; x_wconf 85' lang='lat' dir='ltr'><strong>renovatione</strong></span> <span class='ocrx_word' id='word_1_303' title='bbox 862 2790 1218 2863; x_wconf 77' lang='lat' dir='ltr'><strong>expectanda,</strong></span> <span class='ocrx_word' id='word_1_304' title='bbox 1250 2803 1305 2847; x_wconf 89' lang='lat' dir='ltr'><strong>et</strong></span> <span class='ocrx_word' id='word_1_305' title='bbox 1348 2792 1491 2862; x_wconf 92' lang='lat' dir='ltr'><strong>quod</strong></span> <span class='ocrx_word' id='word_1_306' title='bbox 1541 2807 1678 2844; x_wconf 87' lang='lat' dir='ltr'><strong>nova</strong></span> <span class='ocrx_word' id='word_1_307' title='bbox 1706 2789 1832 2846; x_wconf 84' lang='lat' dir='ltr'><strong>ﬁde-</strong></span> 
     </span>
    </p>
   </div>
   <div class='ocr_carea' id='block_1_41' title="bbox 281 2883 1845 2956">
    <p class='ocr_par' dir='ltr' id='par_1_41' title="bbox 281 2883 1845 2956">
     <span class='ocr_line' id='line_1_41' title="bbox 281 2883 1845 2956; baseline 0 -19"><span class='ocrx_word' id='word_1_308' title='bbox 281 2883 394 2939; x_wconf 89' lang='lat' dir='ltr'><strong>linm</strong></span> <span class='ocrx_word' id='word_1_309' title='bbox 418 2885 713 2940; x_wconf 88' lang='lat' dir='ltr'><strong>adultorum</strong></span> <span class='ocrx_word' id='word_1_310' title='bbox 755 2895 990 2956; x_wconf 88' lang='lat' dir='ltr'><strong>peccata,</strong></span> <span class='ocrx_word' id='word_1_311' title='bbox 1016 2900 1134 2956; x_wconf 79' lang='lat' dir='ltr'><strong>qua:</strong></span> <span class='ocrx_word' id='word_1_312' title='bbox 1169 2884 1386 2954; x_wconf 82' lang='lat' dir='ltr'><strong>quidem</strong></span> <span class='ocrx_word' id='word_1_313' title='bbox 1414 2884 1466 2938; x_wconf 91' lang='lat' dir='ltr'><strong>in</strong></span> <span class='ocrx_word' id='word_1_314' title='bbox 1505 2899 1676 2954; x_wconf 88' lang='lat' dir='ltr'><strong>aqueo</strong></span> <span class='ocrx_word' id='word_1_315' title='bbox 1712 2883 1845 2955; x_wconf 89' lang='lat' dir='ltr'><strong>bap-</strong></span> 
     </span>
    </p>
   </div>
   <div class='ocr_carea' id='block_1_42' title="bbox 279 2976 1846 3048">
    <p class='ocr_par' dir='ltr' id='par_1_42' title="bbox 279 2976 1846 3048">
     <span class='ocr_line' id='line_1_42' title="bbox 279 2976 1846 3048; baseline -0.001 -18"><span class='ocrx_word' id='word_1_316' title='bbox 279 2980 421 3032; x_wconf 87' lang='lat' dir='ltr'><strong>tismo</strong></span> <span class='ocrx_word' id='word_1_317' title='bbox 465 2980 687 3036; x_wconf 88' lang='lat' dir='ltr'><strong>remissa</strong></span> <span class='ocrx_word' id='word_1_318' title='bbox 733 2994 839 3034; x_wconf 91' lang='lat' dir='ltr'><strong>non</strong></span> <span class='ocrx_word' id='word_1_319' title='bbox 889 2987 1092 3044; x_wconf 87' lang='lat' dir='ltr'><strong>essent,</strong></span> <span class='ocrx_word' id='word_1_320' title='bbox 1127 2976 1214 3031; x_wconf 92' lang='lat' dir='ltr'><strong>hic</strong></span> <span class='ocrx_word' id='word_1_321' title='bbox 1239 2977 1397 3046; x_wconf 89' lang='lat' dir='ltr'><strong>plene</strong></span> <span class='ocrx_word' id='word_1_322' title='bbox 1444 2977 1759 3048; x_wconf 83' lang='lat' dir='ltr'><strong>penitusque</strong></span> <span class='ocrx_word' id='word_1_323' title='bbox 1790 2983 1846 3032; x_wconf 92' lang='lat' dir='ltr'><strong>et</strong></span> 
     </span>
    </p>
   </div>
   <div class='ocr_carea' id='block_1_43' title="bbox 281 3071 1848 3142">
    <p class='ocr_par' dir='ltr' id='par_1_43' title="bbox 281 3071 1848 3142">
     <span class='ocr_line' id='line_1_43' title="bbox 281 3071 1848 3142; baseline 0.001 -16"><span class='ocrx_word' id='word_1_324' title='bbox 281 3084 367 3140; x_wconf 87' lang='lat' dir='ltr'><strong>pro</strong></span> <span class='ocrx_word' id='word_1_325' title='bbox 415 3071 739 3142; x_wconf 87' lang='lat' dir='ltr'><strong>baptismalis</strong></span> <span class='ocrx_word' id='word_1_326' title='bbox 794 3071 1132 3127; x_wconf 85' lang='lat' dir='ltr'><strong>remissionis</strong></span> <span class='ocrx_word' id='word_1_327' title='bbox 1187 3071 1348 3126; x_wconf 92' lang='lat' dir='ltr'><strong>modo</strong></span> <span class='ocrx_word' id='word_1_328' title='bbox 1377 3085 1734 3141; x_wconf 87' lang='lat' dir='ltr'><strong>mensuraque</strong></span> <span class='ocrx_word' id='word_1_329' title='bbox 1761 3088 1848 3127; x_wconf 87' lang='lat' dir='ltr'><strong>re-</strong></span> 
     </span>
    </p>
   </div>
   <div class='ocr_carea' id='block_1_44' title="bbox 282 3162 1850 3232">
    <p class='ocr_par' dir='ltr' id='par_1_44' title="bbox 282 3162 1850 3232">
     <span class='ocr_line' id='line_1_44' title="bbox 282 3162 1850 3232; baseline 0.002 -15"><span class='ocrx_word' id='word_1_330' title='bbox 282 3163 516 3218; x_wconf 89' lang='lat' dir='ltr'><strong>mittatur.</strong></span> <span class='ocrx_word' id='word_1_331' title='bbox 567 3163 699 3232; x_wconf 71' lang='lat' dir='ltr'><strong>Quae</strong></span> <span class='ocrx_word' id='word_1_332' title='bbox 737 3177 860 3218; x_wconf 91' lang='lat' dir='ltr'><strong>cum</strong></span> <span class='ocrx_word' id='word_1_333' title='bbox 891 3162 1128 3219; x_wconf 85' lang='lat' dir='ltr'><strong>secunda</strong></span> <span class='ocrx_word' id='word_1_334' title='bbox 1167 3164 1238 3218; x_wconf 93' lang='lat' dir='ltr'><strong>sit</strong></span> <span class='ocrx_word' id='word_1_335' title='bbox 1274 3164 1543 3230; x_wconf 88' lang='lat' dir='ltr'><strong>remissio,</strong></span> <span class='ocrx_word' id='word_1_336' title='bbox 1579 3180 1685 3219; x_wconf 91' lang='lat' dir='ltr'><strong>non</strong></span> <span class='ocrx_word' id='word_1_337' title='bbox 1743 3165 1850 3220; x_wconf 90' lang='lat' dir='ltr'><strong>erit</strong></span> 
     </span>
    </p>
   </div>
   <div class='ocr_carea' id='block_1_45' title="bbox 285 3254 1845 3327">
    <p class='ocr_par' dir='ltr' id='par_1_45' title="bbox 285 3254 1845 3327">
     <span class='ocr_line' id='line_1_45' title="bbox 285 3254 1845 3327; baseline 0.001 -18"><span class='ocrx_word' id='word_1_338' title='bbox 285 3254 443 3326; x_wconf 88' lang='lat' dir='ltr'><strong>utique</strong></span> <span class='ocrx_word' id='word_1_339' title='bbox 488 3254 679 3312; x_wconf 86' lang='lat' dir='ltr'><strong>mirum</strong></span> <span class='ocrx_word' id='word_1_340' title='bbox 710 3256 756 3312; x_wconf 87' lang='lat' dir='ltr'><strong>si</strong></span> <span class='ocrx_word' id='word_1_341' title='bbox 806 3256 1045 3314; x_wconf 90' lang='lat' dir='ltr'><strong>secundo</strong></span> <span class='ocrx_word' id='word_1_342' title='bbox 1071 3256 1233 3312; x_wconf 88' lang='lat' dir='ltr'><strong>etiam</strong></span> <span class='ocrx_word' id='word_1_343' title='bbox 1264 3255 1533 3327; x_wconf 89' lang='lat' dir='ltr'><strong>baptismo</strong></span> <span class='ocrx_word' id='word_1_344' title='bbox 1564 3256 1845 3312; x_wconf 90' lang='lat' dir='ltr'><strong>tribuenda</strong></span> 
     </span>
    </p>
   </div>
   <div class='ocr_carea' id='block_1_46' title="bbox 1947 1959 3545 2030">
    <p class='ocr_par' dir='ltr' id='par_1_46' title="bbox 1947 1959 3545 2030">
     <span class='ocr_line' id='line_1_46' title="bbox 1947 1959 3545 2030; baseline 0.001 -16"><span class='ocrx_word' id='word_1_345' title='bbox 1947 1960 2302 2016; x_wconf 87' lang='lat' dir='ltr'><strong>Abrenuntio.</strong></span> <span class='ocrx_word' id='word_1_346' title='bbox 2335 1960 2473 2016; x_wconf 88' lang='lat' dir='ltr'><strong>Sunt</strong></span> <span class='ocrx_word' id='word_1_347' title='bbox 2501 1961 2642 2016; x_wconf 91' lang='lat' dir='ltr'><strong>enim</strong></span> <span class='ocrx_word' id='word_1_348' title='bbox 2675 1970 2730 2015; x_wconf 92' lang='lat' dir='ltr'><strong>et</strong></span> <span class='ocrx_word' id='word_1_349' title='bbox 2758 1959 2862 2015; x_wconf 72' lang='lat' dir='ltr'><strong>illa:</strong></span> <span class='ocrx_word' id='word_1_350' title='bbox 2893 1959 2958 2015; x_wconf 93' lang='lat' dir='ltr'><strong>ad</strong></span> <span class='ocrx_word' id='word_1_351' title='bbox 2987 1974 3334 2015; x_wconf 89' lang='lat' dir='ltr'><strong>romanorum</strong></span> <span class='ocrx_word' id='word_1_352' title='bbox 3364 1967 3545 2030; x_wconf 85' lang='lat' dir='ltr'><strong>pacto-</strong></span> 
     </span>
    </p>
   </div>
   <div class='ocr_carea' id='block_1_47' title="bbox 1947 2049 3544 2123">
    <p class='ocr_par' dir='ltr' id='par_1_47' title="bbox 1947 2049 3544 2123">
     <span class='ocr_line' id='line_1_47' title="bbox 1947 2049 3544 2123; baseline 0.003 -19"><span class='ocrx_word' id='word_1_353' title='bbox 1947 2066 2069 2106; x_wconf 88' lang='lat' dir='ltr'><strong>rum</strong></span> <span class='ocrx_word' id='word_1_354' title='bbox 2094 2049 2296 2106; x_wconf 89' lang='lat' dir='ltr'><strong>formas</strong></span> <span class='ocrx_word' id='word_1_355' title='bbox 2336 2067 2629 2121; x_wconf 72' lang='lat' dir='ltr'><strong>expressaa,</strong></span> <span class='ocrx_word' id='word_1_356' title='bbox 2672 2066 2859 2107; x_wconf 84' lang='lat' dir='ltr'><strong>rursus</strong></span> <span class='ocrx_word' id='word_1_357' title='bbox 2903 2053 3174 2123; x_wconf 81' lang='lat' dir='ltr'><strong>praecipue</strong></span> <span class='ocrx_word' id='word_1_358' title='bbox 3200 2052 3544 2123; x_wconf 78' lang='lat' dir='ltr'><strong>nuptialium,</strong></span> 
     </span>
    </p>
   </div>
   <div class='ocr_carea' id='block_1_48' title="bbox 1959 2142 3549 2215">
    <p class='ocr_par' dir='ltr' id='par_1_48' title="bbox 1959 2142 3549 2215">
     <span class='ocr_line' id='line_1_48' title="bbox 1959 2142 3549 2215; baseline 0.004 -18"><span class='ocrx_word' id='word_1_359' title='bbox 1959 2142 2107 2197; x_wconf 77' lang='lat' dir='ltr'><strong>Das?</strong></span> <span class='ocrx_word' id='word_1_360' title='bbox 2158 2144 2279 2211; x_wconf 83' lang='lat' dir='ltr'><strong>Do;</strong></span> <span class='ocrx_word' id='word_1_361' title='bbox 2311 2144 2603 2215; x_wconf 80' lang='lat' dir='ltr'><strong>Spondes?</strong></span> <span class='ocrx_word' id='word_1_362' title='bbox 2649 2144 2919 2215; x_wconf 91' lang='lat' dir='ltr'><strong>Spondeo.</strong></span> <span class='ocrx_word' id='word_1_363' title='bbox 2973 2145 3129 2201; x_wconf 87' lang='lat' dir='ltr'><strong>Unde</strong></span> <span class='ocrx_word' id='word_1_364' title='bbox 3173 2145 3302 2200; x_wconf 88' lang='lat' dir='ltr'><strong>illud</strong></span> <span class='ocrx_word' id='word_1_365' title='bbox 3353 2147 3549 2203; x_wconf 87' lang='lat' dir='ltr'><strong>saltem</strong></span> 
     </span>
    </p>
   </div>
   <div class='ocr_carea' id='block_1_49' title="bbox 1961 2238 3550 2311">
    <p class='ocr_par' dir='ltr' id='par_1_49' title="bbox 1961 2238 3550 2311">
     <span class='ocr_line' id='line_1_49' title="bbox 1961 2238 3550 2311; baseline 0.004 -21"><span class='ocrx_word' id='word_1_366' title='bbox 1961 2239 2266 2293; x_wconf 90' lang='lat' dir='ltr'><strong>necessario</strong></span> <span class='ocrx_word' id='word_1_367' title='bbox 2293 2238 2582 2309; x_wconf 77' lang='lat' dir='ltr'><strong>colligitur,</strong></span> <span class='ocrx_word' id='word_1_368' title='bbox 2601 2253 2699 2310; x_wconf 90' lang='lat' dir='ltr'><strong>pro</strong></span> <span class='ocrx_word' id='word_1_369' title='bbox 2720 2247 2878 2310; x_wconf 91' lang='lat' dir='ltr'><strong>pacto</strong></span> <span class='ocrx_word' id='word_1_370' title='bbox 2903 2239 3227 2308; x_wconf 89' lang='lat' dir='ltr'><strong>baptismum</strong></span> <span class='ocrx_word' id='word_1_371' title='bbox 3256 2241 3550 2311; x_wconf 69' lang='lat' dir='ltr'><strong>primavos</strong></span> 
     </span>
    </p>
   </div>
   <div class='ocr_carea' id='block_1_50' title="bbox 1947 2329 2803 2389">
    <p class='ocr_par' dir='ltr' id='par_1_50' title="bbox 1947 2329 2803 2389">
     <span class='ocr_line' id='line_1_50' title="bbox 1947 2329 2803 2389; baseline 0.004 -5"><span class='ocrx_word' id='word_1_372' title='bbox 1947 2329 2138 2385; x_wconf 90' lang='lat' dir='ltr'><strong>saltem</strong></span> <span class='ocrx_word' id='word_1_373' title='bbox 2170 2329 2426 2387; x_wconf 86' lang='lat' dir='ltr'><strong>habuisse</strong></span> <span class='ocrx_word' id='word_1_374' title='bbox 2451 2330 2803 2389; x_wconf 87' lang='lat' dir='ltr'><strong>christianos.</strong></span> 
     </span>
    </p>
   </div>
   <div class='ocr_carea' id='block_1_51' title="bbox 2026 2421 3542 2498">
    <p class='ocr_par' dir='ltr' id='par_1_51' title="bbox 2026 2421 3542 2498">
     <span class='ocr_line' id='line_1_51' title="bbox 2026 2421 3542 2498; baseline 0.005 -23"><span class='ocrx_word' id='word_1_375' title='bbox 2026 2422 2054 2492; x_wconf 64' lang='grc' dir='ltr'><strong><em>ξ</em></strong></span> <span class='ocrx_word' id='word_1_376' title='bbox 2085 2421 2175 2476; x_wconf 74' lang='grc'><strong>22.</strong></span> <span class='ocrx_word' id='word_1_377' title='bbox 2205 2454 2278 2463; x_wconf 93' lang='grc'><strong>-</strong></span> <span class='ocrx_word' id='word_1_378' title='bbox 2300 2424 2435 2478; x_wconf 90' lang='lat' dir='ltr'><strong>llinc</strong></span> <span class='ocrx_word' id='word_1_379' title='bbox 2464 2425 2715 2495; x_wconf 86' lang='lat' dir='ltr'><strong>sequitur</strong></span> <span class='ocrx_word' id='word_1_380' title='bbox 2742 2424 2984 2480; x_wconf 83' lang='lat' dir='ltr'><strong>secundo</strong></span> <span class='ocrx_word' id='word_1_381' title='bbox 3013 2435 3072 2481; x_wconf 94' lang='lat' dir='ltr'><strong>ut</strong></span> <span class='ocrx_word' id='word_1_382' title='bbox 3101 2425 3155 2481; x_wconf 90' lang='lat' dir='ltr'><strong>in</strong></span> <span class='ocrx_word' id='word_1_383' title='bbox 3185 2425 3306 2483; x_wconf 88' lang='lat' dir='ltr'><strong>aliis</strong></span> <span class='ocrx_word' id='word_1_384' title='bbox 3349 2427 3542 2498; x_wconf 88' lang='lat' dir='ltr'><strong>pactis,</strong></span> 
     </span>
    </p>
   </div>
   <div class='ocr_carea' id='block_1_52' title="bbox 1954 2519 3554 2590">
    <p class='ocr_par' dir='ltr' id='par_1_52' title="bbox 1954 2519 3554 2590">
     <span class='ocr_line' id='line_1_52' title="bbox 1954 2519 3554 2590; baseline 0.003 -19"><span class='ocrx_word' id='word_1_385' title='bbox 1954 2519 2026 2571; x_wconf 89' lang='lat' dir='ltr'><strong>ita</strong></span> <span class='ocrx_word' id='word_1_386' title='bbox 2092 2527 2146 2572; x_wconf 90' lang='lat' dir='ltr'><strong>et</strong></span> <span class='ocrx_word' id='word_1_387' title='bbox 2203 2519 2258 2571; x_wconf 89' lang='lat' dir='ltr'><strong>in</strong></span> <span class='ocrx_word' id='word_1_388' title='bbox 2315 2528 2503 2572; x_wconf 68' lang='lat' dir='ltr'><strong>nosuo</strong></span> <span class='ocrx_word' id='word_1_389' title='bbox 2558 2529 2716 2586; x_wconf 89' lang='lat' dir='ltr'><strong>pacto</strong></span> <span class='ocrx_word' id='word_1_390' title='bbox 2764 2533 2978 2590; x_wconf 88' lang='lat' dir='ltr'><strong>quoque</strong></span> <span class='ocrx_word' id='word_1_391' title='bbox 3041 2520 3386 2589; x_wconf 87' lang='lat' dir='ltr'><strong>baptismali,</strong></span> <span class='ocrx_word' id='word_1_392' title='bbox 3443 2521 3554 2590; x_wconf 77' lang='lat' dir='ltr'><strong>duo</strong></span> 
     </span>
    </p>
   </div>
   <div class='ocr_carea' id='block_1_53' title="bbox 1951 2609 3554 2682">
    <p class='ocr_par' dir='ltr' id='par_1_53' title="bbox 1951 2609 3554 2682">
     <span class='ocr_line' id='line_1_53' title="bbox 1951 2609 3554 2682; baseline 0.001 -17"><span class='ocrx_word' id='word_1_393' title='bbox 1951 2624 2075 2666; x_wconf 90' lang='lat' dir='ltr'><strong>esse</strong></span> <span class='ocrx_word' id='word_1_394' title='bbox 2105 2626 2134 2663; x_wconf 88' lang='lat' dir='ltr'><strong>a</strong></span> <span class='ocrx_word' id='word_1_395' title='bbox 2163 2625 2222 2664; x_wconf 89' lang='lat' dir='ltr'><strong>se</strong></span> <span class='ocrx_word' id='word_1_396' title='bbox 2251 2610 2480 2665; x_wconf 91' lang='lat' dir='ltr'><strong>invicem</strong></span> <span class='ocrx_word' id='word_1_397' title='bbox 2537 2609 2916 2681; x_wconf 90' lang='lat' dir='ltr'><strong>distinguenda</strong></span> <span class='ocrx_word' id='word_1_398' title='bbox 2949 2609 3285 2666; x_wconf 88' lang='lat' dir='ltr'><strong>diversarum</strong></span> <span class='ocrx_word' id='word_1_399' title='bbox 3317 2612 3554 2682; x_wconf 89' lang='lat' dir='ltr'><strong>partium</strong></span> 
     </span>
    </p>
   </div>
   <div class='ocr_carea' id='block_1_54' title="bbox 1954 2701 3554 2776">
    <p class='ocr_par' dir='ltr' id='par_1_54' title="bbox 1954 2701 3554 2776">
     <span class='ocr_line' id='line_1_54' title="bbox 1954 2701 3554 2776; baseline 0.001 -17"><span class='ocrx_word' id='word_1_400' title='bbox 1954 2701 2150 2768; x_wconf 85' lang='lat' dir='ltr'><strong>ofllcia,</strong></span> <span class='ocrx_word' id='word_1_401' title='bbox 2179 2703 2274 2758; x_wconf 92' lang='lat' dir='ltr'><strong>Dei</strong></span> <span class='ocrx_word' id='word_1_402' title='bbox 2300 2701 2429 2768; x_wconf 89' lang='lat' dir='ltr'><strong>alia,</strong></span> <span class='ocrx_word' id='word_1_403' title='bbox 2455 2704 2559 2758; x_wconf 89' lang='lat' dir='ltr'><strong>alia</strong></span> <span class='ocrx_word' id='word_1_404' title='bbox 2601 2714 2810 2759; x_wconf 91' lang='lat' dir='ltr'><strong>nostra.</strong></span> <span class='ocrx_word' id='word_1_405' title='bbox 2838 2703 2919 2758; x_wconf 83' lang='lat' dir='ltr'><strong>Ad</strong></span> <span class='ocrx_word' id='word_1_406' title='bbox 2955 2705 3121 2760; x_wconf 91' lang='lat' dir='ltr'><strong>Deum</strong></span> <span class='ocrx_word' id='word_1_407' title='bbox 3152 2714 3400 2774; x_wconf 88' lang='lat' dir='ltr'><strong>spectant</strong></span> <span class='ocrx_word' id='word_1_408' title='bbox 3426 2720 3554 2776; x_wconf 87' lang='lat' dir='ltr'><strong>pro-</strong></span> 
     </span>
    </p>
   </div>
   <div class='ocr_carea' id='block_1_55' title="bbox 1956 2795 3556 2869">
    <p class='ocr_par' dir='ltr' id='par_1_55' title="bbox 1956 2795 3556 2869">
     <span class='ocr_line' id='line_1_55' title="bbox 1956 2795 3556 2869; baseline 0.001 -17"><span class='ocrx_word' id='word_1_409' title='bbox 1956 2795 2244 2852; x_wconf 85' lang='lat' dir='ltr'><strong>missiones</strong></span> <span class='ocrx_word' id='word_1_410' title='bbox 2293 2795 2490 2868; x_wconf 85' lang='lat' dir='ltr'><strong>quibus</strong></span> <span class='ocrx_word' id='word_1_411' title='bbox 2540 2807 2763 2852; x_wconf 87' lang='lat' dir='ltr'><strong>cavetur</strong></span> <span class='ocrx_word' id='word_1_412' title='bbox 2818 2796 2887 2852; x_wconf 91' lang='lat' dir='ltr'><strong>de</strong></span> <span class='ocrx_word' id='word_1_413' title='bbox 2944 2797 3266 2868; x_wconf 70' lang='lat' dir='ltr'><strong>prazstandis</strong></span> <span class='ocrx_word' id='word_1_414' title='bbox 3301 2797 3556 2869; x_wconf 89' lang='lat' dir='ltr'><strong>baptismi</strong></span> 
     </span>
    </p>
   </div>
   <div class='ocr_carea' id='block_1_56' title="bbox 1957 2886 3556 2960">
    <p class='ocr_par' dir='ltr' id='par_1_56' title="bbox 1957 2886 3556 2960">
     <span class='ocr_line' id='line_1_56' title="bbox 1957 2886 3556 2960; baseline 0 -18"><span class='ocrx_word' id='word_1_415' title='bbox 1957 2886 2258 2954; x_wconf 87' lang='lat' dir='ltr'><strong>beneficiis,</strong></span> <span class='ocrx_word' id='word_1_416' title='bbox 2284 2897 2392 2943; x_wconf 90' lang='lat' dir='ltr'><strong>tam</strong></span> <span class='ocrx_word' id='word_1_417' title='bbox 2417 2888 2523 2944; x_wconf 64' lang='lat' dir='ltr'><strong>illa:</strong></span> <span class='ocrx_word' id='word_1_418' title='bbox 2539 2903 2658 2959; x_wconf 71' lang='lat' dir='ltr'><strong>quae</strong></span> <span class='ocrx_word' id='word_1_419' title='bbox 2685 2887 2754 2943; x_wconf 93' lang='lat' dir='ltr'><strong>de</strong></span> <span class='ocrx_word' id='word_1_420' title='bbox 2776 2890 3030 2958; x_wconf 74' lang='lat' dir='ltr'><strong>prmsenti</strong></span> <span class='ocrx_word' id='word_1_421' title='bbox 3059 2888 3381 2959; x_wconf 68' lang='lat' dir='ltr'><strong>praestanda:</strong></span> <span class='ocrx_word' id='word_1_422' title='bbox 3407 2901 3556 2960; x_wconf 85' lang='lat' dir='ltr'><strong>sunt,</strong></span> 
     </span>
    </p>
   </div>
   <div class='ocr_carea' id='block_1_57' title="bbox 1959 2981 3558 3052">
    <p class='ocr_par' dir='ltr' id='par_1_57' title="bbox 1959 2981 3558 3052">
     <span class='ocr_line' id='line_1_57' title="bbox 1959 2981 3558 3052; baseline 0.001 -15"><span class='ocrx_word' id='word_1_423' title='bbox 1959 2991 2304 3052; x_wconf 86' lang='lat' dir='ltr'><strong>peccatorum</strong></span> <span class='ocrx_word' id='word_1_424' title='bbox 2361 2981 2600 3036; x_wconf 91' lang='lat' dir='ltr'><strong>omnium</strong></span> <span class='ocrx_word' id='word_1_425' title='bbox 2630 2981 2903 3050; x_wconf 81' lang='lat' dir='ltr'><strong>expiatio,</strong></span> <span class='ocrx_word' id='word_1_426' title='bbox 2953 2981 3188 3052; x_wconf 87' lang='lat' dir='ltr'><strong>Spiritus</strong></span> <span class='ocrx_word' id='word_1_427' title='bbox 3231 2982 3407 3038; x_wconf 87' lang='lat' dir='ltr'><strong>sancti</strong></span> <span class='ocrx_word' id='word_1_428' title='bbox 3455 2982 3558 3039; x_wconf 86' lang='lat' dir='ltr'><strong>do-</strong></span> 
     </span>
    </p>
   </div>
   <div class='ocr_carea' id='block_1_58' title="bbox 1962 3071 3557 3145">
    <p class='ocr_par' dir='ltr' id='par_1_58' title="bbox 1962 3071 3557 3145">
     <span class='ocr_line' id='line_1_58' title="bbox 1962 3071 3557 3145; baseline 0 -16"><span class='ocrx_word' id='word_1_429' title='bbox 1962 3075 2129 3140; x_wconf 88' lang='lat' dir='ltr'><strong>natio,</strong></span> <span class='ocrx_word' id='word_1_430' title='bbox 2151 3075 2375 3145; x_wconf 81' lang='lat' dir='ltr'><strong>mystica</strong></span> <span class='ocrx_word' id='word_1_431' title='bbox 2393 3088 2518 3128; x_wconf 91' lang='lat' dir='ltr'><strong>cum</strong></span> <span class='ocrx_word' id='word_1_432' title='bbox 2535 3071 2753 3128; x_wconf 86' lang='lat' dir='ltr'><strong>Christo</strong></span> <span class='ocrx_word' id='word_1_433' title='bbox 2772 3073 2923 3138; x_wconf 91' lang='lat' dir='ltr'><strong>unio,</strong></span> <span class='ocrx_word' id='word_1_434' title='bbox 2945 3073 3137 3129; x_wconf 80' lang='lat' dir='ltr'><strong>saltem</strong></span> <span class='ocrx_word' id='word_1_435' title='bbox 3157 3081 3405 3139; x_wconf 77' lang='lat' dir='ltr'><strong>externa,</strong></span> <span class='ocrx_word' id='word_1_436' title='bbox 3424 3085 3557 3145; x_wconf 90' lang='lat' dir='ltr'><strong>etc.,</strong></span> 
     </span>
    </p>
   </div>
   <div class='ocr_carea' id='block_1_59' title="bbox 1959 3163 3564 3237">
    <p class='ocr_par' dir='ltr' id='par_1_59' title="bbox 1959 3163 3564 3237">
     <span class='ocr_line' id='line_1_59' title="bbox 1959 3163 3564 3237; baseline 0.001 -18"><span class='ocrx_word' id='word_1_437' title='bbox 1959 3180 2122 3237; x_wconf 91' lang='lat' dir='ltr'><strong>quam</strong></span> <span class='ocrx_word' id='word_1_438' title='bbox 2156 3180 2275 3236; x_wconf 66' lang='lat' dir='ltr'><strong>qua:</strong></span> <span class='ocrx_word' id='word_1_439' title='bbox 2305 3163 2373 3219; x_wconf 91' lang='lat' dir='ltr'><strong>de</strong></span> <span class='ocrx_word' id='word_1_440' title='bbox 2423 3163 2617 3218; x_wconf 89' lang='lat' dir='ltr'><strong>futuris</strong></span> <span class='ocrx_word' id='word_1_441' title='bbox 2669 3163 2997 3219; x_wconf 89' lang='lat' dir='ltr'><strong>adhibentur</strong></span> <span class='ocrx_word' id='word_1_442' title='bbox 3021 3163 3186 3220; x_wconf 81' lang='lat' dir='ltr'><strong>ofﬁcii</strong></span> <span class='ocrx_word' id='word_1_443' title='bbox 3223 3165 3393 3221; x_wconf 88' lang='lat' dir='ltr'><strong>nostri</strong></span> <span class='ocrx_word' id='word_1_444' title='bbox 3423 3181 3564 3237; x_wconf 74' lang='lat' dir='ltr'><strong>pra:-</strong></span> 
     </span>
    </p>
   </div>
   <div class='ocr_carea' id='block_1_60' title="bbox 1959 3255 3562 3329">
    <p class='ocr_par' dir='ltr' id='par_1_60' title="bbox 1959 3255 3562 3329">
     <span class='ocr_line' id='line_1_60' title="bbox 1959 3255 3562 3329; baseline 0.001 -16"><span class='ocrx_word' id='word_1_445' title='bbox 1959 3259 2103 3314; x_wconf 92' lang='lat' dir='ltr'><strong>miis.</strong></span> <span class='ocrx_word' id='word_1_446' title='bbox 2127 3258 2209 3314; x_wconf 81' lang='lat' dir='ltr'><strong>Ad</strong></span> <span class='ocrx_word' id='word_1_447' title='bbox 2238 3272 2337 3314; x_wconf 87' lang='lat' dir='ltr'><strong>nus</strong></span> <span class='ocrx_word' id='word_1_448' title='bbox 2359 3265 2607 3328; x_wconf 89' lang='lat' dir='ltr'><strong>spectant</strong></span> <span class='ocrx_word' id='word_1_449' title='bbox 2627 3272 2749 3328; x_wconf 71' lang='lat' dir='ltr'><strong>qua:</strong></span> <span class='ocrx_word' id='word_1_450' title='bbox 2778 3273 2809 3312; x_wconf 93' lang='lat' dir='ltr'><strong>a</strong></span> <span class='ocrx_word' id='word_1_451' title='bbox 2835 3256 2992 3312; x_wconf 89' lang='lat' dir='ltr'><strong>nobis</strong></span> <span class='ocrx_word' id='word_1_452' title='bbox 3016 3257 3254 3313; x_wconf 86' lang='lat' dir='ltr'><strong>vicissim</strong></span> <span class='ocrx_word' id='word_1_453' title='bbox 3278 3255 3562 3329; x_wconf 86' lang='lat' dir='ltr'><strong>sponden-</strong></span> 
     </span>
    </p>
   </div>
   <div class='ocr_carea' id='block_1_61' title="bbox 282 3342 3561 3423">
    <p class='ocr_par' dir='ltr' id='par_1_61' title="bbox 282 3342 3561 3423">
     <span class='ocr_line' id='line_1_61' title="bbox 282 3342 3561 3423; baseline 0.001 -23"><span class='ocrx_word' id='word_1_454' title='bbox 282 3347 518 3405; x_wconf 78' lang='lat' dir='ltr'><strong>videatur.</strong></span> <span class='ocrx_word' id='word_1_455' title='bbox 549 3350 681 3413; x_wconf 88' lang='lat' dir='ltr'><strong>Sed.</strong></span> <span class='ocrx_word' id='word_1_456' title='bbox 709 3349 876 3405; x_wconf 87' lang='lat' dir='ltr'><strong>misso</strong></span> <span class='ocrx_word' id='word_1_457' title='bbox 923 3351 1164 3422; x_wconf 84' lang='lat' dir='ltr'><strong>Apostoli</strong></span> <span class='ocrx_word' id='word_1_458' title='bbox 1206 3351 1549 3421; x_wconf 90' lang='lat' dir='ltr'><strong>testimonio,</strong></span> <span class='ocrx_word' id='word_1_459' title='bbox 1580 3367 1678 3423; x_wconf 88' lang='lat' dir='ltr'><strong>age</strong></span> <span class='ocrx_word' id='word_1_460' title='bbox 1730 3366 1845 3407; x_wconf 89' lang='lat' dir='ltr'><strong>rem</strong></span> <span class='ocrx_word' id='word_1_461' title='bbox 1875 3342 1927 3409; x_wconf 80' lang='grc' dir='ltr'>α</span> <span class='ocrx_word' id='word_1_462' title='bbox 1959 3359 2044 3406; x_wconf 93' lang='lat' dir='ltr'><strong>tur</strong></span> <span class='ocrx_word' id='word_1_463' title='bbox 2087 3365 2188 3421; x_wconf 93' lang='lat' dir='ltr'><strong>pro</strong></span> <span class='ocrx_word' id='word_1_464' title='bbox 2241 3357 2423 3406; x_wconf 88' lang='lat' dir='ltr'><strong>nostra</strong></span> <span class='ocrx_word' id='word_1_465' title='bbox 2469 3349 2614 3419; x_wconf 86' lang='lat' dir='ltr'><strong>pacti</strong></span> <span class='ocrx_word' id='word_1_466' title='bbox 2659 3348 3002 3418; x_wconf 81' lang='lat' dir='ltr'><strong>baptismatis</strong></span> <span class='ocrx_word' id='word_1_467' title='bbox 3031 3360 3188 3420; x_wconf 88' lang='lat' dir='ltr'><strong>parte</strong></span> <span class='ocrx_word' id='word_1_468' title='bbox 3229 3349 3561 3421; x_wconf 65' lang='lat' dir='ltr'><strong>praestanda.</strong></span> 
     </span>
    </p>
   </div>
   <div class='ocr_carea' id='block_1_62' title="bbox 281 3439 1851 3516">
    <p class='ocr_par' dir='ltr' id='par_1_62' title="bbox 281 3439 1851 3516">
     <span class='ocr_line' id='line_1_62' title="bbox 281 3439 1851 3516; baseline 0.003 -22"><span class='ocrx_word' id='word_1_469' title='bbox 281 3439 453 3511; x_wconf 82' lang='lat' dir='ltr'><strong>ipsam,</strong></span> <span class='ocrx_word' id='word_1_470' title='bbox 479 3458 543 3499; x_wconf 79' lang='lat' dir='ltr'><strong>ex</strong></span> <span class='ocrx_word' id='word_1_471' title='bbox 576 3444 792 3516; x_wconf 90' lang='lat' dir='ltr'><strong>propria</strong></span> <span class='ocrx_word' id='word_1_472' title='bbox 823 3443 981 3514; x_wconf 88' lang='lat' dir='ltr'><strong>hujus</strong></span> <span class='ocrx_word' id='word_1_473' title='bbox 1021 3445 1435 3501; x_wconf 86' lang='lat' dir='ltr'><strong>sacramentalis</strong></span> <span class='ocrx_word' id='word_1_474' title='bbox 1460 3443 1710 3516; x_wconf 90' lang='lat' dir='ltr'><strong>baptismi</strong></span> <span class='ocrx_word' id='word_1_475' title='bbox 1753 3459 1851 3499; x_wconf 89' lang='lat' dir='ltr'><strong>na-</strong></span> 
     </span>
    </p>
   </div>
   <div class='ocr_carea' id='block_1_63' title="bbox 284 3536 748 3607">
    <p class='ocr_par' dir='ltr' id='par_1_63' title="bbox 284 3536 748 3607">
     <span class='ocr_line' id='line_1_63' title="bbox 284 3536 748 3607; baseline 0.015 -21"><span class='ocrx_word' id='word_1_476' title='bbox 284 3541 384 3588; x_wconf 88' lang='lat' dir='ltr'><strong>tura</strong></span> <span class='ocrx_word' id='word_1_477' title='bbox 409 3536 748 3607; x_wconf 71' lang='lat' dir='ltr'><strong>esplicetnus.</strong></span> 
     </span>
    </p>
   </div>
   <div class='ocr_carea' id='block_1_64' title="bbox 347 3627 1856 3703">
    <p class='ocr_par' dir='ltr' id='par_1_64' title="bbox 347 3627 1856 3703">
     <span class='ocr_line' id='line_1_64' title="bbox 347 3627 1856 3703; baseline 0.001 -21"><span class='ocrx_word' id='word_1_478' title='bbox 347 3627 540 3699; x_wconf 72' lang='lat'><strong>§21.—</strong></span> <span class='ocrx_word' id='word_1_479' title='bbox 557 3631 884 3692; x_wconf 85' lang='lat' dir='ltr'><strong>Recolamus</strong></span> <span class='ocrx_word' id='word_1_480' title='bbox 912 3631 1092 3703; x_wconf 85' lang='lat' dir='ltr'><strong>itaque</strong></span> <span class='ocrx_word' id='word_1_481' title='bbox 1124 3630 1378 3702; x_wconf 89' lang='lat' dir='ltr'><strong>inprimis</strong></span> <span class='ocrx_word' id='word_1_482' title='bbox 1407 3645 1568 3687; x_wconf 89' lang='lat' dir='ltr'><strong>omne</strong></span> <span class='ocrx_word' id='word_1_483' title='bbox 1596 3629 1700 3685; x_wconf 90' lang='lat' dir='ltr'><strong>hoc</strong></span> <span class='ocrx_word' id='word_1_484' title='bbox 1723 3629 1856 3698; x_wconf 82' lang='lat' dir='ltr'><strong>bap-</strong></span> 
     </span>
    </p>
   </div>
   <div class='ocr_carea' id='block_1_65' title="bbox 291 3721 1852 3799">
    <p class='ocr_par' dir='ltr' id='par_1_65' title="bbox 291 3721 1852 3799">
     <span class='ocr_line' id='line_1_65' title="bbox 291 3721 1852 3799; baseline 0.004 -26"><span class='ocrx_word' id='word_1_485' title='bbox 291 3721 414 3776; x_wconf 88' lang='lat' dir='ltr'><strong>tismi</strong></span> <span class='ocrx_word' id='word_1_486' title='bbox 456 3725 721 3798; x_wconf 86' lang='lat' dir='ltr'><strong>negotium</strong></span> <span class='ocrx_word' id='word_1_487' title='bbox 751 3738 971 3799; x_wconf 87' lang='lat' dir='ltr'><strong>pactum</strong></span> <span class='ocrx_word' id='word_1_488' title='bbox 999 3740 1118 3784; x_wconf 83' lang='lat' dir='ltr'><strong>esse</strong></span> <span class='ocrx_word' id='word_1_489' title='bbox 1146 3727 1414 3795; x_wconf 90' lang='lat' dir='ltr'><strong>quoddam</strong></span> <span class='ocrx_word' id='word_1_490' title='bbox 1461 3725 1703 3783; x_wconf 84' lang='lat' dir='ltr'><strong>fidelium</strong></span> <span class='ocrx_word' id='word_1_491' title='bbox 1729 3739 1852 3780; x_wconf 90' lang='lat' dir='ltr'><strong>cum</strong></span> 
     </span>
    </p>
   </div>
   <div class='ocr_carea' id='block_1_66' title="bbox 289 3813 1855 3892">
    <p class='ocr_par' dir='ltr' id='par_1_66' title="bbox 289 3813 1855 3892">
     <span class='ocr_line' id='line_1_66' title="bbox 289 3813 1855 3892; baseline 0.001 -22"><span class='ocrx_word' id='word_1_492' title='bbox 289 3813 405 3884; x_wconf 81' lang='lat' dir='ltr'><strong>Deo,</strong></span> <span class='ocrx_word' id='word_1_493' title='bbox 434 3834 528 3876; x_wconf 90' lang='lat' dir='ltr'><strong>nec</strong></span> <span class='ocrx_word' id='word_1_494' title='bbox 573 3820 796 3876; x_wconf 89' lang='lat' dir='ltr'><strong>aliunde</strong></span> <span class='ocrx_word' id='word_1_495' title='bbox 825 3821 1028 3878; x_wconf 87' lang='lat' dir='ltr'><strong>rectius</strong></span> <span class='ocrx_word' id='word_1_496' title='bbox 1055 3835 1213 3892; x_wconf 91' lang='lat' dir='ltr'><strong>quam</strong></span> <span class='ocrx_word' id='word_1_497' title='bbox 1253 3836 1284 3876; x_wconf 89' lang='lat' dir='ltr'><strong>e</strong></span> <span class='ocrx_word' id='word_1_498' title='bbox 1319 3818 1553 3891; x_wconf 88' lang='lat' dir='ltr'><strong>receptis</strong></span> <span class='ocrx_word' id='word_1_499' title='bbox 1578 3829 1855 3890; x_wconf 88' lang='lat' dir='ltr'><strong>pactorum</strong></span> 
     </span>
    </p>
   </div>
   <div class='ocr_carea' id='block_1_67' title="bbox 288 3897 1860 3985">
    <p class='ocr_par' dir='ltr' id='par_1_67' title="bbox 288 3897 1860 3985">
     <span class='ocr_line' id='line_1_67' title="bbox 288 3897 1860 3985; baseline 0.003 -22"><span class='ocrx_word' id='word_1_500' title='bbox 288 3911 499 3969; x_wconf 82' lang='lat' dir='ltr'><strong>mOribus</strong></span> <span class='ocrx_word' id='word_1_501' title='bbox 542 3915 944 3985; x_wconf 75' lang='lat' dir='ltr'><strong>explicandum.</strong></span> <span class='ocrx_word' id='word_1_502' title='bbox 993 3913 1127 3970; x_wconf 86' lang='lat' dir='ltr'><strong>Esse</strong></span> <span class='ocrx_word' id='word_1_503' title='bbox 1176 3915 1319 3969; x_wconf 90' lang='lat' dir='ltr'><strong>enim</strong></span> <span class='ocrx_word' id='word_1_504' title='bbox 1368 3897 1650 3985; x_wconf 85' lang='lat' dir='ltr'><strong>Evangelii</strong></span> <span class='ocrx_word' id='word_1_505' title='bbox 1687 3919 1860 3972; x_wconf 76' lang='grc' dir='ltr'><strong>καινὴν</strong></span> 
     </span>
    </p>
   </div>
   <div class='ocr_carea' id='block_1_68' title="bbox 291 3994 1858 4079">
    <p class='ocr_par' dir='ltr' id='par_1_68' title="bbox 291 3994 1858 4079">
     <span class='ocr_line' id='line_1_68' title="bbox 291 3994 1858 4079; baseline 0.003 -21"><span class='ocrx_word' id='word_1_506' title='bbox 291 4001 496 4066; x_wconf 71' lang='grc' dir='ltr'><strong>διαθήκην</strong></span> <span class='ocrx_word' id='word_1_507' title='bbox 543 4008 612 4063; x_wconf 90' lang='lat' dir='ltr'><strong>ab</strong></span> <span class='ocrx_word' id='word_1_508' title='bbox 653 4009 742 4064; x_wconf 92' lang='lat' dir='ltr'><strong>illa</strong></span> <span class='ocrx_word' id='word_1_509' title='bbox 787 4007 995 4065; x_wconf 89' lang='lat' dir='ltr'><strong>scilicet</strong></span> <span class='ocrx_word' id='word_1_510' title='bbox 1042 3994 1318 4062; x_wconf 86' lang='lat' dir='ltr'><strong>diversam</strong></span> <span class='ocrx_word' id='word_1_511' title='bbox 1370 4023 1492 4079; x_wconf 74' lang='lat' dir='ltr'><strong>qua:</strong></span> <span class='ocrx_word' id='word_1_512' title='bbox 1546 4007 1858 4079; x_wconf 71' lang='lat' dir='ltr'><strong>Judchrum</strong></span> 
     </span>
    </p>
   </div>
   <div class='ocr_carea' id='block_1_69' title="bbox 289 4096 1860 4174">
    <p class='ocr_par' dir='ltr' id='par_1_69' title="bbox 289 4096 1860 4174">
     <span class='ocr_line' id='line_1_69' title="bbox 289 4096 1860 4174; baseline 0.003 -22"><span class='ocrx_word' id='word_1_513' title='bbox 289 4096 441 4154; x_wconf 85' lang='lat' dir='ltr'><strong>fuerat</strong></span> <span class='ocrx_word' id='word_1_514' title='bbox 466 4110 621 4173; x_wconf 89' lang='lat' dir='ltr'><strong>atque</strong></span> <span class='ocrx_word' id='word_1_515' title='bbox 650 4103 786 4174; x_wconf 77' lang='lat' dir='ltr'><strong>legis</strong></span> <span class='ocrx_word' id='word_1_516' title='bbox 819 4103 1071 4158; x_wconf 84' lang='lat' dir='ltr'><strong>mosaicae</strong></span> <span class='ocrx_word' id='word_1_517' title='bbox 1095 4118 1110 4168; x_wconf 89' lang='lat'><strong>;</strong></span> <span class='ocrx_word' id='word_1_518' title='bbox 1140 4117 1263 4162; x_wconf 86' lang='lat' dir='ltr'><strong>esse</strong></span> <span class='ocrx_word' id='word_1_519' title='bbox 1293 4102 1454 4157; x_wconf 88' lang='lat' dir='ltr'><strong>etiam</strong></span> <span class='ocrx_word' id='word_1_520' title='bbox 1483 4101 1584 4156; x_wconf 90' lang='lat' dir='ltr'><strong>sub</strong></span> <span class='ocrx_word' id='word_1_521' title='bbox 1609 4101 1860 4171; x_wconf 87' lang='lat' dir='ltr'><strong>Evange-</strong></span> 
     </span>
    </p>
   </div>
   <div class='ocr_carea' id='block_1_70' title="bbox 291 4187 1862 4265">
    <p class='ocr_par' dir='ltr' id='par_1_70' title="bbox 291 4187 1862 4265">
     <span class='ocr_line' id='line_1_70' title="bbox 291 4187 1862 4265; baseline 0.005 -23"><span class='ocrx_word' id='word_1_522' title='bbox 291 4187 352 4244; x_wconf 93' lang='lat' dir='ltr'><strong>lio</strong></span> <span class='ocrx_word' id='word_1_523' title='bbox 382 4207 476 4247; x_wconf 89' lang='lat' dir='ltr'><strong>non</strong></span> <span class='ocrx_word' id='word_1_524' title='bbox 508 4192 915 4250; x_wconf 82' lang='lat' dir='ltr'><strong>Testamentum</strong></span> <span class='ocrx_word' id='word_1_525' title='bbox 949 4193 1128 4261; x_wconf 91' lang='lat' dir='ltr'><strong>modo,</strong></span> <span class='ocrx_word' id='word_1_526' title='bbox 1155 4193 1247 4250; x_wconf 90' lang='lat' dir='ltr'><strong>sed</strong></span> <span class='ocrx_word' id='word_1_527' title='bbox 1283 4201 1340 4250; x_wconf 89' lang='lat' dir='ltr'><strong>et</strong></span> <span class='ocrx_word' id='word_1_528' title='bbox 1366 4202 1604 4264; x_wconf 88' lang='lat' dir='ltr'><strong>pactum,</strong></span> <span class='ocrx_word' id='word_1_529' title='bbox 1634 4209 1862 4265; x_wconf 88' lang='lat' dir='ltr'><strong>eamque</strong></span> 
     </span>
    </p>
   </div>
   <div class='ocr_carea' id='block_1_71' title="bbox 292 4278 1861 4358">
    <p class='ocr_par' dir='ltr' id='par_1_71' title="bbox 292 4278 1861 4358">
     <span class='ocr_line' id='line_1_71' title="bbox 292 4278 1861 4358; baseline 0.002 -20"><span class='ocrx_word' id='word_1_530' title='bbox 292 4278 530 4353; x_wconf 88' lang='lat' dir='ltr'><strong>duplicem</strong></span> <span class='ocrx_word' id='word_1_531' title='bbox 576 4285 814 4348; x_wconf 76' lang='grc' dir='ltr'><strong>διαθήκης</strong></span> <span class='ocrx_word' id='word_1_532' title='bbox 857 4285 1308 4358; x_wconf 80' lang='lat' dir='ltr'><strong>significationem</strong></span> <span class='ocrx_word' id='word_1_533' title='bbox 1341 4286 1670 4358; x_wconf 82' lang='lat' dir='ltr'><strong>evangelicis</strong></span> <span class='ocrx_word' id='word_1_534' title='bbox 1699 4286 1861 4342; x_wconf 91' lang='lat' dir='ltr'><strong>etiam</strong></span> 
     </span>
    </p>
   </div>
   <div class='ocr_carea' id='block_1_72' title="bbox 295 4378 1863 4452">
    <p class='ocr_par' dir='ltr' id='par_1_72' title="bbox 295 4378 1863 4452">
     <span class='ocr_line' id='line_1_72' title="bbox 295 4378 1863 4452; baseline 0.004 -23"><span class='ocrx_word' id='word_1_535' title='bbox 295 4378 596 4448; x_wconf 87' lang='lat' dir='ltr'><strong>temporibus</strong></span> <span class='ocrx_word' id='word_1_536' title='bbox 625 4381 941 4446; x_wconf 89' lang='lat' dir='ltr'><strong>convenire;</strong></span> <span class='ocrx_word' id='word_1_537' title='bbox 969 4395 1092 4437; x_wconf 88' lang='lat' dir='ltr'><strong>esse</strong></span> <span class='ocrx_word' id='word_1_538' title='bbox 1120 4380 1281 4436; x_wconf 85' lang='lat' dir='ltr'><strong>etiam</strong></span> <span class='ocrx_word' id='word_1_539' title='bbox 1305 4379 1407 4435; x_wconf 87' lang='lat' dir='ltr'><strong>sub</strong></span> <span class='ocrx_word' id='word_1_540' title='bbox 1434 4379 1662 4452; x_wconf 82' lang='lat' dir='ltr'><strong>mystico</strong></span> <span class='ocrx_word' id='word_1_541' title='bbox 1685 4379 1863 4437; x_wconf 83' lang='lat' dir='ltr'><strong>israe-</strong></span> 
     </span>
    </p>
   </div>
   <div class='ocr_carea' id='block_1_73' title="bbox 295 4469 1864 4545">
    <p class='ocr_par' dir='ltr' id='par_1_73' title="bbox 295 4469 1864 4545">
     <span class='ocr_line' id='line_1_73' title="bbox 295 4469 1864 4545; baseline 0.003 -23"><span class='ocrx_word' id='word_1_542' title='bbox 295 4469 470 4526; x_wconf 83' lang='lat' dir='ltr'><strong>litismo</strong></span> <span class='ocrx_word' id='word_1_543' title='bbox 506 4473 692 4530; x_wconf 88' lang='lat' dir='ltr'><strong>eadem</strong></span> <span class='ocrx_word' id='word_1_544' title='bbox 744 4474 968 4529; x_wconf 90' lang='lat' dir='ltr'><strong>omnino</strong></span> <span class='ocrx_word' id='word_1_545' title='bbox 1008 4474 1148 4544; x_wconf 86' lang='lat' dir='ltr'><strong>pacti</strong></span> <span class='ocrx_word' id='word_1_546' title='bbox 1203 4473 1463 4530; x_wconf 88' lang='lat' dir='ltr'><strong>beneficia</strong></span> <span class='ocrx_word' id='word_1_547' title='bbox 1496 4490 1617 4545; x_wconf 76' lang='lat' dir='ltr'><strong>qua:</strong></span> <span class='ocrx_word' id='word_1_548' title='bbox 1647 4473 1864 4544; x_wconf 82' lang='lat' dir='ltr'><strong>propria</strong></span> 
     </span>
    </p>
   </div>
   <div class='ocr_carea' id='block_1_74' title="bbox 295 4562 1865 4635">
    <p class='ocr_par' dir='ltr' id='par_1_74' title="bbox 295 4562 1865 4635">
     <span class='ocr_line' id='line_1_74' title="bbox 295 4562 1865 4635; baseline 0.004 -18"><span class='ocrx_word' id='word_1_549' title='bbox 295 4562 405 4620; x_wconf 90' lang='lat' dir='ltr'><strong>olim</strong></span> <span class='ocrx_word' id='word_1_550' title='bbox 445 4565 650 4624; x_wconf 90' lang='lat' dir='ltr'><strong>fuerant</strong></span> <span class='ocrx_word' id='word_1_551' title='bbox 705 4568 1033 4624; x_wconf 87' lang='lat' dir='ltr'><strong>israelitismi</strong></span> <span class='ocrx_word' id='word_1_552' title='bbox 1084 4568 1336 4624; x_wconf 87' lang='lat' dir='ltr'><strong>litteralis</strong></span> <span class='ocrx_word' id='word_1_553' title='bbox 1366 4609 1382 4635; x_wconf 78' lang='lat'><strong>,</strong></span> <span class='ocrx_word' id='word_1_554' title='bbox 1433 4577 1495 4624; x_wconf 88' lang='lat' dir='ltr'><strong>ut</strong></span> <span class='ocrx_word' id='word_1_555' title='bbox 1539 4569 1695 4623; x_wconf 90' lang='lat' dir='ltr'><strong>nobis</strong></span> <span class='ocrx_word' id='word_1_556' title='bbox 1723 4569 1865 4623; x_wconf 88' lang='lat' dir='ltr'><strong>Deus</strong></span> 
     </span>
    </p>
   </div>
   <div class='ocr_carea' id='block_1_75' title="bbox 299 4660 1866 4732">
    <p class='ocr_par' dir='ltr' id='par_1_75' title="bbox 299 4660 1866 4732">
     <span class='ocr_line' id='line_1_75' title="bbox 299 4660 1866 4732; baseline 0.003 -23"><span class='ocrx_word' id='word_1_557' title='bbox 299 4671 518 4716; x_wconf 85' lang='lat' dir='ltr'><strong>summus</strong></span> <span class='ocrx_word' id='word_1_558' title='bbox 567 4663 620 4717; x_wconf 93' lang='lat' dir='ltr'><strong>in</strong></span> <span class='ocrx_word' id='word_1_559' title='bbox 653 4661 932 4732; x_wconf 89' lang='lat' dir='ltr'><strong>proprium</strong></span> <span class='ocrx_word' id='word_1_560' title='bbox 976 4660 1278 4717; x_wconf 86' lang='lat' dir='ltr'><strong>ascribalur</strong></span> <span class='ocrx_word' id='word_1_561' title='bbox 1327 4662 1519 4728; x_wconf 90' lang='lat' dir='ltr'><strong>Deum,</strong></span> <span class='ocrx_word' id='word_1_562' title='bbox 1550 4675 1649 4716; x_wconf 92' lang='lat' dir='ltr'><strong>nos</strong></span> <span class='ocrx_word' id='word_1_563' title='bbox 1675 4660 1752 4714; x_wconf 90' lang='lat' dir='ltr'><strong>illi</strong></span> <span class='ocrx_word' id='word_1_564' title='bbox 1786 4660 1866 4714; x_wconf 88' lang='lat' dir='ltr'><strong>vi-</strong></span> 
     </span>
    </p>
   </div>
   <div class='ocr_carea' id='block_1_76' title="bbox 1957 3441 3566 3513">
    <p class='ocr_par' dir='ltr' id='par_1_76' title="bbox 1957 3441 3566 3513">
     <span class='ocr_line' id='line_1_76' title="bbox 1957 3441 3566 3513; baseline 0 -15"><span class='ocrx_word' id='word_1_565' title='bbox 1957 3444 2292 3513; x_wconf 80' lang='lat' dir='ltr'><strong>Quaniquatn</strong></span> <span class='ocrx_word' id='word_1_566' title='bbox 2319 3443 2465 3498; x_wconf 90' lang='lat' dir='ltr'><strong>enim</strong></span> <span class='ocrx_word' id='word_1_567' title='bbox 2499 3441 2892 3512; x_wconf 87' lang='lat' dir='ltr'><strong>promissiones</strong></span> <span class='ocrx_word' id='word_1_568' title='bbox 2926 3441 3194 3498; x_wconf 86' lang='lat' dir='ltr'><strong>fateamur</strong></span> <span class='ocrx_word' id='word_1_569' title='bbox 3223 3452 3376 3498; x_wconf 83' lang='lat' dir='ltr'><strong>extra</strong></span> <span class='ocrx_word' id='word_1_570' title='bbox 3411 3450 3566 3513; x_wconf 87' lang='lat' dir='ltr'><strong>pacta</strong></span> 
     </span>
    </p>
   </div>
   <div class='ocr_carea' id='block_1_77' title="bbox 1959 3534 3564 3606">
    <p class='ocr_par' dir='ltr' id='par_1_77' title="bbox 1959 3534 3564 3606">
     <span class='ocr_line' id='line_1_77' title="bbox 1959 3534 3564 3606; baseline 0 -16"><span class='ocrx_word' id='word_1_571' title='bbox 1959 3536 2146 3604; x_wconf 81' lang='lat' dir='ltr'><strong>factas,</strong></span> <span class='ocrx_word' id='word_1_572' title='bbox 2165 3537 2282 3591; x_wconf 90' lang='lat' dir='ltr'><strong>sine</strong></span> <span class='ocrx_word' id='word_1_573' title='bbox 2310 3535 2534 3602; x_wconf 87' lang='lat' dir='ltr'><strong>alterius</strong></span> <span class='ocrx_word' id='word_1_574' title='bbox 2562 3535 2732 3605; x_wconf 90' lang='lat' dir='ltr'><strong>partis</strong></span> <span class='ocrx_word' id='word_1_575' title='bbox 2757 3534 3090 3606; x_wconf 86' lang='lat' dir='ltr'><strong>obligatione</strong></span> <span class='ocrx_word' id='word_1_576' title='bbox 3115 3535 3252 3590; x_wconf 89' lang='lat' dir='ltr'><strong>satis</strong></span> <span class='ocrx_word' id='word_1_577' title='bbox 3274 3534 3564 3590; x_wconf 89' lang='lat' dir='ltr'><strong>commode</strong></span> 
     </span>
    </p>
   </div>
   <div class='ocr_carea' id='block_1_78' title="bbox 1960 3626 3568 3701">
    <p class='ocr_par' dir='ltr' id='par_1_78' title="bbox 1960 3626 3568 3701">
     <span class='ocr_line' id='line_1_78' title="bbox 1960 3626 3568 3701; baseline -0.002 -17"><span class='ocrx_word' id='word_1_578' title='bbox 1960 3629 2184 3701; x_wconf 84' lang='lat' dir='ltr'><strong>intelligi</strong></span> <span class='ocrx_word' id='word_1_579' title='bbox 2214 3642 2417 3700; x_wconf 88' lang='lat' dir='ltr'><strong>posse;</strong></span> <span class='ocrx_word' id='word_1_580' title='bbox 2447 3637 2504 3681; x_wconf 90' lang='lat' dir='ltr'><strong>at</strong></span> <span class='ocrx_word' id='word_1_581' title='bbox 2547 3642 2670 3698; x_wconf 63' lang='lat' dir='ltr'><strong>qua:</strong></span> <span class='ocrx_word' id='word_1_582' title='bbox 2699 3627 2926 3682; x_wconf 86' lang='lat' dir='ltr'><strong>alteram</strong></span> <span class='ocrx_word' id='word_1_583' title='bbox 2957 3627 3098 3697; x_wconf 86' lang='lat' dir='ltr'><strong>pacti</strong></span> <span class='ocrx_word' id='word_1_584' title='bbox 3123 3635 3331 3698; x_wconf 88' lang='lat' dir='ltr'><strong>partem</strong></span> <span class='ocrx_word' id='word_1_585' title='bbox 3361 3626 3568 3682; x_wconf 86' lang='lat' dir='ltr'><strong>consti-</strong></span> 
     </span>
    </p>
   </div>
   <div class='ocr_carea' id='block_1_79' title="bbox 1965 3718 3569 3790">
    <p class='ocr_par' dir='ltr' id='par_1_79' title="bbox 1965 3718 3569 3790">
     <span class='ocr_line' id='line_1_79' title="bbox 1965 3718 3569 3790; baseline -0.002 -13"><span class='ocrx_word' id='word_1_586' title='bbox 1965 3732 2144 3789; x_wconf 90' lang='lat' dir='ltr'><strong>tuunt,</strong></span> <span class='ocrx_word' id='word_1_587' title='bbox 2173 3722 2280 3777; x_wconf 83' lang='lat' dir='ltr'><strong>illae</strong></span> <span class='ocrx_word' id='word_1_588' title='bbox 2328 3729 2512 3776; x_wconf 91' lang='lat' dir='ltr'><strong>mutua</strong></span> <span class='ocrx_word' id='word_1_589' title='bbox 2556 3720 2780 3776; x_wconf 92' lang='lat' dir='ltr'><strong>omnino</strong></span> <span class='ocrx_word' id='word_1_590' title='bbox 2818 3719 3099 3790; x_wconf 90' lang='lat' dir='ltr'><strong>utriusque</strong></span> <span class='ocrx_word' id='word_1_591' title='bbox 3135 3718 3569 3790; x_wconf 81' lang='lat' dir='ltr'><strong>partisexigunt</strong></span> 
     </span>
    </p>
   </div>
   <div class='ocr_carea' id='block_1_80' title="bbox 1967 3810 3566 3886">
    <p class='ocr_par' dir='ltr' id='par_1_80' title="bbox 1967 3810 3566 3886">
     <span class='ocr_line' id='line_1_80' title="bbox 1967 3810 3566 3886; baseline -0.004 -13"><span class='ocrx_word' id='word_1_592' title='bbox 1967 3816 2167 3873; x_wconf 84' lang='lat' dir='ltr'><strong>officia.</strong></span> <span class='ocrx_word' id='word_1_593' title='bbox 2212 3815 2332 3886; x_wconf 85' lang='lat' dir='ltr'><strong>Ipsa</strong></span> <span class='ocrx_word' id='word_1_594' title='bbox 2384 3816 2489 3870; x_wconf 91' lang='lat' dir='ltr'><strong>hoc</strong></span> <span class='ocrx_word' id='word_1_595' title='bbox 2540 3813 2680 3885; x_wconf 87' lang='lat' dir='ltr'><strong>pacti</strong></span> <span class='ocrx_word' id='word_1_596' title='bbox 2731 3814 2872 3868; x_wconf 91' lang='lat' dir='ltr'><strong>ratio</strong></span> <span class='ocrx_word' id='word_1_597' title='bbox 2929 3812 3241 3872; x_wconf 87' lang='lat' dir='ltr'><strong>necessario</strong></span> <span class='ocrx_word' id='word_1_598' title='bbox 3288 3810 3566 3882; x_wconf 92' lang='lat' dir='ltr'><strong>supponit.</strong></span> 
     </span>
    </p>
   </div>
   <div class='ocr_carea' id='block_1_81' title="bbox 1965 3903 3571 3977">
    <p class='ocr_par' dir='ltr' id='par_1_81' title="bbox 1965 3903 3571 3977">
     <span class='ocr_line' id='line_1_81' title="bbox 1965 3903 3571 3977; baseline -0.004 -11"><span class='ocrx_word' id='word_1_599' title='bbox 1965 3912 2112 3974; x_wconf 71' lang='lat' dir='ltr'><strong>Data:</strong></span> <span class='ocrx_word' id='word_1_600' title='bbox 2159 3911 2306 3966; x_wconf 84' lang='lat' dir='ltr'><strong>enim</strong></span> <span class='ocrx_word' id='word_1_601' title='bbox 2349 3909 2603 3975; x_wconf 88' lang='lat' dir='ltr'><strong>fortasse,</strong></span> <span class='ocrx_word' id='word_1_602' title='bbox 2637 3922 2744 3962; x_wconf 92' lang='lat' dir='ltr'><strong>non</strong></span> <span class='ocrx_word' id='word_1_603' title='bbox 2789 3917 2938 3964; x_wconf 86' lang='lat' dir='ltr'><strong>certe</strong></span> <span class='ocrx_word' id='word_1_604' title='bbox 2981 3915 3175 3977; x_wconf 85' lang='lat' dir='ltr'><strong>pactae,</strong></span> <span class='ocrx_word' id='word_1_605' title='bbox 3201 3905 3308 3960; x_wconf 67' lang='lat' dir='ltr'><strong>illa:</strong></span> <span class='ocrx_word' id='word_1_606' title='bbox 3338 3903 3571 3976; x_wconf 88' lang='lat' dir='ltr'><strong>promis-</strong></span> 
     </span>
    </p>
   </div>
   <div class='ocr_carea' id='block_1_82' title="bbox 1964 3995 3569 4073">
    <p class='ocr_par' dir='ltr' id='par_1_82' title="bbox 1964 3995 3569 4073">
     <span class='ocr_line' id='line_1_82' title="bbox 1964 3995 3569 4073; baseline -0.004 -14"><span class='ocrx_word' id='word_1_607' title='bbox 1964 4005 2148 4060; x_wconf 91' lang='lat' dir='ltr'><strong>siones</strong></span> <span class='ocrx_word' id='word_1_608' title='bbox 2177 4003 2490 4060; x_wconf 82' lang='lat' dir='ltr'><strong>dicerentur</strong></span> <span class='ocrx_word' id='word_1_609' title='bbox 2519 4015 2640 4073; x_wconf 63' lang='lat' dir='ltr'><strong>qua:</strong></span> <span class='ocrx_word' id='word_1_610' title='bbox 2679 4000 2824 4055; x_wconf 88' lang='lat' dir='ltr'><strong>nulla</strong></span> <span class='ocrx_word' id='word_1_611' title='bbox 2857 4007 3226 4072; x_wconf 90' lang='lat' dir='ltr'><strong>snpponerent</strong></span> <span class='ocrx_word' id='word_1_612' title='bbox 3256 3996 3434 4055; x_wconf 78' lang='lat' dir='ltr'><strong>Ofﬁcia</strong></span> <span class='ocrx_word' id='word_1_613' title='bbox 3464 3995 3569 4053; x_wconf 84' lang='lat' dir='ltr'><strong>sibi</strong></span> 
     </span>
    </p>
   </div>
   <div class='ocr_carea' id='block_1_83' title="bbox 1965 4092 2906 4166">
    <p class='ocr_par' dir='ltr' id='par_1_83' title="bbox 1965 4092 2906 4166">
     <span class='ocr_line' id='line_1_83' title="bbox 1965 4092 2906 4166; baseline -0.005 -14"><span class='ocrx_word' id='word_1_614' title='bbox 1965 4110 2030 4152; x_wconf 79' lang='lat' dir='ltr'><strong>ex</strong></span> <span class='ocrx_word' id='word_1_615' title='bbox 2057 4095 2280 4152; x_wconf 84' lang='lat' dir='ltr'><strong>adversa</strong></span> <span class='ocrx_word' id='word_1_616' title='bbox 2310 4103 2465 4166; x_wconf 88' lang='lat' dir='ltr'><strong>parte</strong></span> <span class='ocrx_word' id='word_1_617' title='bbox 2497 4092 2906 4164; x_wconf 74' lang='lat' dir='ltr'><strong>reapondentia.</strong></span> 
     </span>
    </p>
   </div>
   <div class='ocr_carea' id='block_1_84' title="bbox 2038 4180 3569 4258">
    <p class='ocr_par' dir='ltr' id='par_1_84' title="bbox 2038 4180 3569 4258">
     <span class='ocr_line' id='line_1_84' title="bbox 2038 4180 3569 4258; baseline -0.003 -16"><span class='ocrx_word' id='word_1_618' title='bbox 2038 4187 2065 4258; x_wconf 84' lang='lat'><strong>§</strong></span> <span class='ocrx_word' id='word_1_619' title='bbox 2092 4187 2526 4256; x_wconf 74' lang='lat' dir='ltr'><strong>25.—Sequitur</strong></span> <span class='ocrx_word' id='word_1_620' title='bbox 2556 4184 2715 4239; x_wconf 89' lang='lat' dir='ltr'><strong>tertio</strong></span> <span class='ocrx_word' id='word_1_621' title='bbox 2735 4185 2824 4254; x_wconf 88' lang='lat' dir='ltr'><strong>jus</strong></span> <span class='ocrx_word' id='word_1_622' title='bbox 2855 4182 2984 4239; x_wconf 86' lang='lat' dir='ltr'><strong>illud</strong></span> <span class='ocrx_word' id='word_1_623' title='bbox 3013 4180 3185 4254; x_wconf 87' lang='lat' dir='ltr'><strong>legale</strong></span> <span class='ocrx_word' id='word_1_624' title='bbox 3210 4195 3396 4249; x_wconf 89' lang='lat' dir='ltr'><strong>omne,</strong></span> <span class='ocrx_word' id='word_1_625' title='bbox 3421 4180 3569 4253; x_wconf 86' lang='lat' dir='ltr'><strong>quod</strong></span> 
     </span>
    </p>
   </div>
   <div class='ocr_carea' id='block_1_85' title="bbox 1967 4276 3572 4356">
    <p class='ocr_par' dir='ltr' id='par_1_85' title="bbox 1967 4276 3572 4356">
     <span class='ocr_line' id='line_1_85' title="bbox 1967 4276 3572 4356; baseline -0.006 -16"><span class='ocrx_word' id='word_1_626' title='bbox 1967 4284 2112 4356; x_wconf 90' lang='lat' dir='ltr'><strong>pacti</strong></span> <span class='ocrx_word' id='word_1_627' title='bbox 2141 4281 2409 4338; x_wconf 82' lang='lat' dir='ltr'><strong>beneflcio</strong></span> <span class='ocrx_word' id='word_1_628' title='bbox 2460 4279 2794 4345; x_wconf 89' lang='lat' dir='ltr'><strong>obtinemus,</strong></span> <span class='ocrx_word' id='word_1_629' title='bbox 2826 4277 2894 4332; x_wconf 87' lang='lat' dir='ltr'><strong>ad</strong></span> <span class='ocrx_word' id='word_1_630' title='bbox 2928 4276 3020 4344; x_wconf 87' lang='lat' dir='ltr'><strong>Dei</strong></span> <span class='ocrx_word' id='word_1_631' title='bbox 3065 4276 3479 4348; x_wconf 89' lang='lat' dir='ltr'><strong>promissiones,</strong></span> <span class='ocrx_word' id='word_1_632' title='bbox 3504 4291 3572 4331; x_wconf 82' lang='lat' dir='ltr'><strong>ex</strong></span> 
     </span>
    </p>
   </div>
   <div class='ocr_carea' id='block_1_86' title="bbox 1968 4369 3571 4446">
    <p class='ocr_par' dir='ltr' id='par_1_86' title="bbox 1968 4369 3571 4446">
     <span class='ocr_line' id='line_1_86' title="bbox 1968 4369 3571 4446; baseline -0.007 -11"><span class='ocrx_word' id='word_1_633' title='bbox 1968 4378 2132 4435; x_wconf 82' lang='lat' dir='ltr'><strong>ofﬁcii</strong></span> <span class='ocrx_word' id='word_1_634' title='bbox 2160 4377 2331 4432; x_wconf 90' lang='lat' dir='ltr'><strong>nostri</strong></span> <span class='ocrx_word' id='word_1_635' title='bbox 2365 4374 2710 4446; x_wconf 76' lang='lat' dir='ltr'><strong>prrcstationc</strong></span> <span class='ocrx_word' id='word_1_636' title='bbox 2737 4387 2861 4428; x_wconf 85' lang='lat' dir='ltr'><strong>esse</strong></span> <span class='ocrx_word' id='word_1_637' title='bbox 2882 4370 3280 4427; x_wconf 88' lang='lat' dir='ltr'><strong>deducendum.</strong></span> <span class='ocrx_word' id='word_1_638' title='bbox 3302 4369 3402 4424; x_wconf 90' lang='lat' dir='ltr'><strong>Est</strong></span> <span class='ocrx_word' id='word_1_639' title='bbox 3427 4369 3571 4428; x_wconf 88' lang='lat' dir='ltr'><strong>enim</strong></span> 
     </span>
    </p>
   </div>
   <div class='ocr_carea' id='block_1_87' title="bbox 1970 4463 3575 4540">
    <p class='ocr_par' dir='ltr' id='par_1_87' title="bbox 1970 4463 3575 4540">
     <span class='ocr_line' id='line_1_87' title="bbox 1970 4463 3575 4540; baseline -0.007 -10"><span class='ocrx_word' id='word_1_640' title='bbox 1970 4473 2099 4530; x_wconf 90' lang='lat' dir='ltr'><strong>illud</strong></span> <span class='ocrx_word' id='word_1_641' title='bbox 2125 4471 2366 4528; x_wconf 88' lang='lat' dir='ltr'><strong>omnium</strong></span> <span class='ocrx_word' id='word_1_642' title='bbox 2421 4477 2698 4540; x_wconf 90' lang='lat' dir='ltr'><strong>pactorum</strong></span> <span class='ocrx_word' id='word_1_643' title='bbox 2747 4482 3039 4523; x_wconf 92' lang='lat' dir='ltr'><strong>commune</strong></span> <span class='ocrx_word' id='word_1_644' title='bbox 3069 4475 3126 4519; x_wconf 89' lang='lat' dir='ltr'><strong>ut</strong></span> <span class='ocrx_word' id='word_1_645' title='bbox 3154 4480 3274 4535; x_wconf 75' lang='lat' dir='ltr'><strong>qua:</strong></span> <span class='ocrx_word' id='word_1_646' title='bbox 3304 4463 3575 4520; x_wconf 86' lang='lat' dir='ltr'><strong>habentur</strong></span> 
     </span>
    </p>
   </div>
   <div class='ocr_carea' id='block_1_88' title="bbox 1972 4555 3572 4635">
    <p class='ocr_par' dir='ltr' id='par_1_88' title="bbox 1972 4555 3572 4635">
     <span class='ocr_line' id='line_1_88' title="bbox 1972 4555 3572 4635; baseline -0.008 -14"><span class='ocrx_word' id='word_1_647' title='bbox 1972 4567 2024 4621; x_wconf 92' lang='lat' dir='ltr'><strong>in</strong></span> <span class='ocrx_word' id='word_1_648' title='bbox 2054 4565 2163 4622; x_wconf 91' lang='lat' dir='ltr'><strong>illis</strong></span> <span class='ocrx_word' id='word_1_649' title='bbox 2209 4561 2599 4635; x_wconf 88' lang='lat' dir='ltr'><strong>promissiones</strong></span> <span class='ocrx_word' id='word_1_650' title='bbox 2628 4576 2710 4616; x_wconf 69' lang='lat' dir='ltr'><strong>em</strong></span> <span class='ocrx_word' id='word_1_651' title='bbox 2756 4558 3142 4614; x_wconf 69' lang='lat' dir='ltr'><strong>conditionata:</strong></span> <span class='ocrx_word' id='word_1_652' title='bbox 3174 4555 3572 4627; x_wconf 86' lang='lat' dir='ltr'><strong>intelligantur,</strong></span> 
     </span>
    </p>
   </div>
   <div class='ocr_carea' id='block_1_89' title="bbox 1972 4650 3597 4726">
    <p class='ocr_par' dir='ltr' id='par_1_89' title="bbox 1972 4650 3597 4726">
     <span class='ocr_line' id='line_1_89' title="bbox 1972 4650 3597 4726; baseline -0.004 -13"><span class='ocrx_word' id='word_1_653' title='bbox 1972 4674 2074 4715; x_wconf 88' lang='lat' dir='ltr'><strong>nec</strong></span> <span class='ocrx_word' id='word_1_654' title='bbox 2117 4665 2275 4713; x_wconf 89' lang='lat' dir='ltr'><strong>antea</strong></span> <span class='ocrx_word' id='word_1_655' title='bbox 2304 4655 2504 4711; x_wconf 67' lang='lat' dir='ltr'><strong>debitae</strong></span> <span class='ocrx_word' id='word_1_656' title='bbox 2527 4669 2690 4726; x_wconf 90' lang='lat' dir='ltr'><strong>quam</strong></span> <span class='ocrx_word' id='word_1_657' title='bbox 2740 4653 2996 4724; x_wconf 71' lang='lat' dir='ltr'><strong>praestita:</strong></span> <span class='ocrx_word' id='word_1_658' title='bbox 3022 4650 3245 4717; x_wconf 85' lang='lat' dir='ltr'><strong>fuerint,</strong></span> <span class='ocrx_word' id='word_1_659' title='bbox 3293 4665 3359 4706; x_wconf 79' lang='lat' dir='ltr'><strong>ex</strong></span> <span class='ocrx_word' id='word_1_660' title='bbox 3405 4650 3597 4706; x_wconf 86' lang='lat' dir='ltr'><strong>altera-</strong></span> 
     </span>
    </p>
   </div>
   <div class='ocr_carea' id='block_1_90' title="bbox 295 4741 3577 4828">
    <p class='ocr_par' dir='ltr' id='par_1_90' title="bbox 295 4741 3577 4828">
     <span class='ocr_line' id='line_1_90' title="bbox 295 4741 3577 4828; baseline -0.001 -25"><span class='ocrx_word' id='word_1_661' title='bbox 295 4749 528 4807; x_wconf 84' lang='lat' dir='ltr'><strong>cissimln</strong></span> <span class='ocrx_word' id='word_1_662' title='bbox 554 4754 832 4825; x_wconf 88' lang='lat' dir='ltr'><strong>proprium</strong></span> <span class='ocrx_word' id='word_1_663' title='bbox 881 4754 1217 4810; x_wconf 90' lang='lat' dir='ltr'><strong>ascribamur</strong></span> <span class='ocrx_word' id='word_1_664' title='bbox 1253 4753 1554 4825; x_wconf 89' lang='lat' dir='ltr'><strong>populum;</strong></span> <span class='ocrx_word' id='word_1_665' title='bbox 1586 4768 1684 4809; x_wconf 89' lang='lat' dir='ltr'><strong>nec</strong></span> <span class='ocrx_word' id='word_1_666' title='bbox 1735 4741 1944 4814; x_wconf 83' lang='lat' dir='ltr'><strong>illudD</strong></span> <span class='ocrx_word' id='word_1_667' title='bbox 1972 4765 2145 4828; x_wconf 88' lang='lat' dir='ltr'><strong>parte,</strong></span> <span class='ocrx_word' id='word_1_668' title='bbox 2189 4751 2610 4820; x_wconf 86' lang='lat' dir='ltr'><strong>promissionum</strong></span> <span class='ocrx_word' id='word_1_669' title='bbox 2651 4747 3020 4806; x_wconf 82' lang='lat' dir='ltr'><strong>conditiones.</strong></span> <span class='ocrx_word' id='word_1_670' title='bbox 3069 4745 3177 4803; x_wconf 91' lang='lat' dir='ltr'><strong>Sed</strong></span> <span class='ocrx_word' id='word_1_671' title='bbox 3223 4745 3275 4800; x_wconf 91' lang='lat' dir='ltr'><strong>in</strong></span> <span class='ocrx_word' id='word_1_672' title='bbox 3309 4743 3362 4800; x_wconf 90' lang='lat' dir='ltr'><strong>id</strong></span> <span class='ocrx_word' id='word_1_673' title='bbox 3406 4759 3577 4816; x_wconf 84' lang='lat' dir='ltr'><strong>genus</strong></span> 
     </span>
    </p>
   </div>
   <div class='ocr_carea' id='block_1_91' title="bbox 293 4843 1867 4910">
    <p class='ocr_par' dir='ltr' id='par_1_91' title="bbox 293 4843 1867 4910">
     <span class='ocr_line' id='line_1_91' title="bbox 293 4843 1867 4910; baseline 0.006 -14"><span class='ocrx_word' id='word_1_674' title='bbox 293 4843 455 4910; x_wconf 87' lang='lat' dir='ltr'><strong>modo.</strong></span> <span class='ocrx_word' id='word_1_675' title='bbox 487 4847 580 4904; x_wconf 89' lang='lat' dir='ltr'><strong>sed</strong></span> <span class='ocrx_word' id='word_1_676' title='bbox 624 4855 908 4903; x_wconf 75' lang='lat' dir='ltr'><strong>externam</strong></span> <span class='ocrx_word' id='word_1_677' title='bbox 965 4863 1087 4904; x_wconf 91' lang='lat' dir='ltr'><strong>esse</strong></span> <span class='ocrx_word' id='word_1_678' title='bbox 1141 4848 1282 4904; x_wconf 91' lang='lat' dir='ltr'><strong>hanc</strong></span> <span class='ocrx_word' id='word_1_679' title='bbox 1328 4858 1570 4906; x_wconf 90' lang='lat' dir='ltr'><strong>nostram</strong></span> <span class='ocrx_word' id='word_1_680' title='bbox 1599 4865 1721 4905; x_wconf 89' lang='lat' dir='ltr'><strong>eum</strong></span> <span class='ocrx_word' id='word_1_681' title='bbox 1756 4849 1867 4905; x_wconf 91' lang='lat' dir='ltr'><strong>Deo</strong></span> 
     </span>
    </p>
   </div>
   <div class='ocr_carea' id='block_1_92' title="bbox 296 4937 1864 5013">
    <p class='ocr_par' dir='ltr' id='par_1_92' title="bbox 296 4937 1864 5013">
     <span class='ocr_line' id='line_1_92' title="bbox 296 4937 1864 5013; baseline 0.005 -22"><span class='ocrx_word' id='word_1_682' title='bbox 296 4937 810 5005; x_wconf 72' lang='lat' dir='ltr'><strong>coultnderationem,</strong></span> <span class='ocrx_word' id='word_1_683' title='bbox 837 4940 907 4995; x_wconf 91' lang='lat' dir='ltr'><strong>ita</strong></span> <span class='ocrx_word' id='word_1_684' title='bbox 931 4955 1126 5013; x_wconf 85' lang='lat' dir='ltr'><strong>nempe</strong></span> <span class='ocrx_word' id='word_1_685' title='bbox 1153 4941 1581 5013; x_wconf 85' lang='lat' dir='ltr'><strong>intelligendam,</strong></span> <span class='ocrx_word' id='word_1_686' title='bbox 1601 4952 1658 4997; x_wconf 92' lang='lat' dir='ltr'><strong>ut</strong></span> <span class='ocrx_word' id='word_1_687' title='bbox 1682 4952 1864 4999; x_wconf 81' lang='lat' dir='ltr'><strong>exter-</strong></span> 
     </span>
    </p>
   </div>
   <div class='ocr_carea' id='block_1_93' title="bbox 296 5032 1864 5105">
    <p class='ocr_par' dir='ltr' id='par_1_93' title="bbox 296 5032 1864 5105">
     <span class='ocr_line' id='line_1_93' title="bbox 296 5032 1864 5105; baseline 0.006 -22"><span class='ocrx_word' id='word_1_688' title='bbox 296 5041 406 5093; x_wconf 88' lang='lat' dir='ltr'><strong>num</strong></span> <span class='ocrx_word' id='word_1_689' title='bbox 453 5032 666 5102; x_wconf 89' lang='lat' dir='ltr'><strong>aliquod</strong></span> <span class='ocrx_word' id='word_1_690' title='bbox 725 5032 1022 5093; x_wconf 85' lang='lat' dir='ltr'><strong>intercedat</strong></span> <span class='ocrx_word' id='word_1_691' title='bbox 1065 5034 1279 5091; x_wconf 91' lang='lat' dir='ltr'><strong>unionis</strong></span> <span class='ocrx_word' id='word_1_692' title='bbox 1325 5035 1556 5105; x_wconf 65' lang='lat' dir='ltr'><strong>politican</strong></span> <span class='ocrx_word' id='word_1_693' title='bbox 1595 5036 1864 5092; x_wconf 88' lang='lat' dir='ltr'><strong>vinculum</strong></span> 
     </span>
    </p>
   </div>
   <div class='ocr_carea' id='block_1_94' title="bbox 301 5124 1868 5200">
    <p class='ocr_par' dir='ltr' id='par_1_94' title="bbox 301 5124 1868 5200">
     <span class='ocr_line' id='line_1_94' title="bbox 301 5124 1868 5200; baseline 0.006 -25"><span class='ocrx_word' id='word_1_694' title='bbox 301 5128 393 5178; x_wconf 79' lang='lat' dir='ltr'><strong>tam</strong></span> <span class='ocrx_word' id='word_1_695' title='bbox 414 5126 563 5185; x_wconf 87' lang='lat' dir='ltr'><strong>nobis</strong></span> <span class='ocrx_word' id='word_1_696' title='bbox 593 5128 850 5195; x_wconf 89' lang='lat' dir='ltr'><strong>invicem,</strong></span> <span class='ocrx_word' id='word_1_697' title='bbox 882 5144 1042 5200; x_wconf 88' lang='lat' dir='ltr'><strong>quam</strong></span> <span class='ocrx_word' id='word_1_698' title='bbox 1070 5129 1184 5185; x_wconf 90' lang='lat' dir='ltr'><strong>Deo</strong></span> <span class='ocrx_word' id='word_1_699' title='bbox 1222 5124 1383 5185; x_wconf 80' lang='lat' dir='ltr'><strong>etiam</strong></span> <span class='ocrx_word' id='word_1_700' title='bbox 1413 5129 1693 5186; x_wconf 89' lang='lat' dir='ltr'><strong>nobiscum</strong></span> <span class='ocrx_word' id='word_1_701' title='bbox 1719 5145 1868 5187; x_wconf 89' lang='lat' dir='ltr'><strong>com-</strong></span> 
     </span>
    </p>
   </div>
   <div class='ocr_carea' id='block_1_95' title="bbox 297 5219 1869 5292">
    <p class='ocr_par' dir='ltr' id='par_1_95' title="bbox 297 5219 1869 5292">
     <span class='ocr_line' id='line_1_95' title="bbox 297 5219 1869 5292; baseline 0.006 -23"><span class='ocrx_word' id='word_1_702' title='bbox 297 5229 462 5287; x_wconf 87' lang='lat' dir='ltr'><strong>mune,</strong></span> <span class='ocrx_word' id='word_1_703' title='bbox 488 5235 596 5292; x_wconf 91' lang='lat' dir='ltr'><strong>quo</strong></span> <span class='ocrx_word' id='word_1_704' title='bbox 625 5235 727 5275; x_wconf 90' lang='lat' dir='ltr'><strong>nos</strong></span> <span class='ocrx_word' id='word_1_705' title='bbox 752 5219 854 5291; x_wconf 90' lang='lat' dir='ltr'><strong>ipsi</strong></span> <span class='ocrx_word' id='word_1_706' title='bbox 879 5221 1226 5290; x_wconf 72' lang='lat' dir='ltr'><strong>profiteantur</strong></span> <span class='ocrx_word' id='word_1_707' title='bbox 1251 5221 1363 5278; x_wconf 89' lang='lat' dir='ltr'><strong>Deo</strong></span> <span class='ocrx_word' id='word_1_708' title='bbox 1387 5221 1701 5290; x_wconf 68' lang='lat' dir='ltr'><strong>foederatos,</strong></span> <span class='ocrx_word' id='word_1_709' title='bbox 1732 5224 1869 5279; x_wconf 91' lang='lat' dir='ltr'><strong>etab</strong></span> 
     </span>
    </p>
   </div>
   <div class='ocr_carea' id='block_1_96' title="bbox 299 5307 1869 5389">
    <p class='ocr_par' dir='ltr' id='par_1_96' title="bbox 299 5307 1869 5389">
     <span class='ocr_line' id='line_1_96' title="bbox 299 5307 1869 5389; baseline 0.008 -28"><span class='ocrx_word' id='word_1_710' title='bbox 299 5307 400 5366; x_wconf 83' lang='lat' dir='ltr'><strong>aliis</strong></span> <span class='ocrx_word' id='word_1_711' title='bbox 425 5311 586 5368; x_wconf 85' lang='lat' dir='ltr'><strong>etiam</strong></span> <span class='ocrx_word' id='word_1_712' title='bbox 627 5312 875 5371; x_wconf 65' lang='lat' dir='ltr'><strong>foederati</strong></span> <span class='ocrx_word' id='word_1_713' title='bbox 923 5329 1299 5386; x_wconf 83' lang='lat' dir='ltr'><strong>agnoscamur,</strong></span> <span class='ocrx_word' id='word_1_714' title='bbox 1331 5315 1398 5372; x_wconf 87' lang='lat' dir='ltr'><strong>ad</strong></span> <span class='ocrx_word' id='word_1_715' title='bbox 1427 5316 1676 5373; x_wconf 87' lang='lat' dir='ltr'><strong>eumdem</strong></span> <span class='ocrx_word' id='word_1_716' title='bbox 1710 5319 1869 5389; x_wconf 88' lang='lat' dir='ltr'><strong>plane</strong></span> 
     </span>
    </p>
   </div>
   <div class='ocr_carea' id='block_1_97' title="bbox 298 5403 1870 5482">
    <p class='ocr_par' dir='ltr' id='par_1_97' title="bbox 298 5403 1870 5482">
     <span class='ocr_line' id='line_1_97' title="bbox 298 5403 1870 5482; baseline 0.006 -23"><span class='ocrx_word' id='word_1_717' title='bbox 298 5403 492 5461; x_wconf 88' lang='lat' dir='ltr'><strong>modum</strong></span> <span class='ocrx_word' id='word_1_718' title='bbox 518 5421 626 5479; x_wconf 90' lang='lat' dir='ltr'><strong>quo</strong></span> <span class='ocrx_word' id='word_1_719' title='bbox 655 5417 712 5464; x_wconf 91' lang='lat' dir='ltr'><strong>et</strong></span> <span class='ocrx_word' id='word_1_720' title='bbox 734 5406 900 5464; x_wconf 80' lang='lat' dir='ltr'><strong>Israel</strong></span> <span class='ocrx_word' id='word_1_721' title='bbox 924 5408 1220 5464; x_wconf 87' lang='lat' dir='ltr'><strong>secundum</strong></span> <span class='ocrx_word' id='word_1_722' title='bbox 1239 5425 1458 5466; x_wconf 89' lang='lat' dir='ltr'><strong>carnem</strong></span> <span class='ocrx_word' id='word_1_723' title='bbox 1483 5425 1582 5482; x_wconf 90' lang='lat' dir='ltr'><strong>pro</strong></span> <span class='ocrx_word' id='word_1_724' title='bbox 1609 5409 1870 5468; x_wconf 70' lang='lat' dir='ltr'><strong>foederato</strong></span> 
     </span>
    </p>
   </div>
   <div class='ocr_carea' id='block_1_98' title="bbox 302 5491 1870 5575">
    <p class='ocr_par' dir='ltr' id='par_1_98' title="bbox 302 5491 1870 5575">
     <span class='ocr_line' id='line_1_98' title="bbox 302 5491 1870 5575; baseline 0.008 -24"><span class='ocrx_word' id='word_1_725' title='bbox 302 5491 384 5552; x_wconf 82' lang='lat' dir='ltr'><strong>Dei</strong></span> <span class='ocrx_word' id='word_1_726' title='bbox 413 5498 626 5570; x_wconf 91' lang='lat' dir='ltr'><strong>populo,</strong></span> <span class='ocrx_word' id='word_1_727' title='bbox 657 5516 769 5572; x_wconf 65' lang='lat' dir='ltr'><strong>prae</strong></span> <span class='ocrx_word' id='word_1_728' title='bbox 792 5497 1036 5559; x_wconf 59' lang='lat' dir='ltr'><strong>univeri&#39;si</strong></span> <span class='ocrx_word' id='word_1_729' title='bbox 1068 5501 1216 5558; x_wconf 87' lang='lat' dir='ltr'><strong>orbis</strong></span> <span class='ocrx_word' id='word_1_730' title='bbox 1246 5503 1523 5575; x_wconf 90' lang='lat' dir='ltr'><strong>gentibus,</strong></span> <span class='ocrx_word' id='word_1_731' title='bbox 1550 5503 1678 5560; x_wconf 91' lang='lat' dir='ltr'><strong>olim</strong></span> <span class='ocrx_word' id='word_1_732' title='bbox 1712 5512 1870 5574; x_wconf 85' lang='lat' dir='ltr'><strong>pote-</strong></span> 
     </span>
    </p>
   </div>
   <div class='ocr_carea' id='block_1_99' title="bbox 298 5595 1870 5671">
    <p class='ocr_par' dir='ltr' id='par_1_99' title="bbox 298 5595 1870 5671">
     <span class='ocr_line' id='line_1_99' title="bbox 298 5595 1870 5671; baseline 0.008 -25"><span class='ocrx_word' id='word_1_733' title='bbox 298 5602 372 5648; x_wconf 79' lang='lat' dir='ltr'><strong>rat</strong></span> <span class='ocrx_word' id='word_1_734' title='bbox 394 5595 602 5666; x_wconf 79' lang='lat' dir='ltr'><strong>agnosci</strong></span> <span class='ocrx_word' id='word_1_735' title='bbox 645 5614 659 5651; x_wconf 88' lang='lat'><strong>:</strong></span> <span class='ocrx_word' id='word_1_736' title='bbox 695 5596 828 5667; x_wconf 58' lang='lat' dir='ltr'><strong>haec,</strong></span> <span class='ocrx_word' id='word_1_737' title='bbox 874 5599 1116 5671; x_wconf 89' lang='lat' dir='ltr'><strong>inquam,</strong></span> <span class='ocrx_word' id='word_1_738' title='bbox 1150 5600 1221 5656; x_wconf 90' lang='lat' dir='ltr'><strong>ita</strong></span> <span class='ocrx_word' id='word_1_739' title='bbox 1253 5611 1378 5657; x_wconf 89' lang='lat' dir='ltr'><strong>sunt</strong></span> <span class='ocrx_word' id='word_1_740' title='bbox 1422 5617 1486 5657; x_wconf 81' lang='lat' dir='ltr'><strong>ex</strong></span> <span class='ocrx_word' id='word_1_741' title='bbox 1520 5600 1649 5657; x_wconf 81' lang='lat' dir='ltr'><strong>Novi</strong></span> <span class='ocrx_word' id='word_1_742' title='bbox 1682 5601 1870 5658; x_wconf 79' lang='lat' dir='ltr'><strong>Testa-</strong></span> 
     </span>
    </p>
   </div>
   <div class='ocr_carea' id='block_1_100' title="bbox 301 5689 1875 5761">
    <p class='ocr_par' dir='ltr' id='par_1_100' title="bbox 301 5689 1875 5761">
     <span class='ocr_line' id='line_1_100' title="bbox 301 5689 1875 5761; baseline 0.008 -23"><span class='ocrx_word' id='word_1_743' title='bbox 301 5689 450 5743; x_wconf 87' lang='lat' dir='ltr'><strong>menti</strong></span> <span class='ocrx_word' id='word_1_744' title='bbox 479 5689 775 5748; x_wconf 86' lang='lat' dir='ltr'><strong>ratiociniis</strong></span> <span class='ocrx_word' id='word_1_745' title='bbox 803 5692 1115 5761; x_wconf 88' lang='lat' dir='ltr'><strong>manifesta,</strong></span> <span class='ocrx_word' id='word_1_746' title='bbox 1141 5701 1200 5750; x_wconf 90' lang='lat' dir='ltr'><strong>ut</strong></span> <span class='ocrx_word' id='word_1_747' title='bbox 1244 5694 1441 5751; x_wconf 89' lang='lat' dir='ltr'><strong>mirum</strong></span> <span class='ocrx_word' id='word_1_748' title='bbox 1469 5693 1538 5750; x_wconf 83' lang='lat' dir='ltr'><strong>sit.</strong></span> <span class='ocrx_word' id='word_1_749' title='bbox 1567 5710 1689 5751; x_wconf 85' lang='lat' dir='ltr'><strong>esse</strong></span> <span class='ocrx_word' id='word_1_750' title='bbox 1711 5693 1875 5752; x_wconf 86' lang='lat' dir='ltr'><strong>hodie</strong></span> 
     </span>
    </p>
   </div>
   <div class='ocr_carea' id='block_1_101' title="bbox 302 5777 1875 5845">
    <p class='ocr_par' dir='ltr' id='par_1_101' title="bbox 302 5777 1875 5845">
     <span class='ocr_line' id='line_1_101' title="bbox 302 5777 1875 5845; baseline 0.009 -14"><span class='ocrx_word' id='word_1_751' title='bbox 302 5777 378 5845; x_wconf 90' lang='lat' dir='ltr'><strong>qui</strong></span> <span class='ocrx_word' id='word_1_752' title='bbox 401 5779 464 5836; x_wconf 90' lang='lat' dir='ltr'><strong>de</strong></span> <span class='ocrx_word' id='word_1_753' title='bbox 505 5793 683 5840; x_wconf 88' lang='lat' dir='ltr'><strong>nostra</strong></span> <span class='ocrx_word' id='word_1_754' title='bbox 711 5785 1023 5843; x_wconf 87' lang='lat' dir='ltr'><strong>assertione</strong></span> <span class='ocrx_word' id='word_1_755' title='bbox 1061 5786 1327 5844; x_wconf 89' lang='lat' dir='ltr'><strong>dubitent.</strong></span> <span class='ocrx_word' id='word_1_756' title='bbox 1359 5787 1489 5844; x_wconf 73' lang='lat' dir='ltr'><strong>llzec</strong></span> <span class='ocrx_word' id='word_1_757' title='bbox 1513 5792 1655 5844; x_wconf 89' lang='lat' dir='ltr'><strong>enim</strong></span> <span class='ocrx_word' id='word_1_758' title='bbox 1680 5787 1726 5842; x_wconf 91' lang='lat' dir='ltr'><strong>si</strong></span> <span class='ocrx_word' id='word_1_759' title='bbox 1749 5803 1875 5845; x_wconf 89' lang='lat' dir='ltr'><strong>vera</strong></span> 
     </span>
    </p>
   </div>
   <div class='ocr_carea' id='block_1_102' title="bbox 302 5880 1878 5961">
    <p class='ocr_par' dir='ltr' id='par_1_102' title="bbox 302 5880 1878 5961">
     <span class='ocr_line' id='line_1_102' title="bbox 302 5880 1878 5961; baseline 0.011 -36"><span class='ocrx_word' id='word_1_760' title='bbox 302 5881 624 5945; x_wconf 75' lang='lat' dir='ltr'><strong>agnoscamus</strong></span> <span class='ocrx_word' id='word_1_761' title='bbox 647 5895 659 5933; x_wconf 91' lang='lat'><strong>:</strong></span> <span class='ocrx_word' id='word_1_762' title='bbox 681 5880 841 5954; x_wconf 87' lang='lat' dir='ltr'><strong>plane</strong></span> <span class='ocrx_word' id='word_1_763' title='bbox 862 5881 1111 5955; x_wconf 88' lang='lat' dir='ltr'><strong>sequitur</strong></span> <span class='ocrx_word' id='word_1_764' title='bbox 1126 5892 1352 5940; x_wconf 83' lang='lat' dir='ltr'><strong>externa</strong></span> <span class='ocrx_word' id='word_1_765' title='bbox 1381 5899 1444 5942; x_wconf 89' lang='lat' dir='ltr'><strong>ea</strong></span> <span class='ocrx_word' id='word_1_766' title='bbox 1468 5883 1730 5943; x_wconf 85' lang='lat' dir='ltr'><strong>solemnia</strong></span> <span class='ocrx_word' id='word_1_767' title='bbox 1759 5883 1878 5961; x_wconf 87' lang='lat' dir='ltr'><strong>qui-</strong></span> 
     </span>
    </p>
   </div>
   <div class='ocr_carea' id='block_1_103' title="bbox 1971 4835 3577 4917">
    <p class='ocr_par' dir='ltr' id='par_1_103' title="bbox 1971 4835 3577 4917">
     <span class='ocr_line' id='line_1_103' title="bbox 1971 4835 3577 4917; baseline -0.007 -15"><span class='ocrx_word' id='word_1_768' title='bbox 1971 4846 2146 4917; x_wconf 88' lang='lat' dir='ltr'><strong>pactis</strong></span> <span class='ocrx_word' id='word_1_769' title='bbox 2173 4859 2319 4914; x_wconf 65' lang='lat' dir='ltr'><strong>quae,</strong></span> <span class='ocrx_word' id='word_1_770' title='bbox 2349 4858 2417 4897; x_wconf 83' lang='lat' dir='ltr'><strong>ex</strong></span> <span class='ocrx_word' id='word_1_771' title='bbox 2457 4841 2622 4895; x_wconf 89' lang='lat' dir='ltr'><strong>altera</strong></span> <span class='ocrx_word' id='word_1_772' title='bbox 2655 4849 2829 4911; x_wconf 89' lang='lat' dir='ltr'><strong>parte,</strong></span> <span class='ocrx_word' id='word_1_773' title='bbox 2857 4839 2972 4893; x_wconf 88' lang='lat' dir='ltr'><strong>sola</strong></span> <span class='ocrx_word' id='word_1_774' title='bbox 3006 4836 3291 4893; x_wconf 91' lang='lat' dir='ltr'><strong>includunt</strong></span> <span class='ocrx_word' id='word_1_775' title='bbox 3314 4835 3577 4892; x_wconf 86' lang='lat' dir='ltr'><strong>beneficia</strong></span> 
     </span>
    </p>
   </div>
   <div class='ocr_carea' id='block_1_104' title="bbox 1972 4927 3574 5010">
    <p class='ocr_par' dir='ltr' id='par_1_104' title="bbox 1972 4927 3574 5010">
     <span class='ocr_line' id='line_1_104' title="bbox 1972 4927 3574 5010; baseline -0.01 -13"><span class='ocrx_word' id='word_1_776' title='bbox 1972 4941 2091 4997; x_wconf 88' lang='lat' dir='ltr'><strong>aliis</strong></span> <span class='ocrx_word' id='word_1_777' title='bbox 2123 4934 2451 5010; x_wconf 66' lang='lat' dir='ltr'><strong>praestanda,</strong></span> <span class='ocrx_word' id='word_1_778' title='bbox 2483 4933 2632 4989; x_wconf 90' lang='lat' dir='ltr'><strong>nulla</strong></span> <span class='ocrx_word' id='word_1_779' title='bbox 2679 4931 2921 4988; x_wconf 90' lang='lat' dir='ltr'><strong>vicissim</strong></span> <span class='ocrx_word' id='word_1_780' title='bbox 2967 4930 3036 4986; x_wconf 90' lang='lat' dir='ltr'><strong>ab</strong></span> <span class='ocrx_word' id='word_1_781' title='bbox 3091 4929 3212 4986; x_wconf 89' lang='lat' dir='ltr'><strong>aliis</strong></span> <span class='ocrx_word' id='word_1_782' title='bbox 3241 4927 3574 4999; x_wconf 84' lang='lat' dir='ltr'><strong>recipienda,</strong></span> 
     </span>
    </p>
   </div>
   <div class='ocr_carea' id='block_1_105' title="bbox 1970 5019 3573 5106">
    <p class='ocr_par' dir='ltr' id='par_1_105' title="bbox 1970 5019 3573 5106">
     <span class='ocr_line' id='line_1_105' title="bbox 1970 5019 3573 5106; baseline -0.011 -16"><span class='ocrx_word' id='word_1_783' title='bbox 1970 5034 2149 5106; x_wconf 87' lang='lat' dir='ltr'><strong>qualia</strong></span> <span class='ocrx_word' id='word_1_784' title='bbox 2181 5033 2289 5087; x_wconf 90' lang='lat' dir='ltr'><strong>sint</strong></span> <span class='ocrx_word' id='word_1_785' title='bbox 2330 5038 2484 5102; x_wconf 90' lang='lat' dir='ltr'><strong>pacta</strong></span> <span class='ocrx_word' id='word_1_786' title='bbox 2516 5040 2740 5084; x_wconf 85' lang='lat' dir='ltr'><strong>necesse</strong></span> <span class='ocrx_word' id='word_1_787' title='bbox 2769 5035 2853 5082; x_wconf 88' lang='lat' dir='ltr'><strong>est</strong></span> <span class='ocrx_word' id='word_1_788' title='bbox 2888 5040 3009 5097; x_wconf 77' lang='lat' dir='ltr'><strong>qua:</strong></span> <span class='ocrx_word' id='word_1_789' title='bbox 3041 5024 3151 5080; x_wconf 86' lang='lat' dir='ltr'><strong>Deo</strong></span> <span class='ocrx_word' id='word_1_790' title='bbox 3189 5030 3313 5079; x_wconf 90' lang='lat' dir='ltr'><strong>sunt</strong></span> <span class='ocrx_word' id='word_1_791' title='bbox 3341 5019 3573 5078; x_wconf 82' lang='lat' dir='ltr'><strong>homini-</strong></span> 
     </span>
    </p>
   </div>
   <div class='ocr_carea' id='block_1_106' title="bbox 1972 5114 3579 5200">
    <p class='ocr_par' dir='ltr' id='par_1_106' title="bbox 1972 5114 3579 5200">
     <span class='ocr_line' id='line_1_106' title="bbox 1972 5114 3579 5200; baseline -0.011 -15"><span class='ocrx_word' id='word_1_792' title='bbox 1972 5130 2183 5200; x_wconf 92' lang='lat' dir='ltr'><strong>busque</strong></span> <span class='ocrx_word' id='word_1_793' title='bbox 2237 5123 2571 5186; x_wconf 89' lang='lat' dir='ltr'><strong>communia,</strong></span> <span class='ocrx_word' id='word_1_794' title='bbox 2605 5136 2766 5183; x_wconf 91' lang='lat' dir='ltr'><strong>nemo</strong></span> <span class='ocrx_word' id='word_1_795' title='bbox 2793 5128 2878 5177; x_wconf 91' lang='lat' dir='ltr'><strong>est</strong></span> <span class='ocrx_word' id='word_1_796' title='bbox 2925 5119 3055 5190; x_wconf 92' lang='lat' dir='ltr'><strong>quin</strong></span> <span class='ocrx_word' id='word_1_797' title='bbox 3088 5133 3300 5190; x_wconf 81' lang='lat' dir='ltr'><strong>:equum</strong></span> <span class='ocrx_word' id='word_1_798' title='bbox 3343 5114 3579 5195; x_wconf 67' lang='lat' dir='ltr'><strong>fateatur</strong></span> 
     </span>
    </p>
   </div>
   <div class='ocr_carea' id='block_1_107' title="bbox 1973 5206 3577 5289">
    <p class='ocr_par' dir='ltr' id='par_1_107' title="bbox 1973 5206 3577 5289">
     <span class='ocr_line' id='line_1_107' title="bbox 1973 5206 3577 5289; baseline -0.011 -12"><span class='ocrx_word' id='word_1_799' title='bbox 1973 5221 2180 5277; x_wconf 90' lang='lat' dir='ltr'><strong>nullum</strong></span> <span class='ocrx_word' id='word_1_800' title='bbox 2215 5234 2336 5275; x_wconf 89' lang='lat' dir='ltr'><strong>esse</strong></span> <span class='ocrx_word' id='word_1_801' title='bbox 2361 5231 2526 5289; x_wconf 87' lang='lat' dir='ltr'><strong>posse</strong></span> <span class='ocrx_word' id='word_1_802' title='bbox 2561 5215 2650 5286; x_wconf 91' lang='lat' dir='ltr'><strong>jus</strong></span> <span class='ocrx_word' id='word_1_803' title='bbox 2678 5213 2744 5270; x_wconf 88' lang='lat' dir='ltr'><strong>ad</strong></span> <span class='ocrx_word' id='word_1_804' title='bbox 2778 5211 3062 5279; x_wconf 85' lang='lat' dir='ltr'><strong>beneficia,</strong></span> <span class='ocrx_word' id='word_1_805' title='bbox 3100 5211 3155 5266; x_wconf 89' lang='lat' dir='ltr'><strong>ni</strong></span> <span class='ocrx_word' id='word_1_806' title='bbox 3197 5206 3577 5280; x_wconf 85' lang='lat' dir='ltr'><strong>praecesserint</strong></span> 
     </span>
    </p>
   </div>
   <div class='ocr_carea' id='block_1_108' title="bbox 1974 5296 3580 5379">
    <p class='ocr_par' dir='ltr' id='par_1_108' title="bbox 1974 5296 3580 5379">
     <span class='ocr_line' id='line_1_108' title="bbox 1974 5296 3580 5379; baseline -0.01 -9"><span class='ocrx_word' id='word_1_807' title='bbox 1974 5313 2314 5370; x_wconf 90' lang='lat' dir='ltr'><strong>conditiones</strong></span> <span class='ocrx_word' id='word_1_808' title='bbox 2345 5326 2410 5367; x_wconf 76' lang='lat' dir='ltr'><strong>es</strong></span> <span class='ocrx_word' id='word_1_809' title='bbox 2439 5300 2606 5364; x_wconf 83' lang='lat' dir='ltr'><strong>altera</strong></span> <span class='ocrx_word' id='word_1_810' title='bbox 2637 5317 2789 5379; x_wconf 88' lang='lat' dir='ltr'><strong>parte</strong></span> <span class='ocrx_word' id='word_1_811' title='bbox 2803 5303 3145 5377; x_wconf 68' lang='lat' dir='ltr'><strong>prmstandm.</strong></span> <span class='ocrx_word' id='word_1_812' title='bbox 3166 5300 3276 5356; x_wconf 86' lang='lat' dir='ltr'><strong>Nos</strong></span> <span class='ocrx_word' id='word_1_813' title='bbox 3304 5309 3483 5353; x_wconf 90' lang='lat' dir='ltr'><strong>tamen</strong></span> <span class='ocrx_word' id='word_1_814' title='bbox 3510 5296 3580 5354; x_wconf 89' lang='lat' dir='ltr'><strong>de</strong></span> 
     </span>
    </p>
   </div>
   <div class='ocr_carea' id='block_1_109' title="bbox 1971 5390 3580 5482">
    <p class='ocr_par' dir='ltr' id='par_1_109' title="bbox 1971 5390 3580 5482">
     <span class='ocr_line' id='line_1_109' title="bbox 1971 5390 3580 5482; baseline -0.014 -16"><span class='ocrx_word' id='word_1_815' title='bbox 1971 5409 2095 5482; x_wconf 87' lang='lat' dir='ltr'><strong>jure</strong></span> <span class='ocrx_word' id='word_1_816' title='bbox 2121 5407 2278 5476; x_wconf 88' lang='lat' dir='ltr'><strong>legali</strong></span> <span class='ocrx_word' id='word_1_817' title='bbox 2307 5405 2794 5476; x_wconf 70' lang='lat' dir='ltr'><strong>impraesentiarum</strong></span> <span class='ocrx_word' id='word_1_818' title='bbox 2816 5401 3046 5471; x_wconf 86' lang='lat' dir='ltr'><strong>agimus,</strong></span> <span class='ocrx_word' id='word_1_819' title='bbox 3066 5411 3172 5451; x_wconf 91' lang='lat' dir='ltr'><strong>non</strong></span> <span class='ocrx_word' id='word_1_820' title='bbox 3190 5394 3259 5450; x_wconf 90' lang='lat' dir='ltr'><strong>de</strong></span> <span class='ocrx_word' id='word_1_821' title='bbox 3276 5391 3389 5448; x_wconf 88' lang='lat' dir='ltr'><strong>sola</strong></span> <span class='ocrx_word' id='word_1_822' title='bbox 3413 5390 3580 5462; x_wconf 68' lang='lat' dir='ltr'><strong>aequi-</strong></span> 
     </span>
    </p>
   </div>
   <div class='ocr_carea' id='block_1_110' title="bbox 1976 5483 3577 5568">
    <p class='ocr_par' dir='ltr' id='par_1_110' title="bbox 1976 5483 3577 5568">
     <span class='ocr_line' id='line_1_110' title="bbox 1976 5483 3577 5568; baseline -0.013 -9"><span class='ocrx_word' id='word_1_823' title='bbox 1976 5511 2108 5560; x_wconf 85' lang='lat' dir='ltr'><strong>tate.</strong></span> <span class='ocrx_word' id='word_1_824' title='bbox 2133 5501 2200 5557; x_wconf 88' lang='lat' dir='ltr'><strong>Et</strong></span> <span class='ocrx_word' id='word_1_825' title='bbox 2230 5509 2286 5554; x_wconf 89' lang='lat' dir='ltr'><strong>ut</strong></span> <span class='ocrx_word' id='word_1_826' title='bbox 2315 5499 2540 5568; x_wconf 72' lang='lat' dir='ltr'><strong>aequitas</strong></span> <span class='ocrx_word' id='word_1_827' title='bbox 2565 5495 2740 5566; x_wconf 89' lang='lat' dir='ltr'><strong>aliqua</strong></span> <span class='ocrx_word' id='word_1_828' title='bbox 2781 5491 3012 5548; x_wconf 86' lang='lat' dir='ltr'><strong>fortasse</strong></span> <span class='ocrx_word' id='word_1_829' title='bbox 3041 5503 3161 5544; x_wconf 89' lang='lat' dir='ltr'><strong>esse</strong></span> <span class='ocrx_word' id='word_1_830' title='bbox 3191 5484 3380 5557; x_wconf 89' lang='lat' dir='ltr'><strong>possit,</strong></span> <span class='ocrx_word' id='word_1_831' title='bbox 3406 5490 3465 5537; x_wconf 92' lang='lat' dir='ltr'><strong>ut</strong></span> <span class='ocrx_word' id='word_1_832' title='bbox 3484 5483 3577 5550; x_wconf 90' lang='lat' dir='ltr'><strong>qui</strong></span> 
     </span>
    </p>
   </div>
   <div class='ocr_carea' id='block_1_111' title="bbox 1978 5573 3577 5661">
    <p class='ocr_par' dir='ltr' id='par_1_111' title="bbox 1978 5573 3577 5661">
     <span class='ocr_line' id='line_1_111' title="bbox 1978 5573 3577 5661; baseline -0.014 -9"><span class='ocrx_word' id='word_1_833' title='bbox 1978 5592 2344 5654; x_wconf 89' lang='lat' dir='ltr'><strong>conditionem</strong></span> <span class='ocrx_word' id='word_1_834' title='bbox 2375 5590 2602 5661; x_wconf 86' lang='lat' dir='ltr'><strong>implere</strong></span> <span class='ocrx_word' id='word_1_835' title='bbox 2618 5587 2875 5651; x_wconf 89' lang='lat' dir='ltr'><strong>voluerit,</strong></span> <span class='ocrx_word' id='word_1_836' title='bbox 2903 5579 3229 5638; x_wconf 89' lang='lat' dir='ltr'><strong>conditionis</strong></span> <span class='ocrx_word' id='word_1_837' title='bbox 3251 5573 3577 5631; x_wconf 86' lang='lat' dir='ltr'><strong>beneficium</strong></span> 
     </span>
    </p>
   </div>
   <div class='ocr_carea' id='block_1_112' title="bbox 1979 5663 3574 5758">
    <p class='ocr_par' dir='ltr' id='par_1_112' title="bbox 1979 5663 3574 5758">
     <span class='ocr_line' id='line_1_112' title="bbox 1979 5663 3574 5758; baseline -0.018 -10"><span class='ocrx_word' id='word_1_838' title='bbox 1979 5701 2387 5758; x_wconf 86' lang='lat' dir='ltr'><strong>nonnumquam</strong></span> <span class='ocrx_word' id='word_1_839' title='bbox 2413 5683 2685 5753; x_wconf 90' lang='lat' dir='ltr'><strong>impetret,</strong></span> <span class='ocrx_word' id='word_1_840' title='bbox 2719 5679 2846 5735; x_wconf 92' lang='lat' dir='ltr'><strong>licet</strong></span> <span class='ocrx_word' id='word_1_841' title='bbox 2881 5675 3028 5731; x_wconf 90' lang='lat' dir='ltr'><strong>illam</strong></span> <span class='ocrx_word' id='word_1_842' title='bbox 3057 5671 3125 5727; x_wconf 90' lang='lat' dir='ltr'><strong>de</strong></span> <span class='ocrx_word' id='word_1_843' title='bbox 3155 5669 3298 5758; x_wconf 86' lang='lat' dir='ltr'><strong>facto</strong></span> <span class='ocrx_word' id='word_1_844' title='bbox 3329 5663 3574 5758; x_wconf 84' lang='lat' dir='ltr'><strong>nondum</strong></span> 
     </span>
    </p>
   </div>
   <div class='ocr_carea' id='block_1_113' title="bbox 1979 5755 3579 5856">
    <p class='ocr_par' dir='ltr' id='par_1_113' title="bbox 1979 5755 3579 5856">
     <span class='ocr_line' id='line_1_113' title="bbox 1979 5755 3579 5856; baseline -0.024 -14"><span class='ocrx_word' id='word_1_845' title='bbox 1979 5755 2325 5856; x_wconf 87' lang='lat' dir='ltr'><strong>impleverit,</strong></span> <span class='ocrx_word' id='word_1_846' title='bbox 2351 5793 2472 5835; x_wconf 92' lang='lat' dir='ltr'><strong>eum</strong></span> <span class='ocrx_word' id='word_1_847' title='bbox 2519 5773 2667 5831; x_wconf 90' lang='lat' dir='ltr'><strong>nulla</strong></span> <span class='ocrx_word' id='word_1_848' title='bbox 2695 5786 2792 5828; x_wconf 87' lang='lat' dir='ltr'><strong>sua</strong></span> <span class='ocrx_word' id='word_1_849' title='bbox 2831 5768 2988 5839; x_wconf 91' lang='lat' dir='ltr'><strong>culpa</strong></span> <span class='ocrx_word' id='word_1_850' title='bbox 3020 5756 3387 5856; x_wconf 70' lang='lat' dir='ltr'><strong>aconditione</strong></span> <span class='ocrx_word' id='word_1_851' title='bbox 3407 5755 3579 5856; x_wconf 66' lang='lat' dir='ltr'><strong>etiam</strong></span> 
     </span>
    </p>
   </div>
   <div class='ocr_carea' id='block_1_114' title="bbox 1979 5843 3582 5950">
    <p class='ocr_par' dir='ltr' id='par_1_114' title="bbox 1979 5843 3582 5950">
     <span class='ocr_line' id='line_1_114' title="bbox 1979 5843 3582 5950; baseline -0.023 -13"><span class='ocrx_word' id='word_1_852' title='bbox 1979 5843 2232 5937; x_wconf 45' lang='lat' dir='ltr'><strong>dc-facto</strong></span> <span class='ocrx_word' id='word_1_853' title='bbox 2272 5843 2578 5950; x_wconf 62' lang='lat' dir='ltr'><strong>praestanda</strong></span> <span class='ocrx_word' id='word_1_854' title='bbox 2611 5863 2934 5939; x_wconf 81' lang='lat' dir='ltr'><strong>impeditur;</strong></span> <span class='ocrx_word' id='word_1_855' title='bbox 2965 5868 3019 5916; x_wconf 86' lang='lat' dir='ltr'><strong>at</strong></span> <span class='ocrx_word' id='word_1_856' title='bbox 3053 5851 3207 5927; x_wconf 86' lang='lat' dir='ltr'><strong>legali</strong></span> <span class='ocrx_word' id='word_1_857' title='bbox 3233 5845 3424 5905; x_wconf 87' lang='lat' dir='ltr'><strong>saltem</strong></span> <span class='ocrx_word' id='word_1_858' title='bbox 3448 5843 3582 5914; x_wconf 84' lang='lat' dir='ltr'><strong>jure</strong></span> 
     </span>
    </p>
   </div>
  </div>
