3888 6342
300 345 368 404 67
1292 336 1667 401 DODWELLI
1704 335 2160 403 DISSERTATIO
2199 340 2503 405 CYPRIAN
2511 344 2620 404 [CA
3534 350 3610 411 68

299 475 487 520 carere
544 460 633 532 qui
694 459 1058 518 conditionem
1099 459 1170 516 de
1218 460 1361 516 facto
1404 478 1512 516 non
1559 461 1892 533 praestiterit,
1924 460 1973 520 A
2002 461 2125 518 bola
2153 465 2962 537 sponsoria,ipsumpraeterea,
2987 479 3087 538 pro
3105 474 3290 525 mutuo
3307 470 3604 541 pactijure,

301 570 644 625 quocumque
676 553 893 610 tandem
938 569 1118 622 rerum
1151 564 1349 610 eventu
1396 553 1559 608 fuerit
1590 555 1897 623 impeditus,

301 655 386 701 est
439 647 661 700 omnino
703 646 1083 700 certissimum.
1128 644 1187 699 In
1244 646 1348 699 illis
1399 644 1699 715 prmsertim
1731 644 1900 714 pactis

301 735 478 792 adhuc
505 736 738 792 validius
766 736 1015 806 procedit
1041 746 1418 807 argumentum
1447 751 1680 806 quorum
1707 735 1898 790 condi-

303 832 482 888 tiones
522 845 627 886 non
674 838 802 884 sunt
829 829 1172 885 conditiones
1212 829 1495 883 dumtaxat
1525 829 1591 884 ad
1623 829 1898 884 arbitrium

302 925 625 995 imponentis
643 924 937 994 requisitae,
958 923 1051 978 sed
1074 923 1233 976 etiam
1256 921 1639 991 dispositiones
1659 938 1725 978 ex
1750 931 1902 992 parte

305 1014 531 1086 subjecti
562 1015 908 1070 necessariae.
943 1013 1078 1069 Cum
1111 1015 1289 1086 itaque
1334 1014 1538 1068 nullum
1571 1013 1728 1085 hujus
1758 1015 1901 1085 pacti

302 1108 571 1166 redundet
601 1108 655 1162 in
699 1109 865 1168 Deum
894 1107 1240 1172 beneficium,
1276 1108 1519 1179 sequitur
1549 1123 1902 1180 quaecumque

306 1203 449 1259 Deus
474 1218 504 1258 a
533 1202 686 1257 nobis
717 1202 978 1273 postulat,
1007 1218 1072 1258 ca
1105 1201 1276 1257 nostri
1301 1217 1427 1258 esse
1453 1216 1613 1257 causa
1644 1215 1899 1274 necessa-

302 1296 406 1362 ria,
435 1304 494 1350 ut
542 1294 775 1364 proinde
805 1295 858 1349 ni
901 1295 1171 1366 poswlata
1223 1304 1568 1365 prmstemus,
1615 1295 1747 1364 ipsis
1775 1307 1899 1363 pro-

301 1389 614 1455 missionem
636 1387 914 1452 beneficiis
951 1387 1262 1444 obtinendis
1303 1389 1471 1459 inepti
1500 1387 1792 1444 reddamur
1818 1397 1900 1442 at-

302 1495 406 1548 que
434 1479 763 1549 indispositi.

373 1569 799 1642 52L—Quarto
825 1571 1005 1642 itaque
1025 1580 1084 1626 ut
1105 1571 1468 1644 intelligamus
1497 1587 1614 1642 qute
1642 1571 1797 1628 nobis
1823 1571 1900 1626 in-

300 1663 558 1720 cumbant
585 1665 636 1719 in
666 1663 772 1720 hoc
800 1664 1102 1734 baptismali
1135 1675 1290 1735 pacto
1318 1664 1660 1729 conditiones
1680 1681 1710 1719 a
1743 1665 1897 1720 nobis

302 1772 400 1828 pro
428 1765 610 1812 nostra
643 1759 779 1828 pacti
822 1768 975 1828 parte
1024 1756 1368 1828 praestandae,
1399 1757 1788 1813 attendendum
1816 1765 1896 1812 est

2006 553 2073 607 ad
2105 557 2410 624 praeStanda
2439 572 2499 611 ea
2531 572 2650 627 qua:
2689 557 2951 630 symbolis
2982 556 3452 630 repraesentantur
3470 563 3608 618 obli-

2004 647 2206 716 gantia,
2237 662 2296 701 se
2315 662 2531 718 quoque
2559 657 2776 703 nostras
2828 650 3104 720 passiones
3134 668 3231 722 pro
3259 655 3373 709 suis
3397 655 3606 725 agnitu~

2006 751 2146 803 rum,
2178 748 2230 790 et
2264 753 2362 791 suo
2390 740 2604 804 m'erito,
2636 753 2732 793 sua
2781 742 3034 798 mercede
3064 754 3568 815 compensaturum.

2079 828 2107 899 §
2139 829 2230 883 26.
2263 860 2334 870 —
2366 830 2429 884 Et
2456 846 2586 886 vero
2612 834 3036 902 accuratissime,
3063 851 3162 906 pro
3188 836 3398 893 Domini
3430 838 3608 895 nostri

2010 930 2192 975 mente
2215 930 2376 991 atque
2405 921 2685 994 principiis
2701 935 3014 996 conceptam
3036 926 3174 984 hanc
3199 944 3414 985 omnem
3440 928 3608 986 fuisse

2005 1018 2532 1085 argumentationem
2563 1018 2718 1075 facile
2746 1021 3020 1077 constabit
3045 1023 3090 1078 si
3122 1023 3335 1081 diversa
3362 1025 3606 1083 diversa-

2005 1121 2123 1160 rum
2170 1106 2573 1178 Scripturarum
2597 1123 2806 1168 asserta
2827 1113 2879 1168 in
2913 1129 3076 1168 unum
3105 1115 3424 1188 colligamus
3449 1119 3605 1189 quasi

2005 1198 2341 1254 fasciculum.
2371 1200 2772 1272 Reprteseutari
2828 1205 3073 1276 inprimis
3103 1217 3343 1265 nostram
3389 1211 3444 1265 in
3473 1211 3604 1281 bap-

2005 1291 2163 1344 tismo
2191 1306 2314 1346 cum
2343 1291 2559 1348 Christo
2589 1297 2893 1364 passionem
2918 1307 3081 1370 atque
3107 1310 3362 1370 mortem,
3391 1317 3492 1358 nec
3516 1317 3604 1358 re-

2003 1384 2317 1451 praesentari
2337 1385 2516 1451 modo,
2533 1401 2718 1442 verum
2733 1389 2893 1452 etiam
2913 1390 2981 1445 ita
2999 1395 3464 1463 reprmsentarimt
3478 1410 3602 1452 cum

2002 1471 2202 1528 Christi
2234 1475 2485 1546 passione
2511 1488 2726 1546 nostras
2757 1481 2909 1537 uniat
2950 1483 3348 1554 quodammodo
3373 1496 3429 1544 et
3455 1504 3606 1544 com-

2002 1581 2193 1622 munes
2220 1569 2498 1638 utriusque
2529 1570 2710 1638 faciat,
2735 1583 2888 1630 sexto
2914 1577 2981 1631 ad
3011 1577 3283 1636 Romanos
3309 1582 3490 1653 capite
3509 1597 3602 1638 sa-

2003 1660 2072 1714 tis
2095 1670 2281 1731 aperte
2303 1661 2462 1718 docet
2488 1666 2798 1734 Apostolus.
2831 1668 3003 1725 Unam
3027 1685 3148 1728 esse
3169 1682 3409 1730 nostram
3439 1675 3602 1731 Chri-

2004 1755 2182 1825 stique
2210 1758 2517 1826 passionem
2547 1773 2612 1814 ex
2645 1759 2750 1816 illis
2769 1762 2886 1830 ejus
2911 1763 3091 1820 verbis
3115 1775 3330 1822 constat
3360 1782 3373 1820 :
3405 1767 3600 1823 κοτ’ιυὶ

299 1865 421 1918 qua:
450 1849 693 1922 symbola
747 1850 854 1904 sint
883 1864 911 1902 a
942 1849 1098 1905 nobis
1154 1849 1205 1903 in
1236 1850 1367 1919 ipsis
1397 1851 1537 1921 pacti
1568 1848 1900 1904 solemnibus
1930 1851 1978 1911 B
2006 1864 2182 1902 sumus
2212 1866 2327 1904 cum
2382 1852 2606 1919 Christo,
2638 1870 2689 1908 v.
2725 1855 2792 1921 8;
2833 1855 2986 1914 Vetus
3032 1859 3183 1916 homo
3235 1870 3405 1916 noster
3445 1862 3604 1917 simul

300 1939 630 2007 adhibenda,
652 1949 706 1996 et
730 1939 856 2011 quid
881 1940 969 1994 illa
992 1940 1258 2012 symbola,
1284 1956 1348 1995 ex
1383 1941 1500 2010 ipso
1534 1941 1625 1996 Dei
1653 1941 1898 1995 instituto

301 2032 621 2103 significant,
655 2040 709 2088 et
740 2047 837 2103 pro
863 2031 1073 2102 legibus
1120 2031 1535 2103 significationis
1584 2033 1898 2105 symbolica:

299 2142 420 2195 qua:
449 2126 541 2181 illa
588 2125 778 2182 saltem
833 2126 1292 2196 astate-vigebant.
1323 2125 1453 2194 Quae
1481 2128 1624 2182 enim
1653 2128 1896 2196 symbola

300 2216 353 2272 in
387 2217 530 2288 pacti
560 2219 900 2274 solemnibus
928 2229 1257 2289 usurpantur
1287 2235 1351 2274 ea
1399 2235 1505 2276 non
1559 2211 1897 2298 significandi

301 2310 580 2364 dumtaxat
609 2328 623 2374 ;
658 2310 753 2365 sed
782 2310 1056 2380 obligandi
1099 2313 1262 2368 etiam
1280 2315 1455 2384 gratia
1485 2315 1724 2370 instituta
1750 2325 1894 2370 sunt.

299 2401 369 2457 Ut
400 2402 545 2457 enim
574 2413 917 2458 sacramenta
938 2404 1141 2471 omnia,
1161 2407 1277 2461 sive
1304 2408 1579 2476 mysteria,
1611 2423 1708 2478 pro
1729 2409 1896 2463 sacris

297 2493 574 2550 hominum
598 2510 717 2549 cum
751 2495 860 2550 Deo
882 2495 1052 2565 pactis
1092 2496 1445 2567 intelligenda
1472 2506 1636 2566 sunt,
1671 2499 1740 2553 ita
1768 2509 1822 2555 et
1843 2498 1894 2554 id

295 2587 434 2641 sacri
465 2586 643 2641 omnis
683 2588 992 2643 commercii
1025 2587 1314 2658 genuinum
1364 2600 1450 2644 est
1490 2598 1548 2644 ut
1591 2591 1894 2662 symbolice

295 2678 478 2747 potius
507 2692 667 2748 quam
701 2677 768 2731 ad
820 2677 1052 2732 litteram
1080 2719 1095 2744 ,
1141 2676 1488 2748 intelligenda
1535 2681 1662 2746 sint,
1694 2696 1793 2736 nec
1823 2682 1892 2736 ita

297 2767 498 2835 verbis,
529 2783 689 2838 quam
723 2768 908 2836 rebus,
941 2785 1124 2824 rerum
1151 2777 1328 2825 tamen
1353 2771 1578 2826 aliarum
1606 2773 1889 2843 symbolis,

295 2859 473 2915 officia
503 2859 592 2916 illa
618 2870 1083 2933 reprsesententur
1101 2878 1219 2932 quae
1241 2864 1472 2933 partium
1497 2865 1636 2920 inter
1660 2881 1720 2922 se
1743 2858 1890 2922 tran-

294 2955 580 3026 sigentium
610 2954 874 3010 habentur
899 2955 1238 3025 obligatoria.
1269 2956 1400 3024 Quae
1427 2958 1608 3028 itaque
1633 2959 1893 3030 symbolis

293 3046 703 3117 baptismalibus
721 3046 1095 3118 significantur
1106 3063 1169 3103 ea
1185 3063 1285 3102 nos
1298 3048 1565 3118 spondere
1583 3065 1613 3104 a
1628 3050 1784 3106 nobis
1799 3051 1892 3106 de-

293 3137 416 3192 inde
443 3137 747 3208 prmstanda
767 3137 965 3192 virtute
980 3141 1118 3208 pacti
1136 3138 1476 3208 baptismalis
1496 3141 1887 3209 existimamur,

2002 1931 2280 2010 cruci/imus
2308 1956 2402 2012 est,
2444 1959 2498 1997 v.
2535 1946 2589 1998 6.
2621 1944 2920 2019 Consepulti
2973 1966 3146 2007 sumus
3195 1970 3310 2008 cum
3355 1971 3435 2023 eo,
3467 1954 3600 2010 ιι.

2003 2033 2070 2089 Et
2094 2035 2310 2105 quidem
2344 2039 2827 2108 reprazsentatione
2851 2042 3083 2114 quadam
3111 2044 3178 2099 ad
3225 2045 3404 2100 vivum
3434 2055 3600 2102 totam

2004 2127 2143 2183 hanc
2166 2131 2388 2202 transigi
2423 2132 2680 2190 unionem
2711 2135 2801 2189 illa
2827 2136 3022 2192 innunt
3045 2156 3058 2192 :
3083 2134 3438 2211 Complantati
3474 2142 3601 2215 facti

2001 2232 2174 2275 sumus
2224 2224 2547 2278 similitudini
2576 2227 2752 2281 mortis
2800 2230 2930 2300 ejus,
2973 2246 3028 2285 v.
3058 2231 3112 2287 5.
3141 2231 3254 2288 Nec
3297 2233 3407 2290 alio
3433 2250 3599 2306 quam

2001 2311 2256 2382 baptismi
2283 2313 2467 2371 ofﬁcio
2501 2334 2514 2372 :
2545 2317 2625 2372 An
2674 2319 2923 2390 ignoratis
2949 2323 3071 2393 quia
3094 2325 3398 2397 quicumque
3427 2327 3600 2397 bapti-

1999 2404 2102 2456 zati
2131 2420 2306 2459 suntus
2331 2407 2384 2458 in
2414 2405 2621 2462 Christo
2645 2408 2791 2477 Jesu,
2819 2413 2873 2466 in
2918 2425 3081 2468 morte
3106 2411 3112 2450 Ῑ
3133 2417 3295 2487 ipsius
3351 2417 3601 2489 baptisati

1999 2496 2526 2571 suntus?Consepulti
2549 2502 2684 2556 enim
2714 2521 2890 2561 sumus
2916 2522 3032 2561 cum
3059 2508 3150 2562 illo
3166 2527 3263 2582 per
3290 2511 3599 2582 baptismum

1997 2586 2053 2641 in
2097 2598 2329 2657 mortem,
2361 2607 2412 2645 v.
2445 2593 2496 2656 ὅ,
2527 2594 2584 2648 4.
2629 2593 2814 2666 Neque
2866 2611 2995 2653 vero
3045 2601 3173 2656 unio
3201 2603 3315 2657 sola
3345 2612 3398 2658 et
3446 2619 3597 2661 mera

1998 2679 2118 2735 haec
2148 2679 2395 2736 habenda
2439 2694 2543 2749 est,
2572 2695 2627 2740 et
2651 2701 2770 2757 qua:
2815 2697 2921 2744 tota
2951 2690 3002 2745 in
3031 2691 3308 2749 hominum
3332 2697 3596 2769 imagina-

1999 2775 2143 2830 tione
2173 2783 2330 2847 atque
2359 2778 2719 2835 aestimatione
2761 2785 3050 2840 constituta
3081 2797 3185 2842 est.
3211 2789 3339 2843 Eam
3361 2789 3596 2848 diximus

1996 2870 2221 2940 symboli
2250 2872 2520 2940 sponsorii
2561 2888 2684 2929 esse
2712 2883 2958 2931 naturam
2991 2888 3048 2932 ut
3080 2894 3184 2935 una
3217 2880 3414 2937 inferat
3445 2883 3596 2955 lega-

1994 2960 2099 3015 lem
2126 2961 2412 3032 quamdam
2440 2963 2828 3035 obligationem
2877 2984 2980 3038 qua
3013 2979 3197 3040 partes
3240 2972 3383 3029 inter
3407 2989 3468 3031 se
3496 2990 3596 3046 pa-

1995 3049 2262 3106 ciscentes
2284 3063 2547 3123 praestare
2576 3055 2629 3111 id
2663 3065 2916 3113 tenentur
2935 3060 3079 3130 quod
3108 3064 3368 3135 symbolis
3390 3083 3596 3139 reprae-

1998 3145 2286 3200 sentarint.
2317 3145 2448 3202 Inde
2477 3147 2533 3202 fit
2561 3158 2639 3220 ιιι,
2668 3151 2809 3220 quod
2833 3153 2946 3207 sola
2969 3154 3321 3215 similitudine
3341 3161 3457 3216 fieri
3484 3177 3594 3218 non

293 3244 354 3285 ea
372 3245 400 3283 a
428 3229 586 3285 nobis
615 3230 854 3300 praestita
877 3230 966 3300 jus
997 3229 1123 3285 inde
1145 3229 1300 3285 nobis
1327 3230 1526 3286 faciunt
1554 3244 1609 3287 ut
1628 3235 1890 3303 promissa
1918 3237 1962 3299 ί]
1997 3237 2188 3305 potuit,
2223 3237 2376 3292 nobis
2404 3235 2579 3294 tamen
2608 3255 2674 3296 ex
2721 3241 2824 3297 hac
2851 3245 2963 3313 ipsa
2991 3251 3466 3316 repraesentatione
3501 3253 3594 3324 jus

292 3321 471 3376 divina
521 3321 768 3392 ejusdem
799 3320 944 3392 pacti
973 3320 1274 3392 evangelici
1303 3322 1503 3380 virtute
1532 3325 1886 3382 vindicemus.

366 3413 394 3486 ᾗ
425 3413 518 3471 25.
543 3443 616 3453 —
634 3412 834 3481 Quinto
861 3413 914 3467 in
943 3413 1202 3484 symbolis
1224 3413 1476 3484 baptismi
1510 3417 1680 3471 nostri
1709 3431 1884 3473 sacra-

290 3498 541 3553 tnentalis
564 3496 924 3564 solemnibus,
955 3511 1061 3552 non
1089 3513 1244 3568 aqua:
1271 3499 1438 3554 solius
1465 3498 1763 3569 baptismus
1789 3501 1887 3557 de-

291 3598 528 3655 notatur,
555 3589 651 3646 sed
684 3592 847 3645 etiam
879 3589 969 3645 ille
998 3591 1299 3662 sanguinis,
1346 3606 1534 3646 verum
1569 3594 1639 3647 ita
1666 3593 1886 3649 denote-

291 3692 378 3737 tur
405 3691 462 3736 ut
478 3697 586 3737 uno
606 3682 916 3752 eodemque
930 3681 1201 3753 symbolo,
1220 3699 1328 3738 uno
1346 3683 1644 3755 eodemque
1663 3683 1887 3741 deuote-

295 3787 379 3833 tur
409 3778 700 3844 elemento,
728 3785 786 3831 ut
813 3777 1040 3848 proinde
1064 3777 1132 3832 ad
1161 3787 1424 3847 unum,ut
1447 3780 1706 3845 diximus,
1729 3797 1884 3838 eunt-

287 3869 522 3940 demquc
552 3869 879 3938 baptismum
907 3870 1178 3940 pertinere
1207 3870 1592 3942 intelligantur.
1622 3873 1691 3930 Ut
1717 3876 1883 3945 enim,

287 3979 409 4019 cum
437 3979 574 4035 aqua
627 3962 952 4042 adhibetur,
987 3969 1330 4034 peccatorum
1378 3964 1740 4021 desertioncm
1771 3967 1886 4038 pol-

291 4055 539 4118 licemur,
564 4052 909 4122 futuramque
936 4053 1063 4106 vitae
1084 4054 1497 4109 sanctimoniam
1515 4071 1632 4126 qum
1661 4067 1886 4112 externo

286 4160 441 4215 aquae
488 4143 736 4216 symbolo
774 4143 904 4196 satis
934 4152 1060 4213 apte
1097 4154 1553 4214 repraesentatur:
1583 4147 1653 4201 ita
1676 4164 1796 4203 cum
1831 4151 1884 4205 in

284 4251 478 4306 aquam
501 4233 880 4290 descendimus
903 4243 957 4290 et
974 4235 1210 4290 vicissim
1239 4251 1305 4290 ex
1332 4237 1518 4292 eadem
1539 4243 1880 4312 emergimus,

283 4327 484 4382 Christi
537 4335 793 4393 mortem,
825 4324 1158 4396 sepulturam
1205 4329 1770 4401 resurrectionemque
1795 4350 1886 4390 re-

283 4428 696 4491 praesentamus,
727 4433 931 4491 nosque
959 4419 1121 4474 etiam
1170 4421 1499 4490 spondemus
1537 4422 1728 4480 horum
1761 4441 1876 4480 om-

283 4516 430 4570 nium
462 4515 772 4586 participes,
797 4521 1012 4583 paratos
1043 4513 1296 4582 nimirum
1330 4525 1386 4570 ut
1415 4533 1767 4590 quiscumque
1796 4518 1884 4576 ille

1994 3329 2263 3398 quoddam
2319 3330 2386 3384 ad
2438 3348 2552 3388 rem
2601 3335 2770 3404 ipsam
2822 3341 3140 3410 proveniat,
3182 3359 3289 3414 quo
3337 3348 3593 3405 unionem

1994 3423 2164 3492 ipsam
2216 3425 2480 3480 internam
2533 3435 2590 3482 et
2643 3430 2922 3500 mysticam
2968 3434 3239 3494 vindicare
3268 3454 3587 3510 possumus,

1992 3514 2213 3586 ejusque
2245 3517 2527 3574 beneficia.
2559 3521 2636 3574 Eo
2685 3521 2803 3591 ipso
2835 3525 3098 3596 principio
3127 3530 3369 3588 nituntur
3417 3534 3468 3587 id
3499 3550 3594 3605 ge-

1991 3624 2091 3663 nus
2123 3610 2399 3666 ratiocinia
2435 3627 2448 3664 :
2481 3611 2544 3667 Si
2560 3613 2694 3666 enim
2722 3616 3058 3686 contplantati
3085 3623 3211 3691 facti
3237 3639 3414 3680 sumus
3440 3627 3592 3682 simi-

1992 3701 2196 3755 litudini
2251 3704 2430 3757 mortis
2459 3705 2613 3773 ejus;
2659 3707 2814 3760 simul
2869 3719 2915 3763 et
2967 3715 3353 3770 resurrectionis
3399 3718 3590 3775 erimus

1990 3809 2039 3845 v.
2074 3795 2107 3848 5
2137 3810 2151 3860 ;
2184 3795 2229 3848 si
2263 3807 2433 3850 autent
2463 3800 2652 3853 mortui
2695 3817 2873 3856 sumus
2916 3819 3033 3858 cum
3074 3804 3302 3875 Christo,
3332 3811 3591 3868 credimus

1988 3887 2106 3958 quia
2134 3889 2286 3944 simul
2309 3890 2462 3943 etiant
2491 3897 2714 3948 vivemus
2735 3911 2850 3948 cum
2872 3894 3101 3965 Christo,
3125 3917 3179 3958 v.
3214 3902 3268 3957 6.
3300 3902 3412 3960 Nec
3441 3906 3588 3962 enim

1988 3979 2056 4034 de
2079 3980 2182 4035 alia
2212 3993 2387 4038 morte
2417 3983 2502 4038 hic
2526 3985 2612 4055 agi
2651 4002 2811 4057 quam
2843 3990 3018 4060 typica
3050 3992 3150 4050 hac
3180 4005 3340 4066 atque
3363 3996 3590 4068 symbo-

1990 4073 2090 4129 liea
2145 4075 2199 4130 in
2251 4075 2521 4146 baptismo
2567 4094 2952 4149 repraesentata
2979 4085 3090 4155 jam
3123 4089 3480 4146 ostendimus.
3507 4092 3583 4148 Ea

1989 4173 2164 4220 morte
2209 4168 2505 4238 symbolica
2536 4174 2820 4229 constabat
2842 4177 2952 4246 jam
2980 4178 3264 4237 defunctos
3301 4197 3424 4240 esse
3445 4183 3589 4255 apud

1988 4272 2123 4326 quos
2146 4260 2215 4313 ita
2239 4272 2647 4332 argumentatur
2669 4268 2963 4337 Apostolus
2988 4273 3079 4343 qui
3110 4275 3301 4330 mortis
3328 4276 3584 4333 nimirum

1987 4351 2247 4417 symbolis
2275 4353 2327 4406 in
2379 4353 2649 4425 baptismo
2701 4360 2781 4414 usi
2834 4361 3065 4418 fuerant.
3097 4363 3224 4421 Inde
3253 4374 3525 4438 tamquam
3552 4385 3585 4427 ο

1990 4443 2250 4516 principio
2280 4449 2492 4503 notorio
2532 4450 2768 4521 legitima
2815 4455 3143 4525 procedebat
3189 4462 3585 4531 argumentatio

1989 4533 2033 4588 si
2056 4545 2111 4590 et
2133 4536 2262 4593 illud
2291 4536 2758 4613 subintelligamus
2780 4548 3022 4617 symbola
3040 4550 3178 4606 inter
3201 4552 3583 4623 paciscendum

283 4607 438 4663 nobis
466 4608 776 4674 immiserit,
796 4623 857 4662 ea
884 4622 1005 4671 nos,
1027 4606 1171 4664 illius
1187 4623 1346 4664 causa
1362 4610 1426 4665 ad
1455 4621 1683 4694 mortem
1716 4631 1884 4686 usque
1907 4625 1962 4686 D
1991 4640 2241 4697 usurpata
2271 4644 2393 4687 esse
2438 4635 2598 4688 etiam
2629 4646 2685 4690 et
2728 4606 2841 4706 ipsa
2888 4606 3344 4711 sponsoria..‘Nec
3369 4645 3493 4716 alia,
3527 4653 3586 4703 ut

282 4701 628 4756 toleraturos.
659 4701 867 4756 Eodem
898 4699 1167 4781 symbolo,
1198 4717 1301 4772 qua
1339 4691 1616 4759 Christum
1638 4709 1877 4776 respicit,

281 4794 634 4865 intelligimus
655 4793 933 4849 Christum
966 4794 1070 4849 sibi
1101 4780 1382 4865 passiones
1410 4808 1623 4853 nostras
1650 4801 1881 4870 imputa-

280 4895 482 4951 turum,
501 4898 555 4940 et
582 4901 743 4956 quam
772 4885 1081 4941 mercedem
1114 4887 1228 4956 ipse
1254 4901 1284 4941 a
1318 4887 1499 4955 Patre,
1516 4904 1612 4960 pro
1633 4905 1732 4946 suo
1756 4906 1877 4946 cum

280 4980 684 5037 Patrevfoedere
710 4980 969 5048 vindicat,
998 4980 1188 5036 eadem
1229 4993 1442 5038 nostras
1487 4999 1700 5054 quoque
1755 5000 1878 5056 pas-

277 5076 463 5130 siones
489 5088 613 5129 esse
651 5082 1146 5128 remuneraturum.
1181 5071 1255 5127 ita
1309 5075 1577 5130 constabit
1627 5091 1733 5146 quo
1755 5079 1877 5148 jure

275 5165 378 5220 sibi
431 5164 686 5234 baptismi
732 5179 928 5219 nomen
983 5163 1258 5220 vindicent
1306 5176 1507 5221 nostra:
1555 5170 1873 5240 passiones,

277 5277 399 5315 cum
431 5259 496 5314 ad
522 5261 694 5330 ipsam
735 5259 987 5330 baptismi
1019 5260 1427 5315 sacramentalis
1454 5264 1716 5318 rationem
1747 5282 1873 5335 spe-

276 5359 420 5408 ctent
437 5351 940 5408 consummandam.
957 5351 1414 5408 Constabitetiam
1441 5369 1547 5424 quo
1571 5369 1733 5425 porro
1756 5355 1874 5427 jure

275 5445 521 5517 ejusdem
555 5444 654 5499 sibi
706 5445 984 5500 vindicent
1017 5444 1271 5515 baptismi
1301 5445 1585 5515 beneficia,
1613 5464 1734 5504 cum
1768 5449 1874 5505 illis

273 5540 435 5594 etiam
491 5536 753 5608 symbolis
786 5547 1244 5606 repraesententur
1271 5553 1393 5610 qua:
1425 5553 1454 5592 a
1484 5539 1597 5596 Deo
1627 5542 1870 5599 instituta

272 5641 419 5696 sunt,
452 5641 508 5686 et
533 5645 653 5701 qum
682 5628 787 5685 hoc
820 5629 939 5701 ipso
965 5631 1195 5688 consilio
1218 5633 1464 5689 instituta
1495 5643 1620 5691 sunt
1650 5645 1708 5692 ut
1748 5652 1870 5708 pas-

270 5727 452 5781 siones
477 5733 690 5779 nostras
708 5734 1103 5792 reprzesetttent
1128 5734 1290 5798 atque
1308 5713 1638 5800 spondeam,
1667 5737 1723 5788 et
1748 5747 1870 5804 quae

270 5817 364 5875 Dei
413 5815 576 5874 etiam
626 5815 905 5873 nobiscum
937 5817 1260 5889 paciscentis
1313 5831 1441 5878 sunt
1467 5829 1682 5896 quoque
1724 5825 1869 5898 Sym-

1983 4720 2259 4791 existimo,
2285 4722 2570 4795 hypothesi
2613 4727 2744 4785 illud
2773 4731 2962 4786 nititur
2979 4734 3142 4790 etiam
3175 4736 3416 4807 ejusdem
3439 4741 3585 4809 Apo-

1983 4814 2128 4878 stoli,
2162 4816 2272 4870 alio
2299 4828 2472 4873 tamen
2521 4820 2574 4873 in
2607 4822 2726 4878 loco
2754 4824 3092 4882 ratiocinium
3119 4844 3132 4881 :
3162 4827 3353 4902 Igitur,
3382 4831 3427 4886 si
3459 4848 3585 4888 con-

1983 4907 2296 4976 surrert‘istis,
2326 4909 2518 4980 inquit,
2543 4929 2657 4968 cum
2684 4914 2907 4983 Christo,
2936 4935 3052 4989 qute
3069 4936 3271 4975 sursum
3295 4931 3412 4977 sunt
3441 4939 3584 4993 qut:-

1983 4998 2095 5066 rite,
2128 5007 2232 5054 etc.
2261 4997 2400 5070 (Col.
2428 5017 2506 5068 nt,
2542 5004 2616 5075 l).
2647 5003 2960 5076 Mortiﬁcate
2989 5027 3107 5082 ergo
3133 5015 3359 5068 membra
3385 5002 3574 5082 uestra,

1981 5098 2085 5145 etc.
2118 5091 2192 5166 (v.
2219 5091 2297 5165 5).
2321 5093 2476 5160 Quod
2500 5096 2748 5167 illosjam
2775 5112 3041 5172 supponat
3058 5105 3480 5172 consurrexisse,
3506 5108 3575 5164 ad

1979 5177 2110 5238 illud
2138 5183 2326 5240 referri
2361 5201 2466 5242 non
2519 5199 2698 5267 potest
2728 5206 2885 5261 quam
2927 5193 2992 5248 ad
3026 5197 3382 5254 emersionem
3428 5199 3578 5257 illam

1981 5291 2048 5331 ex
2105 5292 2239 5348 aqua
2268 5279 2571 5350 baptismali
2604 5299 2722 5354 quae
2772 5288 3186 5345 resurrectionis
3213 5303 3330 5348 erat
3354 5295 3576 5366 symbo-

1980 5370 2116 5438 lum,
2151 5379 2210 5425 ut
2239 5371 2493 5429 nimirum
2528 5376 2726 5432 forensi
2758 5391 3036 5449 pactorum
3058 5382 3312 5441 idiomate
3339 5393 3467 5444 tunc
3491 5403 3578 5446 re-

1976 5463 2281 5519 surrexisse
2333 5466 2774 5526 existimarentur
2803 5487 2929 5529 cum
2961 5471 3286 5551 usurparent
3332 5495 3578 5539 resurre-

1975 5555 2170 5609 ctionis
2219 5556 2543 5627 symbolum.
2582 5561 2712 5618 inde
2739 5576 2886 5621 recte
2938 5567 3142 5640 colligit
3169 5569 3575 5637 Colossensium

1975 5644 2178 5716 ofﬁcia,
2211 5663 2272 5704 ea
2303 5651 2462 5707 modo
2501 5666 2874 5725 supponantur
2916 5675 3037 5732 quae
3078 5662 3188 5732 jam
3239 5665 3575 5723 ostendimus

1975 5742 2284 5799 necessario
2311 5759 2433 5801 esse
2482 5751 2854 5822 supponenda.
2888 5753 3020 5810 Cum
3068 5757 3212 5813 enim
3257 5761 3452 5816 mortis
3482 5761 3574 5821 illo

1973 5833 2239 5907 symbolo,
2269 5833 2617 5900 immersione
2659 5841 2935 5915 nimirum,
2959 5847 3292 5920 sponderent
3315 5866 3375 5912 se
3402 5868 3572 5912 mem-
