3888 6354
188 360 239 416 e9
1197 359 1283 419 ns
1323 358 1645 420 SECUNDO
1671 352 2053 420 murreum
2093 346 2456 424 uxorisne.
3406 374 3475 432 ro

185 477 360 531 brorum
386 489 598 532 suorum
624 476 1126 535 mortiﬁcationem
1145 487 1421 534 curaturos
1446 496 1461 545 ;
1497 488 1550 534 et
1577 493 1759 533 resnr-
1785 476 1839 536 Λ
1867 478 2096 546 probare
2119 496 2372 551 umquam
2401 486 2658 553 poterunt
2679 481 2769 554 qui
2800 482 3003 540 nullam
3032 485 3133 542 nisi
3161 502 3224 542 es
3249 486 3468 548 disertis

188 569 402 624 rcctionis
417 568 663 640 symbolo
692 569 748 625 id
766 586 1002 641 quoque
1020 570 1450 642 spopondissent,
1469 571 1536 624 ad
1568 557 1764 626 novam

190 675 234 714 se
255 660 614 732 celestemque
633 661 808 716 vitam
838 676 972 718 esse
995 654 1394 718 resurrecturus
1422 679 1434 713 :
1463 659 1587 715 inde
1608 673 1766 716 nemo

192 765 276 805 non
301 750 432 808 videt
453 768 609 823 quam
635 752 731 808 ille
777 753 963 810 solide
992 754 1384 825 prudenterque
1412 763 1763 824 argumente-

194 854 280 908 tur,
304 859 418 900 cum
441 861 471 900 e
495 855 652 915 pacto
681 848 1076 916 promissoque
1120 848 1238 903 illos
1281 848 1526 903 hortatur
1550 863 1620 904 ne
1649 847 1765 904 olli-

197 938 265 992 cio
301 937 555 1000 deessent,
585 936 824 994 ﬁdemve
856 939 1128 994 fallerent.
1178 938 1410 995 Infirmae
1440 949 1618 996 autem
1669 939 1765 994 ad-

199 1027 382 1083 modum
408 1037 461 1082 et
484 1028 683 1099 jejunae
710 1031 897 1087 forent
922 1031 976 1086 id
1000 1046 1170 1102 genus
1197 1032 1431 1101 sequelae
1452 1034 1497 1087 si
1521 1048 1588 1088 ex
1619 1033 1764 1086 inani

201 1122 355 1177 mortis
377 1122 903 1194 resurrectionisque
933 1124 1182 1196 symbolo
1229 1125 1294 1180 ad
1330 1126 1613 1197 mysticam
1641 1127 1766 1182 illos

201 1223 397 1269 mortem
417 1217 978 1289 resurrectionemque
1007 1219 1332 1274 hortaretur.

265 1307 551 1378 §_27.—lta
580 1309 838 1365 nimirum
857 1318 1074 1366 constat
1099 1310 1165 1366 de
1183 1310 1347 1378 iacto,
1374 1324 1440 1365 ex
1468 1310 1582 1381 ipsa
1603 1311 1765 1381 aquei

207 1402 421 1473 baptismi
470 1405 806 1460 institutione
855 1403 1183 1475 baptismum
1220 1403 1498 1474 sanguinis
1550 1403 1766 1460 excludi

208 1510 294 1550 non
331 1511 496 1566 posse,
524 1513 625 1552 nec
673 1498 837 1553 etiam
868 1513 899 1553 e
938 1498 1076 1567 pacti
1107 1495 1437 1568 baptismalis
1479 1497 1764 1552 beneﬂcio.

209 1593 254 1648 Si
279 1609 422 1664 porro
452 1593 572 1650 facti
603 1595 870 1650 rationem
899 1595 1213 1665 quaerimus,
1249 1612 1309 1650 ea
1356 1603 1459 1659 est,
1491 1594 1545 1649 ni
1578 1594 1754 1661 fallor,

211 1685 342 1742 altius
357 1702 385 1742 e
403 1686 604 1742 duobus
627 1687 926 1757 praesertim
950 1689 1222 1757 principiis
1241 1687 1556 1743 deducenda
1583 1707 1596 1743 :
1623 1687 1767 1758 quod

212 1781 388 1836 scilicet
407 1781 600 1836 Christi
624 1795 773 1835 mors
791 1797 857 1837 ea
885 1782 956 1836 sit
978 1781 1146 1837 beatae
1177 1783 1592 1837 resurrectionis
1623 1797 1768 1836 mer-

1871 569 2272 638 Scriptnrarum
2306 574 2630 629 testimoniis
2651 575 3024 643 probationem
3055 578 3364 635 admittunt.

1943 662 1971 734 ς
1995 663 2301 721 9.8.-—ﬂuic
2327 667 2506 736 itaque
2536 667 2744 722 cmlesti
2764 677 2920 737 pacto
2946 670 3053 725 duo
3075 670 3162 725 illa
3192 673 3476 731 tribuenda

1869 767 2028 812 erant
2059 779 2071 813 :
2104 760 2278 829 primo
2307 769 2364 814 ut
2409 760 2532 830 jure
2559 762 2721 816 etiam
2754 761 2912 833 legali
2943 763 3158 821 Christo
3188 767 3471 835 praemium

1869 863 1968 918 pro
1997 849 2106 903 suis
2149 851 2355 905 meritis
2394 850 2718 916 deberetur;
2743 853 2984 908 secundo
3011 857 3173 912 etiam
3204 866 3261 913 ut
3287 841 3477 915 fideles

1871 939 2102 994 universi
2134 957 2294 995 unam
2326 941 2379 996 in
2401 941 2517 1014 lege
2537 958 2660 998 cum
2701 943 2919 1000 Christo
2948 961 3236 1015 personam
3275 951 3477 1005 consti-

1869 1039 2106 1086 tuerent.
2142 1030 2254 1086 Nec
2303 1034 2446 1086 enim
2500 1032 2567 1087 de
2613 1035 2820 1088 utrovis
2865 1034 3058 1090 horum
3109 1038 3390 1110 quicquam
3421 1041 3474 1097 in

1870 1124 2114 1179 terrestri
2160 1134 2320 1193 pacto
2356 1133 2571 1180 cautum
2603 1126 2855 1196 legimus.
2889 1127 3136 1184 Nondum
3196 1142 3373 1188 tamen
3404 1133 3474 1190 ad

1870 1216 2114 1287 singulos
2146 1217 2394 1274 homines
2438 1218 2716 1274 descendit
2741 1221 2854 1274 hoc
2897 1229 3136 1291 pactum,
3162 1232 3219 1278 ut
3249 1223 3478 1296 intelligi

1870 1309 2042 1379 possit
2075 1308 2293 1378 quinam
2337 1308 2406 1362 ad
2451 1308 2591 1365 hanc
2636 1310 2910 1380 politicam
2951 1311 3152 1368 Christi
3184 1327 3478 1384 personam

1871 1399 2118 1454 homines
2145 1399 2455 1468 pertineant-
2468 1409 2525 1455 ut
2547 1401 2646 1456 sibi
2673 1404 2879 1472 possint
2901 1403 3047 1459 illius
3069 1405 3307 1461 caelestis
3333 1407 3478 1477 pacti

1871 1489 2133 1546 beneficia
2167 1490 2732 1565 vindicare.Proinde
2765 1495 2965 1563 praeter
3006 1494 3109 1551 hoc
3151 1496 3328 1552 Patris
3353 1512 3478 1553 cum

1871 1583 2086 1639 Christo
2113 1585 2337 1640 caeleste
2369 1595 2617 1656 pactum:
2652 1587 2799 1642 aliud
2828 1599 3088 1659 praeterea
3111 1592 3479 1649 necessarium

1872 1685 2007 1749 erat,
2048 1670 2252 1731 Christi
2296 1691 2420 1731 cum
2460 1675 2790 1745 hominibus,
2815 1687 2870 1736 et
2918 1681 3139 1751 quidem
3191 1697 3291 1753 pro
3314 1692 3477 1754 captu

1873 1766 2110 1821 humano
2140 1776 2446 1832 externum,
2494 1771 2842 1841 externisque
2891 1764 3154 1845 symbolis
3191 1774 3479 1830 celebran-

213 1871 320 1926 cede
347 1871 682 1936 coronanda;
716 1871 862 1939 quod
913 1873 1076 1928 etiam
1130 1872 1261 1926 illud
1290 1873 1356 1928 sit
1396 1875 1448 1926 in
1481 1872 1767 1942 praecipuis

1883 1857 2020 1922 dum,
2038 1871 2099 1913 ut
2125 1868 2339 1915 constet
2359 1861 2574 1931 quinam
2603 1862 2681 1916 illi
2708 1865 2816 1919 sint
2837 1865 2926 1934 qui
2955 1881 2982 1917 a
3008 1862 3225 1921 Christo
3249 1882 3349 1936 pro
3369 1869 3485 1923 suis

213 1963 422 2033 baptismi
449 1964 724 2019 beneficiis
747 1964 1138 2020 numerandum
1161 1973 1217 2020 ut
1239 1965 1494 2019 nimirum
1517 1964 1769 2033 baptismi

214 2057 377 2110 virtute
416 2057 537 2112 illud
563 2072 960 2128 consequamur
987 2067 1044 2112 ut
1067 2067 1252 2114 nostra
1283 2073 1495 2128 quoque
1526 2072 1673 2112 mors
1696 2058 1770 2112 sit

215 2147 394 2203 Christo
418 2149 744 2220 imputanda.
769 2149 925 2216 Quod
953 2147 1190 2216 Christo,
1219 2166 1286 2206 eo
1313 2150 1432 2221 ipso
1464 2149 1653 2205 mortis
1673 2165 1772 2203 no-

216 2241 352 2307 mine,
387 2257 445 2296 ea
472 2241 780 2307 deberetur,
811 2257 971 2312 quam
1023 2243 1152 2307 dixi,
1181 2242 1596 2299 resurrectionis
1626 2255 1771 2296 mer-

213 2345 303 2396 ces,
332 2347 358 2386 e
382 2331 553 2388 Veteri
605 2349 821 2404 quoque
847 2333 1196 2389 Testamento
1243 2334 1354 2403 jam
1404 2334 1654 2404 superius
1680 2347 1774 2388 os-

213 2425 464 2478 tendimus.
493 2425 567 2479 Ex
600 2426 694 2480 illo
741 2426 993 2481 nimirum
1030 2427 1316 2498 antiquiori
1363 2436 1522 2497 pacto
1570 2442 1676 2497 quo
1703 2427 1774 2482 de

214 2526 306 2571 toto
321 2518 688 2588 redemptionis
714 2519 931 2589 negotio
956 2519 1446 2590 incarnationisque
1472 2534 1593 2574 cum
1613 2519 1772 2575 Patre

213 2611 455 2679 transegit.
501 2609 654 2677 Quod
709 2611 854 2665 enim
894 2609 1092 2664 Christi
1117 2603 1471 2677 resurrectio,
1504 2629 1611 2665 non
1665 2622 1770 2665 tam

213 2701 408 2769 propria:
434 2701 543 2770 ejus
569 2709 623 2755 et
652 2702 847 2756 nativa:
878 2701 1096 2767 Deitati,
1126 2717 1285 2771 quam
1317 2703 1457 2756 Patri
1486 2703 1770 2769 tribuitur;

212 2791 329 2858 quod
357 2794 506 2846 etiam
549 2793 712 2847 Pater
757 2807 864 2847 non
917 2792 1091 2846 Patris
1135 2801 1312 2846 tamen
1354 2793 1406 2847 in
1456 2792 1558 2848 hac
1612 2808 1775 2848 causa

211 2897 458 2952 personam
508 2885 702 2955 egerit,
745 2885 841 2941 sed
893 2884 1134 2954 judicis;
1187 2900 1286 2940 nec
1337 2901 1447 2940 suae
1499 2887 1552 2940 in
1601 2887 1773 2941 tilium

213 2987 404 3051 στοργῆς
428 2981 686 3034 rationem
710 2977 984 3047 habuerit,
1009 2977 1104 3033 sed
1127 2976 1328 3034 Christi
1359 2980 1542 3049 potius
1571 2980 1623 3033 in
1656 2995 1778 3049 pas-

214 3069 340 3124 sione
374 3069 540 3124 meriti
576 3089 590 3125 :
619 3070 762 3140 quod
795 3069 959 3125 etiam
991 3070 1241 3126 Christus
1271 3086 1378 3125 non
1410 3086 1508 3139 pro
1552 3086 1646 3126 sua
1689 3071 1777 3126 hic

213 3165 476 3234 aequalitate
522 3181 644 3220 cum
675 3165 858 3233 Patre,
905 3164 999 3218 sed
1028 3164 1185 3234 plane
1213 3165 1368 3235 quasi
1410 3163 1674 3230 subditus,
1708 3165 1779 3219 sit

1872 1961 2256 2020 agnoscantur.
2294 1952 2406 2007 Hoc
2454 1963 2632 2009 autem
2677 1965 2890 2024 pactum
2922 1966 2980 2011 ut
3031 1958 3098 2013 ad
3145 1970 3484 2016 sacramenta

1872 2050 2081 2110 spectat
2122 2042 2172 2095 in
2205 2058 2427 2114 genere,
2465 2045 2536 2097 ita
2568 2046 2791 2115 propius
2828 2056 2883 2102 et
2925 2049 3198 2119 pmcipue
3226 2049 3292 2105 ad
3348 2050 3484 2122 bap-

1877 2135 2092 2188 tismunt
2119 2136 2261 2205 quod
2290 2136 2504 2191 unicum
2523 2137 2840 2193 initiationis
2861 2149 3264 2196 sacramentum
3294 2157 3486 2200 omnes

1874 2238 2194 2295 agnoscunt.
2225 2226 2371 2282 illud.
2391 2230 2534 2283 enim
2554 2230 2770 2299 proprie
2785 2240 3001 2301 pactum
3025 2233 3354 2304 appellamus
3379 2251 3486 2307 quo

1871 2320 1961 2390 jus
1987 2322 2129 2391 pacti
2164 2321 2520 2393 ejusdemque
2536 2321 2797 2379 beneﬁcia
2826 2324 3058 2396 primum
3077 2329 3482 2399 consequimur,

1876 2430 1983 2470 non
2011 2430 2117 2485 quo
2144 2416 2421 2471 consecuti
2445 2416 2532 2487 jus
2581 2417 2721 2473 idem
2752 2433 3015 2490 augemus
3046 2427 3206 2492 atque
3232 2437 3486 2478 consum-

1876 2524 2107 2564 mamus.
2132 2508 2245 2578 Qua
2277 2510 2457 2580 itaque
2494 2512 2705 2572 ratione
2737 2513 2803 2566 ad
2833 2513 3086 2583 baptismi
3131 2530 3483 2572 consumma-

1878 2601 2079 2655 tionem
2102 2601 2438 2657 ostendimus
2463 2603 2738 2673 pertinere
2759 2606 3101 2677 martyrium,
3123 2607 3316 2663 eadem
3339 2618 3394 2664 et
3414 2608 3484 2664 ad

1876 2701 2092 2761 pactum
2144 2695 2519 2763 evangelicum
2579 2698 2826 2768 pactiqne
2879 2698 3136 2755 beneﬁcia
3208 2700 3483 2770 pertinere

1878 2785 2208 2853 censebitur,
2243 2803 2312 2841 ne
2341 2787 2463 2856 quis
2491 2788 2728 2842 nominis
2759 2789 2948 2855 solius,
2979 2807 3086 2845 non
3117 2791 3244 2847 item
3276 2793 3354 2848 rei
3390 2809 3488 2865 per

1879 2893 2076 2932 nomen
2095 2879 2432 2949 signiticatze,
2464 2881 2602 2937 hanc
2628 2882 2882 2952 baptismi
2904 2899 3024 2940 cum
3055 2887 3316 2958 martyrio
3332 2902 3487 2944 com-

1879 2969 2302 3024 tnunicationem
2333 2971 2740 3042 interpretetur.

1957 3059 1985 3130 §
2029 3059 2625 3118 ‘29.—0bservandum
2655 3066 2797 3120 enim
2825 3075 2981 3123 sexto
3001 3112 3015 3136 ,
3039 3084 3146 3126 non
3172 3085 3235 3128 ea
3267 3063 3482 3130 tantum

1881 3154 2119 3223 generali
2151 3155 2363 3210 ratione
2404 3155 2716 3211 adumbrari
2747 3159 2799 3213 in
2831 3159 3100 3230 baptismo
3136 3166 3489 3237 martyrium,

213 3256 612 3324 considerandus,
645 3266 701 3311 ει
726 3256 1055 3312 οδθάίεηιίω
1081 3259 1275 3311 mel-ilo
1314 3257 1591 3325 pmmium
1623 3256 1776 3310 exn].
1803 3255 1849 3317 ρ
1883 3260 1985 3313 qua
2018 3253 2073 3299 et
2103 3247 2310 3317 reliqua
2345 3249 2523 3302 omnia
2566 3249 2822 3319 baptizati
2851 3252 3031 3308 ofllcia
3057 3255 3487 3326 adumbrantur;

216 3349 397 3403 tationis
423 3368 449 3403 a
480 3350 638 3405 Patre
655 3351 918 3420 reputarit
942 3366 956 3415 ;
986 3350 1162 3417 plane,
1191 3349 1430 3419 inquam,
1455 3348 1574 3403 hazc
1595 3348 1774 3403 omnia

213 3450 409 3512 arguunt
429 3457 531 3497 non
562 3457 713 3497 suam
741 3441 854 3508 hic,
887 3439 983 3496 sed
1010 3455 1140 3496 vero
1164 3440 1418 3506 alienam,
1459 3450 1512 3494 et
1557 3441 1775 3511 quidem

212 3546 334 3587 asua
362 3535 507 3604 longe
536 3534 958 3589 diversissimam
995 3549 1024 3588 a
1058 3533 1272 3589 Christo
1318 3542 1624 3602 susceptam
1655 3549 1778 3588 esse

214 3639 480 3689 personam.
510 3627 575 3681 Et
596 3642 726 3682 vero
757 3627 871 3696 ipsa
896 3641 1166 3696 personm,
1186 3641 1348 3695 quam
1372 3627 1654 3692 sustinuit,
1687 3641 1777 3680 rae

215 3720 275 3774 tio
299 3732 492 3790 pactum
519 3720 735 3790 aliquod
765 3723 986 3774 omnino
1014 3720 1272 3791 postulat,
1300 3729 1353 3774 et
1382 3729 1625 3774 mutuum
1653 3734 1777 3775 cum

213 3809 346 3867 Patre
387 3827 727 3868 consensum.
759 3811 869 3870 Nec
895 3813 1038 3866 enim
1066 3810 1269 3866 Christi
1303 3811 1522 3866 nomine
1550 3827 1651 3864 una
1680 3811 1780 3865 ali-

214 3918 314 3971 qua,
334 3915 386 3960 ut
407 3905 604 3960 schola:
635 3899 950 3974 loquuntur,
977 3903 1250 3958 individua
1275 3919 1505 3974 persona
1527 3904 1769 3973 intelligi-

216 4006 300 4060 tur,
329 3996 410 4050 sed
442 3999 654 4067 politica
689 4007 744 4051 et
772 3996 986 4066 publica
1027 4012 1146 4066 qum
1186 4011 1284 4050 suo
1331 3996 1540 4050 ambitu
1581 4011 1779 4052 mnnes

215 4090 418 4143 omnium
436 4089 753 4144 saeculorum
780 4090 1134 4160 locorumque
1158 4091 1398 4156 omnium
1425 4089 1607 4143 lideles
1630 4104 1784 4142 com-

213 4181 457 4247 plectatur.
500 4182 592 4244 llis
624 4183 769 4237 enim
806 4183 1055 4236 omnibus
1086 4183 1376 4236 convenire
1408 4181 1781 4250 intelliguntur

215 4268 347 4340 hujus
369 4273 645 4328 beneficia.
679 4274 932 4328 Poterant
953 4271 1181 4327 fortasse
1203 4271 1399 4327 Christi
1425 4272 1612 4325 merita
1643 4287 1782 4339 prue-

215 4365 346 4418 mium
366 4366 584 4436 aliquod
617 4382 683 4420 ex
715 4366 982 4434 arquitatis
1006 4365 1125 4434 jure
1150 4363 1252 4418 sibi
1280 4363 1590 4433 impetrare.
1621 4362 1778 4429 Quod

222 4472 322 4511 vero
348 4475 446 4514 non
478 4474 542 4514 ex
575 4473 734 4528 aquo
771 4458 1072 4522 dumtaxat,
1105 4456 1200 4510 sed
1232 4456 1568 4527 projustitia:
1595 4455 1781 4510 debito

212 4547 313 4604 illud
342 4552 612 4606 vindicent
636 4566 651 4616 ;
680 4549 823 4617 quod
855 4565 962 4604 non
986 4549 1087 4604 sibi
1120 4549 1302 4617 modo,
1332 4550 1429 4604 sed
1461 4550 1572 4603 suis
1597 4547 1779 4604 omni-

1884 3338 1978 3392 sed
2019 3339 2161 3409 qttod
2206 3340 2381 3408 ipsum
2429 3341 2587 3412 aquei
2627 3342 2880 3412 baptismi
2911 3346 3218 3417 symbolum
3249 3349 3321 3405 ita
3357 3366 3489 3406 nos-

1884 3439 2050 3497 trum,
2080 3448 2241 3501 quem
2265 3433 2522 3500 diximus,
2547 3435 2906 3504 sanguineum
2935 3436 3260 3508 baptismum
3289 3457 3492 3512 repue-

1883 3533 2083 3590 sentet,
2109 3533 2168 3578 ut
2187 3524 2346 3594 plane
2375 3525 2519 3579 nulla
2549 3527 2620 3581 sit
2643 3527 2801 3597 aquei
2834 3529 3088 3598 baptismi
3111 3529 3491 3598 elficacia,nisi

1884 3614 1951 3666 ad
1989 3615 2345 3685 sanguineum
2387 3617 2716 3686 baptismum
2751 3615 3040 3674 referatur.
3067 3619 3181 3687 Qua
3212 3623 3354 3676 enim
3392 3623 3493 3677 im-

1884 3709 2084 3763 mersio
2123 3709 2177 3763 in
2209 3724 2404 3780 aquam
2430 3710 2557 3764 vita:
2586 3711 2834 3766 animalis
2860 3712 3364 3783 mortificationem,
3394 3717 3493 3772 de-

1884 3809 2052 3867 notat,
2083 3816 2186 3882 qua
2218 3801 2451 3856 emersio
2479 3816 2547 3857 ex
2574 3802 2767 3857 eadem
2798 3818 2953 3858 novze
2979 3806 3140 3860 etiam
3169 3808 3495 3877 spirituulis-

1884 3908 1989 3962 que
2017 3893 2136 3946 vita:
2158 3894 2534 3962 sponsionem,
2557 3909 2643 3958 ea,
2673 3910 2776 3964 qua
2800 3895 2939 3963 dixi,
2964 3899 3230 3967 sponsarii
3261 3901 3493 3971 symboli

1884 3985 2278 4055 significatione
2303 3996 2695 4055 repraesentat;
2731 3986 2905 4043 fateor
2929 3991 3134 4046 nullum
3161 4006 3282 4049 esse
3321 3994 3494 4050 chris-

1884 4079 2045 4130 tianae
2075 4077 2196 4131 vita:
2227 4077 2465 4132 ofﬁcium
2497 4080 2625 4149 quin
2658 4079 2726 4135 ad
2760 4080 2956 4136 horum
2985 4082 3308 4140 alterutrum
3344 4087 3492 4144 refe-

1886 4179 2054 4233 ratur,
2089 4185 2212 4225 eum
2243 4174 2491 4245 κάθαρσιν
2517 4172 2696 4227 omnia
2727 4183 2820 4229 aut
2847 4175 3106 4232 τελείωσιν
3138 4187 3404 4247 spectent,
3438 4189 3496 4236 ut
3588 4250 3590 4252 ν

1887 4261 2170 4332 loquamur
2209 4279 2330 4318 cum
2365 4266 2758 4335 pythagorzeis,
2805 4266 2922 4322 haec
2951 4267 3020 4323 ad
3058 4284 3252 4324 novam
3297 4274 3494 4343 mysti-

1886 4367 2114 4423 eamque
2142 4355 2305 4408 vitam
2325 4396 2338 4420 ,
2366 4356 2434 4409 ad
2461 4372 2656 4412 novam
2681 4357 2770 4412 illa
2807 4359 3199 4431 mysticamque
3225 4374 3452 4419 mortem
3472 4406 3490 4434 ,

1886 4445 2136 4499 similiter
2177 4445 2482 4502 referenda.
2515 4447 2628 4503 Nec
2668 4458 2846 4504 tamen
2885 4461 3173 4521 propterea
3205 4455 3328 4510 novi
3365 4455 3496 4527 bap-

1888 4538 2030 4593 tismi
2076 4539 2336 4595 beneficia
2379 4541 2710 4611 quibuslibet
2751 4542 2876 4599 vitae
2918 4545 3230 4601 christiana:
3262 4545 3492 4617 ofticiis,

214 4640 291 4696 bus
316 4645 433 4699 ilIud
464 4661 494 4699 ε
527 4645 690 4699 Patre
718 4643 1003 4710 debeatur,
1037 4643 1153 4697 sine
1183 4651 1339 4714 pacto
1363 4657 1586 4712 prorsus
1618 4642 1778 4697 inte].
1803 4645 1859 4707 ι)
1887 4633 1982 4687 sed
2009 4648 2078 4688 ne
2110 4635 2362 4688 omnibus
2403 4634 2622 4705 quidem
2666 4637 2826 4691 simul
2867 4638 3143 4704 collectis,
3174 4641 3492 4697 asserintus.

214 4731 282 4804 Iigi
310 4753 406 4791 non
446 4747 626 4808 putest
655 4754 764 4807 quo
794 4737 954 4793 Pater
979 4737 1144 4792 etiam
1174 4751 1422 4807 personae
1453 4737 1684 4807 political:
1712 4737 1780 4790 il-

215 4827 297 4883 lam
324 4833 763 4887 constitutionem
794 4839 1122 4901 acceptaret.
1157 4830 1283 4885 Erat
1316 4830 1462 4885 enim
1496 4829 1598 4884 hoc
1629 4837 1782 4884 ante-

211 4921 428 4978 cedenter
449 4925 512 4976 ad
544 4932 760 4995 pactum
789 4921 860 4976 ita
886 4924 1087 4978 arbitra
1100 4922 1258 4988 rium,
1286 4931 1344 4977 ut
1372 4922 1518 4976 nulla
1541 4922 1775 4986 Patrem,

212 5013 250 5064 ni
275 5016 331 5068 ita
350 5018 716 5084 convenisset,
743 5016 825 5071 vel
846 5017 1074 5094 aequitas
1099 5016 1382 5088 obligaret,
1417 5025 1472 5070 nt
1499 5031 1598 5085 pro
1620 5014 1783 5070 Citri-

210 5105 263 5158 sti
286 5111 479 5164 meritis
507 5108 818 5164 mercedem
846 5107 1095 5165 fidelibus
1113 5109 1468 5179 persolveret,
1496 5123 1619 5162 cum
1645 5122 1784 5178 pra:-

210 5201 360 5255 sertim
391 5214 439 5257 et
507 5203 607 5272 ipsi
658 5200 910 5266 Christo,
943 5202 996 5256 in
1054 5216 1269 5272 propria
1325 5201 1488 5256 etiam
1547 5214 1780 5270 persona

211 5294 542 5358 persolvisset.
602 5294 674 5350 Et
729 5294 943 5364 quidem
999 5293 1290 5349 admodum
1356 5305 1782 5349 consentaneum

219 5397 310 5440 erat
335 5390 608 5458 platonicis
641 5388 792 5443 illius
822 5387 918 5442 aevi
948 5387 1309 5458 dogmatibus,
1339 5397 1394 5440 ut
1445 5386 1570 5441 huic
1598 5388 1784 5458 αἰωνίῳ

212 5473 450 5551 Evangelii
504 5480 723 5555 διαθήκῃ
751 5522 766 5549 ,
805 5487 1136 5551 qtaetamen
1190 5488 1308 5535 erat
1356 5479 1649 5544 terrestris,
1681 5477 1788 5532 alia

212 5569 341 5626 etiam
369 5575 722 5646 responderet
773 5577 1080 5653 προαιὼνιος
1121 5573 1173 5626 in
1214 5572 1366 5627 cmlis
1417 5572 1569 5641 cujus
1601 5568 1788 5624 virtuti

212 5661 266 5715 sit
288 5666 431 5722 etiam
480 5666 774 5726 tribuenda
823 5666 1103 5724 terrestris
1133 5663 1370 5730 διαθήκης
1416 5664 1677 5720 efﬁcacia.
1711 5663 1789 5717 Ita

217 5755 450 5820 Probatum
479 5761 738 5820 dedimus
793 5759 899 5816 hoc
928 5766 1174 5830 pactum,
1203 5755 1347 5827 quod
1376 5755 1503 5812 licet
1541 5762 1793 5812 asseraut

215 5849 344 5909 etiam
371 5859 718 5930 recentiores,
772 5855 1096 5927 neutiquam
1150 5861 1330 5912 tamen
1383 5852 1636 5924 probant,
1689 5865 1792 5907 nec

1886 4723 2022 4781 Cum
2049 4727 2191 4780 enim
2218 4727 2346 4782 illud
2369 4727 2663 4784 dixerimus
2691 4730 3023 4799 praecipuum
3048 4731 3299 4803 baptismi
3325 4734 3493 4792 fuisse

1887 4819 2170 4875 consilium
2214 4829 2274 4874 ut
2310 4819 2515 4875 Christi
2555 4820 2837 4877 morientis
2868 4825 3312 4897 resurgentisque
3353 4830 3494 4884 ima-

1887 4913 2068 4981 ginem
2097 4912 2162 4966 ad
2191 4913 2370 4968 vivum
2397 4923 2877 4982 repraesentemus,
2903 4915 3028 4972 inde
3053 4917 3216 4972 etiam
3245 4919 3496 4978 beneﬁcii

1890 5004 2228 5074 baptismalis
2255 5019 2404 5075 spem
2428 5021 2644 5061 omnem
2674 5006 2742 5060 ab
2774 5022 2837 5062 ea
2869 5009 2982 5079 ipsa
3012 5015 3494 5080 reprazsentatione

1890 5112 2262 5164 arcessemus;
2285 5098 2533 5168 sequitur
2556 5098 2782 5169 proinde
2811 5111 2867 5156 ut
2886 5117 2991 5173 qua
3009 5104 3118 5159 vita
3141 5115 3302 5176 atque
3322 5116 3498 5164 morte

1889 5190 2167 5247 Christum
2198 5193 2605 5250 accuratissime
2640 5196 3027 5266 exprimimus,
3057 5198 3110 5253 in
3159 5200 3265 5255 illis
3293 5203 3498 5270 prima-

1889 5285 2026 5342 rium
2051 5285 2299 5356 baptismi
2320 5287 2605 5344 consilium
2626 5291 3066 5349 constituendum
3094 5294 3182 5358 sit,
3205 5293 3274 5349 ab
3303 5295 3498 5353 iisdem

1890 5383 2145 5454 baptismi
2191 5386 2351 5442 etiam
2391 5385 2652 5442 beneﬁcia
2683 5388 2793 5442 sint
2831 5391 3102 5460 praecipue
3140 5393 3498 5461 expectanda.

1896 5476 2058 5546 Atqui
2104 5493 2381 5548 corporeae
2409 5488 2564 5533 erant
2606 5479 2712 5535 illae
2751 5480 2950 5536 Christi
2999 5491 3105 5538 tam
3147 5497 3296 5539 mors
3336 5500 3497 5555 quam

1895 5572 2246 5638 resurrectio,
2276 5571 2468 5642 quibus
2501 5588 2601 5627 nos
2629 5573 2947 5643 profitemur
2973 5575 3026 5629 in
3058 5575 3330 5645 baptismo
3361 5591 3497 5632 con-

1896 5662 2130 5732 formes,
2168 5673 2223 5719 et
2264 5679 2491 5735 quarum
2522 5680 2621 5720 nos
2653 5665 2848 5720 ibidem
2885 5675 3165 5736 portemus
3200 5666 3497 5734 imagines,

1898 5765 1959 5812 ut
1995 5757 2047 5811 in
2077 5771 2355 5826 corporeae
2382 5756 2798 5812 resurrectionis
2828 5771 2989 5811 causa
3029 5756 3076 5829 (l
3115 5755 3258 5820 Corn,
3290 5755 3384 5825 xv)
3415 5758 3500 5814 lo-

1895 5848 2077 5919 quitur
2106 5847 2268 5906 etiam
2292 5848 2608 5920 Apostolus.
2639 5848 2858 5921 Mystica
2897 5847 3044 5904 enim
3084 5846 3420 5905 resurrectio
3459 5849 3506 5909 si
