3888 6346
359 330 422 385 71
1324 328 1694 386 DODWELLI
1735 326 2191 388 DISSERTATIO
2227 327 2316 385 ΟΥ
2328 325 2645 384 PlilANlCA
3595 325 3666 377 7‘3

358 447 470 502 sola
495 445 546 501 in
570 444 840 516 baptismo
863 444 1245 517 sponderetur,
1273 455 1384 502 tota
1403 449 1492 502 illa
1519 448 1760 517 Apostoli
1789 463 1948 518 argtt-
1978 451 2028 508 Α
2058 446 2202 500 illius
2231 445 2368 514 pacti
2402 444 2540 513 lege,
2571 440 2664 496 sed
2694 452 2823 494 vero
2845 452 2912 494 ex
2935 436 3178 508 ejusdem
3201 438 3364 494 etiam
3386 437 3667 507 aequitate,

359 540 616 595 mentatio
642 532 971 596 concideret.
995 539 1094 594 Est
1117 540 1330 610 quidem
1361 542 1808 596 verisimillimum
1832 540 1956 594 inde

357 640 536 686 ortum
564 645 687 686 esse
720 631 1171 686 resurrectionem
1206 633 1510 702 negantium
1543 647 1782 687 errorem
1815 631 1956 700 quod

358 724 808 778 resurrecﬁonent
845 722 992 777 illam
1022 723 1269 792 baptismi
1307 723 1661 794 symbolicam
1691 723 1758 777 de
1784 723 1956 777 solius

357 816 552 870 animae
606 816 831 887 mystica
881 815 1314 882 resurrectione,
1371 831 1475 869 non
1530 815 1656 869 item
1713 815 1957 884 corporis

359 910 741 979 intelligerent.
786 908 917 965 Cum
959 918 1137 964 autem
1181 923 1246 964 ex
1296 908 1545 964 universa
1589 909 1678 963 illa
1729 909 1956 979 apostoli

356 1001 722 1070 disputatione
753 1001 1096 1057 manifestum
1128 1001 1228 1066 sit,
1263 999 1393 1054 illud
1425 999 1591 1055 fuisse
1628 1003 1954 1069 prmcipuum

355 1094 606 1164 baptismi
636 1095 921 1148 consilium
951 1104 1041 1160 ut,
1072 1096 1138 1148 de
1166 1109 1273 1162 quo
1313 1092 1582 1162 prmcipue
1613 1093 1754 1147 illius
1781 1092 1956 1146 inlatis

354 1186 490 1242 ﬁdes
525 1187 835 1253 vacillaret,
872 1187 940 1242 de
966 1201 1031 1241 eo
1065 1187 1546 1255 interponerentur
1573 1184 1954 1255 promi~sioncs

357 1278 601 1347 inpacto
645 1278 950 1346 baptismali
997 1278 1236 1334 omniunt
1283 1277 1633 1340 certissintte;
1682 1278 1837 1346 plane
1867 1290 1955 1329 se-

356 1373 537 1441 quitur
566 1369 768 1426 Christi
800 1371 1277 1434 resurrectionem,
1311 1385 1416 1423 non
1449 1369 1610 1422 aliam
1638 1383 1796 1438 quam
1828 1380 1951 1420 eor-

356 1478 575 1532 porcam
605 1465 656 1517 in
700 1463 968 1532 baptismo
1008 1462 1273 1521 exhiberi.
1313 1462 1397 1516 cui
1438 1470 1492 1514 et
1524 1470 1701 1514 nostra
1731 1472 1954 1526 respon—

355 1557 476 1611 tleat
527 1556 856 1612 resurreCtio
900 1556 1171 1626 pratcipue
1212 1568 1495 1622 corporea.
1527 1550 1679 1618 Quod
1721 1564 1851 1605 vero
1887 1549 1953 1604 ad

358 1661 589 1706 mortem
624 1651 1188 1719 resurrectionemque
1216 1649 1470 1719 mysticas
1494 1646 1717 1713 attinet,
1749 1656 1953 1700 tantum

356 1745 511 1798 abest
553 1753 608 1798 ut
639 1759 732 1813 per
775 1745 894 1798 illas
924 1744 1191 1812 possimus
1231 1741 1428 1795 Christi
1467 1749 1631 1818 φορεῖν
1661 1742 1858 1805 εἰκόνα,
1901 1747 1957 1792 ιιι

2063 537 2322 593 vindicari
2364 550 2522 606 posse
2563 535 2614 587 in
2644 532 2941 602 sanguineo
2982 531 3251 600 baptismo
3285 532 3468 586 omnia
3501 532 3672 586 bene-

2063 631 2182 686 ﬁcia
2207 647 2236 684 a
2265 629 2482 683 Christo
2513 641 2612 697 pro
2651 640 2746 680 sua
2790 623 2930 693 pacti
2975 621 3308 692 baptismalis
3346 632 3498 694 parte
3533 638 3673 692 prte-

2061 723 2282 785 standa,
2325 737 2393 775 ne
2427 719 2554 789 quid
2584 731 2871 787 superesse
2900 714 3172 778 Videatur,
3218 729 3316 769 cur
3358 715 3674 769 dubitemus

2061 823 2281 869 rectene
2309 812 2423 865 ltzcc
2450 820 2506 865 et
2532 825 2629 879 pro
2649 807 2848 863 Chriin
2881 815 3060 861 mente
3085 816 3296 861 veteres
3324 806 3672 877 collegerint.

2059 907 2194 963 Cum
2225 906 2367 961 enim
2407 905 2518 974 jam
2565 901 2968 957 ostenderimus
3019 898 3390 953 conditionem
3435 914 3462 951 a
3512 897 3673 952 nobis

2060 1000 2445 1072 praestandam,
2475 1013 2578 1066 qtta
2601 996 2690 1066 jus
2715 993 2846 1048 illud
2874 1007 3270 1062 consequantur
3297 990 3364 1046 ad
3395 991 3669 1061 promissa

2057 1093 2254 1148 Chrisﬁ
2301 1091 2593 1153 henelicia,
2645 1088 2781 1142 hanc
2820 1087 2988 1156 ipsam
3027 1099 3151 1140 esse
3197 1084 3442 1153 corporis
3493 1083 3670 1138 nostri

2058 1202 2156 1257 pro
2194 1187 2411 1246 Christo
2456 1184 2839 1246 devotionem;
2881 1179 3025 1250 quod
3074 1177 3423 1233 nihilominus
3472 1191 3673 1232 recens

2058 1279 2341 1349 baptizatis
2391 1279 2670 1332 incruenta
2717 1282 2890 1328 morte
2920 1271 3148 1325 sublatis
3177 1269 3443 1325 concedat
3484 1279 3669 1324 tamen

2057 1373 2306 1428 Christus
2331 1370 2582 1440 baptismi
2617 1368 2874 1424 beneﬁcia
2897 1407 2911 1430 ,
2943 1365 3080 1420 ratio
3115 1380 3221 1420 non
3248 1374 3332 1419 est
3361 1363 3504 1434 quod
3537 1377 3672 1418 con-

2057 1466 2319 1522 ditionem
2366 1465 2513 1518 illam
2565 1461 2918 1533 prmstiterint
2960 1462 3046 1515 cui
3091 1458 3360 1515 debentur
3406 1475 3474 1513 ex
3527 1459 3670 1528 pacti

2062 1557 2317 1628 :rquitate
2363 1555 2604 1625 ejusdem
2651 1555 2948 1619 beneﬁcia,
2997 1552 3094 1608 sed
3137 1551 3280 1621 quod
3310 1554 3481 1621 prima
3525 1551 3670 1621 pacti

2059 1649 2320 1704 benelicia
2369 1646 2538 1718 gratis
2585 1647 2956 1701 concedantur
3005 1653 3062 1700 et
3106 1645 3224 1700 sine
3273 1643 3381 1698 ulla
3440 1659 3672 1714 prorsus

2060 1742 2405 1808 conditione,
2435 1743 2736 1811 praesertim
2768 1741 2874 1794 illis
2906 1740 2998 1808 qui
3035 1737 3272 1794 nondum
3303 1737 3500 1792 actuali
3529 1737 3673 1791 ohli-

357 1852 424 1892 tte
454 1852 580 1892 vere
609 1837 822 1906 quidem
855 1835 1104 1889 Christus
1142 1850 1208 1890 co
1239 1849 1399 1888 sensu
1424 1836 1493 1888 sit
1521 1849 1773 1902 umquam
1806 1847 1952 1885 mor-
1984 1838 2032 1898 Β
2057 1835 2259 1905 gationi
2299 1841 2392 1887 aut
2435 1831 2736 1887 conditioni
2777 1831 2845 1886 de
2887 1831 3032 1886 laeto
3077 1829 3397 1900 prmstanda:
3437 1827 3672 1883 obnoxii

359 1939 481 1983 tuus
522 1938 614 1982 aut
658 1929 1038 1983 resurrexerit.
1081 1927 1212 1981 Mori
1255 1927 1344 1981 ille
1386 1935 1607 1996 peccato
1647 1939 1752 1979 non
1784 1926 1957 1994 potuit

357 2022 444 2091 qui
478 2037 746 2090 nunquam
775 2021 825 2076 ei
854 2021 1081 2074 vixerat.
1102 2019 1423 2074 Mortilicare
1443 2034 1658 2074 carnem
1683 2033 1788 2072 non
1821 2030 1956 2086 opus

358 2115 650 2185 babuitqui
682 2116 881 2169 nullam
908 2130 1160 2185 umquam
1189 2113 1554 2168 settsitcarnis
1582 2111 1954 2167 rebellionem.

357 2207 466 2263 Nec
510 2208 807 2262 resurrexit
848 2208 937 2262 ille
977 2208 1042 2260 ad
1082 2223 1274 2261 novam
1317 2206 1756 2276 spiritualentquc
1794 2204 1954 2258 vitam

359 2302 446 2372 qui
480 2313 838 2371 praeterquam
876 2301 1208 2370 spiritualctn
1239 2300 1401 2352 vitam
1433 2299 1592 2352 aliant
1625 2297 1824 2351 nullam
1857 2312 1959 2349 un—

358 2407 517 2463 quam
556 2392 803 2447 duxcrat.
833 2391 1051 2464 Mystica
1080 2406 1209 2461 ergo
1253 2407 1398 2446 mors
1441 2398 1602 2460 atque
1634 2389 1958 2445 resurrectio

360 2483 708 2539 secundarias
731 2484 898 2538 fuisse
917 2493 1152 2554 oportet,
1180 2500 1284 2537 non
1317 2483 1584 2551 primariae
1606 2483 1657 2536 in
1691 2482 1958 2552 baptismo

359 2577 1155 2647 repraesentationis,quatenus
1182 2586 1235 2630 et
1267 2575 1393 2639 ilhc,
1412 2590 1733 2644 quamquam
1758 2573 1955 2628 nullam

360 2684 482 2723 cum
511 2667 730 2724 Christo
750 2670 1183 2724 conformitatent
1213 2669 1343 2740 ipsa:
1370 2667 1646 2729 denotent,
1671 2667 1960 2736 disitonant

361 2760 551 2815 saltem
594 2761 662 2816 ad
703 2760 850 2815 illam
896 2761 1195 2814 animarum
1236 2769 1540 2815 nostrarum
1581 2773 1700 2814 cum
1742 2757 1960 2814 ChriSto

363 2852 823 2918 eonformitatem,
874 2868 1034 2923 quam
1068 2861 1123 2907 et
1164 2853 1336 2922 ipsam
1371 2851 1589 2907 Christo
1631 2851 1802 2906 fateor
1837 2864 1960 2905 esse

363 2943 745 3016 gratissimam.

440 3037 467 3107 §
509 3037 601 3092 50.
628 3035 845 3092 —Cum
870 3037 1050 3108 itaque
1078 3037 1268 3092 mortis
1300 3036 1415 3092 hate
1446 3036 1963 3105 resurrectionisque

365 3130 421 3185 itt
458 3130 728 3199 baptismo
777 3129 1185 3200 reprzesentatio
1216 3129 1284 3184 ad
1313 3144 1541 3201 corpora
1581 3137 1761 3184 nostra
1793 3128 1963 3197 primo

2057 1937 2262 1994 essent,
2313 1937 2532 1996 propter
2577 1926 2987 1995 incapacitatent
3036 1923 3286 1994 subjecti.
3341 1922 3670 1978 Adultorum

2059 2027 2162 2079 alia
2191 2036 2274 2080 est
2305 2024 2528 2079 omnino
2558 2024 2718 2079 ratio.
2747 2023 2919 2090 Quam
2950 2021 3095 2076 enim
3125 2020 3494 2076 conditionem
3521 2034 3673 2074 non-

2060 2119 2186 2172 dum
2225 2128 2483 2186 praestare
2513 2124 2774 2187 possunt,
2808 2129 2928 2169 eam
2957 2113 3098 2169 velle
3137 2111 3328 2168 saltem
3377 2121 3668 2182 poterant,

2062 2220 2119 2265 ut
2141 2212 2262 2265 lacti
2297 2211 2414 2264 loco
2435 2209 2578 2278 apud
2607 2209 2774 2262 Deum
2800 2206 3063 2262 habeatur
3088 2204 3218 2260 illud
3244 2206 3415 2274 ipsum
3453 2212 3668 2257 votum.

2063 2304 2202 2359 Sunt
2232 2311 2411 2356 autem
2443 2303 2582 2356 inter
2605 2315 2665 2355 se
2691 2299 2981 2355 admodum
3009 2297 3241 2357 diversa:
3269 2297 3373 2351 illa:
3392 2296 3674 2367 :eqttitatis

2062 2396 2303 2449 rationes
2341 2409 2443 2463 qua
2475 2393 2597 2464 quis
2625 2402 2914 2448 excusatur
2945 2407 2975 2446 a
3010 2390 3312 2460 praestanda
3352 2389 3495 2460 pacti
3533 2404 3673 2444 con-

2062 2487 2298 2549 ditione,
2327 2495 2383 2540 et
2412 2501 2517 2556 qua
2545 2486 2670 2554 quis
2699 2482 2946 2540 eamdem
2989 2483 3123 2554 legis
3142 2481 3508 2538 conditionem
3541 2496 3676 2536 cett-

2063 2591 2214 2636 setur
2241 2579 2556 2650 implevisse
2576 2619 2591 2645 ,
2620 2579 2665 2633 si
2697 2579 2877 2633 minus
2915 2578 2981 2631 ad
3011 2576 3245 2632 litteram
3277 2577 3441 2648 legis,
3472 2585 3529 2630 at
3568 2591 3676 2647 pro

2064 2673 2396 2744 legislatoris
2447 2672 2738 2735 sententia,
2787 2671 2833 2726 si
2888 2684 3076 2741 aequus
3129 2669 3290 2725 modo
3345 2669 3676 2724 adhibeatur

2065 2766 2200 2838 legis
2223 2767 2511 2836 interpres.
2543 2766 2619 2821 Ita
2657 2766 2822 2836 igitur
2857 2765 3176 2835 martyrium
3205 2765 3257 2818 in
3289 2774 3416 2818 voto
3445 2778 3569 2819 cum
3603 2764 3678 2818 sit

2066 2875 2163 2930 pro
2197 2860 2330 2930 legis
2359 2859 2534 2914 littera
2559 2859 2737 2929 reipsa
2770 2858 2916 2913 aliud
2935 2899 2949 2925 ,
2980 2858 3121 2914 idem
3149 2868 3327 2914 tamen
3356 2858 3675 2914 censebitur

2065 2969 2187 3008 cum
2240 2953 2498 3024 martyrio
2536 2953 2604 3007 de
2659 2953 2802 3007 facto
2849 2966 2948 3021 pro
2998 2951 3458 3020 interpretationis
3497 2950 3672 3020 tequi-

2067 3054 2194 3100 tate.
2221 3043 2294 3098 Ita
2319 3046 2414 3099 ﬁet
2443 3056 2501 3099 ut
2529 3045 2708 3099 omnia
2740 3043 2992 3114 baptismi
3021 3043 3281 3100 beneﬁcia
3309 3043 3411 3098 soli
3433 3043 3674 3098 debean-

2069 3146 2155 3192 tur
2207 3140 2499 3209 martyrio,
2559 3138 2752 3193 saltem
2811 3137 2864 3191 in
2916 3147 3064 3190 voto.
3115 3135 3269 3204 Quod
3313 3135 3358 3189 si
3406 3136 3571 3190 etiam
3618 3136 3672 3190 in

365 3220 646 3276 referenda
695 3235 816 3276 esse
867 3218 1277 3290 probaverimus
1309 3237 1322 3273 :
1355 3222 1602 3290 sequitur
1652 3217 1960 3288 primarium

2078 3230 2350 3301 baptizatis
2397 3246 2502 3285 non
2535 3229 2894 3300 martyribus,
2942 3229 3042 3283 soli
3084 3238 3260 3282 tamen
3311 3229 3572 3300 martyrio
3620 3229 3673 3284 in

366 3313 620 3384 baptismi
663 3314 947 3370 consilium
990 3327 1113 3368 esse
1154 3325 1212 3367 ut
1253 3327 1480 3382 corpora
1526 3323 1712 3367 nostra
1749 3311 1967 3366 Christo

366 3408 761 3472 devoveamus,
803 3421 1008 3477 nosque
1058 3415 1340 3477 promptos
1382 3405 1750 3475 spondeamus
1807 3419 1966 3470 para-

369 3511 561 3572 tosque
582 3513 636 3557 ut
661 3489 856 3557 Christi
880 3514 1040 3556 causa
1062 3507 1290 3554 mortem
1315 3508 1656 3570 oppetamus,
1681 3511 1967 3564 corporum

368 3597 637 3652 videlicet.
661 3595 788 3651 lude
801 3595 1130 3664 reliquorum
1149 3593 1398 3664 baptismi
1418 3592 1966 3662 benelicioruntfspem

368 3687 701 3758 concipimus
739 3687 1144 3758 accipimusque
1184 3688 1425 3742 omnium
1457 3688 1830 3742 certissimam.
1867 3685 1972 3740 Im-

370 3780 562 3852 primis
588 3779 658 3835 de
685 3779 841 3834 beata
871 3778 1270 3834 resurrectione
1297 3780 1542 3848 corporis
1574 3779 1822 3832 nimirum
1847 3778 1934 3832 illa
1954 3817 1969 3843 ,

374 3890 494 3946 qua:
536 3873 781 3944 corporis
825 3871 1167 3943 passionibus
1213 3871 1616 3928 accuratissime
1655 3871 1970 3942 reSpondet.

372 3967 611 4037 Qumque
643 3976 697 4021 ut
738 3967 1010 4037 prarcipua
1050 3975 1170 4021 erat
1209 3965 1481 4036 plerisque
1509 3966 1644 4021 ratio
1665 3966 1973 4020 christiani-

375 4062 530 4129 tatis,
572 4075 634 4116 ea
676 4061 975 4130 prmsertim
1020 4069 1210 4124 mtate,
1245 4053 1604 4128 recipiendae,
1649 4059 1720 4113 ita
1765 4059 1974 4115 creditu

373 4165 490 4211 erat
519 4154 759 4218 omnium
791 4152 1136 4219 difﬁcillima,
1176 4162 1238 4206 ut
1280 4151 1506 4222 proinde
1549 4161 1974 4206 consentaneum

373 4257 519 4303 esset
568 4262 688 4303 eam
737 4244 1107 4302 commendari
1147 4245 1482 4314 argumentis
1521 4243 1740 4299 omnino
1788 4245 1975 4298 certis-

377 4339 552 4396 simis.
578 4339 713 4394 Tum
746 4348 800 4394 et
830 4339 1108 4408 mysticam
1133 4353 1347 4409 quoque
1370 4337 1512 4391 illam
1541 4348 1770 4392 mortem
1802 4352 1979 4392 resnr~

377 4434 784 4505 rcctionemque
832 4433 1180 4503 pollicemur,
1231 4447 1352 4503 quae
1399 4431 1715 4487 secundaria
1765 4431 1982 4484 immer-

375 4528 544 4585 sionis
562 4537 764 4582 nostra:
780 4524 1210 4595 etnersionisque
1230 4525 1283 4579 in
1304 4525 1573 4595 baptismo
1590 4521 1982 4594 signiﬁcatione

377 4620 703 4675 dettotatttur
746 4635 760 4671 :

378 4714 581 4769 Christi
622 4712 784 4769 etiam
834 4721 990 4784 parte
1033 4711 1377 4779 adhibentur,
1428 4711 1475 4766 is
1519 4725 1620 4765 una
1653 4710 1882 4781 spondet
1910 4725 1980 4765 ne

381 4825 533 4865 suam
573 4809 790 4879 quidem
837 4824 1058 4878 operam
1101 4806 1260 4862 nobis
1297 4805 1621 4861 defuturam.
1662 4805 1737 4860 Ita
1770 4811 1984 4859 constat

380 4901 700 4974 martyrium
747 4900 800 4956 itt
849 4899 1099 4972 primaria
1133 4897 1382 4969 baptismi
1424 4898 1814 4968 signiﬁcatione
1849 4911 1981 4953 con-

382 4994 564 5050 tineri.
593 4992 820 5050 Constat
849 4990 1045 5048 deinde
1073 4990 1145 5045 ita
1179 5005 1205 5044 a
1245 4990 1400 5044 nobis
1442 4990 1811 5060 interpositam
1844 4989 1980 5043 hanc

381 5088 629 5161 martyrii
666 5087 1040 5159 sponsionem,
1069 5096 1127 5140 ut
1151 5085 1222 5140 sit
1250 5083 1489 5141 conditio
1514 5100 1578 5139 ex
1616 5095 1796 5140 nostra
1833 5093 1983 5153 parte

388 5180 690 5252 pratstanda
725 5179 866 5235 unde
892 5178 1161 5250 pendeant
1181 5177 1389 5246 reliqua
1415 5176 1666 5246 baptismi
1694 5175 1982 5232 beneﬁcia.

385 5274 460 5330 Ita
487 5275 822 5344 sequitur‘ex
855 5272 994 5342 pacti
1025 5270 1183 5340 hujus
1221 5270 1341 5340 jure
1363 5311 1378 5336 ,
1421 5270 1680 5340 martyrio
1707 5269 1900 5326 saltem
1929 5269 1984 5326 in

387 5377 514 5423 voto
563 5366 746 5420 deberi
797 5367 977 5422 omnia
1019 5363 1270 5434 baptismi
1314 5361 1595 5419 beneﬁcia.
1630 5361 1885 5434 Sequitur
1913 5363 1984 5418 ita

386 5462 452 5516 ad
481 5459 735 5531 baptismi
764 5461 1280 5514 consummationem
1309 5469 1559 5529 spectare
1586 5461 1898 5530 martyrium
1924 5468 1984 5515 ut

386 5553 703 5625 martyrium
743 5550 812 5606 de
857 5551 996 5607 lacto
1040 5541 1596 5622 prtestitum‘spectat
1625 5551 1690 5606 ad
1732 5567 1986 5608 consum-

389 5645 682 5701 mationem
714 5643 956 5717 martyrii
985 5643 1264 5698 dumtaxat
1293 5644 1345 5697 in
1375 5653 1522 5700 voto.

465 5733 768 5804 §5l.—-Ne
795 5751 922 5791 vero
951 5734 1150 5791 nimius
1177 5735 1358 5791 videar
1389 5735 1441 5792 in
1472 5737 1758 5810 captandis
1788 5738 1988 5809 baptis-

394 5833 549 5890 tttalis
591 5831 728 5906 pacti
772 5829 1046 5900 minutiis,
1079 5829 1273 5902 colligo
1315 5831 1541 5902 septimo
1575 5849 1679 5888 non
1725 5833 1886 5890 modo
1925 5849 1991 5891 ex

2073 3333 2200 3379 voto
2226 3323 2594 3392 debeaturjus
2628 3321 2760 3376 illud
2790 3335 2953 3377 omne
2981 3321 3126 3392 quod
3149 3321 3426 3377 consecuti
3458 3321 3509 3375 in
3537 3321 3674 3392 bap-

2075 3419 2233 3473 tismo
2275 3423 2400 3470 sunt
2425 3415 2494 3469 ad
2527 3413 2785 3484 baptismi
2831 3413 3130 3479 beneﬁcia;
3163 3413 3282 3483 quis
3322 3423 3406 3469 est
3443 3413 3535 3482 qui
3567 3428 3678 3469 non

2073 3510 2252 3565 videat
2310 3508 2508 3579 potiori
2565 3508 2776 3562 ratione
2836 3506 3174 3562 tribuendum
3237 3521 3358 3561 esse
3413 3504 3678 3576 martyrio

2073 3602 2310 3658 actuali?
2341 3600 2438 3656 Est
2464 3601 2606 3656 enim
2633 3599 2750 3654 haec
2777 3599 2910 3670 legis
2938 3600 3049 3669 ipsa
3077 3597 3336 3665 conditio,
3361 3613 3469 3651 non
3495 3605 3676 3652 autem

2074 3696 2217 3750 aliud
2244 3694 2545 3766 quidquod
2584 3709 2739 3765 a‘quo
2780 3700 2939 3764 egeat
2977 3692 3110 3763 legis
3142 3693 3438 3761 interprete
3479 3699 3538 3744 ut
3579 3703 3678 3760 pro

2077 3789 2189 3858 ipsa
2211 3786 2521 3842 conditione
2543 3795 2852 3842 censeatur.
2874 3785 3214 3855 Quamquam
3233 3783 3681 3855 igiturnusquam

2076 3878 2294 3935 aliunde
2337 3888 2642 3945 constaret,
2682 3877 2900 3934 disertis
2946 3875 3273 3947 evangelica:
3320 3873 3454 3945 legis
3499 3873 3683 3928 verbis

2078 3973 2341 4043 martyrio
2374 3970 2561 4026 deberi
2604 3969 2856 4040 baptismi
2897 3968 3197 4033 beneﬁcia;
3229 3966 3282 4022 id
3314 3976 3492 4022 tamen
3525 3965 3684 4021 facile

2078 4081 2146 4122 ex
2168 4066 2280 4135 ipsa
2309 4063 2551 4134 ejusdem
2582 4062 2851 4118 ratiocinii
2880 4062 3101 4133 sequela
3125 4059 3530 4130 colligeremus.

2153 4158 2180 4230 ᾗ
2221 4157 2509 4215 32.——Est
2537 4157 2682 4213 enim
2715 4172 2780 4214 ea
2828 4156 2880 4211 in
2909 4155 3088 4221 omni,
3143 4154 3376 4210 humana
3427 4167 3679 4224 quoque,

2081 4249 2466 4320 legumlatione
2484 4248 2708 4320 probata
2728 4245 3125 4320 argumentatio
3143 4262 3242 4316 qua
3263 4245 3441 4316 legum
3466 4243 3685 4299 casibus

2082 4343 2300 4398 omissis
2321 4358 2351 4398 e
2375 4342 2644 4398 ratiocinii
2673 4342 2903 4413 paritate
2935 4341 3316 4413 prospicimus.
3347 4341 3458 4396 Illis
3487 4353 3688 4409 nempe

2083 4437 2386 4493 canonibus
2414 4437 2760 4508 generalibus
2784 4437 3033 4504 oriunda,
3060 4435 3201 4507 quod
3231 4437 3410 4491 causis
3430 4436 3686 4492 omnibus

2085 4529 2392 4584 consultum
2439 4539 2704 4600 cuperent
2751 4529 3164 4600 legumlatores;
3221 4527 3366 4601 quod
3417 4529 3688 4584 rationem

809 4627 863 4674 et
908 4628 1175 4688 quatenus
1221 4618 1335 4672 haec
1361 4616 1550 4674 eadem
1590 4616 1831 4687 symbola
1881 4616 2056 4686 proD
2085 4619 2281 4690 ubique
2327 4621 2518 4676 ducem
2569 4623 2721 4693 sequi
2768 4621 3002 4688 vellent;
3052 4620 3196 4692 quod
3244 4621 3474 4692 denique
3518 4636 3686 4691 quam

2087 4711 2350 4770 rationem
2393 4714 2445 4769 in
2487 4731 2590 4769 una
2636 4729 2797 4771 causa
2840 4715 3192 4786 probassent,
3235 4714 3478 4769 eamdem
3500 4721 3694 4768 essent

2089 4816 2145 4861 et
2172 4807 2222 4860 in
2255 4805 2376 4860 aliis
2403 4805 2653 4862 similiter
2683 4807 2975 4878 probaturi.
3021 4805 3151 4861 Inde
3187 4804 3450 4876 contingit
3480 4813 3538 4859 ut
3563 4819 3689 4875 qua:

2091 4897 2162 4952 ita
2212 4897 2504 4953 constituta
2553 4897 2784 4966 fuerint,
2834 4914 2954 4953 norr
2993 4912 3092 4968 pro
3137 4897 3478 4969 prudentium
3525 4895 3692 4952 modo

2091 4991 2334 5047 consiliis
2367 4991 2686 5059 habeantur,
2722 4992 2816 5048 sed
2848 4991 3025 5063 legum
3053 4992 3215 5047 etiam
3245 4991 3353 5046 vim
3385 4991 3692 5046 obtineant.

2091 5084 2220 5141 lnde
2250 5086 2515 5156 sequitur,
2545 5085 2589 5141 si
2616 5087 2697 5142 vel
2729 5100 2828 5157 pro
2849 5085 3029 5156 legunt
3061 5084 3416 5139 humanarunt
3439 5081 3694 5152 exemplo

2090 5179 2266 5235 divina
2324 5180 2488 5235 etiam
2538 5179 2808 5251 legislatio
2855 5189 3002 5236 esset
3049 5177 3410 5242 instituenda,
3466 5175 3698 5232 rationis

2092 5273 2376 5344 paritatem
2406 5289 2504 5344 pro
2538 5273 2724 5328 divina
2763 5287 2884 5328 esse
2921 5273 3040 5344 lege
3071 5270 3501 5342 intelligendam.
3527 5267 3695 5339 Atqui

2093 5367 2267 5437 major
2292 5376 2439 5424 certe
2461 5377 2544 5424 est
2570 5369 2708 5424 ratio
2734 5381 2830 5422 cur
2853 5367 3036 5422 valere
3063 5366 3114 5420 in
3143 5365 3321 5421 divina
3353 5362 3698 5434 legislatione

2093 5461 2290 5517 debeat
2320 5461 2434 5517 haec
2457 5461 2852 5533 argumentatio
2872 5475 3030 5530 quant
3057 5459 3108 5513 in
3135 5459 3388 5513 humana.
3411 5455 3698 5510 Falluntur

2092 5555 2236 5611 enim
2270 5555 2322 5609 itt
2357 5555 2466 5610 suis
2511 5556 2811 5611 ratiociniis
2858 5554 3076 5610 humani
3107 5553 3268 5608 ctiattt
3321 5551 3700 5622 legislatores,

2095 5662 2196 5704 nec
2235 5647 2484 5718 scquclas
2509 5662 2702 5704 omnes
2731 5646 3069 5718 praevident,
3111 5645 3271 5701 etiam
3305 5643 3603 5714 legitimas;
3639 5649 3710 5698 ut

2095 5740 2328 5812 proinde
2377 5741 2538 5796 etiam
2583 5757 2705 5798 cum
2749 5750 2896 5797 recte
2940 5747 3384 5811 argutnentamur
3413 5753 3478 5792 ex
3505 5751 3706 5793 eorum

2099 5831 2412 5905 principiis,
2465 5832 2641 5890 adhuc
2691 5842 2869 5891 tamen
2929 5831 3176 5890 dubitare
3231 5831 3391 5887 liccat
3441 5837 3702 5890 essentne
