3888 6350
189 385 243 441 13
1165 384 1255 441 DE
1293 381 1613 445 SECUNDO
1648 382 2040 445 MABTYRUM
2076 384 2442 447 BAP‘I‘ISMO.
3401 396 3469 453 74

191 512 335 558 tamen
372 498 445 553 illi
492 504 711 555 nostras
758 498 1012 569 sequelas
1056 498 1349 569 probaturi.
1399 501 1541 556 Deus
1571 508 1748 555 tamen
1777 499 1829 559 A
1856 498 2150 567 plenariam
2197 499 2465 569 baptismo
2494 499 2865 569 concedimus,
2899 516 3020 559 eam
3065 517 3168 561 nec
3204 508 3467 579 martyrio

192 608 267 649 nec
287 593 334 646 in
363 590 637 660 principiis
668 590 1019 657 ballncinari,
1054 605 1152 646 nec
1180 590 1234 645 in
1267 590 1523 660 sequelis,
1559 600 1756 660 potest.

189 686 248 742 Ita
269 696 460 742 certum
480 685 589 741 erit
609 700 775 756 quam
800 686 1070 741 rationem
1096 684 1148 739 in
1176 699 1280 739 una
1308 698 1466 739 causa
1496 684 1757 753 probarit,

189 780 230 835 in
252 779 357 834 aliis
388 778 552 834 etiam
580 792 707 834 esse
745 778 1077 849 agniturum.
1107 776 1331 833 Certum
1372 778 1507 842 erit,
1541 777 1585 832 si
1617 794 1757 832 mar-

189 870 287 942 tyrii
327 884 482 926 causa
533 879 683 925 tanta
730 868 993 925 beneﬁcia
1047 869 1100 923 in
1151 868 1421 939 baptismo
1456 869 1752 936 concedat,

187 960 268 1031 ipsi
315 960 566 1032 martyrio
616 960 783 1032 longe
834 960 1029 1029 potiori
1076 959 1291 1016 ratione
1344 974 1756 1016 concessurum.

188 1054 373 1111 Certum
397 1056 441 1111 si
472 1054 722 1127 martyrii
775 1055 864 1111 vel
903 1063 1089 1110 votum
1141 1062 1289 1109 tanta
1326 1063 1507 1110 tamen
1552 1063 1609 1109 et
1648 1064 1757 1111 tam

185 1150 368 1221 copiosa
392 1147 645 1204 mercede
678 1156 1023 1218 compenset,
1052 1147 1187 1203 nihil
1218 1162 1342 1203 esse
1365 1146 1511 1218 quod
1541 1157 1755 1203 metua-

186 1254 283 1296 mus
305 1240 473 1296 soluto
498 1248 627 1296 voto
648 1239 897 1296 eamdem
926 1238 1235 1295 mercedem
1261 1253 1383 1295 esse
1403 1248 1748 1311 negaturum.

184 1332 370 1388 Certum
408 1332 640 1404 denique
660 1331 891 1404 proinde
908 1372 924 1398 ,
951 1331 998 1386 si
1025 1331 1240 1402 plenam
1267 1332 1618 1401 numerisque
1646 1331 1757 1386 suis

186 1427 405 1484 omnibus
428 1427 738 1483 absolutam
770 1434 1114 1497 peccatorum
1146 1424 1523 1481 remissionem
1563 1437 1760 1478 conse-

184 1528 384 1590 quantur
424 1517 719 1590 baptizati,
771 1517 888 1575 fore
926 1518 1148 1575 omnino
1186 1526 1249 1572 ut
1286 1516 1536 1573 eamdem
1563 1528 1760 1571 conse-

186 1620 385 1683 quantur
410 1621 698 1683 martyres.

246 1704 591 1776 533.—Addo
608 1704 754 1760 enim
773 1711 967 1760 octavo
988 1718 1095 1757 non
1118 1706 1188 1757 ita
1204 1715 1328 1757 esse
1349 1698 1759 1772 intelligendum

187 1795 269 1851 hoc
309 1812 586 1853 commune
632 1796 886 1867 baptismi
928 1795 1018 1866 jus
1066 1805 1230 1865 atque
1274 1794 1557 1865 martyrii,
1600 1803 1658 1848 ut
1702 1792 1758 1847 in

1865 591 2164 661 negandam
2188 592 2582 649 existimemus.

1938 681 1967 752 ᾗ
1994 683 2161 737 δι.-
2176 683 2315 751 Quid
2345 683 2489 754 qttod
2522 684 2652 740 illud
2683 687 2869 753 etiam,
2907 703 3004 758 pro
3030 690 3263 760 receptis
3290 700 3476 762 pacto-

1862 787 1983 826 rum
2006 773 2271 841 mdribus,
2299 790 2491 832 omnes
2514 793 2729 848 mquum
2756 792 3085 849 agnoscant,
3121 791 3181 838 ιιι
3207 784 3475 855 siquando

1862 864 2209 933 stipulatione
2271 867 2503 936 primum
2560 869 2875 939 interposita
2933 876 3207 931 nonnulla:
3264 878 3475 948 prtemii

1864 954 2119 1024 primitiae
2170 959 2476 1028 stipulatori
2523 960 2577 1015 in
2630 977 2822 1017 manus
2867 965 3180 1029 tradantur;
3226 977 3282 1022 at
3321 977 3477 1026 certe

1863 1047 2443 1120 ﬁdem-Stipnlatiouis
2497 1053 2817 1123 liberatam,
2873 1061 3283 1129 prmstiminque
3333 1063 3475 1131 pacti

1861 1143 2231 1201 conditionem
2276 1156 2491 1202 maneat
2530 1149 2736 1218 praemii
2769 1150 3084 1219 plenitudo,
3113 1167 3179 1208 eo
3202 1155 3476 1225 copiosior

1863 1250 1972 1306 quo
2013 1247 2067 1291 et
2107 1238 2215 1292 illa:
2258 1238 2464 1294 fuerint
2505 1242 2823 1312 ampliores.
2848 1267 2852 1273 ·
2881 1244 3110 1301 Arrbam
3165 1248 3382 1303 tradunt
3422 1250 3476 1305 in

1864 1341 2056 1383 manus
2085 1338 2236 1398 pacta
2272 1331 2531 1401 nuptialia
2553 1371 2569 1396 ,
2602 1342 2657 1386 at
2686 1334 2925 1389 nondum
2968 1335 3151 1392 dotem
3200 1339 3301 1394 nisi
3346 1355 3476 1395 con-

1863 1430 2132 1476 summato
2167 1423 2534 1479 matrimonio.
2567 1423 2715 1480 Idem
2743 1437 2800 1481 et
2830 1427 2882 1481 in
2926 1429 3047 1484 aliis
3087 1446 3205 1499 quae
3237 1431 3303 1485 ad
3336 1432 3478 1487 bona

1862 1513 2262 1586 passi'onesque
2300 1525 2549 1585 spectant
2588 1519 2760 1586 pactis
2787 1520 2929 1576 solet
2972 1521 3237 1579 obtinere.
3274 1523 3479 1581 Verum

1864 1606 1970 1663 hoc
1999 1607 2051 1662 in
2083 1608 2188 1663 illis
2211 1612 2483 1680 praecipue
2503 1612 2676 1681 pactis
2699 1613 2879 1668 elucet
2898 1629 3017 1684 qua:
3047 1618 3285 1672 ttondqu
3316 1619 3475 1673 adul-

1864 1705 2043 1752 torum
2074 1701 2289 1754 nomine
2328 1697 2655 1771 stipulantur
2690 1711 2916 1759 tutores.
2951 1705 3211 1765 Inchoato
3240 1710 3475 1781 quodam

1860 1787 1988 1858 jure
2006 1792 2183 1868 vestit
2209 1791 2324 1861 ipsa
2351 1791 2442 1847 illa
2472 1792 2721 1849 inchoata
2752 1796 3052 1865 stipulatio.
3090 1799 3266 1856 Donec
3292 1811 3477 1859 tamen

187 1891 417 1963 baptismo
452 1893 800 1949 remittantur
843 1901 1061 1962 peccata
1102 1890 1301 1945 virtute
1343 1888 1568 1960 quidem
1616 1885 1761 1941 illius
1790 1891 1838 1951 B
1865 1874 2033 1935 adulti
2063 1882 2296 1945 fuerint.
2324 1892 2379 1938 et
2405 1883 2473 1938 ad
2514 1899 2686 1939 annos
2721 1887 3093 1945 conditiovum
3138 1896 3475 1961 praestanda-

186 1985 229 2041 in
252 1997 363 2041 voto
389 1986 630 2058 martyrii
665 1984 813 2056 quod
861 1986 1180 2055 prolitemur
1222 1983 1276 2038 in
1306 1981 1577 2052 baptismo
1596 2020 1613 2044 ,
1642 1979 1759 2035 sola

188 2087 333 2132 tamen
376 2078 459 2132 illa
488 2092 610 2149 quae
655 2076 984 2147 baptismum
1018 2074 1436 2145 praecesserint,
1466 2086 1577 2126 non
1627 2070 1756 2127 item

187 2183 237 2225 ea
266 2185 372 2239 qua
391 2170 531 2225 inter
562 2170 890 2239 baptismum
922 2167 1159 2223 admissa
1189 2165 1393 2222 fuerint
1418 2173 1580 2236 atque
1609 2177 1757 2218 mar-

188 2263 373 2334 tyrium.
403 2263 571 2319 Aliter
612 2271 825 2318 veteres
866 2261 969 2318 hoc
1013 2263 1177 2317 etiam
1220 2262 1338 2331 ipso
1382 2258 1531 2332 paria
1578 2256 1760 2313 facere

187 2366 480 2410 censuerunt
525 2370 647 2410 cum
695 2355 967 2425 baptismo
1008 2353 1362 2425 martyrium,
1408 2351 1554 2423 quod
1601 2359 1659 2405 ut
1705 2351 1758 2404 in

188 2443 419 2515 baptismo
460 2454 681 2516 peccata
721 2446 907 2500 omnia
940 2443 1311 2511 remittuntur,
1354 2443 1530 2513 ipsum
1561 2454 1759 2511 nempe

188 2533 480 2607 baptismum
530 2536 932 2608 praecedentia,
987 2552 1095 2591 non
1145 2536 1412 2606 originale
1458 2534 1757 2601 duntaxat,

188 2632 505 2685 vemmetiam
544 2630 812 2697 actualia,
855 2629 998 2685 idem
1040 2631 1111 2685 sit
1152 2630 1220 2684 de
1255 2629 1517 2701 martyrio
1542 2642 1759 2699 quoque

187 2724 525 2789 sentiendum,
575 2723 765 2780 delere
803 2724 1011 2780 scilicet
1051 2724 1321 2779 universa:
1361 2724 1487 2779 vitae
1524 2723 1756 2794 ﬂagitia,

188 2814 297 2869 nihil
321 2826 374 2871 ut
399 2825 662 2886 praeterea
688 2817 928 2888 supersit
956 2815 1306 2887 expiandum.
1339 2816 1510 2872 Recte
1537 2816 1757 2887 quidem

187 2906 250 2962 illi
286 2924 313 2964 e
356 2909 635 2980 principiis
681 2909 845 2965 modo
890 2909 1191 2979 explicatis.
1240 2909 1296 2964 Si
1343 2909 1488 2964 enim
1537 2916 1761 2977 propter

186 2998 291 3055 illud
316 3001 552 3073 martyrii
578 3012 763 3057 votum
788 3002 1119 3057 concedatur
1142 3010 1486 3071 peccatorum
1531 3010 1755 3068 praeter-

187 3092 347 3149 itorum
396 3098 552 3166 plena
606 3095 975 3165 indulgentia;
1018 3109 1205 3165 parem
1246 3093 1432 3164 utique
1466 3092 1758 3163 indulgeo!

187 3188 287 3241 tiam
313 3190 501 3258 potius.
537 3198 596 3244 ut
632 3188 769 3256 dixi,
802 3188 1231 3259 expectabimus,
1265 3187 1457 3243 eodem
1485 3198 1614 3242 voto
1643 3186 1755 3257 jam

1862 1990 1981 2029 rum
2006 1990 2234 2045 capaces
2255 1978 2518 2046 provecti,
2550 1988 2871 2049 pactumque
2898 1995 2999 2037 suo
3018 2000 3235 2057 quoque
3258 1990 3475 2059 proprio

1862 2068 2081 2123 nomine
2111 2069 2616 2136 consummandum,
2652 2071 2890 2127 nondum
2944 2076 3105 2141 pleno
3140 2078 3261 2148 jure
3309 2094 3473 2153 atque

1861 2171 2237 2215 consummato
2273 2176 2392 2231 qua:
2419 2162 2529 2231 jam
2560 2166 2838 2221 consecuti
2869 2177 2999 2223 sunt
3029 2172 3310 2239 possidere
3340 2191 3473 2231 cen-

1862 2262 2073 2319 seritur,
2106 2254 2303 2309 nedum
2336 2265 2392 2308 ιιι
2417 2254 2505 2324 jus
2537 2256 2772 2312 habeant
2804 2269 2912 2315 tam
2954 2262 3167 2320 ﬁrmum
3200 2265 3267 2322 ad
3294 2267 3469 2326 futura

1862 2347 2006 2415 pasti
2054 2347 2297 2416 praemia.
2352 2349 2619 2414 Quorsum
2666 2351 2797 2405 illud
2847 2354 2900 2407 ni
2961 2356 3153 2425 majori
3200 2359 3253 2412 in
3303 2362 3476 2429 pretio

1862 2436 2196 2492 haberentur
2218 2438 2557 2495 conditiones
2573 2440 2685 2510 jam
2718 2445 2992 2512 praestitae,
3021 2463 3182 2517 quam
3211 2460 3475 2521 susceptas

1861 2528 2125 2585 duntaxat
2167 2538 2221 2586 et
2263 2530 2369 2587 ﬁde
2405 2543 2902 2603 quantumcumque
2931 2536 3083 2592 ﬁrma
3116 2544 3474 2609 praestande

1862 2625 1939 2681 Ita
1978 2626 2143 2695 igitur
2174 2626 2539 2680 consummati
2575 2627 2628 2680 in
2669 2631 2931 2699 martyrio
2980 2630 3230 2701 baptismi
3273 2636 3480 2703 plenio-

1863 2734 1978 2775 rem
2010 2718 2128 2776 fore
2155 2734 2316 2789 quam
2350 2719 2586 2776 inchoati
2621 2720 3011 2791 indulgentiam
3045 2735 3476 2785 consentaneum

1862 2823 1966 2868 est.
2011 2812 2081 2868 Ut
2124 2811 2388 2883 proinde,
2440 2812 2485 2866 si
2539 2822 2758 2883 peccata
2807 2818 3079 2883 praeterita
3127 2819 3377 2877 cluantur
3422 2822 3477 2879 in

1861 2907 2131 2978 baptismo
2176 2924 2383 2980 aqueo,
2419 2910 2553 2965 nihil
2595 2912 2665 2965 sit
2690 2928 2787 2966 cur
2826 2912 3136 2971 dubitemus
3162 2915 3277 2973 fore
3308 2920 3473 2975 etiam

1862 2998 2093 3054 eluenda
2128 3001 2180 3054 in
2207 3001 2475 3070 baptismo
2503 3004 2822 3070 sanguineo.

1937 3091 1965 3163 ς
1990 3092 2312 3161 55.—Quod
2337 3094 2480 3149 enim
2505 3097 2680 3164 spatio
2708 3099 2970 3167 temporis
2998 3100 3319 3171 interposito
3342 3105 3472 3176 bap-

1862 3185 2079 3239 tismum
2105 3202 2336 3256 aqueum
2369 3200 2627 3258 sequatur
2653 3192 3007 3261 sanguineus,
3042 3210 3149 3250 non
3174 3209 3257 3252 est
3285 3199 3470 3270 utique

184 3280 347 3336 soluto.
378 3285 447 3337 At
492 3296 594 3353 par
636 3282 729 3336 illa
776 3282 1106 3353 indulgentia
1146 3296 1268 3337 esse
1310 3279 1497 3352 nequit
1529 3280 1574 3334 si
1619 3293 1757 3349 quo-
1784 3273 1831 3336 C
1863 3276 2009 3348 quod
2032 3293 2060 3330 a
2084 3277 2335 3349 baptismi
2364 3288 2553 3335 natura
2576 3281 2811 3337 alienum
2834 3299 3177 3343 censeamus.
3198 3289 3468 3359 Distinxit,

184 3384 379 3440 cumque
398 3374 618 3429 tandem
647 3382 895 3443 tempore
916 3382 1199 3444 susceptus
1210 3372 1513 3443 baptismus
1538 3380 1758 3441 peccata

185 3472 330 3519 tamen
360 3466 630 3536 praeterita
664 3466 917 3521 universa
958 3465 1172 3533 deleat,
1215 3479 1317 3522 nec
1359 3476 1536 3519 tamen
1566 3463 1671 3518 alia
1704 3462 1758 3518 in

183 3557 406 3627 martyrio
450 3560 743 3617 deleantur
784 3574 946 3629 quam
992 3574 1111 3629 quae
1154 3558 1478 3629 baptismum
1522 3570 1757 3628 praeces-

183 3651 354 3717 serint,
385 3663 537 3710 tanto
578 3655 769 3723 utique
794 3651 1080 3708 intervallo
1115 3668 1144 3707 a
1182 3667 1241 3709 se
1270 3652 1557 3722 dissitum,
1587 3654 1673 3709 cui
1705 3663 1761 3709 et

188 3740 438 3802 intervallo
486 3758 842 3819 peccatorum
898 3746 1137 3802 nondum
1194 3747 1546 3803 remissorum
1601 3749 1757 3818 copia

183 3842 453 3899 necessario
474 3841 847 3913 responderit.
878 3841 983 3897 Pro
1009 3842 1147 3913 pacti
1180 3851 1328 3898 certe
1350 3842 1624 3913 aequitate,
1649 3857 1770 3912 quo

182 3932 322 4000 magis
343 3933 687 3990 conditiones
733 3945 1055 4005 praestamus
1086 3950 1184 4005 pro
1223 3944 1406 3991 nostra
1435 3936 1575 4005 pacti
1602 3943 1757 4005 parte

183 4025 513 4093 praestandas,
554 4042 624 4083 eo
669 4028 1023 4098 consequitur
1057 4028 1428 4098 accrescitque
1470 4029 1625 4083 nobis
1664 4027 1755 4098 jus

182 4115 234 4169 ad
273 4122 563 4177 mercedem
622 4135 654 4174 a
710 4120 823 4176 Deo
878 4122 1236 4192 pra-stantiam
1281 4121 1541 4188 validius;
1588 4136 1656 4176 eo
1701 4130 1757 4177 et

182 4207 381 4267 vicissim
406 4218 584 4285 major
612 4214 722 4269 erit
762 4212 930 4285 ipsius
975 4214 1070 4270 Dei
1107 4214 1173 4269 ad
1218 4214 1557 4277 mercedem,
1591 4224 1752 4284 quam

180 4304 407 4369 pollicitus
462 4319 582 4376 est,
647 4307 1049 4379 prmstandam,
1108 4310 1403 4381 obligatio;
1465 4325 1533 4365 eo
1588 4310 1751 4365 etiam

178 4393 379 4455 favorem
405 4402 495 4457 Dei
530 4416 857 4473 possumus,
887 4418 987 4473 pro
1016 4403 1154 4473 pacti
1178 4403 1408 4470 ratione,
1434 4402 1751 4473 ampliorem

180 4490 306 4549 nobis
325 4497 643 4553 vendicare.
666 4498 808 4565 Quin
835 4508 909 4563 et,
940 4497 1101 4551 missa
1126 4496 1266 4567 pacti
1291 4496 1749 4561 consideratione,

179 4578 377 4643 favorem
407 4590 603 4645 saltem
626 4631 640 4653 ,
674 4604 837 4659 quem
867 4588 1011 4654 dixi,
1047 4588 1145 4645 Dei
1188 4589 1338 4643 illum
1384 4597 1534 4643 tanto
1561 4588 1751 4658 majori

1865 3376 1923 3423 ut
1954 3369 2206 3435 vidimus,
2239 3370 2536 3440 Apostolus
2565 3384 2674 3429 tres
2710 3375 2962 3447 baptismi
2997 3391 3207 3449 partes,
3238 3399 3467 3452 aquam,

1862 3460 2121 3530 Spiritum
2165 3470 2221 3517 et
2269 3464 2609 3533 sanguinem.
2663 3466 2773 3522 Nec
2830 3479 3011 3525 tamen
3059 3474 3151 3543 qui
3201 3473 3471 3539 baptismo

1861 3567 2037 3623 aqueo
2083 3553 2468 3620 lustrarentur,
2517 3570 2735 3627 semper
2784 3570 2962 3616 tamen
3013 3580 3118 3618 uno
3168 3565 3470 3638 eodemque

1860 3654 2107 3715 tempore
2154 3646 2405 3716 spiritum
2456 3649 2619 3703 etiam
2675 3651 3013 3721 accipiebant
3066 3656 3462 3729 baptismalem,

1860 3747 1919 3792 ut
1957 3737 2087 3793 alibi
2132 3739 2499 3808 probavimus.
2531 3742 2780 3811 Apostoli
2824 3760 2998 3814 aqueo
3027 3746 3330 3818 baptismo,
3372 3767 3465 3807 su-

1858 3830 2083 3899 perstite
2133 3830 2313 3887 adhuc
2364 3830 2595 3887 Domino
2646 3834 2848 3903 perfusi
2901 3848 3058 3907 sunt,
3116 3857 3237 3897 cum
3288 3854 3465 3900 tamen

1857 3919 2117 3991 Spiritum
2166 3936 2361 3989 nemo,
2403 3925 2504 3978 nisi
2555 3929 2677 3993 post
2715 3926 2959 3995 ejusdem
3010 3936 3466 3993 resurrecﬁonem

1857 4013 2153 4083 acciperet.
2192 4015 2565 4071 Samaritanos
2605 4032 2740 4088 aqua
2773 4022 3009 4089 expiavit
3037 4023 3319 4096 Philippus
3346 4030 3466 4085 dia-

1856 4121 2056 4171 conus;
2078 4106 2341 4176 Spiritum
2367 4122 2527 4163 nemo
2550 4120 2761 4179 poterat
2778 4113 2969 4169 iisdem
2992 4119 3240 4175 conferre
3270 4135 3467 4192 praeter

1856 4199 2151 4269 apostolos.
2190 4198 2330 4267 Quid
2378 4200 2561 4270 igitur,
2592 4217 2817 4273 aquaeue
2860 4206 2961 4261 sali
3009 4209 3309 4268 tribuemus
3356 4216 3463 4272 vim

1856 4292 2006 4347 illam
2061 4303 2405 4362 peccatorum
2472 4294 2876 4362 prmteritorum
2928 4300 3332 4368 expiatricem?
3386 4308 3461 4363 lta

1856 4382 2013 4439 ﬁeret
2066 4393 2125 4438 ut
2174 4398 2313 4437 nova
2370 4398 2507 4452 opus
2557 4396 2702 4439 esset
2754 4388 3061 4456 expiatione
3119 4406 3463 4461 peccatorum

1855 4491 2085 4547 aqneum
2135 4475 2460 4545 baptismum
2518 4486 2957 4533 consecuturum.
3017 4480 3168 4538 Sicut
3222 4488 3365 4542 enim
3406 4493 3461 4547 in

1852 4568 2131 4641 gentilium
2153 4568 2426 4640 mysteriis
2452 4566 2719 4624 elementa
2744 4574 3025 4647 καθαρτικὰ
3044 4575 3181 4629 viam
3200 4580 3457 4642 τελειώσει

180 4687 272 4730 cum
308 4678 489 4736 ﬁducia
540 4696 843 4753 possumus
889 4691 1207 4751 “pem”,
1257 4689 1458 4751 quanto
1508 4692 1747 4735 nostra",
1773 4665 1826 4725 D
1853 4676 2046 4731 parare
2070 4660 2451 4726 credebantur,
2484 4660 2680 4731 nequid
2704 4677 3011 4730 superesset
3033 4666 3307 4736 impurum
3334 4690 3456 4731 cum

180 4780 334 4828 versus
380 4774 545 4831 Deum
606 4774 1047 4830 benevolentiam
1115 4774 1439 4829 luculentius
1498 4781 1749 4828 testatum

179 4858 382 4920 iacimus.
412 4866 516 4934 Qui
553 4875 746 4921 autem
785 4864 1101 4936 sanguinem
1141 4880 1298 4920 suum
1343 4880 1441 4933 pro
1481 4864 1591 4919 Deo
1618 4878 1747 4933 pro-

179 4948 369 5021 fuderit,
397 4957 542 5014 hunc
570 4974 742 5014 nemo
773 4957 979 5012 dubitet
1022 4958 1180 5027 longe
1227 4966 1376 5011 certe
1414 4957 1746 5011 testatiorem

178 5042 335 5104 iecisse
382 5067 532 5107 suam
588 5065 789 5107 versus
840 5051 1005 5107 Deum
1058 5048 1525 5114 benevolentiam,
1586 5065 1745 5119 quam

178 5139 247 5206 qni
274 5155 505 5215 prompto
549 5145 723 5200 luerit
776 5143 1036 5198 duntaxat
1088 5142 1447 5213 expeditoque
1500 5140 1566 5195 ad
1626 5157 1749 5209 pro-

178 5227 460 5289 fundendum
484 5238 702 5291 animo.
737 5235 950 5290 Etcum
988 5234 1175 5305 gratia:
1200 5234 1419 5304 speciali
1450 5234 1749 5288 tribuamus

180 5322 338 5394 Siquis
384 5346 476 5399 pro
527 5330 683 5385 facto
734 5329 1067 5385 voluntatem
1118 5326 1283 5383 fuerit
1326 5329 1746 5394 interpretatus,

180 5414 353 5485 Signum
385 5432 467 5477 est
506 5423 760 5493 profecto
786 5422 982 5475 factum
1014 5421 1191 5493 ipsum
1223 5419 1289 5475 ad
1316 5419 1539 5490 justitia:
1582 5418 1748 5473 ratio-

182 5519 279 5565 Iem
310 5515 517 5586 pmpius
566 5513 871 5579 accedere,
918 5516 1074 5584 longe
1119 5522 1269 5570 certe
1310 5512 1487 5569 adhuc
1530 5512 1749 5582 propius

184 5600 401 5671 siquando
440 5611 581 5680 pacti
621 5608 789 5663 etiam
834 5607 1201 5664 consideratio
1231 5605 1620 5662 intercesserit.
1651 5603 1749 5659 Est

186 5690 328 5767 itaque
361 5711 558 5758 natura:
603 5700 783 5772 pacti,
816 5710 901 5755 est
945 5709 999 5756 et
1048 5709 1211 5756 recta:
1257 5698 1485 5762 rationi,
1528 5710 1749 5767 prorsus

187 5796 592 5862 consentaneum,
651 5799 914 5863 utquam
968 5800 1315 5861 peccatorum
1362 5786 1749 5861 indulgentiam

653 5971 937 6034 Panos.
983 5970 1060 6033 V.

1852 4755 2123 4811 sanctiora
2178 4754 2502 4809 commercia
2557 4754 2861 4821 ambirent;
2916 4758 2986 4811 ita
3047 4758 3268 4830 Spiritui
3328 4783 3457 4838 pro-

1854 4849 2111 4905 culdubio
2151 4846 2481 4903 inserviebat
2510 4862 2681 4917 aquea
2710 4848 2797 4902 illa
2830 4850 3077 4908 lustratio
3110 4870 3283 4926 nequa
3316 4865 3457 4920 vasis

1850 4946 2134 5016 impuritas
2161 4945 2406 4999 obstaret
2448 4959 2555 5014 quo
2600 4944 2777 5001 minus
2826 4958 3023 5016 posset
3056 4966 3152 5018 pro
3196 4954 3456 5026 dignitate

1853 5055 1947 5095 sua
2001 5038 2192 5108 recipi.
2243 5036 2476 5091 Prorsus
2530 5036 2713 5105 itaque
2762 5039 2994 5094 alienum
3047 5055 3162 5098 erat
3217 5056 3284 5104 ab
3338 5052 3453 5122 ejus

1850 5132 2135 5188 sanctitate
2166 5139 2223 5183 ut
2262 5131 2383 5199 quis
2430 5128 2582 5183 illum
2616 5129 2858 5199 impurus
2897 5133 3189 5200 acciperet.
3218 5140 3451 5199 Proinde

1847 5223 2214 5280 necessarium
2255 5231 2373 5276 erat
2415 5229 2473 5274 ut
2518 5221 2633 5290 ipse
2669 5221 2899 5288 Spiritus
2940 5224 3110 5279 vicem
3142 5244 3291 5298 aqua:
3320 5247 3451 5305 sup.

1848 5318 2035 5388 pleret.
2070 5330 2167 5385 pro
2220 5321 2561 5383 peccatorum
2612 5314 2920 5383 expiatiOne
2969 5316 3233 5385 baptismo
3278 5339 3451 5393 aqueo

1852 5408 2238 5465 recentiorum.
2264 5404 2418 5473 Quod
2441 5407 2484 5457 si
2515 5404 2736 5475 Spiritui
2762 5407 2870 5459 vim
2900 5407 3041 5460 illam
3064 5412 3446 5485 concedamus,

1853 5516 1961 5557 non
1999 5498 2105 5554 erit
2148 5498 2330 5566 utique
2360 5511 2456 5550 cur
2486 5510 2514 5548 a
2544 5496 2804 5566 sanguine
2831 5498 3064 5552 alienum
3106 5514 3448 5564 censeamus.

1856 5594 1960 5648 Pro
1988 5589 2129 5661 pacti
2153 5588 2367 5642 ratione
2397 5602 2424 5639 a
2452 5589 2713 5659 sanguine
2744 5588 2921 5657 potius
2949 5592 3281 5658 expectanda
3311 5608 3449 5665 erat,

1851 5684 1997 5759 quod
2048 5683 2138 5738 ille
2169 5681 2261 5756 ad
2313 5679 2550 5736 ofﬁcium
2627 5690 2865 5736 nostrum
2930 5681 3449 5756 dispositionemqoe

1852 5784 2062 5850 spectat
2089 5788 2318 5844 quorum
2349 5773 2523 5843 major
2555 5773 2739 5828 haberi
2768 5771 2910 5826 solet
2939 5772 2993 5828 in
3029 5785 3301 5847 pactorum
3326 5778 3452 5846 jure.

1850 5872 1989 5929 ratio
2033 5882 2197 5941 quam
2220 5866 2483 5923 donorum
2537 5864 2632 5922 Dei
2672 5863 3055 5935 gratuitorum.
3084 5865 3250 5922 Favet
3290 5881 3454 5938 porro

2982 5962 3023 6030 3
