3888 6354
411 352 480 410 75
1357 344 1726 407 DODWELLI
1767 344 2218 405 DISSERTATIO
2257 345 2669 405 CYPRIANICA
3661 350 3734 408 76

399 463 544 536 quod
581 478 681 535 pro
721 463 863 518 illius
887 463 990 519 aevi
1021 462 1363 534 dogmatibus
1393 463 1680 533 platonicis
1721 462 1778 532 (e
1807 461 2000 530 quibus
2029 461 2078 521 Α
2107 459 2356 530 habetur,
2387 470 2812 517 consentaneum
2849 464 2936 514 est
2971 458 3022 514 id
3053 458 3260 517 idcirco
3288 461 3406 518 fieri
3437 467 3498 516 ut
3521 470 3580 517 et
3603 460 3734 529 jura

403 556 581 613 omnis
611 555 729 611 haec
773 555 1040 624 theologia
1086 554 1380 625 symboliea
1425 554 1645 608 omnino
1690 553 2000 622 explicanda

403 648 509 716 est)
560 663 682 703 cum
711 663 737 701 a
771 647 1068 720 prot0typis
1118 647 1295 701 omnis
1339 645 1428 700 illa
1476 645 1846 716 symbolorum
1888 644 2003 700 sive

405 743 770 813 antityporum
798 742 967 794 virtus
989 739 1303 795 deducenda
1343 737 1686 801 crederetur;
1723 737 1794 791 ita
1825 745 2003 791 tamen

403 835 774 908 symbolorum
804 832 1100 888 efficaciam
1133 831 1506 902 explicabaut,
1541 839 1599 884 ut
1627 829 1843 900 quidem
1889 829 2003 898 ipsa

407 943 506 986 Der
535 941 595 982 se
623 925 754 980 nihil
781 926 847 980 ad
878 925 1124 981 effectum
1156 922 1501 988 conferrent,
1536 921 1835 978 indicarent
1869 921 2005 974 dun-

407 1028 551 1074 taxat
575 1018 664 1073 cui
690 1027 1105 1090 prototyporum
1132 1016 1223 1071 illa
1258 1017 1435 1071 nativa
1463 1013 1635 1069 virtus
1661 1023 1809 1070 esset
1829 1013 2005 1084 appli-

405 1113 610 1178 cauda,
657 1113 727 1166 ita
767 1120 827 1166 ut
863 1111 931 1166 ab
972 1111 1102 1182 ipsis
1147 1110 1451 1181 pretotypis
1477 1110 1656 1164 omnis
1685 1109 1776 1164 illa
1802 1109 2005 1175 virtus,

402 1223 499 1263 seu
531 1205 786 1260 naturalis
819 1203 911 1258 illa
938 1213 1104 1268 esset,
1135 1216 1229 1256 seu
1253 1201 1393 1271 juris
1422 1202 1584 1256 etiam
1621 1201 1828 1271 legalis,
1861 1208 2006 1255 esset

403 1297 759 1370 expectanda.
791 1297 859 1350 Et
887 1310 1009 1350 cum
1043 1310 1195 1364 :cqua
1227 1309 1351 1350 esse
1388 1293 1582 1349 debeat
1619 1293 2002 1364 paciscentium

404 1392 644 1448 conditio
695 1404 798 1461 qua
839 1389 977 1458 juris
1027 1387 1122 1441 illo
1159 1386 1561 1458 conjunguntur
1597 1387 1737 1441 inter
1766 1401 1826 1441 se
1855 1401 2004 1440 com-

404 1483 643 1548 mercio;
670 1495 964 1552 congruum
990 1477 1235 1550 profecto
1255 1486 1338 1532 est
1362 1488 1416 1532 ut
1439 1491 1594 1548 quam
1619 1477 1722 1530 vim
1746 1477 2004 1548 symbolis

408 1575 606 1631 divinis
665 1589 763 1643 pro
813 1572 905 1627 Dei
962 1569 1295 1640 obligatione
1344 1568 1711 1631 concedimus,
1757 1567 2002 1624 eamdem

407 1667 603 1723 nostris
633 1681 734 1736 pro
762 1673 948 1718 nostra
981 1661 1308 1732 obligatione
1335 1660 1570 1714 vicissim
1603 1659 1998 1725 concedamus;

407 1770 461 1816 et
489 1773 598 1830 quo
623 1761 764 1828 pacti
791 1756 914 1826 jure
946 1755 1087 1809 Deus
1113 1753 1488 1822 delinquentes
1517 1748 1687 1806 afficit
1714 1750 1997 1820 supplicio,

2107 554 2390 624 utriusque
2429 553 2710 624 sanguinis
2742 551 2872 605 fiant
2917 551 3150 608 invicem
3191 554 3529 608 communia.
3579 551 3733 606 Nihil

2108 654 2287 700 autem
2319 653 2402 700 est
2429 645 2573 714 quod
2601 643 2912 698 dubitemus
2935 643 3164 712 quodvis
3185 643 3386 698 Christi
3413 644 3735 716 symbolum

2107 753 2136 792 a
2160 753 2289 794 vero
2327 748 2505 793 tamen
2539 736 2781 806 ejusdem
2806 745 2972 807 atque
3001 736 3248 807 originali
3279 738 3550 807 sanguine
3567 750 3736 806 supec

2107 833 2235 887 rari.
2266 831 2470 888 Eodem
2505 841 2684 886 tamen
2711 830 3013 886 rediturum
3042 829 3282 886 diximus
3298 846 3394 886 seu
3424 839 3739 901 martyrum

2107 923 2422 993 sanguinem
2456 938 2554 992 pro
2580 936 2682 978 suo
2707 921 2960 977 Christus
2987 923 3301 991 agnoverit;
3323 937 3421 977 seu
3449 937 3551 992 per
3580 937 3738 992 mys-

2109 1015 2268 1068 ticam
2303 1015 2586 1084 utriusque
2604 1014 2885 1084 sanguinis
2905 1014 3162 1068 unionem
3190 1015 3394 1085 proprii
3417 1015 3587 1070 etiam
3610 1029 3740 1069 san-

2108 1109 2284 1176 guinis
2318 1106 2569 1161 virtutem
2605 1121 2703 1176 per
2725 1105 3046 1176 martyrium
3077 1105 3419 1176 applicuerit.
3453 1105 3554 1166 llla
3585 1114 3741 1162 certe

2109 1202 2222 1268 ipsa
2256 1201 2343 1255 vel
2402 1201 2697 1272 applicatio
2741 1209 2892 1255 tanto
2944 1199 3223 1257 efficacior
3251 1216 3376 1257 esse
3407 1201 3602 1256 debuit
3629 1215 3741 1272 quo

2107 1290 2311 1348 Christi
2349 1295 2666 1364 sanguinem
2714 1294 2936 1364 propius
2985 1294 3224 1366 attingit,
3278 1294 3573 1365 magisque
3609 1294 3737 1349 viva

2109 1389 2596 1456 reprresentatione
2626 1387 2867 1443 exhibet.

2180 1478 2598 1551 §57.—F.stque
2626 1481 2805 1536 adhuc
2834 1495 2900 1536 eo
2933 1479 3102 1550 magis
3129 1488 3742 1537 consentaneum-recte

2106 1580 2342 1638 veteres,
2365 1583 2418 1627 et
2444 1588 2540 1642 pro
2565 1587 2744 1626 causae
2767 1573 3020 1642 aequitate
3042 1573 3127 1626 hic
3149 1587 3270 1627 esse
3294 1580 3738 1642 argumentatus,

2108 1665 2265 1731 Quod
2299 1664 2388 1720 10⁸
2431 1681 2541 1720 non
2579 1664 2912 1735 quibuslibet
2941 1663 3182 1718 fidelium
3224 1678 3319 1718 seu
3359 1665 3737 1733 passiouibus,

2109 1773 2204 1812 seu
2254 1759 2520 1814 mortibus
2567 1769 2773 1813 tantam
2805 1760 3058 1814 virtutem
3087 1759 3441 1828 assignariut,
3488 1757 3589 1814 sed
3631 1759 3742 1812 illis

403 1852 597 1909 eodem
637 1851 760 1920 jure
792 1857 1037 1902 lellcallll‘
1066 1845 1132 1899 8d
1165 1843 1469 1898 mercedem
1504 1842 1607 1896 illis
1629 1883 1644 1908 ν
1688 1843 1777 1911 (Ιίί
1812 1841 2000 1896 εοηάί⁶
2032 1851 2079 1910 Β
2107 1853 2370 1909 duntaxat
2398 1856 2595 1925 quibus
2624 1857 2690 1909 ad
2722 1855 2924 1911 Christi
2953 1857 3141 1910 mortis
3163 1855 3476 1924 exemplum
3508 1859 3742 1925 propius

402 1947 602 2000 tionem
648 1940 1032 2012 praestiterint,
1064 1936 1489 1992 retribuendam.
1526 1934 1582 1988 Si
1633 1936 1813 2004 itaque
1858 1948 2004 1987 mar-

399 2040 521 2110 tyrii
545 2037 630 2092 vel
659 2033 943 2106 professio,
966 2031 1204 2102 martyrii
1233 2028 1476 2084 absentis
1501 2028 1702 2081 virtute
1727 2026 2001 2082 remissio-

401 2146 525 2186 nem
576 2136 918 2198 peccaturum
952 2130 1200 2192 praestet.
1234 2119 1482 2174 eamdem
1523 2128 1671 2174 certe
1698 2116 2004 2172 necessario

398 2232 631 2294 oportet,
676 2223 872 2289 ipsum,
903 2218 1118 2288 quando
1145 2216 1321 2280 adest,
1363 2225 1622 2284 prrcstare
1661 2210 2001 2282 martyrium.

401 2314 775 2382 Convenitque
803 2309 1232 2374 accuratissime,
1265 2307 1409 2377 quod
1441 2307 1690 2376 superius
1720 2305 1822 2358 huc
1855 2313 2003 2357 retu-

401 2409 599 2471 limus,
639 2421 761 2460 cum
801 2404 969 2458 stolas
997 2416 1122 2456 suas
1168 2410 1434 2470 martyres
1477 2401 1526 2451 in
1567 2397 1701 2466 Agni
1745 2395 2004 2464 sanguine

402 2503 601 2557 lavisse
634 2508 939 2552 narrantur.
983 2492 1094 2548 Nec
1131 2493 1274 2546 enim
1319 2491 1368 2545 id
1407 2490 1474 2544 de
1515 2488 1762 2558 baptismi
1790 2488 2004 2541 lavacro

403 2597 475 2650 ita
503 2591 786 2650 commode
817 2598 1025 2658 poterat
1057 2585 1300 2654 intelligi,
1330 2582 1470 2652 quod
1499 2583 1736 2633 omnium
1768 2578 2000 2632 fidelium

402 2701 689 2744 coaimune
713 2683 903 2741 fuerat,
933 2681 1024 2734 sed
1051 2679 1118 2732 de
1148 2679 1362 2731 lavacro
1397 2674 1712 2744 patientium
1748 2671 1999 2741 proprio;

403 2797 505 2837 nec
543 2781 612 2836 de
639 2779 848 2833 illorum
879 2775 1137 2827 duntaxat
1173 2778 1512 2840 peccatorum
1540 2765 1844 2832 expiatione
1883 2774 2003 2829 qua:

401 2884 605 2931 tantam
632 2873 778 2926 illam
802 2866 1198 2921 tribulationem
1222 2866 1644 2922 antecesserant,
1665 2857 1715 2909 in
1735 2854 2004 2922 baptismo

401 2969 608 3024 scilicet
632 2977 805 3033 aquco
826 2960 1058 3030 expiata,
1083 2955 1176 3009 sed
1201 2955 1410 3008 illorum
1432 2963 1644 3020 quoque
1665 2962 1783 3016 qua:
1810 2945 1861 2998 in
1892 2943 2004 3012 ipsa

404 3060 495 3114 illa
525 3055 876 3111 tribulatione
906 3057 1089 3104 essent
1109 3043 1396 3115 expianda.

476 3150 504 3222 §
530 3145 886 3215 56.—Neque
909 3155 1039 3196 vero
1056 3139 1160 3192 erit
1186 3135 1327 3206 quod
1356 3134 1609 3188 miremur
1633 3137 1835 3184 tantam
1859 3135 2007 3181 vete-

405 3219 497 3299 res
515 3241 782 3310 baptismo
809 3245 1105 3305 martyrum
1133 3229 1428 3298 sanguineo
1454 3227 1560 3280 vim
1588 3223 1914 3292 assignasse,
1963 3219 2008 3274 si

405 3346 459 3393 et
491 3334 623 3390 illud
656 3331 961 3387 recolamus
990 3338 1132 3379 nono
1161 3329 1459 3391 martyrum
1490 3317 1644 3371 illum
1691 3313 2009 3381 sanguinem

403 3433 621 3486 Christo
644 3429 742 3499 ipsi
774 3442 804 3480 a
827 3423 1100 3479 veteribus
1131 3419 1295 3471 fuisse
1323 3413 1642 3468 attributum
1668 3429 1680 3462 :
1711 3420 1764 3463 et
1791 3407 2007 3478 quidem

406 3529 477 3581 ita
495 3524 710 3579 Christo
739 3530 795 3573 ut
825 3533 892 3572 ne
918 3523 1228 3584 martyrum
1262 3507 1430 3562 fuisse
1457 3505 1791 3567 crederetur,
1825 3516 1925 3554 nec
1958 3500 2010 3552 in

404 3626 704 3688 martyrum
748 3609 963 3681 prOpl‘lﬂ
1005 3606 1264 3659 duntaxat
1302 3597 1584 3654 commoda
1630 3595 1882 3656 cessisse,
1915 3592 2011 3647 sed

402 3725 532 3766 vero
562 3711 612 3762 in
659 3704 917 3761 Ecclesia:
954 3699 1131 3770 potius
1177 3695 1464 3750 universzc.
1508 3691 1633 3745 Haec
1686 3706 1716 3744 e
1765 3696 2010 3742 veterum

403 3801 670 3857 sententia
700 3795 827 3849 alibi
875 3791 1244 3861 probavimus,
1279 3795 1332 3841 et
1362 3785 1494 3839 illud
1525 3784 1732 3854 pariter
1768 3779 2010 3835 ostendi-

405 3909 524 3949 mus
577 3905 736 3961 quam
792 3901 900 3939 non
949 3889 1136 3938 essent
1195 3895 1225 3932 a
1281 3876 1578 3946 Scripturis
1623 3886 2011 3941 sacrorumque

405 3991 742 4054 Scriptorum
767 3978 1045 4051 principiis
1068 3971 1438 4028 abhorrentia.
1463 3969 1587 4023 Hcce
1610 3969 1786 4038 itaque
1813 3970 1859 4022 si
1882 3981 2008 4021 con~

402 4081 684 4145 ceduntur,
715 4079 824 4146 jam
854 4072 1219 4142 intelligemus
1262 4083 1423 4139 quam
1464 4065 1633 4119 solide
1662 4064 1736 4117 illi
1770 4061 2010 4130 pruden-

408 4186 597 4244 terque
637 4184 854 4224 onmem
887 4166 1026 4219 hanc
1066 4161 1320 4231 baptismi
1345 4157 1626 4229 sanguinei
1657 4154 1950 4210 efficaciam
1980 4168 2010 4206 e

405 4265 684 4334 Scriptura
731 4258 1069 4328 collegerint.
1102 4252 1299 4309 Christi
1363 4251 1508 4305 enim
1559 4245 1804 4317 sanguini
1852 4258 2010 4299 nemo

408 4357 618 4410 dubitat
671 4350 961 4406 convenire
1019 4346 1157 4400 hanc
1211 4351 1554 4414 peccatorum
1623 4338 2009 4408 expiationem.

408 4446 610 4502 Christi
655 4452 835 4496 autem
866 4454 1062 4494 nomen
1111 4452 1209 4506 pro
1260 4435 1513 4488 universo
1542 4431 1742 4486 Christi
1783 4443 2014 4498 corpore

407 4541 638 4613 mystico
662 4538 964 4606 saepissime
995 4530 1325 4600 intelligitur.
1357 4527 1553 4596 Quidni
1583 4526 1743 4595 igitur
1791 4525 1896 4576 vim
1945 4523 2012 4576 il-

2107 1948 2489 2013 accessissent,
2516 1965 2636 2003 cum
2659 1965 2853 2019 nempe
2875 1949 3087 2019 publica
3109 1949 3370 2005 Ecclesia.L
3393 1950 3741 2021 fratrumque

2108 2052 2268 2092 causa
2291 2053 2412 2094 sese
2425 2039 2767 2094 obtulissent.
2794 2039 2888 2093 Est
2913 2040 3131 2109 quidem
3151 2048 3462 2094 sant-torum
3486 2042 3741 2096 omnium

2109 2130 2161 2182 in
2189 2142 2482 2200 couSpcetu
2514 2131 2726 2184 Domini
2754 2145 2902 2185 mors
2931 2129 3192 2200 quaelibet
3232 2132 3498 2201 pretiosa.
3543 2133 3647 2188 Est
3683 2157 3744 2190 ει

2107 2221 2282 2276 adhuc
2309 2223 2598 2287 pretiosior
2627 2223 3022 2288 innocentium,
3043 2238 3231 2276 eorum
3255 2224 3463 2278 scilicet
3487 2239 3630 2294 quos
3653 2226 3741 2281 vis

2107 2320 2382 2388 oppressit
2416 2318 2725 2386 iniquorum
2747 2316 3049 2372 hominum.
3071 2317 3179 2372 Sed
3203 2328 3257 2372 et
3291 2319 3438 2371 illam
3462 2319 3576 2374 Deo
3611 2318 3743 2373 cha-

2109 2423 2221 2461 ram
2252 2423 2372 2462 esse
2396 2410 2526 2464 nihil
2557 2421 2638 2487 est
2669 2411 2810 2478 quod
2839 2397 3289 2480 dubitemus-qua
3333 2411 3676 2464 occumbunt
3703 2412 3740 2467 ii

2109 2502 2304 2570 quibus
2324 2501 2503 2556 officia
2532 2519 2624 2556 sua
2638 2504 2892 2574 quaelibet
2921 2503 3030 2558 vita
3056 2512 3184 2558 sunt
3211 2505 3327 2573 ipsa
3347 2505 3624 2569 chariora,
3642 2506 3740 2576 qui

2109 2603 2339 2647 mortem
2377 2610 2485 2662 prre
2519 2606 2740 2663 peccato
2767 2595 2998 2661 eligunt.
3033 2596 3236 2662 Estque
3265 2596 3428 2650 etiam
3462 2596 3591 2651 haec.
3616 2598 3740 2667 ipsa

2110 2687 2580 2755 morsbaptismali
2624 2687 2805 2741 ofiicio
2843 2688 3056 2755 affinis,
3101 2705 3168 2742 ne
3206 2689 3274 2743 ab
3317 2689 3462 2744 illius
3490 2691 3742 2760 praemiis

2112 2777 2540 2863 privilegiisque,
2567 2788 2782 2847 putetur
2807 2795 3028 2848 prorsus
3047 2782 3240 2835 alii-na.
3266 2781 3376 2835 Nec
3396 2783 3482 2836 illa
3517 2784 3746 2853 procul-

2108 2871 2270 2924 dubio
2302 2872 2413 2924 Deo
2443 2871 2651 2940 ingrata
2683 2887 2855 2937 mors,
2888 2888 3046 2942 quam
3081 2875 3245 2927 tantis
3274 2874 3477 2929 ethnici
3501 2874 3744 2931 efferunt

2112 2962 2421 3030 prteconiis,
2443 2979 2544 3032 qua
2561 2965 2681 3032 quis
2707 2975 2894 3032 patriae
2920 2968 3083 3018 vitam
3107 2980 3260 3020 suam
3287 2965 3572 3035 impendit.
3589 2969 3745 3022 mul-

2112 3065 2401 3127 torumque
2429 3068 2631 3112 mortes
2665 3075 2767 3113 una
2791 3067 2967 3114 morte
3009 3061 3266 3127 redimit,
3299 3076 3399 3116 nec
3444 3061 3533 3116 illa
3565 3063 3741 3118 etiam

2112 3165 2139 3201 a
2158 3148 2355 3206 Christi
2379 3153 2626 3221 exemplo
2654 3154 2850 3208 aliena.
2871 3153 3054 3224 Longe
3075 3164 3252 3210 tamen
3277 3158 3520 3210 omnium
3542 3171 3741 3226 proxi-

2117 3256 2200 3295 mc
2219 3241 2286 3296 ad
2317 3241 2514 3296 Christi
2549 3243 2676 3297 illud
2699 3244 3122 3298 illustrissimum
3142 3245 3356 3300 accedit
3390 3247 3738 3316 exemplum,

2114 3332 2158 3386 si
2182 3343 2234 3388 et
2276 3333 2576 3387 animarum
2607 3350 2768 3389 causa
2795 3342 2934 3404 quis,
2965 3345 3018 3389 et
3055 3339 3328 3390 communi
3367 3336 3587 3408 quidem
3643 3339 3743 3393 illa

2115 3425 2516 3492 multorum,ch
2532 3426 2692 3480 etiam
2713 3428 2952 3481 omnium
2975 3427 3304 3498 ubicumque
3321 3428 3742 3495 fidelium,mor-

2116 3527 2222 3574 tem
2252 3530 2504 3590 oppetat;
2541 3523 2596 3576 Si
2628 3521 2748 3591 quis
2777 3538 2873 3592 pro
2895 3525 3169 3577 communi
3202 3524 3327 3590 fide,
3361 3540 3458 3595 pro
3488 3541 3745 3582 commu-

2116 3614 2168 3666 ni
2202 3613 2434 3668 lidelium
2464 3628 2714 3682 corpore,
2745 3631 2840 3684 pro
2862 3616 3138 3669 communi
3163 3618 3368 3672 unitate
3397 3618 3745 3689 unitatisque

2114 3707 2389 3760 communi
2422 3707 2656 3768 vinculo,
2693 3718 2750 3761 ut
2782 3724 2980 3777 corpus
3003 3706 3204 3763 Christi
3235 3711 3524 3781 mysticum
3557 3711 3614 3765 in
3639 3725 3744 3768 sua

2117 3799 2422 3869 integritate
2451 3811 2833 3862 conservenet
2864 3817 3000 3855 nova
3031 3801 3255 3871 insuper
3293 3805 3746 3873 resipiscentium

2114 3895 2423 3948 accessione
2457 3894 2765 3962 locupletet.
2789 3895 2901 3948 Hoc
2931 3904 3015 3948 est
3045 3895 3173 3950 ferri
3196 3900 3262 3952 τὰ
3280 3900 3416 3953 αὐτὰ
3438 3907 3540 3954 τῶν
3566 3901 3743 3958 παθη·

2116 3989 2314 4058 μάτων,
2337 3988 2437 4041 ιιρε
2456 3996 2537 4041 est
2557 3984 2780 4051 Christi,
2801 3987 3092 4056 etquidem
3117 3990 3394 4058 patientis,
3416 3993 3586 4046 εὶκὸνα
3611 4006 3746 4060 por-

2116 4087 2264 4141 tare;
2300 4079 2402 4132 hoc
2448 4087 2529 4133 est
2559 4079 2812 4148 supplere
2844 4095 2963 4148 qum
2993 4081 3219 4135 deerant
3250 4079 3454 4136 Christi
3495 4098 3594 4151 pro
3635 4085 3745 4140 Ec-

2116 4169 2281 4224 clesia
2336 4171 2702 4239 passionibns;
2766 4171 2870 4224 hoc
2924 4186 3044 4224 cum
3105 4188 3170 4227 eo
3239 4175 3397 4239 mori,
3466 4174 3744 4246 crucifigi,

2117 4263 2354 4332 sepeliri,
2394 4279 2514 4318 cum
2560 4277 2613 4318 et
2644 4263 2832 4318 eadem
2883 4266 3136 4334 patimur,
3168 4276 3223 4320 et
3252 4266 3441 4320 eadem
3471 4267 3638 4321 etiam
3671 4269 3745 4325 de

2118 4369 2302 4420 causa,
2332 4369 2453 4409 cum
2478 4365 2529 4408 et
2555 4355 2860 4421 passionem
2889 4365 2942 4410 et
2987 4358 3258 4425 passionis
3300 4372 3518 4412 causam
3562 4357 3740 4415 habe-

2121 4461 2239 4500 mus
2284 4460 2404 4500 cum
2450 4445 2667 4500 Christo
2706 4461 3072 4502 communem.
3123 4448 3291 4503 Plane
3340 4452 3571 4504 innuunt
3619 4450 3745 4506 lucc

2121 4541 2301 4592 omnia
2329 4555 2450 4594 esse
2481 4541 2764 4607 mysticam
2798 4542 3111 4609 quamdam,
3139 4543 3190 4594 in
3225 4541 3325 4595 hac
3367 4542 3481 4612 ipsa
3518 4546 3740 4612 passio-

408 4641 514 4694 lain
559 4643 903 4706 peccatorum
959 4629 1317 4697 purgnlricttln
1359 4623 1580 4676 Christo
1621 4621 1692 4673 ila
1739 4617 2015 4673 ῖιιιεηθοιο
2040 4633 2094 4692 D
2122 4647 2248 4685 num
2285 4647 2445 4686 causa
2474 4648 2816 4688 communem
2853 4634 3010 4687 nobis
3039 4648 3158 4686 eum
3192 4634 3414 4688 Christo
3446 4635 3738 4703 unitatem,

409 4727 752 4786 asserainus?
789 4722 932 4779 Nihil
980 4730 1062 4774 est
1105 4717 1372 4788 profecto,
1416 4730 1512 4770 cur
1557 4713 1766 4784 quoties
1809 4710 2012 4765 Christi

409 4827 721 4894 sanguinem
750 4830 965 4891 peccata
1009 4824 1191 4870 nostra
1222 4814 1408 4866 lavare
1455 4821 1616 4873 atque
1644 4824 1874 4879 purgare
1903 4815 2013 4859 tra-

408 4920 540 4973 dunt
581 4933 747 4970 sacra:
779 4915 1016 4978 Littera»,
1051 4911 1118 4965 de
1147 4907 1414 4978 personali
1453 4906 1570 4975 ejus
1607 4904 1865 4974 sanguine
1893 4901 2014 4956 illas

411 5013 672 5067 duntaxat
704 5007 1086 5076 intelligamus.
1128 5004 1194 5056 Et
1224 5015 1352 5054 vero
1383 4999 1615 5053 nominis
1655 4998 1795 5051 ratio
1819 4995 2013 5051 suadet

411 5106 589 5176 potius
621 5111 679 5156 ut
707 5104 776 5155 sit
824 5100 997 5154 virtus
1026 5097 1138 5150 hare
1167 5094 1387 5150 Christo
1417 5109 1538 5147 cum
1568 5091 1810 5162 ejusdem
1861 5106 2008 5161 mys-

411 5199 518 5252 tico
558 5209 808 5264 carpare,
853 5190 1172 5246 communis.
1222 5186 1375 5252 Quod
1426 5186 1567 5240 enim
1617 5200 1811 5239 nomen
1853 5197 2012 5236 suum

413 5289 694 5344 nobiscum
737 5284 1132 5347 communicet,
1179 5281 1231 5335 id
1271 5280 1364 5334 illo
1408 5293 1599 5347 nempe
1625 5278 1856 5333 consilio
1888 5277 2015 5331 fecit

411 5392 471 5435 ut
521 5389 577 5436 et
624 5381 741 5447 jura
799 5377 1004 5432 nomini
1052 5373 1430 5445 respondentia
1487 5371 1846 5442 intelligantur
1890 5385 2012 5426 esse

411 5475 740 5530 communia.
791 5473 855 5527 Ut
893 5473 943 5525 in
987 5469 1362 5524 matrimonia“
1424 5467 1628 5520 unitate
1684 5466 1866 5538 (quam
1927 5464 2015 5519 hic

411 5571 627 5625 adhibet
654 5567 942 5636 Apestolus
969 5564 1034 5617 ad
1065 5561 1263 5616 Christi
1298 5560 1579 5632 mysticam
1614 5573 1734 5612 cum
1771 5559 2009 5613 Ecclesia

411 5665 666 5718 unitatem
700 5658 1097 5730 explicandam)
1125 5670 1412 5711 commune
1443 5655 1559 5707 viro
1589 5662 1749 5722 atque
1779 5652 2014 5707 fusuiiua:

413 5773 607 5812 nomen
637 5755 942 5810 communia
978 5753 1138 5807 etiam
1169 5749 1453 5820 utriusque
1487 5749 1537 5801 in
1571 5747 1689 5818 lcgc
1715 5749 1834 5817 jura
1865 5748 2010 5804 facit.

411 5850 484 5906 Ita
520 5860 574 5906 et
609 5865 732 5904 eum
773 5856 1070 5921 martyrum
1109 5843 1329 5914 sanguis
1372 5857 1469 5912 pro
1507 5838 1708 5896 Christi
1751 5845 2014 5914 sanguine

2120 4735 2177 4780 ut
2209 4726 2434 4796 proinde
2463 4726 2528 4779 ad
2562 4741 2720 4780 unam
2748 4736 2990 4794 utra'que
3019 4725 3375 4796 eamdemque
3421 4729 3741 4796 passionum

2117 4819 2496 4872 colleCIionem
2529 4821 2800 4887 pertinere
2840 4829 3187 4874 censeantur.
3227 4819 3280 4872 lu
3326 4819 3410 4874 his
3451 4830 3632 4875 autem
3665 4821 3740 4878 de

2119 4911 2320 4965 ltnilale
2349 4912 2571 4980 mystica
2603 4913 2900 4966 ratiociniis
2932 4913 2981 4966 id
3025 4928 3194 4981 genus
3223 4929 3478 4978 canones,
3521 4925 3578 4970 et
3616 4922 3744 4987 qui-

2119 5003 2243 5057 dem
2273 5004 2606 5058 universales
2628 5003 2772 5070 illos,
2806 5004 3050 5073 agnoscit
3077 5008 3370 5075 Apostolus
3399 5025 3410 5061 :
3452 5008 3604 5074 Quod
3643 5026 3741 5063 ca-

2122 5098 2214 5168 piti
2239 5098 2491 5162 convenit,
2529 5097 2583 5150 id
2613 5108 2658 5150 et
2687 5096 2926 5152 membris
2965 5115 3072 5152 esse
3109 5115 3407 5165 commune;
3450 5101 3589 5170 quod
3627 5101 3742 5169 pri-

2123 5192 2300 5255 miliis,
2331 5190 2383 5242 id
2423 5200 2466 5244 et
2491 5205 2674 5244 massa:
2710 5190 2978 5243 universw.
3022 5189 3086 5244 Ni
3133 5190 3468 5246 universales
3507 5191 3745 5248 fuissent

2119 5283 2215 5347 illi,
2251 5298 2385 5352 quos
2411 5282 2664 5344 diximus,
2711 5297 2966 5349 canones,
3009 5286 3232 5338 omnino
3273 5285 3600 5355 subjungere
3633 5285 3739 5341 dc-

2125 5377 2240 5431 buit
2268 5375 2568 5445 Apostolus
2596 5391 2694 5429 cur
2723 5375 2775 5428 in
2809 5377 2894 5430 illa
2931 5377 3109 5445 potius
3137 5393 3297 5446 quam
3337 5379 3392 5431 in
3425 5378 3527 5431 alia
3557 5378 3739 5447 quali-

2127 5470 2213 5525 bet
2256 5485 2418 5524 causa
2462 5478 2647 5524 essent
2686 5470 3034 5539 agnoseendi.
3079 5470 3525 5541 Argumentantis
3586 5473 3740 5527 enim

2129 5580 2416 5636 personam
2463 5565 2548 5616 hic
2591 5564 2847 5618 sustinuit
2879 5565 3195 5633 Apostolus,
3241 5580 3348 5619 non
3378 5574 3558 5620 autem
3590 5564 3743 5620 illius

2127 5661 2219 5732 qui
2250 5674 2347 5730 pro
2375 5673 2470 5714 sua
2516 5658 2774 5712 duntaxat
2819 5659 3144 5714 auctoritate
3175 5658 3424 5714 dictaret.
3460 5657 3536 5712 ιω
3573 5658 3745 5728 igitur

2127 5769 2249 5824 quae
2274 5761 2620 5825 peccatorum
2658 5750 2896 5822 expiatio
2926 5751 3110 5822 capiti,
3137 5751 3326 5808 eadem
3357 5760 3413 5808 et
3439 5751 3742 5819 membris;

2127 5860 2250 5918 qua:
2274 5844 2431 5916 hujus
2453 5843 2732 5916 sanguinis
2756 5843 3037 5914 primitiis,
3067 5844 3259 5902 eadem
3290 5853 3348 5902 et
3375 5858 3570 5901 massae
3597 5856 3740 5901 con-
