3888 6358
158 352 209 408 ’Π
1164 342 1255 400 DE
1287 337 1605 400 SECUNDO
1642 335 2036 397 MARTYRUM
2074 336 2440 396 BAPTISMO.
3369 340 3443 399 78

165 465 324 519 veniet.
357 460 432 517 ita
478 459 698 518 scilicet
731 471 840 515 nos
873 457 1102 515 incitare
1149 456 1322 512 voluit
1370 455 1633 510 Dominus
1669 452 1734 507 ad
1763 451 1813 511 A
1838 451 2002 506 medii
2042 452 2288 520 ratione,
2334 453 2702 524 praestantius.
2749 453 2820 508 At
2847 464 2879 507 a
2915 453 3087 524 pactis
3126 452 3443 527 symbolicis

168 568 362 613 mortem
409 569 508 626 pro
565 552 839 608 fratribus
887 549 1088 606 lubenti
1137 549 1318 604 animo
1365 546 1742 616 constantique

169 653 452 714 obeundam,
481 658 540 705 ut
571 650 625 704 in
673 649 782 705 hac
811 648 930 718 ipsa
954 647 1114 703 etiam
1147 660 1308 701 causa
1353 648 1530 714 ipsum
1560 643 1740 698 imita-

170 762 342 813 remur,
384 752 443 798 ut
488 743 632 797 sicut
659 741 782 812 ipse
813 753 916 811 pro
952 738 1106 794 nobis
1130 737 1297 792 vitam
1325 736 1526 808 posuit,
1560 745 1614 790 et
1640 749 1742 790 nos

175 855 252 911 pro
269 835 507 893 fratribus
535 833 704 889 vitam
730 830 1099 904 poneremus!
1130 829 1187 886 S.
1213 829 1398 897 Joan.,
1436 844 1515 895 tn,
1545 827 1635 883 16.
1663 826 1741 881 Ita

176 934 311 988 vitam
361 944 455 1000 pro
497 925 767 999 Apostolo
814 938 1019 995 ponere
1065 923 1236 993 parati
1269 930 1426 979 erant
1467 920 1740 990 discipuli,

178 1026 270 1096 ipse
302 1022 526 1077 vicissim
574 1034 675 1090 pro
726 1016 1028 1088 discipulis.
1057 1014 1132 1070 Ita
1182 1015 1419 1087 lgnatius
1450 1014 1743 1087 ἀντίψυχος

179 1132 333 1175 eorum
375 1129 492 1170 esse
519 1113 694 1168 voluit
735 1111 826 1182 qui
870 1110 1141 1181 episcopis
1185 1109 1551 1174 adhaererent,
1599 1104 1744 1178 quod

178 1210 350 1264 scilicet
383 1222 566 1262 eorum
615 1205 805 1278 ψυχὰς
847 1203 1002 1276 ψυχῇ
1032 1216 1148 1268 sua,
1184 1201 1322 1255 vitas
1371 1214 1566 1269 nempe
1611 1198 1742 1265 vita,

181 1301 413 1357 redimere
439 1297 690 1352 voluerit.
720 1294 852 1356 Inde
897 1302 1077 1348 tantus
1106 1293 1198 1347 ille
1227 1291 1643 1346 Christianorum
1691 1289 1746 1343 in

179 1408 226 1449 se
272 1393 485 1447 invicem
541 1402 698 1443 amor
744 1400 853 1457 quo
906 1384 1143 1438 illustres
1172 1383 1294 1437 illos
1321 1392 1377 1437 et
1421 1381 1748 1451 conspicuos

179 1487 317 1541 fuisse
339 1499 428 1538 sua
454 1483 616 1538 etiam
659 1489 821 1534 aetate
846 1486 1112 1533 memorat
1133 1474 1526 1532 Tertullianus.
1552 1474 1748 1529 Damo-

181 1581 249 1634 nis
282 1584 329 1634 et
352 1577 551 1650 Pythia:
579 1575 818 1631 Historia
841 1572 981 1643 apud
1010 1574 1389 1645 pythagoraeos
1413 1570 1573 1640 longe
1599 1569 1748 1625 cele-

179 1669 384 1726 berritna
427 1676 530 1722 est.
562 1666 677 1723 Hos
731 1664 968 1724 aemulati
1006 1663 1309 1735 jutlmorutn
1352 1670 1480 1718 sunt
1530 1660 1744 1728 esseni,

179 1761 285 1816 illos
324 1759 622 1824 christiani,
654 1771 795 1827 quos
825 1765 1008 1811 tamen
1049 1770 1241 1810 omnes
1269 1754 1433 1824 longo
1462 1753 1750 1809 intervallo

1846 542 2044 616 (qualia
2099 555 2436 602 sacramenta
2466 560 2589 602 esse
2635 562 2824 602 omnes
2867 545 3191 619 agnoscunt)
3233 549 3442 619 scjungi

1845 640 2032 709 nequit
2068 638 2371 695 istiusmodi
2401 639 2796 695 subordinatio.
2828 642 2960 695 Cum
3006 642 3149 696 enim
3197 642 3445 714 symbola

1843 731 2206 787 adhibeantur
2247 731 2316 786 ad
2344 732 2447 786 alia
2481 741 2660 787 tamen
2704 731 2880 786 oftieia
2909 749 2939 786 a
2969 733 3236 805 symbolis
3261 733 3440 788 diver-

1842 825 2056 882 sissima
2083 826 2541 897 repraesentanda,
2559 827 2783 898 ipsaque
2803 826 2942 882 adeo
2966 827 3056 882 illa
3079 837 3440 898 reprmsenta—

1846 920 1994 976 tione
2040 920 2379 990 spondenda,
2411 929 2473 975 ut
2496 920 2728 990 proinde
2768 920 3072 977 mediorum
3113 931 3340 993 utraque
3363 921 3449 976 vi-

1847 1026 1966 1067 cem
2013 1012 2308 1082 impleant;
2342 1021 2561 1068 constat
2600 1022 2781 1073 tamen
2811 1013 2973 1068 olficii
3014 1028 3172 1084 quam
3211 1015 3449 1085 symboli

1846 1103 2006 1176 longe
2025 1106 2289 1175 potiorem
2331 1121 2452 1161 esse
2493 1105 2785 1171 rationem,
2815 1105 3011 1176 jusque
3037 1103 3105 1160 ad
3143 1105 3446 1161 mercedem

1848 1196 1880 1252 ἐι
1908 1198 2019 1253 Deo
2050 1200 2374 1269 promissam
2405 1200 2655 1256 conferre
2685 1200 2846 1270 longe
2874 1200 3084 1254 auctius
3128 1209 3290 1270 atque
3319 1200 3454 1254 vali-

1848 1290 1992 1344 dius.
2053 1291 2163 1346 Dici
2234 1301 2413 1347 tamen
2470 1293 2703 1362 denique
2755 1301 2938 1361 potest
2985 1303 3091 1348 tam
3146 1293 3451 1365 symbolum

1849 1392 2049 1438 nostrae
2077 1384 2129 1438 in
2168 1383 2436 1454 baptismo
2463 1386 2845 1456 professionis,
2894 1401 3054 1457 quam
3085 1388 3453 1443 conditionem

1851 1492 2010 1548 quam
2034 1493 2100 1533 eo
2117 1479 2366 1550 symbolo
2388 1481 2718 1549 spondemus
2739 1496 2770 1536 a
2790 1491 2974 1536 nostra
3004 1482 3141 1551 pacti
3163 1481 3456 1550 baptisma-

1851 1567 1917 1623 lis
1946 1578 2096 1637 parte
2128 1555 2512 1639 praestandam,
2533 1587 2856 1643 quamquam
2887 1572 2940 1626 in
2969 1582 3124 1643 pacto
3147 1589 3174 1626 a
3208 1573 3319 1630 Deo
3341 1576 3461 1643 qui-

1853 1660 1976 1718 dem
2002 1663 2253 1718 instituto
2283 1664 2664 1732 adhibeantur,
2696 1665 2764 1721 ad
2793 1665 3030 1721 humana
3053 1675 3230 1722 tamen
3254 1666 3455 1734 ofﬁcia,

1853 1764 2174 1825 partemque
2199 1756 2342 1826 pacti
2371 1757 2518 1812 illam
2544 1773 2665 1826 quae
2713 1758 2962 1813 homines
3001 1768 3231 1827 spectat,
3263 1758 3461 1814 attine-

179 1859 488 1922 superarunt.
529 1850 609 1906 lla
648 1846 1010 1904 conveniebat
1036 1845 1369 1902 adamussim
1416 1859 1540 1899 cum
1595 1844 1746 1900 hisce
1773 1847 1825 1910 B
1852 1861 1931 1901 re.
1963 1845 2041 1900 ha
2073 1862 2183 1902 non
2223 1862 2348 1902 cum
2397 1848 2654 1903 humanis
2705 1849 2887 1904 divina
2938 1849 3314 1916 conferentur,
3365 1849 3464 1906 sed

180 1944 422 2016 principiis
466 1941 649 2012 praxis
679 1941 844 1997 etiam
887 1940 1271 2010 primaevornm
1299 1936 1749 1995 christianorum.

179 2035 246 2092 Ita
260 2035 449 2106 praxim
475 2033 621 2087 illam
639 2030 1113 2104 generosissimam
1134 2025 1570 2098 prudentissimis
1587 2026 1750 2082 etiam

180 2127 424 2199 principiis
465 2125 678 2180 fulcivit
711 2122 972 2179 Dominus
1011 2120 1289 2190 legislator
1319 2119 1564 2175 omnium
1593 2118 1751 2190 longe

175 2221 520 2292 peritissimus.

236 2313 262 2384 ᾗ
287 2312 589 2378 38.—-Que
616 2325 739 2366 cum
771 2309 845 2364 ita
868 2323 929 2364 se
955 2306 1214 2372 habeant,
1231 2304 1341 2374 jam
1366 2303 1524 2361 facile
1555 2304 1754 2360 intelli-

176 2404 325 2476 gimus
375 2404 505 2458 nihil
532 2417 658 2460 esse
703 2417 803 2458 cur
843 2400 986 2455 male
1032 2397 1277 2466 audiant,
1309 2397 1412 2452 hac
1463 2398 1518 2452 in
1565 2410 1751 2464 eausa,

177 2497 389 2568 primaevi
433 2495 732 2552 christiani.
779 2492 1041 2564 Baptismi
1072 2491 1232 2547 titulo
1259 2491 1577 2562 martyrium
1619 2490 1756 2544 insi-

177 2589 414 2658 goierunt.
445 2587 556 2642 Nec
586 2595 794 2643 temere
821 2585 906 2651 id,
936 2599 1038 2640 nec
1066 2598 1164 2654 pro
1187 2598 1286 2639 suo
1316 2583 1578 2638 duntaxat
1606 2582 1755 2637 arbi-

178 2680 280 2735 trio.
329 2678 594 2734 Christum
651 2679 908 2734 nimirum
975 2677 1153 2747 ipsum
1223 2675 1530 2731 habuerunt
1593 2689 1756 2745 quem

180 2781 510 2842 mquerentur
553 2781 861 2827 auctorem.
914 2768 1025 2825 Sed
1067 2785 1190 2825 cum
1235 2768 1388 2824 titulo
1426 2768 1548 2840 jura
1594 2767 1759 2824 etiam

178 2861 405 2934 baptismi
433 2865 695 2938 martyrio
718 2865 1045 2926 tribuerunt,
1070 2872 1124 2918 et
1144 2862 1362 2932 quidem
1382 2872 1752 2917 sacramenta-

181 2954 236 3009 lis
259 2955 496 3026 baptismi
527 2971 560 3010 a
585 2955 697 3010 Deo
723 2956 845 3025 ipso
867 2953 1119 3008 instituti.
1140 2953 1380 3008 lmmane
1401 2952 1760 3022 proculdubio

176 3045 359 3102 facinus
379 3093 396 3117 ,
436 3048 481 3101 si
509 3062 630 3118 quae
660 3061 692 3101 a
732 3047 844 3102 Deo
872 3053 1056 3100 essent
1093 3044 1146 3098 in
1178 3053 1342 3113 pacto
1373 3044 1758 3098 sacramentali

175 3139 468 3208 praestanda,
488 3153 551 3194 ea
574 3138 692 3192 suis
705 3137 1013 3192 adinventis
1033 3143 1366 3202 assererem,
1395 3135 1547 3190 nullo
1579 3143 1757 3190 tamen

1853 1951 1976 1991 cum
1997 1938 2251 1993 humanis
2277 1937 2473 1994 officiis
2493 1942 2597 1995 alia
2620 1941 2794 1996 officia
2813 1951 2869 1997 et
2900 1941 2991 1997 illa
3022 1957 3235 2014 quoque
3257 1943 3461 2012 pariter

1854 2028 2113 2095 humana,
2146 2040 2206 2086 ut
2233 2032 2336 2087 alia
2365 2033 2485 2087 aliis
2506 2034 2729 2089 meliora
2759 2034 3081 2101 habeantur,
3109 2046 3164 2092 et
3193 2037 3305 2093 Deo
3333 2051 3461 2107 gra-

1854 2123 2014 2178 tiora.
2039 2123 2237 2179 Fateor
2262 2125 2510 2193 equidem
2540 2125 2732 2180 horum
2765 2126 3070 2183 officiorum
3095 2128 3184 2198 jus
3213 2127 3280 2183 ad
3313 2144 3465 2184 mer--

1857 2215 2046 2271 cedem
2071 2223 2230 2285 pacto
2262 2217 2697 2288 institutionique
2737 2218 2933 2274 divinae
2969 2228 3141 2274 totum
3184 2230 3466 2290 acceptum

1855 2324 1978 2365 esse
2021 2309 2391 2364 referendum.
2433 2309 2490 2364 1d
2535 2320 2718 2367 tamen
2748 2312 2820 2366 ita
2845 2327 3034 2366 verum
3063 2322 3147 2368 est
3175 2323 3234 2367 ut
3275 2329 3468 2382 quam-

1858 2417 2018 2472 quam
2058 2415 2166 2457 non
2197 2411 2424 2472 prepter
2450 2417 2617 2474 Opera
2662 2404 2807 2459 Deus
2834 2404 3143 2460 mercedem
3176 2405 3467 2475 retribuat,

1858 2503 1915 2549 at
1944 2495 2242 2550 secundum
2288 2510 2454 2565 opera
2486 2495 2577 2550 flat
2609 2495 2698 2551 illa
2726 2496 3034 2563 retributio,
3073 2505 3133 2552 ut
3161 2497 3389 2569 proinde
3412 2499 3469 2553 in

1864 2585 2053 2642 officiis
2079 2589 2280 2643 nostris
2296 2602 2404 2658 quo
2432 2597 2559 2642 sunt
2586 2604 2811 2659 quaeque
2839 2588 2893 2642 in
2924 2604 2984 2644 se
3012 2591 3385 2659 praestantiora
3419 2599 3476 2647 et

1865 2678 1973 2733 Deo
1987 2679 2222 2749 gratiora
2239 2694 2306 2734 eo
2331 2680 2655 2750 exigantura
2675 2681 2788 2735 Deo
2805 2682 3110 2750 paciscente
3136 2683 3473 2753 diligentius,

1861 2780 1916 2827 et
1941 2773 2193 2830 mercede
2220 2774 2511 2841 eopiosiori
2545 2784 2895 2831 coronentur.

1935 2865 1962 2936 §
1989 2864 2498 2936 39.—Quamquam
2529 2878 2710 2923 autem
2730 2869 2982 2938 baptismi
3010 2870 3180 2926 solius
3202 2871 3472 2929 rationem

1862 2956 1918 3011 in
1941 2956 2043 3012 hac
2066 2965 2253 3013 nostra
2286 2958 2678 3014 dissertatione
2715 2959 3091 3028 habuerimus;
3119 2964 3261 3033 quod
3289 2973 3473 3021 tamen

1864 3049 1930 3104 de
1958 3049 2228 3119 baptismo
2254 3051 2610 3117 assentimus,
2645 3052 2786 3107 idem
2817 3053 2885 3109 de
2913 3055 3085 3110 altero
3116 3057 3472 3115 Eucharistize

1864 3152 2206 3196 sacramento
2237 3157 2487 3198 asserere
2517 3152 2852 3213 poteramus,
2887 3159 3281 3217 reprmsentare
3312 3152 3474 3206 nimi-

176 3230 275 3285 nixi
316 3230 406 3286 Dei
436 3230 730 3302 promisso,
789 3229 942 3284 nullo
995 3229 1092 3284 Dei
1144 3227 1386 3299 legitimo
1414 3227 1618 3283 vicario
1663 3229 1756 3299 qui
1781 3235 1827 3299 α
1861 3247 1982 3287 rum
2011 3232 2131 3301 hic,
2162 3241 2326 3304 atque
2353 3235 2491 3290 adeo
2519 3236 2778 3305 Sponderi
2798 3277 2814 3305 ,
2846 3249 3091 3293 nostrum
3128 3256 3224 3309 pro
3249 3242 3470 3299 Christo

174 3321 541 3394 Deipersonam
573 3339 737 3395 agere
767 3322 962 3379 saltem
995 3329 1201 3391 posset,
1233 3331 1288 3375 et
1319 3320 1415 3375 Dei
1443 3321 1666 3376 nomine
1693 3335 1758 3376 ea

175 3416 384 3486 polliceri
419 3434 539 3490 quae
579 3417 724 3474 Deus
752 3416 904 3487 ipse,
948 3423 1173 3486 propter
1205 3414 1502 3484 legitimam
1541 3412 1759 3484 delega-

174 3509 350 3564 tionem
376 3521 634 3580 praestare
667 3517 966 3566 teneretur.
1009 3506 1120 3563 Sed
1145 3506 1304 3577 longe
1331 3505 1563 3561 aberant
1588 3507 1656 3561 ab
1690 3520 1758 3561 eo

171 3603 352 3659 scelere
371 3616 584 3660 veteres
611 3613 670 3659 ut
703 3603 801 3659 Dei
833 3617 1065 3670 nomen,
1091 3602 1213 3656 sine
1242 3600 1422 3655 divina
1451 3610 1628 3655 tamen
1657 3615 1756 3655 au-

170 3697 414 3764 ctoritate,
439 3698 554 3752 suis
579 3696 846 3751 institutis
872 3704 1255 3766 pmtexerent.
1288 3694 1358 3748 At
1386 3692 1607 3762 impium
1633 3707 1758 3762 pro-

170 3785 293 3843 fecto
319 3803 420 3843 non
467 3787 571 3843 fuit
595 3790 641 3843 si
670 3787 1014 3844 conditiones
1037 3803 1070 3842 a
1100 3787 1212 3842 Deo
1255 3785 1374 3856 ipso
1421 3786 1756 3856 prmstandas

167 3888 490 3950 expectarent
517 3881 572 3936 in
599 3891 762 3951 pacto
784 3880 1090 3952 baptismali
1112 3880 1181 3935 ab
1208 3878 1328 3948 ipso
1359 3878 1627 3933 instituto.
1653 3879 1756 3933 lm-

168 3975 296 4043 piutn
323 3992 423 4031 non
449 3974 554 4030 fuit
575 3989 609 4030 e
625 3974 881 4046 baptismi
898 3972 1309 4030 sacramentatis
1332 3970 1570 4026 consilio
1595 3971 1754 4026 colli-

167 4081 278 4137 gere
297 4071 339 4125 si
357 4071 484 4141 quid
504 4086 672 4141 porro
693 4071 748 4125 in
765 4080 925 4142 pacto
945 4067 1256 4140 baptismali
1280 4067 1558 4124 videretur
1582 4068 1757 4123 inclu-

167 4175 289 4218 sum.
318 4165 540 4236 lmpium
564 4182 672 4221 non
707 4166 807 4221 fuit
825 4165 1114 4236 hocipsum
1136 4163 1205 4219 de
1221 4162 1483 4234 martyrio
1499 4161 1756 4232 colligere

168 4255 206 4306 si
233 4270 329 4324 qua
373 4265 600 4326 possent
646 4257 885 4330 legitima
930 4264 1508 4325 sacramentorumque
1537 4254 1756 4325 propria

170 4350 634 4416 argumentatione.
663 4349 892 4420 lmpium
915 4348 1148 4420 denique
1175 4363 1284 4403 non
1308 4346 1430 4413 fuit,
1454 4347 1499 4402 si
1531 4354 1586 4401 et
1612 4360 1757 4400 mar-

171 4442 314 4511 tyrio,
342 4445 432 4500 ubi
474 4445 529 4500 id
558 4446 902 4515 probassent,
930 4456 985 4501 et
1008 4447 1131 4517 jura
1158 4460 1374 4518 quoque
1414 4444 1753 4514 baptismalia

169 4547 472 4594 assererem.
498 4539 666 4610 Atqui
689 4539 957 4610 baptismo
985 4541 1305 4612 martyrium
1334 4553 1442 4593 non
1468 4536 1756 4593 conferunt

1862 3329 2217 3398 martyrium,
2280 3340 2337 3383 ut
2388 3329 2614 3398 proinde
2682 3330 2844 3401 hujus
2905 3334 3068 3388 etiam
3129 3335 3470 3393 Eucharistia

1861 3421 2002 3490 pacti
2021 3422 2239 3500 praemia
2263 3423 2472 3491 possint
2486 3439 2515 3477 a
2533 3425 2865 3496 martyribus
2889 3425 3183 3482 vendicari.
3201 3427 3309 3484 Nec
3325 3431 3469 3485 enim

1859 3511 2018 3567 aliter
2037 3510 2091 3566 in
2122 3527 2261 3582 pane
2288 3513 2670 3570 Eucharistico
2695 3514 2872 3572 fracto
2908 3528 3332 3587 repraesentetur
3352 3537 3477 3576 cor-

1858 3616 1962 3673 pus
1988 3604 2202 3660 Domini
2250 3621 2410 3677 quam
2442 3615 2502 3661 ut
2542 3622 2791 3676 passum,
2831 3607 3095 3676 fractum,
3120 3611 3469 3681 crucifixum;

1859 3713 1963 3754 nec
2005 3697 2168 3754 aliter
2194 3700 2245 3754 in
2280 3699 2450 3757 effuso
2476 3701 2604 3756 vino
2630 3703 2850 3771 sanguis
2870 3718 3033 3773 quam
3065 3705 3264 3774 ut'ipse
3303 3706 3467 3762 etiam

1857 3787 2081 3845 effusus.
2117 3790 2248 3860 Quis
2273 3801 2357 3847 est
2397 3793 2488 3863 qtti
2519 3809 2627 3848 non
2658 3793 2837 3848 videat
2863 3809 3025 3865 quam
3063 3796 3173 3852 sint
3203 3796 3318 3854 hinc
3347 3814 3467 3854 ma-

1857 3884 2058 3940 nifesto
2075 3885 2141 3939 ad
2162 3887 2442 3956 passiones
2460 3886 2662 3942 Christi
2679 3886 2959 3942 referenda
2979 3889 3004 3941 ?
3023 3888 3154 3944 Cum
3174 3889 3355 3962 itaque
3371 3907 3474 3962 per

1859 3995 2027 4035 unum
2051 3979 2205 4036 illum
2221 3994 2416 4049 panem
2438 3996 2604 4035 unum
2630 3995 2731 4036 nos
2753 3996 2874 4036 cum
2890 3979 3110 4038 Christo
3125 3999 3325 4054 corpus
3343 4001 3471 4055 pro-

1858 4063 2132 4130 ﬁteamur,
2163 4063 2356 4130 lCor.,
2387 4081 2448 4132 ι,
2475 4067 2566 4132 17,
2595 4066 2647 4121 id
2677 4066 2831 4136 plane
2853 4082 2950 4137 pro
2978 4069 3279 4138 symbolico
3305 4087 3471 4141 spon-

1857 4157 2021 4213 dendi
2057 4159 2185 4223 ritu,
2236 4159 2592 4229 Spondemus,
2621 4174 2729 4215 non
2769 4161 2823 4215 in
2874 4175 3104 4231 corpore
3148 4164 3313 4219 modo
3341 4179 3463 4230 nos,

1859 4251 1955 4306 sed
1981 4251 2036 4305 in
2065 4252 2198 4322 ipsis
2219 4267 2436 4322 quoque
2462 4253 2710 4322 corporis
2735 4253 3081 4323 passionibus
3096 4270 3217 4310 cum
3241 4254 3462 4313 Christo

1857 4342 1976 4398 fore
2006 4345 2528 4409 communicaturos,
2561 4353 2623 4398 ut
2645 4351 2701 4399 et
2729 4345 2828 4413 ipsi
2861 4361 2960 4399 nos
2994 4355 3208 4414 paratos
3234 4361 3464 4418 praeste-

1857 4450 1980 4490 mus
2021 4445 2079 4490 ut
2125 4451 2246 4492 cum
2287 4451 2354 4491 eo
2375 4435 2646 4505 patiamur
2674 4447 2835 4507 atque
2882 4437 3281 4508 crucifigamur.
3325 4443 3463 4497 Cum

1855 4530 2017 4584 etiam
2046 4529 2244 4584 dicitur
2269 4529 2356 4584 hic
2377 4529 2595 4599 sanguis
2626 4544 2725 4600 pro
2754 4529 2939 4585 multis
2968 4529 3188 4594 effusus,
3215 4533 3266 4587 id
3297 4549 3462 4605 porro

169 4627 329 4696 modo,
355 4630 451 4685 sed
473 4632 642 4685 etiam
681 4630 1010 4686 anteierunt.
1041 4632 1178 4686 Male
1213 4630 1431 4702 quidem
1465 4630 1541 4694 id,
1571 4630 1617 4684 si
1641 4630 1752 4699 jam
1779 4630 1834 4690 D
1859 4622 2216 4693 pollicemur,
2273 4637 2374 4676 nos
2427 4622 2615 4688 etiam,
2672 4637 2770 4691 pro
2813 4621 3018 4677 Christi
3070 4626 3344 4694 exemplo,
3395 4642 3463 4682 eo

170 4723 479 4778 constitisset
499 4738 597 4777 sua
618 4723 871 4777 nimirum
899 4723 1132 4779 humana
1154 4726 1397 4779 instituta
1411 4737 1535 4777 cum
1559 4721 1756 4776 divinis

170 4829 311 4872 ausos
335 4835 455 4874 esse
481 4817 840 4874 contendere.
864 4817 974 4874 Sed
1001 4833 1123 4875 vero
1141 4819 1298 4875 aliter
1327 4835 1385 4874 se
1409 4835 1522 4873 rem
1553 4816 1754 4873 habere

171 4923 227 4964 ex
260 4911 410 4967 dictis
455 4921 694 4968 constat.
727 4912 864 4967 Cum
909 4912 964 4967 in
1005 4920 1162 4984 pacto
1207 4913 1517 4983 baptismali
1550 4911 1752 4967 includi

171 5009 459 5078 martyrium
493 5009 778 5078 probarint
828 5015 1070 5074 veteres,
1099 5009 1371 5063 immerito
1395 5022 1525 5062 sane
1551 5017 1754 5074 marty-

170 5098 291 5153 rium
329 5101 576 5156 humanis
634 5099 894 5157 institutis
936 5110 1228 5157 accensent
1275 5100 1592 5155 adversarii.
1630 5099 1751 5155 Jam

171 5205 262 5247 non
301 5193 528 5249 humana
559 5209 688 5249 cum
731 5192 933 5248 divinis
981 5193 1220 5248 instituta
1261 5193 1619 5260 contendunt,
1654 5190 1754 5247 sed

171 5282 327 5342 divina
365 5304 487 5344 cum
535 5285 762 5353 divinis,
793 5285 880 5341 vel
929 5300 1088 5340 unam
1117 5285 1350 5341 fortasse
1380 5287 1559 5354 potius
1584 5285 1756 5340 divini

173 5374 369 5437 instituti
405 5392 621 5455 partem
675 5394 805 5435 cum
850 5378 958 5433 alia
1009 5377 1253 5448 ejusdem
1305 5378 1536 5433 instituti
1581 5386 1752 5448 parte.

171 5468 286 5533 Nihil
307 5485 480 5534 autem
503 5484 656 5533 vetat
693 5487 807 5546 quo
835 5472 1016 5527 minus
1041 5471 1347 5528 divinorum
1388 5472 1756 5527 institutorum

170 5565 358 5626 alterum
415 5572 597 5629 altero
657 5567 836 5642 possit
894 5579 1019 5623 esse
1073 5566 1417 5636 pratstantius
1461 5582 1475 5618 :

1859 4713 2180 4784 promptiori
2214 4713 2396 4767 animo
2420 4711 2485 4766 ad
2511 4712 2824 4782 patiendum
2857 4725 3175 4769 aeceSSuros
3209 4731 3315 4783 quo
3344 4717 3466 4786 plu-

1857 4808 1997 4864 rium
2049 4807 2278 4863 salutem
2337 4805 2686 4876 intelligimus
2733 4815 2916 4862 nostra
2974 4807 3088 4863 fore
3121 4819 3295 4864 morte
3332 4825 3465 4880 prou

1857 4902 2202 4959 movendam.
2231 4901 2306 4956 Ita
2343 4901 2486 4955 enim
2516 4897 2632 4955 fore
2660 4908 2716 4954 ut
2746 4898 2946 4956 Christi
2990 4904 3242 4972 patientis
3274 4919 3461 4960 exem-

1857 4997 2003 5068 plum
2070 4992 2243 5064 magis
2304 4991 2368 5046 ad
2439 4992 2618 5047 vivum
2687 5003 3164 5062 reprzesentemns.
3231 4995 3463 5054 Proinde

1853 5089 2172 5146 verisimilia
2203 5099 2329 5143 sunt
2352 5127 2366 5152 ,
2395 5095 2450 5141 et
2477 5086 2662 5140 divino
2691 5087 2917 5142 consilio
2963 5104 3184 5157 prorsus
3228 5106 3461 5148 consen-

1857 5194 2034 5248 tanea,
2082 5197 2202 5254 quae
2232 5180 2302 5236 de
2331 5179 2578 5251 martyrii
2625 5179 2860 5248 praemiis
2898 5178 3180 5252 hucusque
3219 5182 3462 5253 disputa-

1855 5280 2051 5344 vimus,
2085 5290 2208 5330 cum
2232 5289 2299 5329 eo
2327 5271 2568 5342 utrisque
2617 5273 2941 5327 sacramenti
2972 5284 3123 5342 pacta
3153 5272 3454 5330 collineare

1856 5371 2161 5427 videamus.

1939 5459 2485 5536 §40.-—-Quamquam
2499 5456 2660 5512 etiam
2678 5453 2892 5511 unicum
2909 5455 3032 5510 illud
3048 5454 3311 5512 hactenus
3328 5466 3468 5513 trac-

1524 5561 1653 5636 quin
1709 5564 1763 5620 id
1864 5556 2161 5613 laverimus
2209 5552 2459 5622 baptismi
2505 5549 2829 5606 beneficium
2869 5546 3035 5620 (quod
3085 5549 3250 5602 etiam
3289 5551 3466 5618 ipsum

167 5663 310 5731 potius
336 5681 570 5724 necesse
597 5637 687 5721 est
709 5659 934 5734 quoties
952 5657 1020 5712 ad
1049 5659 1304 5712 eumdem
1328 5658 1488 5712 finem
1517 5655 1765 5711 referun-
1865 5648 2192 5721 privativum
2207 5640 2313 5716 est)
2331 5650 2673 5714 peccatorum
2692 5637 3306 5734 scilic‘etremissionem,
3326 5640 3472 5734 unde

164 5762 245 5825 tur,
277 5775 394 5820 cum
435 5760 630 5832 aliqua
662 5766 857 5814 tamen
888 5749 1360 5809 subordinatione.
1413 5747 1570 5816 Quod
1619 5747 1766 5804 enim

164 5848 465 5915 ﬁnemilium
513 5856 754 5930 propius
808 5844 1058 5917 attingit,
1092 5846 1148 5902 id
1195 5841 1510 5915 necessario
1555 5841 1681 5910 erit,
1716 5839 1770 5899 in

1869 5742 2032 5798 etiam
2065 5735 2307 5810 sequitur
2361 5734 2681 5804 impunitas,
2728 5738 2786 5786 et
2834 5730 2952 5800 ipsa
2981 5729 3142 5784 etiam
3177 5730 3474 5799 privativa;

1873 5850 1983 5892 non
2007 5839 2093 5890 est
2137 5839 2316 5888 tamen
2345 5826 2470 5884 inde
2491 5842 2552 5882 ut
2600 5831 2889 5897 propterea
2934 5833 3196 5892 negemus
3236 5820 3324 5890 jus
3355 5833 3483 5878 esse
