3888 6346
416 357 492 417 79
1042 362 1046 367 '
1413 351 1503 411 DE
1540 348 1745 412 SIXTO
1772 349 1839 409 ll.
1881 349 2044 406 ROM.
2087 347 2450 410 PONTIFICE
2485 345 2656 410 XXIII
3653 349 3729 409 80

413 466 738 541 martyribus
773 467 838 524 ad
867 466 1095 542 positiva
1145 465 1399 540 baptismi
1428 466 1714 524 beneﬁcia.
1761 465 1818 521 Si
1861 467 2007 520 enim
2035 468 2085 526 Α
2113 466 2232 538 ipso
2257 469 2622 524 suslitteamus
2648 464 2874 522 consilio
2899 464 3222 538 utqnmjura
3252 466 3468 525 Christo
3485 466 3725 542 patienti

416 578 538 617 cum
555 562 775 617 Christo
805 562 1058 632 patimur,
1093 575 1215 616 cum
1239 561 1432 615 eodem
1453 559 1616 616 etiam
1648 557 2011 626 regnabimus.

416 654 494 710 Ita
521 663 925 724 argumentatur
950 655 1245 723 Apostolus
1270 669 1300 710 e
1317 667 1524 708 canone
1546 652 1736 706 harum
1761 650 2018 722 mystica-

412 763 536 803 rum
566 749 1090 819 argumentationum
1126 748 1361 817 proprio.
1393 745 1468 799 Ita
1496 746 1656 800 etiam
1702 754 1757 799 et
1795 754 2012 800 veteres

411 852 537 893 cum
569 837 876 907 primarium
906 836 1257 908 martyribus,
1283 845 1340 890 ut
1368 835 1704 891 ostendimus
1723 876 1737 900 ,
1764 834 1816 888 in
1849 849 2016 905 regno

414 929 633 992 Christi,
659 943 976 985 consessum
999 939 1326 983 assererent.
1359 928 1426 982 Et
1457 929 1652 983 merito
1670 926 1886 996 quidem
1915 927 2010 982 illi.

413 1020 476 1078 Si
497 1022 640 1077 enim
661 1020 878 1077 Christo
898 1036 1122 1091 passuro
1140 1034 1348 1076 merces
1366 1022 1634 1090 proposita
1656 1029 1757 1084 est;
1779 1019 2016 1076 debeba-

415 1123 502 1170 tur
526 1124 674 1170 certe
700 1115 799 1180 illi,
819 1115 1049 1184 praestita
1071 1113 1209 1184 pacti
1238 1113 1568 1179 conditione,
1593 1123 1736 1168 tanta
1759 1113 1846 1168 illa
1873 1127 2016 1168 mer-

413 1219 529 1261 ces.
559 1205 615 1262 Si
645 1215 698 1260 et
728 1221 824 1260 nos
855 1204 1100 1259 eamdem
1129 1204 1327 1268 Christi
1357 1203 1611 1274 patientis
1640 1219 1925 1275 personam
1961 1203 2016 1257 in

413 1305 598 1352 nostra
626 1311 841 1368 quoque
867 1297 1120 1367 passione
1159 1297 1556 1362 sustineamus,
1608 1304 1664 1351 et
1706 1294 1921 1365 quidem
1947 1307 2014 1349 eo

417 1670 664 1793 DE
744 1664 1287 1797 SIXTO
1353 1671 1518 1791 ΙΙ.
1596 1665 2053 1795 ΒΟΜ.

2120 575 2217 628 pro
2245 571 2399 631 pacto
2425 560 2608 614 divino
2634 559 3038 627 accrescebant,
3069 570 3124 615 et
3150 561 3308 616 nobis
3327 576 3548 633 quoque
3570 559 3730 616 simi-

2119 649 2245 706 liter
2299 650 2624 720 patientibus
2689 661 3098 718 accrescerent;
3155 654 3398 722 sequitur
3455 634 3515 710 et
3568 651 3729 708 nobis

2119 743 2446 814 patientibus
2462 744 2735 814 ingentem
2754 745 2897 799 illam
2922 746 3214 816 repositam
3238 760 3360 804 esse
3381 746 3726 811 mercedem,

2120 846 2318 891 tantam
2355 837 2565 893 scilicet
2593 847 2790 908 quanta
2818 837 3056 902 Christo,
3101 855 3200 910 pro
3237 840 3393 910 hujus
3422 841 3566 908 pacti
3591 841 3719 911 jure

2119 928 2433 993 debebatur,
2460 938 2514 983 et
2535 929 2750 1000 quidem
2775 945 2841 984 ex
2873 929 3114 1000 ejusdem
3152 931 3292 1000 pacti
3324 931 3518 987 eodem
3551 931 3721 988 etiam

2112 1019 2257 1089 jure.
2300 1019 2373 1075 ita
2423 1021 2514 1075 ﬁet
2563 1031 2622 1075 ut
2674 1020 2920 1076 universa
2962 1021 3213 1092 baptismi
3255 1021 3565 1088 beneficia,
3615 1030 3727 1078 tam

2120 1113 2362 1182 negativa
2388 1153 2404 1179 ,
2444 1127 2604 1183 quam
2633 1113 2796 1169 etiam
2821 1113 3055 1184 positiva
3077 1155 3093 1181 ,
3132 1113 3458 1185 martyribus
3483 1113 3731 1170 debean-

2121 1215 2226 1260 llll'.

2126 1661 3122 1795 PONTIFICE
3206 1666 3736 1806 XXIII.

1498 1929 1979 2013 NOTITIA
2044 1926 2726 2012 HISTORICA.

1858 2135 2332 2192 -οεθοοιοζοοιεφ

494 2321 567 2377 De
592 2319 728 2376 Sixti
754 2316 818 2371 ll
846 2316 1170 2386 pontiﬁcatus
1192 2312 1440 2366 aunis.—
1467 2311 1524 2365 In
1560 2308 2014 2380 Stephanilocum
2055 2309 2104 2368 B
2141 2307 2271 2371 bus,
2317 2306 2675 2379 lacrymisque
2715 2306 2828 2362 suis
2877 2312 3274 2362 sacramentum
3317 2305 3753 2375 regenerationis

417 2418 487 2472 94
519 2412 727 2484 augusti
747 2424 886 2465 anno
915 2407 1047 2472 257,
1082 2405 1265 2460 Sixtus
1290 2415 1370 2458 est
1397 2402 1700 2464 ordinatus,
1727 2416 1884 2469 quem
1918 2415 2014 2453 na-

418 2510 566 2562 tione
613 2517 869 2575 grtccum,
917 2509 971 2553 et
1018 2498 1390 2551 atheuicnsem
1425 2493 1805 2563 philoSOphum
1851 2492 2017 2546 fuisse

419 2598 601 2654 ferunt
655 2605 999 2649 romanorum
1034 2589 1346 2658 pontiﬁcum
1376 2587 1622 2656 catalogi.
1653 2585 1795 2653 Quot
1837 2595 2016 2639 autem

417 2693 574 2747 annis
605 2687 972 2758 pontiﬁcatum
1004 2682 1272 2747 tenuerit,
1309 2681 1521 2735 deﬁniri
1556 2680 1776 2749 nequit;
1805 2679 1855 2732 in
1884 2693 2019 2732 con-

421 2785 584 2839 traria
611 2782 750 2836 enim
783 2788 1017 2840 veteres,
1052 2775 1493 2842 rccentioresque
1524 2773 1842 2828 scinduntur
1867 2771 2022 2826 chro-

422 2875 625 2945 nologi.
654 2872 928 2942 Siquidem
957 2867 1221 2922 Eusebius
1263 2866 1377 2935 ipse
1404 2880 1573 2919 annos
1609 2876 1732 2918 octo
1764 2864 1815 2917 in
1845 2863 2020 2917 Chro-

422 2972 566 3031 nico,
597 2968 649 3020 in
673 2963 906 3020 Historia
949 2976 1081 3015 vero
1109 2975 1280 3014 annos
1313 2958 1561 3013 undecim
1603 2957 1781 3012 cidem
1815 2955 2023 3010 adscri-

424 3061 500 3116 bit
531 3058 631 3130 (l).
657 3056 846 3111 C:cteri
869 3063 1088 3109 econtra
1127 3051 1438 3120 pontiﬁcum
1469 3049 1698 3118 catalogi
1727 3049 1814 3102 vix
1844 3046 1982 3100 duos
2011 3087 2026 3110 ,

425 3157 518 3204 aut
588 3160 753 3201 unum
827 3145 980 3200 Sixto
1008 3141 1315 3196 concedunt
1370 3138 1489 3211 (‘2),
1541 3154 1699 3206 quem
1758 3138 2031 3208 Cypriano

426 3251 567 3298 teste
598 3239 701 3310 (3).
733 3250 876 3291 anno
901 3233 1170 3304 sequenti,
1197 3231 1458 3300 martyrio
1487 3239 1806 3285 coronatum
1841 3227 2026 3291 fuisse,

422 3340 758 3402 compertum
789 3337 871 3383 est.
898 3344 912 3380 :
938 3340 1128 3397 quare,
1158 3339 1279 3378 cum
1307 3321 1675 3392 pontificatum
1706 3336 1847 3374 anno
1875 3319 1980 3375 257
2013 3361 2029 3385 ,

431 3440 620 3482 mense
645 3429 869 3492 augusto
897 3417 1214 3488 susceperit,
1251 3430 1468 3470 menses
1486 3415 1757 3476 undecim,
1793 3413 1911 3468 dies
1932 3413 2032 3467 ali—

429 3526 560 3588 quot
589 3527 864 3570 romanam
888 3510 1071 3565 sedem
1098 3508 1338 3564 tenuisse
1359 3506 1602 3575 sequitur
1631 3547 1645 3570 ,
1705 3513 1764 3560 ut
1784 3505 2029 3560 erudito.

429 3626 549 3668 rum
576 3606 788 3678 plurimi
819 3647 833 3665 .
878 3604 1056 3657 invitis
1082 3603 1244 3656 etiam
1270 3601 1582 3670 pontiﬁcum
1616 3599 1896 3669 catalogis,
1929 3598 2030 3652 de-

2136 2399 2435 2469 ﬂagitabat,
2461 2399 2740 2454 affirmans
2795 2398 3173 2452 haereticorum
3199 2397 3464 2465 baptisma
3504 2411 3629 2450 cum
3662 2409 3756 2450 ccc

2132 2492 2440 2547 clesiastico
2495 2492 2581 2546 nil.
2616 2505 2910 2546 commune
2954 2489 3177 2544 habere.
3235 2487 3408 2543 Verba
3457 2496 3586 2542 sunt
3624 2489 3755 2543 Dio-

2131 2585 2270 2655 nysii
2291 2584 2371 2652 (1)
2406 2602 2420 2637 :
2448 2583 2592 2655 Opus
2629 2582 2787 2636 habeo
2807 2623 2822 2646 ,
2853 2583 3033 2652 frater,
3063 2578 3276 2634 consilio
3297 2589 3383 2632 tuo
3408 2620 3424 2644 ,
3456 2586 3505 2632 et
3533 2589 3756 2633 senten-

2132 2678 2255 2731 tiam
2285 2686 2426 2729 tuam
2448 2686 2649 2746 expeto,
2681 2691 2743 2728 ne
2766 2677 2895 2744 forte
2913 2674 3022 2740 ipse
3045 2671 3348 2726 halluciner.
3377 2670 3616 2725 Durasse
3653 2670 3760 2726 sub

2132 2767 2286 2821 Sixto
2330 2767 2584 2837 pontiﬁce
2631 2765 3057 2820 controversiam
3077 2762 3146 2818 de
3167 2761 3441 2833 baptismo
3469 2803 3482 2825 ,
3514 2762 3620 2816 sub
3649 2760 3757 2816 de-

2133 2859 2351 2912 cessore
2381 2858 2498 2927 ejus
2529 2855 2825 2925 disceptari
2855 2865 3087 2924 coeptam
3109 2896 3123 2918 ,
3149 2851 3414 2924 colligunt
3439 2853 3636 2908 eruditi
3673 2852 3757 2925 ('2)

2136 2965 2204 3006 ex
2249 2952 2421 3006 tribus
2470 2949 2749 3020 epistolis,
2793 2948 2861 3003 ab
2905 2947 3096 3002 eodem
3125 2947 3184 3002 8.
3210 2946 3467 3018 Dionysio
3498 2947 3748 3000 Alexan~

2136 3040 2293 3095 drino
2323 3040 2391 3094 ad
2419 3055 2542 3096 eum
2565 3040 2725 3105 datis,
2756 3053 2982 3108 quarum
3011 3037 3311 3108 fragmenta
3338 3036 3530 3091 recitat
3561 3035 3751 3091 Euse—

2139 3133 2261 3188 bius
2291 3132 2392 3206 (5).
2417 3133 2600 3202 Neque
2627 3131 2686 3186 8.
2714 3131 2868 3188 Sixto
2890 3130 3160 3200 placuisse
3187 3143 3456 3184 morosam
3484 3128 3760 3182 decesso—

2137 3228 2214 3283 ris
2259 3226 2342 3280 sui
2399 3224 2744 3294 asperitatem
2773 3265 2789 3289 ,
2838 3221 3132 3277 ostendunt
3182 3220 3345 3275 verba
3406 3220 3580 3274 Pontii
3626 3219 3762 3273 Dia-

2140 3318 2263 3373 coui
2294 3318 2396 3391 (4),
2428 3318 2514 3371 cui
2548 3315 2727 3371 8ιιιυε
2755 3314 2904 3369 audit
2926 3313 3101 3367 Bonus
3122 3321 3168 3366 et
3189 3310 3447 3380 Paciﬁcas
3467 3309 3759 3365 Sacerdos.

2140 3409 2314 3477 Atque
2353 3407 2551 3462 exinde
2593 3407 2797 3477 colligit
2843 3404 3131 3475 perdoctus
3187 3403 3569 3459 Tillemoutius
3609 3402 3700 3473 (5)
3725 3442 3742 3469 ,

2149 3502 2462 3573 praedictam
2498 3500 2644 3555 litem
2673 3515 2768 3554 sua
2798 3497 3100 3554 incredibili
3129 3497 3370 3562 lenitate,
3401 3505 3563 3565 atque
3592 3494 3758 3550 inde-

2145 3593 2287 3648 fesso
2337 3591 2515 3647 studio
2555 3591 2952 3646 sanctissimum
2999 3587 3304 3657 pontificem
3342 3586 3752 3655 composuisse.

439 3709 744 3755 monstrant
776 3695 876 3767 (li).
906 3692 1159 3748 Fortasse
1182 3691 1342 3746 etiam
1380 3690 1642 3744 Eusebius
1689 3690 1740 3743 in
1795 3690 2029 3744 Historia
2057 3693 2102 3756 C
2137 3689 2513 3758 Reliquorum,
2547 3703 2667 3758 quae
2731 3690 2782 3742 in
2831 3687 3146 3757 pontiﬁcatu
3201 3700 3300 3740 suo
3349 3685 3557 3755 gessit,
3631 3682 3758 3739 fere

433 3806 651 3846 menses
697 3787 945 3842 undecim
976 3783 1256 3852 praefuisse
1301 3783 1613 3850 scripserat,
1693 3782 1781 3850 qui
1815 3796 2031 3836 menses

434 3878 782 3952 postmodum
832 3876 1005 3929 aliena
1051 3888 1213 3926 manu
1245 3873 1298 3924 in
1327 3886 1496 3924 annos
1520 3871 1831 3926 commutati
1862 3879 1986 3926 sunt
2016 3888 2030 3938 ;

434 3988 562 4028 nam
613 3970 680 4023 ab
705 3965 921 4023 Eusebii
951 3964 1225 4034 diligentia
1253 3977 1478 4033 prorsus
1516 3963 1746 4016 alienum
1773 3965 1985 4019 videtur
2015 4008 2030 4028 ,

436 4074 547 4119 tam
589 4059 815 4130 turpiter
862 4058 916 4110 iu
957 4054 1270 4125 pontiﬁcum
1317 4055 1662 4125 chronologia
1693 4071 1903 4112 errasse
1930 4057 2030 4128 (ὅ).

440 4157 514 4214 lis
535 4170 683 4218 vero,
725 4166 844 4221 quae
892 4150 945 4202 in
996 4149 1265 4204 Chronico
1310 4149 1595 4216 leguntur,
1632 4150 1720 4202 ubi
1754 4149 1878 4203 anui
1913 4160 2036 4205 octo

443 4247 596 4302 Sixto
617 4244 949 4305 tribuuntur,
981 4255 1088 4294 non
1121 4240 1491 4304 immoramnr,
1523 4253 1643 4293 cum
1672 4239 1902 4293 sciamus
1931 4240 2036 4293 Eu-

446 4337 580 4394 sebii
606 4333 911 4388 Chronico"
943 4331 1181 4392 undique
1207 4330 1587 4398 interpolatum
1613 4344 1750 4384 esse.

521 4426 620 4482 Ubi
652 4421 946 4477 Ecclesiam
972 4437 1246 4475 romanam
1289 4420 1667 4475 administrare
1695 4421 1903 4475 Sixtum
1941 4437 2036 4475 att-

448 4518 616 4573 tlittnu
653 4513 910 4584 Dionysio
960 4511 1324 4566 Alexandrino
1350 4553 1364 4579 ,
1400 4512 1574 4581 ipsum
1608 4511 1736 4565 adiit
1765 4513 1990 4581 epistola
2026 4531 2038 4567 :

454 4629 474 4660 ι
510 4610 639 4675 Qum
670 4606 735 4660 de
765 4605 1032 4674 baptismo
1058 4603 1286 4657 secunda
1314 4612 1419 4668 est,
1454 4604 1643 4674 inqua
1672 4603 1932 4674 Stephani
1965 4605 2043 4657 si-

448 4699 561 4756 mul
591 4713 653 4751 ac
683 4697 1007 4766 reliquorum
1055 4693 1429 4763 episcoporum
1458 4697 1782 4750 sententiam
1816 4712 1878 4749 ac
1899 4697 2045 4767 judi-

450 4794 594 4849 ciqu
621 4789 860 4858 exponit.
898 4806 915 4836 ›
964 4787 1148 4839 Virum
1166 4786 1640 4854 prudentissimum
1673 4788 1854 4854 fuisse,
1885 4788 2047 4844 docet

449 4886 622 4940 altera
640 4881 882 4950 Dionysii
911 4878 1156 4948 epistula,
1187 4894 1289 4947 qua
1319 4879 1448 4933 Sixti
1482 4880 1764 4934 consilium
1797 4881 1949 4950 petit,
1979 4881 2048 4936 de

456 4977 618 5039 Senc,
649 4974 738 5044 qui
783 4971 848 5026 ab
889 4970 1154 5025 haereticis
1196 4972 1494 5040 baptizatus
1521 4973 1842 5028 catholicum
1875 4975 2048 5043 preci-

531 5110 607 5182 (1)
640 5108 860 5171 Euseb.,
882 5107 1161 5182 iaC/iraa,
1190 5125 1239 5178 p.
1275 5107 1380 5162 75:2
1402 5125 1413 5171 ;
1439 5108 1660 5178 Euseb.,
1683 5110 1818 5165 Hist.
1844 5113 2045 5180 eccles.,

458 5178 552 5238 lib.
591 5178 686 5245 vlt,
727 5195 843 5248 cap.
875 5178 962 5233 27.

528 5252 609 5322 (2)
635 5257 876 5322 Attastas.
910 5249 1182 5313 Biblioth.,
1219 5261 1256 5304 t.
1287 5252 1326 5306 Ι.

533 5321 613 5392 (5⁷)
643 5321 919 5393 Cyprian._.
950 5336 1034 5393 ep.
1063 5337 1219 5375 Lxxx.

535 5389 768 5460 (υνυς,
802 5393 851 5444 in
877 5389 999 5445 Crit.
1023 5393 1086 5445 ad
1119 5392 1459 5453 anuutu257.
1494 5411 1645 5451 num.
1671 5396 1727 5461 ‘2,
1751 5397 1883 5452 etad
1916 5412 2041 5452 ann.

453 5463 774 5538 258.~unm.
814 5467 866 5527 5;
913 5461 1244 5538 Tillemo_ttt.,
1277 5461 1577 5529 Mémoires,
1633 5477 1762 5521 tum.
1799 5484 1848 5522 tv
1875 5510 1887 5527 ,
1921 5483 2039 5538 pag.

457 5537 564 5593 16;
595 5531 846 5604 Cutll:tl_li.
879 5573 892 5595 ,
934 5530 1225 5604 Epistolar.
1259 5550 1387 5604 rom.
1453 5539 1791 5604 ponti/irunt.,
1821 5530 1950 5593 toni.
1983 5530 2036 5602 tv,

454 5622 578 5674 pag.
601 5601 969 5674 ‘258;_li'l:ttisi,
992 5601 1041 5654 in
1067 5613 1177 5656 not.
1208 5603 1273 5674 atl
1304 5605 1538 5670 Annales
1573 5601 1786 5662 Baronii
1814 5611 1878 5664 ad
1907 5601 2035 5663 ann.

453 5671 578 5738 201,
614 5691 729 5747 pag.
751 5672 820 5726 92
842 5671 1144 5747 ;‘B‘:t_snagc,
1175 5673 1241 5728 ad
1269 5690 1394 5728 ann.
1429 5677 1557 5745 258,
1597 5696 1742 5735 num.
1777 5681 1842 5747 6;
1880 5681 2039 5736 Pear-

450 5763 594 5808 Ion.,
617 5745 682 5797 ad
711 5761 835 5797 anu.
867 5743 994 5798 257.

531 5817 609 5894 (5)
637 5815 858 5880 Euseb..
896 5813 1031 5871 Hist.
1056 5814 1256 5883 θερίσει,
1288 5816 1382 5874 lib.
1417 5835 1510 5889 vn,
1540 5837 1656 5892 cap.
1687 5823 1740 5877 ὃ.

2138 3783 2379 3838 omnium
2407 3781 2540 3836 abiit
2571 3783 2855 3837 memoria.
2881 3780 3015 3835 Illud
3043 3796 3108 3835 ex
3132 3778 3373 3834 lndiculo
3390 3777 3760 3848 depositionis

2141 3884 2436 3946 martyrum
2477 3871 2641 3927 tradit
2672 3872 2995 3926 Pearsunius
3042 3869 3122 3944 (6)
3146 3913 3162 3936 ,
3195 3887 3317 3925 eum
3346 3870 3488 3926 Petri
3517 3869 3754 3924 etPauli

2138 3966 2506 4037 apostolorqu
2545 3979 2783 4034 corpora
2825 3982 2843 4015 ι
2881 3964 2946 4016 ad
2973 3963 3330 4018 Catacumbas
3359 3961 3708 4016 transtulisse
3740 4002 3757 4028 ,

2140 4057 2314 4125 magis
2346 4058 2400 4110 in
2423 4056 2542 4111 dies
2572 4055 2831 4111 saeviente
2872 4055 3270 4123 persecutionis
3296 4053 3495 4110 ardore
3520 4094 3535 4120 ,
3571 4062 3632 4108 ut
3679 4052 3760 4108 ibi

2139 4151 2402 4204 stationes
2428 4149 2596 4204 tutius
2619 4148 2808 4203 haberi
2843 4158 3062 4216 possent
3091 4147 3192 4218 (7).
3217 4165 3235 4197 ι

2215 4243 2275 4296 S.
2309 4242 2489 4297 Sixtus
2529 4240 2614 4295 Il.
2646 4241 2893 4312 martyrio
2919 4250 3194 4294 coronatur
3225 4255 3256 4292 ν
3287 4239 3494 4310 augusti
3514 4238 3649 4296 258.
3681 4270 3764 4282 --

2143 4332 2409 4388 Caeterum
2441 4332 2859 4403 prmclarissimo
2878 4331 3120 4386 omnium
3142 4329 3385 4386 facinore
3406 4331 3648 4384 nominis
3666 4333 3756 4387 sui

2145 4425 2458 4480 mezuoriam
2490 4423 2670 4479 Sixtus
2701 4421 3058 4487 consecravit,
3081 4421 3215 4475 inito
3245 4435 3343 4491 pro
3374 4421 3476 4475 ﬁde
3504 4423 3758 4494 martyrii

2145 4518 2456 4571 certamine.
2503 4515 2652 4570 Diem
2699 4525 2753 4570 et
2778 4513 2956 4568 locum
2986 4513 3230 4584 martyrii
3283 4510 3340 4568 S.
3361 4511 3668 4584 Cyprianus
3697 4514 3755 4570 in

2325 4693 2475 4777 Μὶηά
2503 4695 2722 4777 Euseb.)
2758 4696 2875 4776 loco
2903 4697 3020 4777 cit.,
3051 4693 3248 4777 cap..9.

2225 4765 2304 4837 (ἓ)
2335 4765 2667 4829 Τίιιιιπιοηι..
2692 4767 2796 4822 loc.
2821 4769 2939 4830 cit.,
2970 4765 3189 4823 Sandini
3221 4766 3342 4822 vita:
3366 4765 3530 4822 llom.
3556 4767 3756 4825 Ponti-

2151 4836 2332 4890 ﬁcum.
2366 4837 2525 4901 p.47.
2547 4837 2674 4892 edit.
2703 4838 2864 4892 in—4°.

2228 4906 2306 4977 (5)
2331 4908 2554 4971 Euseb.,
2584 4909 2706 4962 loco
2734 4910 2850 4974 cit.,
2882 4923 3001 4977 cap.
3026 4909 3060 4964 5
3083 4916 3140 4963 et
3166 4907 3220 4962 9.

2225 4977 2302 5051 (ᾗ)
2327 4979 2506 5051 Enim,
2535 4981 2586 5031 in
2622 4979 2736 5051 Vita
2763 4978 2819 5034 S.
2851 4977 3122 5051 Cypriani.

2072 5084 2127 5144 D
2226 5047 2304 5144 (5)
2331 5049 2662 5114 Tillemont.,
2701 5049 2802 5103 loc.
2839 5047 2927 5103 t'tt.

2228 5121 2276 5144 fl!
2332 5121 2563 5144 ΙὶΑλ-ΑΑ..
2661 5120 2816 5144 ‘_---I
2868 5120 2920 5144 I‘-

2225 5120 2303 5192 (6)
2332 5121 2612 5192 Pearson.,
2644 5120 2834 5174 Annal.
2866 5120 3159 5192 Cyprianic.
3180 5164 3195 5187 ,
3225 5121 3290 5176 ad
3315 5137 3443 5176 ann.
3471 5121 3598 5184 258,
3630 5122 3660 5192 ξ
3685 5122 3748 5179 2.

2226 5191 2304 5262 (7)
2335 5191 2616 5245 Stationem
2665 5191 2956 5245 arbitratur
2993 5193 3242 5262 Petavius
3273 5194 3328 5262 iu
3353 5198 3493 5246 notis
3518 5194 3583 5247 ad
3616 5191 3753 5262 Epi-

2153 5260 2428 5333 plianiutn,
2463 5279 2582 5330 pag.
2616 5263 2740 5326 "9'56,
2779 5262 3084 5329 religiosum
3115 5261 3243 5316 illud
3272 5261 3409 5317 ofﬁc;
3437 5311 3440 5314 ,
3477 5281 3530 5329 u,
3559 5260 3753 5333 qno’li-

2151 5333 2300 5386 tlelcs
2333 5336 2484 5388 statis
2512 5335 2698 5388 diebus
2724 5333 2789 5392 at]
2818 5337 3058 5404 synaxim
3088 5333 3425 5396 accedentes,
3449 5338 3513 5385 ait
3543 5349 3748 5390 nonam

2151 5417 2320 5471 uSque
2348 5407 2763 5472 perseverabant
2789 5405 2961 5458 :unde
2999 5413 3053 5458 et
3083 5418 3180 5471 pro
3207 5405 3549 5457 multitmliue
3578 5406 3688 5467 ipsa
3727 5448 3744 5471 ,

2151 5486 2525 5542 conventuque
2576 5491 2976 5544 nonnumquam
3023 5473 3158 5528 solet
3206 5475 3400 5543 accipi.
3455 5477 3748 5529 Stationem

2153 5545 2232 5598 Du
2301 5543 2531 5614 Congius
2580 5543 2981 5609 emtum,’sive
3052 5555 3373 5599 conventum
3458 5545 3743 5613 fidelium,

2151 5617 2381 5670 maxime
2419 5633 2541 5670 cum
2585 5617 2928 5676 fuisse-dicit.
2970 5616 3056 5685 qui
3089 5616 3353 5669 dominica
3402 5615 3559 5671 ﬁebat
3602 5617 3692 5672 die
3729 5636 3744 5671 :

2147 5685 2345 5756 judicat
2370 5699 2550 5741 autem
2582 5690 2864 5742 stationem
2897 5687 3091 5742 dietam
3127 5702 3154 5738 a
3186 5688 3495 5754 metaphora
3521 5727 3536 5751 ,
3574 5687 3743 5755 petita

2151 5772 2180 5811 a
2208 5759 2483 5834 militibus,
2509 5759 2617 5828 qui,
2646 5759 2774 5834 dum
2800 5759 3106 5828 praesidium
3127 5767 3276 5813 certo
3303 5757 3422 5814 loco
3442 5758 3741 5834 collocant,

2153 5830 2419 5884 stationem
2445 5829 2609 5899 facere
2629 5829 2896 5886 dicuntur.
