3888 6396
162 416 209 474 81
1384 413 1658 472 ΝΟΤΙΤΙΑ
1700 414 1737 471 ll

1846 414 2083 474 'ORICA.
3364 415 3438 477 82

166 533 342 606 epistola
375 532 440 589 ad
464 532 803 591 Successum
828 533 918 589 his
947 532 1152 588 iudicat
1179 530 1357 588 verbis
1401 550 1416 587 :
1456 551 1475 584 ι
1508 530 1721 588 Sixtum
1749 531 1801 592 Λ
1826 529 2102 586 Potuisset
2122 529 2340 600 quidem
2365 544 2508 586 anno
2534 531 2832 600 superiore,
2864 538 2921 586 at
2943 530 3278 602 impossibile
3299 540 3383 586 est
3414 573 3430 600 ,

167 637 302 682 autem
335 626 386 681 in
433 625 734 682 Cccmetrio
795 626 1239 682 animadversum
1275 623 1454 680 sciatis
1481 666 1497 693 ,
1540 634 1730 680 octavo

168 717 310 773 iduum
335 728 675 788 augustarum
700 717 820 783 die,
864 728 922 773 et
968 733 1093 773 cum
1122 732 1189 771 eo
1237 716 1515 785 Quartum.
1559 735 1579 768 ι
1605 715 1706 784 Qui

168 811 246 867 bus
286 811 450 866 verbis
497 810 640 880 apud
694 810 924 866 Latinos
977 809 1236 880 qumlihet
1288 808 1534 880 punitio,
1589 807 1730 878 apud

156 903 450 959 Brissonium
479 917 612 958 vero
640 916 696 958 et
720 902 1031 965 Calvinum,
1064 903 1308 973 aliosque
1338 901 1480 956 lctos
1511 915 1731 971 percus-

159 998 221 1052 sio
240 997 380 1067 gladii
409 1012 505 1052 seu
529 995 826 1051 deeollatio
852 995 1239 1064 signiﬁcantur.
1264 993 1340 1048 De
1355 1008 1497 1048 anno
1517 1007 1732 1062 quoque

161 1087 371 1159 plerique
397 1087 480 1156 (ι)
505 1090 561 1141 in
592 1087 918 1142 sententiam
942 1084 1088 1157 Pagii
1123 1084 1345 1152 abeunt,
1381 1084 1586 1138 scilicet
1613 1098 1734 1152 pas-

163 1195 256 1234 sum
281 1194 391 1234 esse
421 1193 563 1234 anno
595 1178 812 1233 Domini
834 1179 965 1245 258,
995 1177 1188 1232 eodem
1216 1187 1267 1231 et
1289 1191 1397 1246 quo
1422 1173 1480 1230 S.
1512 1172 1734 1245 Cypria-

163 1286 260 1338 nus,
301 1279 354 1326 ut
371 1270 592 1326 Pontius
619 1272 672 1325 in
721 1269 847 1325 Vita
874 1269 1152 1342 Cypriani.
1181 1268 1502 1323 Coutantius
1523 1266 1600 1339 (2)
1625 1267 1732 1321 Bu-

163 1365 366 1420 cheriani
413 1363 637 1433 catalogi
683 1363 858 1418 locum
890 1360 1137 1417 mutilum
1170 1361 1482 1427 restituens,
1512 1369 1732 1416 senten-

167 1462 272 1513 tiam
313 1458 448 1527 Pagii
490 1458 800 1513 conﬁrmat.
833 1455 1201 1511 Bucherianus
1242 1455 1389 1512 enim
1447 1453 1734 1524 Catalogus

167 1548 336 1605 habet:
368 1568 386 1600 ι
421 1548 618 1604 Passus
644 1559 728 1602 est
752 1545 985 1621 (Sixtus)
1012 1563 1110 1601 vm
1152 1545 1268 1601 idus
1300 1549 1511 1617 augusti
1539 1562 1570 1600 a
1597 1561 1732 1601 con-

167 1643 311 1698 sulatu
330 1643 482 1698 Tusci
529 1653 583 1698 et
628 1643 781 1696 Bassi
812 1657 979 1712 usque
1003 1642 1057 1695 in
1081 1640 1170 1696 die
1215 1655 1289 1695 xit
1333 1640 1443 1694 kal.
1490 1639 1728 1709 augusti,

170 1734 424 1791 Emiliano
447 1746 503 1792 et
530 1737 700 1791 Basso
727 1734 883 1790 Coss.
913 1754 934 1787 ι
978 1734 1047 1791 Ut
1080 1734 1316 1789 tenebrae
1348 1733 1416 1788 ab
1471 1733 1572 1788 hoc
1617 1732 1736 1788 loco

169 1829 504 1899 dispellantur,
526 1844 594 1885 ex
625 1829 818 1884 codice
846 1827 1177 1893 Fossatensi,
1210 1835 1336 1881 ante
1366 1826 1528 1881 verba
1549 1841 1578 1879 a
1603 1839 1731 1880 con-

1831 622 2048 678 dedisse
2089 623 2156 677 ad
2197 621 2465 692 Hispanos
2505 621 2802 692 Epistolam
2833 621 2958 677 Julii
2992 622 3083 686 16,
3110 637 3256 676 anno
3281 620 3387 677 257
3418 665 3435 689 ,

1832 731 1941 786 quo
1988 715 2362 786 pontificatum
2408 715 2647 770 nondum
2691 716 2907 770 inierat.
2940 715 3144 771 Deinde
3169 730 3290 770 cum
3323 723 3436 769 toto

1834 807 1971 862 Sixti
2021 808 2333 877 episcopatu
2372 808 2688 878 gravissima
2733 807 3038 876 persecutio
3083 822 3321 862 romana.-
3355 806 3439 861 in-

1835 900 2082 955 cubuerit
2110 901 2402 965 Eeclesim,
2444 909 2530 955 est
2583 901 2741 969 longe
2798 900 3266 966 absurdissimum,
3317 899 3434 969 epi-

1835 993 2003 1046 stolas
2056 992 2174 1062 ejus
2220 991 2428 1047 tenoris
2481 991 2691 1046 Sixtum
2738 989 3080 1054 condidisse,
3138 991 3189 1044 in
3237 990 3434 1060 quibus

1838 1086 1986 1141 nulla
2029 1086 2335 1141 alﬁictionis
2381 1085 2639 1141 Ecclesiae
2691 1087 2894 1141 mentio
2949 1085 3090 1141 nulla
3132 1085 3199 1140 ad
3252 1101 3443 1141 cruces

1840 1179 2061 1248 patienti
2096 1180 2278 1232 animo
2307 1177 2524 1233 ferenda
2581 1179 2875 1249 instigatio.
2896 1179 3066 1233 Priori
3095 1177 3321 1248 epistola
3344 1178 3442 1231 im-

1839 1281 2025 1341 postor
2045 1273 2292 1343 paginam
2322 1273 2548 1328 includit
2579 1274 2842 1349 integram
2873 1287 2939 1327 ex
2970 1273 3148 1328 ldacio
3163 1270 3325 1326 Claro
3348 1271 3442 1326 ad-

1839 1383 2026 1423 versus
2067 1367 2409 1423 Varimadum
2441 1368 2683 1437 petitam.
2733 1365 3100 1436 Componatur
3149 1381 3270 1420 cum
3311 1379 3438 1436 pag.

1839 1459 1946 1516 750
2024 1460 2279 1515 Biblioth.
2334 1460 2554 1515 maxim.
2589 1469 2850 1529 patrum,
2898 1470 3028 1513 tom.
3071 1475 3122 1510 v.
3173 1457 3451 1512 Posterior

1843 1566 1976 1608 vero
2015 1552 2482 1624 quinquagesima:
2510 1563 2716 1620 quarta:
2744 1550 2945 1605 Leonis
2975 1549 3144 1620 Magni
3192 1547 3448 1618 Epistolas

1840 1643 2130 1698 snﬁ'uratur
2191 1644 2401 1698 initium
2451 1661 2464 1698 :
2498 1663 2516 1695 ι
2551 1643 2743 1714 Magno
2806 1658 3029 1698 munere
3061 1641 3446 1697 misericordias

1841 1735 1977 1802 Dei,
2035 1737 2202 1790 totius
2265 1734 2526 1792 Ecclesia:
2569 1735 2851 1791 catholicm
2913 1734 3263 1804 multiplicata
3325 1743 3452 1788 sunt

1840 1829 2058 1900 gaudia.
2094 1849 2114 1882 ι

173 1921 318 1974 sulatu
351 1919 506 1976 Tusci
543 1930 601 1976 et
627 1920 801 1986 Bassi,
835 1920 1195 1991 supplendum
1235 1928 1419 1974 monet
1455 1938 1467 1973 :
1497 1918 1728 1992 Presby-
1757 1927 1806 1986 B
1906 1919 1987 1973 De
2036 1919 2192 1990 Χειδιί
2219 1920 2520 1986 sententiis;
2550 1937 2673 1974 num
2697 1920 2798 1975 sint
2843 1935 2992 1990 papa:
3032 1917 3188 1973 Sixti.
3221 1918 3450 1986 —Qna-

173 2012 256 2066 teri
275 2011 618 2083 praefuerunt;
649 2013 804 2082 cujus
830 2012 1192 2082 supplementi
1217 2026 1319 2080 ope
1345 2011 1730 2080 comperimus,

173 2105 340 2158 clerum
368 2119 643 2158 romanum
672 2119 702 2158 a
729 2118 918 2158 mense
965 2113 1195 2174 auguste
1223 2105 1349 2157 anni
1381 2101 1488 2156 258
1516 2143 1530 2169 ,
1566 2117 1738 2172 usque

175 2195 226 2250 ad
266 2211 345 2251 χιι
371 2195 490 2251 Julii
516 2198 642 2252 anui
668 2195 775 2252 259
801 2240 815 2264 ,
848 2211 956 2265 quo
981 2197 1316 2251 consulatum
1355 2198 1617 2266 gerebant
1639 2194 1737 2250 ΑΞ-

175 2288 384 2343 milianus
429 2300 483 2343 et
530 2289 729 2344 Bassus
761 2332 776 2353 ,
821 2288 1117 2343 Romanam
1147 2289 1442 2343 Ecclesiam
1475 2288 1737 2343 adminis-

178 2389 334 2434 trasse.
369 2379 498 2435 Hine
539 2381 628 2434 lux
679 2379 914 2436 aﬂ‘ertur
940 2378 1211 2449 Catalogis
1232 2379 1548 2435 Corbeiensi
1576 2392 1738 2449 atque

178 2468 464 2538 Fossatensi,
494 2475 544 2526 in
574 2473 769 2541 quibus
797 2472 950 2529 Sixto
981 2472 1229 2528 tribuitur
1254 2487 1427 2527 annus
1458 2488 1493 2536 ι,
1523 2487 1738 2527 menses

177 2577 218 2626 ι,
246 2563 342 2616 dies
365 2579 492 2618 xxnt
517 2573 607 2619 aut
632 2580 806 2630 χχιιι,
838 2563 1019 2620 habita
1052 2566 1278 2618 fortasse
1306 2564 1516 2618 ratione
1542 2579 1571 2617 a
1603 2562 1737 2619 Sixti

179 2653 472 2710 ordinatione
486 2655 551 2710 ad
571 2657 690 2726 ejus
712 2659 1045 2711 successoris
1061 2657 1300 2726 Dionysii
1325 2656 1644 2710 electionem
1657 2700 1663 2707 .
1676 2655 1737 2711 In

180 2743 444 2802 Fossatensi
484 2760 537 2803 et
577 2748 778 2819 regium
825 2749 1122 2804 Succorum
1154 2748 1408 2819 Catalogo
1451 2753 1591 2816 apud
1617 2748 1740 2803 Bol-

186 2840 362 2894 landum
401 2857 642 2897 cessasse
683 2842 881 2896 dicitur
909 2840 1250 2912 pontiﬁcatus
1283 2855 1452 2894 annos
1473 2842 1632 2909 duos,
1660 2841 1741 2895 in-

179 2931 323 3002 telligc
363 2944 562 3003 partem
608 2934 739 2987 anni
767 2933 897 2999 258,
944 2943 995 2988 et
1026 2935 1185 2988 aliam
1233 2933 1566 3002 insequentis
1612 2934 1738 2988 anni

178 3037 362 3091 partem.
407 3027 460 3080 In
508 3027 648 3081 libro
700 3025 1004 3080 Pontiﬁcali
1037 3067 1051 3089 ,
1087 3025 1172 3077 ubi
1219 3025 1285 3078 de
1315 3027 1476 3078 annis
1505 3025 1650 3080 sedis
1677 3025 1736 3080 S.

176 3116 279 3171 Sixti
325 3120 524 3188 agitur,
557 3121 692 3174 mira
723 3118 1015 3172 oscitantia
1045 3117 1317 3186 detegitur
1346 3157 1359 3181 ,
1400 3126 1458 3171 ut
1489 3117 1742 3171 observat

178 3210 381 3265 laudatus
405 3211 749 3268 Coutantius.

1840 2013 2142 2084 dringentte
2193 2022 2248 2067 et
2294 2013 2512 2083 triginta
2570 2014 2857 2068 sementim
2902 2022 3026 2066 sunt
3074 2011 3209 2067 Sixti
3252 2011 3450 2066 ethnici

1844 2105 2172 2178 philosophi,
2196 2123 2316 2177 qua:
2344 2108 2394 2159 in
2422 2105 2671 2160 Latinum
2703 2122 2733 2160 a
2762 2107 2958 2161 Ruﬁno
2986 2106 3284 2170 translatae,
3315 2120 3450 2159 not:—

1842 2212 2133 2268 numquam
2168 2197 2321 2251 Sixto
2351 2197 2508 2266 Papa!
2538 2197 2825 2268 adscriptze
2853 2197 3088 2253 fuerunt.
3123 2196 3295 2263 Quem
3326 2211 3447 2252 cum

1840 2291 2180 2362 Augustinus
2206 2302 2444 2345 errasset
2491 2305 2754 2350 errorem,
2803 2292 2944 2345 libro
2973 2290 3212 2346 secundo
3243 2290 3456 2344 Retrac-

1843 2384 2112 2446 tationum,
2148 2398 2269 2451 cap.
2304 2381 2391 2450 42,
2425 2381 2544 2437 haec
2577 2382 2782 2449 chartis
2811 2383 3086 2436 mandavit
3120 2401 3132 2436 :
3174 2401 3192 2434 ‹
3228 2381 3286 2436 lu
3319 2382 3454 2437 libro

1842 2475 1910 2530 de
1933 2485 2120 2529 natura
2152 2485 2205 2530 et
2230 2476 2399 2546 gratia
2425 2517 2440 2540 ,
2474 2478 2638 2531 verba
2671 2477 2918 2546 quoniam
2948 2519 2964 2543 ,
2996 2493 3117 2548 quae
3147 2479 3292 2531 velut
3313 2476 3450 2532 Sixti

1843 2566 2070 2620 Romani
2098 2568 2366 2636 pontilicis
2390 2576 2444 2621 et
2468 2569 2719 2638 martyris
2744 2568 2993 2636 Pelagius
3019 2568 3218 2636 posuit,
3250 2569 3320 2621 ita
3349 2567 3448 2620 de-

1845 2660 2013 2724 fendi,
2055 2670 2304 2731 tanquam
2340 2676 2528 2715 revera
2560 2661 2802 2730 ejusdem
2832 2661 2965 2716 Sixti
2992 2671 3204 2725 essent;
3238 2660 3287 2714 id
3307 2660 3449 2714 enim

1845 2759 2181 2820 putaveram,
2216 2750 2310 2804 sed
2343 2759 2530 2820 postea
2562 2751 2663 2820 legi
2694 2750 2848 2821 Xysti
2875 2751 3180 2819 philosomii
3213 2765 3355 2814 esse,
3390 2761 3447 2803 et

1846 2859 1952 2897 non
1985 2843 2120 2898 Sixti
2153 2841 2458 2896 christiani.
2502 2861 2520 2891 ι
2571 2841 2939 2895 Christianum
2972 2858 3102 2897 sane
3143 2858 3247 2897 non
3294 2852 3454 2896 sonat.

1843 2937 2110 2992 sententia
2157 2935 2264 2990 120
2293 2956 2306 2989 :
2339 2953 2356 2984 ι
2390 2934 2506 2989 Νοη
2539 2946 2691 3004 petas
2719 2950 2749 2988 a
2781 2934 2890 2988 Deo
2927 2935 2999 2998 id,
3031 2935 3171 3005 quod
3195 2950 3316 2990 eum
3353 2935 3448 2987 ha-

1845 3027 2046 3091 bueris,
2079 3042 2184 3080 non
2220 3037 2482 3095 perpetuo
2508 3025 2796 3080 obtinebis.
2840 3045 2856 3076 ›
2889 3025 3004 3079 Non
3036 3026 3197 3097 igitur
3227 3035 3319 3080 aut
3341 3041 3446 3096 pax

1845 3118 2032 3178 animi.
2064 3127 2157 3171 aut
2179 3117 2538 3186 tranquillitas
2555 3117 2835 3182 Ecclesiae,
2869 3119 3220 3186 auteorporis
3243 3119 3444 3172 sanitas

1845 3220 1990 3266 esset
2021 3209 2270 3279 precibus
2319 3208 2674 3276 impetranda.
2719 3210 2994 3265 Abhorret
3033 3221 3087 3264 et
3118 3227 3144 3263 a
3189 3211 3294 3265 ﬁde
3327 3225 3453 3266 sen-

229 3303 452 3360 Geminas
517 3305 674 3360 Sixto
723 3319 759 3358 tt
814 3303 1074 3374 epistolas
1131 3301 1372 3356 Isidorus
1457 3301 1741 3364 adscribit._
1767 3314 1812 3376 ρ
1848 3303 2012 3356 tentia
2067 3301 2171 3357 125
2205 3320 2217 3355 :
2255 3321 2274 3353 ς
2312 3300 2580 3371 Quidquid
2614 3318 2717 3356 non
2755 3303 3012 3357 convenit
3058 3302 3121 3356 ad
3163 3303 3453 3358 beatitudi-

175 3393 299 3450 Prior
323 3397 384 3450 ad
409 3395 634 3454 Gratum
660 3394 952 3467 quemdam
981 3395 1297 3463 episcopum
1327 3435 1342 3460 ,
1389 3409 1550 3464 quam
1580 3407 1740 3448 ocea-

175 3485 297 3542 sione
329 3488 563 3555 Sabellii,
607 3488 787 3553 Noeti,
833 3486 1078 3552 Ebionis,
1112 3496 1166 3540 et
1205 3483 1447 3540 Cerinthi
1485 3485 1741 3554 scriptam

170 3582 406 3637 contendit
443 3581 691 3637 Binnius.
744 3581 996 3636 Ostendit
1049 3593 1230 3635 autem
1279 3578 1542 3649 epistola,
1577 3579 1743 3633 licere

173 3672 401 3728 damnatis
431 3675 704 3744 episcopis
751 3673 902 3727 adire
947 3672 1128 3726 sedem
1180 3670 1564 3740 apostolicam;
1617 3670 1742 3723 data

170 3775 236 3818 est
281 3765 380 3821 kal.
430 3766 758 3837 septembris
807 3765 1092 3820 Valeriano
1139 3775 1193 3819 et
1245 3764 1410 3819 Decio
1441 3765 1567 3818 viris
1605 3763 1738 3818 clar.

170 3870 284 3910 coss.
318 3857 582 3912 Posterior
618 3859 783 3913 missa
825 3868 908 3912 est
936 3860 1204 3927 episcopis
1230 3873 1326 3927 per
1359 3857 1744 3927 HiSpaniarum

171 3953 435 4016 provincias
481 3952 816 4006 constitutis.
867 3952 921 4006 lu
962 3966 1026 4005 ea
1076 3961 1254 4005 autem
1295 3952 1467 4021 capita
1501 3951 1740 4019 quinque

171 4041 494 4097 continentur.
527 4043 770 4097 Primttm
789 4085 802 4106 ,
837 4043 881 4096 si
915 4043 1035 4109 quis
1057 4042 1322 4097 adversus
1343 4044 1629 4111 episcopos
1656 4042 1738 4096 vei

171 4145 349 4187 actores
385 4135 640 4189 Ecclesiae
675 4148 895 4187 causam
922 4133 1192 4196 habuerit,
1234 4135 1324 4204 qui
1346 4149 1406 4189 se
1431 4132 1621 4205 geret?
1645 4131 1741 4188 Se-

171 4226 369 4280 cundum
394 4269 408 4293 ,
460 4229 530 4282 de
568 4228 838 4298 episcopis
877 4227 1039 4282 rebus
1062 4229 1370 4297 expoliatis,
1434 4239 1578 4281 auta
1604 4228 1734 4282 sede

173 4317 336 4384 pulsis.
363 4319 600 4374 Tertium
626 4363 642 4387 ,
688 4328 746 4373 ut
787 4320 965 4374 nullus
994 4320 1278 4391 cpiscopus
1317 4321 1541 4374 alterius
1581 4334 1738 4388 paro-

175 4407 392 4464 chianum
422 4412 672 4477 retineat,
701 4411 918 4466 ordinet
949 4453 964 4477 ,
995 4415 1079 4466 vel
1103 4411 1328 4481 judicet.
1361 4413 1644 4478 Quartum,
1673 4412 1740 4466 de

177 4501 411 4570 episcopis
437 4503 635 4572 injuSte
665 4503 932 4557 damnatis
959 4545 974 4568 ,
1014 4513 1068 4557 et
1103 4504 1396 4574 apostolica
1422 4502 1741 4558 auctoritate

177 4594 420 4648 restitutis.
447 4595 703 4662 Quintum
733 4637 746 4660 ,
795 4595 938 4667 quod
973 4596 1420 4650 excommunicati
1454 4597 1739 4666 episcopos

1850 3411 1970 3450 nem
2004 3396 2122 3460 Dei,
2156 3410 2262 3449 non
2294 3396 2585 3450 conveniat
2634 3396 2837 3450 homini
2891 3397 3006 3451 Dei.
3041 3416 3059 3449 ι
3119 3396 3236 3451 Non
3290 3398 3452 3467 igitur

1849 3489 2175 3544 resurrectio
2204 3488 2449 3557 corporis
2478 3503 2603 3558 pars
2628 3490 2732 3543 erit
2771 3488 3043 3544 felicitatis
3087 3502 3397 3546 sanctorum
3435 3537 3448 3556 ,

1847 3589 2033 3652 utpote
2059 3597 2179 3651 qum
2206 3582 2395 3652 gloriae
2426 3581 2521 3636 Dei
2554 3582 2872 3636 immortalis
2893 3593 3112 3654 pugnet.
3160 3583 3343 3654 Neque
3369 3599 3454 3639 sa-

1848 3675 1916 3730 tis
1944 3675 2028 3744 pia
2071 3674 2187 3728 lucc
2215 3681 2300 3728 est
2327 3673 2593 3728 sententia
2624 3675 2727 3728 184
2774 3694 2787 3729 :
2821 3674 3080 3745 Det-ngare
3110 3677 3215 3729 viro
3239 3678 3456 3746 sapienti

1846 3781 1907 3819 ac
1965 3764 2093 3828 Deo,
2156 3764 2354 3834 wquale
2403 3766 2576 3818 ducito
2629 3777 2913 3834 peccatum.
2959 3766 3092 3822 Cum
3133 3769 3454 3837 splendente

1847 3860 1969 3915 fuco
2002 3858 2227 3912 Ruﬁnus
2271 3858 2430 3930 Xysti
2476 3858 2784 3929 philosophi
2815 3861 3099 3916 sententiis
3131 3862 3266 3917 Sixti
3301 3878 3450 3932 papa:

1848 3952 2098 4022 martyris
2140 3966 2337 4006 nomen
2402 3951 2789 4020 imposuisset,
2846 3953 3068 4006 meritas
3122 3953 3453 4024 Hieronymo

1845 4058 2035 4115 pmnas
2066 4042 2235 4097 dedit.
2265 4042 2380 4108 Qua
2410 4042 2477 4096 de
2527 4057 2584 4097 re
2629 4042 2858 4111 insignis
2901 4053 2983 4097 est
3015 4043 3162 4097 locus
3193 4044 3242 4096 in
3293 4043 3452 4113 Epis-

1847 4137 1952 4194 tola
2003 4134 2261 4188 adversus
2312 4132 2592 4203 Pelagium
2628 4133 2692 4187 ad
2719 4132 3126 4202 Ctesiphontem
3164 4133 3241 4204 (l)
3281 4153 3293 4188 :
3328 4153 3348 4186 ‹
3388 4133 3454 4189 ll-

1847 4226 1952 4279 lam
1983 4236 2162 4279 autem
2211 4224 2570 4278 temeritatem
2591 4265 2606 4288 ,
2660 4225 2769 4278 imo
2797 4225 3056 4279 insaniam
3085 4226 3200 4295 ejus
3225 4224 3451 4298 (Ruﬁni)

1844 4320 1966 4387 quis
2015 4318 2175 4386 digno
2218 4318 2389 4389 possit
2439 4319 2715 4387 explicare
2748 4334 3039 4384 sermone,
3082 4320 3222 4390 qttod
3256 4320 3450 4374 librum

1844 4409 1998 4476 Xysti
2040 4408 2394 4480 pythagorei,
2453 4409 2688 4464 hominis
2736 4411 2939 4480 absque
2989 4409 3203 4465 Christo
3232 4452 3246 4474 ,
3293 4422 3455 4480 atque

1844 4501 2067 4567 ethnici,
2094 4501 2374 4556 immutate
2407 4503 2646 4567 nomine,
2682 4503 2816 4558 Sixti
2860 4503 3110 4572 martyris
3140 4545 3154 4567 ,
3190 4512 3245 4557 et
3273 4516 3451 4557 roma—

1846 4611 1928 4649 nae
1973 4594 2230 4650 Ecclesiae
2275 4596 2517 4666 episcopi
2574 4596 2933 4667 przenotavit?
2982 4596 3037 4650 In
3094 4612 3233 4666 quo,
3288 4595 3442 4666 juxta

177 4695 396 4739 accusare
425 4700 532 4740 non
548 4695 794 4756 possunt.
829 4687 958 4740 Data
989 4695 1074 4741 est
1097 4685 1480 4741 xvnkalendas
1505 4688 1738 4754 augusti,
1767 4707 1818 4767 D
1847 4686 2041 4759 dogma
2065 4688 2558 4760 pythagoricorum,
2581 4691 2670 4760 qui
2704 4689 2977 4744 hominem
3007 4698 3291 4758 exaequant
3320 4689 3451 4755 Deo,

179 4770 427 4831 Valeriano
457 4789 510 4831 et
547 4778 708 4832 Decio
735 4779 863 4833 viris
890 4779 1101 4833 clariss.
1134 4793 1275 4834 coss.
1310 4777 1476 4832 Nobis
1506 4777 1556 4831 in
1584 4777 1744 4832 silen-

181 4866 288 4920 tium
327 4871 774 4926 descendentibus
801 4912 815 4935 ,
844 4871 1024 4941 quivis
1053 4873 1149 4925 has
1191 4870 1344 4926 Sixto
1373 4871 1629 4939 epistolas
1658 4869 1745 4925 de-

180 4964 360 5020 trahere
379 4977 455 5022 est
483 4967 730 5022 idoneus.
765 4966 1002 5021 Primum
1029 4964 1316 5021 falsissima
1339 4975 1422 5021 est
1457 4967 1742 5021 consulum

179 5061 436 5115 annotatio.
473 5059 761 5117 Valeriano
792 5074 896 5113 non
929 5060 1124 5114 Decius
1146 5102 1160 5124 ,
1205 5060 1298 5113 sed
1329 5059 1607 5115 Gallienus
1633 5060 1747 5114 col-

179 5148 273 5217 leg:
296 5150 385 5208 fuit
415 5155 465 5208 in
497 5154 807 5220 consulatu,
838 5151 1064 5209 sedente
1091 5153 1263 5207 Sixto.
1297 5151 1521 5221 Insuper
1551 5152 1745 5207 eodem

178 5255 296 5294 anno
347 5247 568 5314 scriptas
632 5259 754 5300 esse
812 5243 1115 5300 deeretales
1160 5244 1396 5297 ostendit
1443 5243 1743 5312 inscriptio.

181 5333 308 5390 Anno
344 5352 466 5392 vero
491 5336 624 5404 258,
649 5337 833 5393 Sixtus
862 5337 952 5408 qui
986 5345 1145 5391 sexto
1168 5337 1379 5406 augusti
1408 5350 1596 5406 passus
1619 5346 1702 5390 est
1728 5377 1743 5401 ,

181 5422 386 5485 kalendis
413 5431 738 5501 septembris
767 5430 834 5486 ad
894 5430 1121 5486 Gratum
1164 5428 1402 5484 scribere
1421 5443 1526 5483 non
1550 5427 1744 5498 petuit.

234 5635 298 5707 ll)
325 5635 616 5700 Bianchini,
648 5636 701 5691 in
723 5635 998 5691 Anastasio
1026 5674 1040 5698 ,
1071 5639 1129 5708 et
1166 5629 1422 5708 dominus
1449 5629 1499 5684 le
1520 5627 1666 5708 Beul
1689 5629 1742 5708 in

183 5699 370 5762 Historia
399 5699 643 5766 Ecclesitz
671 5705 1137 5766 Antisiodorensis,
1169 5701 1488 5766 martyrium
1519 5700 1577 5756 S.
1609 5699 1742 5755 Sixti

181 5774 212 5827 ll
231 5786 535 5853 anno_serius
575 5780 834 5852 adﬁgunt,
857 5791 1072 5853 nempe
1100 5789 1246 5829 anno
1273 5771 1404 5853 259.:

233 5849 296 5918 (ἰ)
332 5851 571 5927 Coutant.
593 5901 606 5922 ,
656 5840 950 5927 Epistolar.
982 5840 1195 5904 r'oman.
1223 5843 1478 5919 ponti/ia,
1514 5853 1648 5898 tom.
1678 5840 1696 5894 1
1728 5881 1744 5904 ,

184 5933 270 5986 tur.
292 5925 400 5990 158,
431 5945 574 5985 num.
606 5929 663 5985 4.

1848 4789 1903 4836 et
1926 4780 1994 4834 de
2038 4780 2156 4850 ejus
2187 4779 2376 4835 dicunt
2398 4795 2520 4836 esse
2550 4781 2894 4844 substantim,
2942 4780 3106 4834 multa
3142 4778 3208 4834 de
3238 4777 3452 4848 perlec-

1850 4874 1993 4928 tione
2031 4873 2304 4939 dicuntur,
2327 4884 2382 4927 ut
2408 4875 2497 4943 qui
2522 4874 2778 4928 volumen
2814 4871 3117 4944 philosophi
3149 4873 3400 4926 nesciunt
3436 4916 3453 4936 ,

1848 4965 1949 5019 sub
1979 4967 2230 5037 martyris
2258 4967 2478 5021 nomine
2510 4966 2694 5020 bibant
2729 4966 2794 5018 de
2829 4981 2995 5019 aureo
3025 4965 3192 5018 calice
3218 4963 3452 5034 Babylo-

1850 5056 1956 5111 nis.
1991 5056 2235 5127 Denique
2272 5057 2323 5111 in
2363 5057 2481 5126 ipso
2509 5057 2780 5111 volumine
2825 5057 2969 5109 nulla
3021 5055 3403 5126 prophetarum
3435 5098 3452 5122 ,

1852 5151 1996 5204 nulla
2055 5150 2530 5221 patriarcharum,
2606 5150 2750 5204 nulla
2823 5148 3232 5218 apostolorum,
3306 5146 3455 5200 nulla

1851 5242 2052 5298 Christi
2087 5245 2144 5298 ﬁt
2172 5245 2375 5298 mentio
2407 5285 2421 5310 ,
2473 5253 2530 5298 ut
2552 5246 2863 5314 episcopum
2917 5252 2972 5298 et
3018 5253 3308 5312 martyrem
3337 5241 3456 5296 sine

1849 5336 2050 5392 Christi
2083 5339 2188 5393 ﬁde
2231 5337 2398 5392 fuisse
2421 5337 2730 5392 contendat.
2770 5356 2786 5388 ι
2847 5335 3210 5408 lnspieiantur
3237 5345 3456 5388 Senten-

1853 5431 1962 5494 tiae,
1996 5441 2051 5485 et
2097 5430 2223 5496 248,
2255 5445 2374 5495 aure
2418 5445 2612 5499 purtttn
2660 5437 2960 5498 putumqne
3012 5426 3454 5497 pelagiauismum

1854 5523 2200 5588 olet,et265,
2231 5539 2351 5594 quze
2375 5522 2583 5578 facinus
2605 5523 2803 5594 probat
2831 5520 3108 5589 Origenis,
3143 5519 3316 5572 virilia
3345 5535 3458 5572 am-

1855 5616 2090 5687 putantis
2123 5617 2495 5686 temperantiae
2541 5630 2722 5670 causa.
2763 5642 2833 5653 α-
2879 5612 3127 5668 Gelasius
3166 5610 3306 5679 Papa
3337 5608 3442 5662 hoc

1931 5775 2008 5846 (l)
2036 5774 2372 5846 llieronym.,
2409 5773 2575 5846 Epist.
2603 5771 2670 5846 ad
2697 5769 3067 5846 Ctesiphontem
3093 5778 3278 5846 χχχιιι,
3309 5777 3430 5846 pag.

1859 5832 2148 5908 “litem.
2180 5832 2256 5911 ιγξ
2287 5832 2416 5898 edit.
2451 5832 2778 5898 Benedictio.
2807 5832 2842 5906 ,’
2863 5849 2914 5896 et
2945 5839 2996 5892 in
3027 5843 3184 5906 caput
3206 5849 3312 5888 xm
3338 5832 3434 5887 Jeo

1853 5933 2012 5984 l‘t‘lll.,
2042 5930 2095 5974 et
2115 5932 2248 5973 svnt
2280 5916 2546 5974 Ezechiel.
