  <div class='ocr_page' id='page_1' title='image "/cluster/home/n/w/nwhite01/storage/ocr_20150623/5/uva.x000826532/067.png"; bbox 0 0 3888 6364; ppageno 0'>
   <div class='ocr_carea' id='block_1_1' title="bbox 429 411 2016 473">
    <p class='ocr_par' dir='ltr' id='par_1_1' title="bbox 429 411 2008 470">
     <span class='ocr_line' id='line_1_1' title="bbox 429 411 2008 470; baseline 0 -2"><span class='ocrx_word' id='word_1_1' title='bbox 429 412 500 468; x_wconf 79' lang='lat'><strong>85</strong></span> <span class='ocrx_word' id='word_1_2' title='bbox 1827 411 2008 470; x_wconf 83' lang='lat' dir='ltr'><strong>SIXTI</strong></span> 
     </span>
    </p>
   </div>
   <div class='ocr_carea' id='block_1_2' title="bbox 2194 411 3734 473">
    <p class='ocr_par' dir='ltr' id='par_1_2' title="bbox 2194 411 3734 473">
     <span class='ocr_line' id='line_1_2' title="bbox 2194 411 3734 473; baseline 0.003 -4"><span class='ocrx_word' id='word_1_3' title='bbox 2194 411 2320 469; x_wconf 70' lang='grc' dir='ltr'>ΕΠ</span> <span class='ocrx_word' id='word_1_4' title='bbox 3665 416 3734 473; x_wconf 71' lang='grc'><strong>84</strong></span> 
     </span>
    </p>
   </div>
   <div class='ocr_carea' id='block_1_3' title="bbox 429 513 3734 602">
    <p class='ocr_par' dir='ltr' id='par_1_3' title="bbox 429 513 3734 602">
     <span class='ocr_line' id='line_1_3' title="bbox 429 513 3734 602; baseline 0.002 -21"><span class='ocrx_word' id='word_1_5' title='bbox 429 541 567 599; x_wconf 89' lang='lat' dir='ltr'><strong>opus</strong></span> <span class='ocrx_word' id='word_1_6' title='bbox 589 527 722 584; x_wconf 79' lang='lat' dir='ltr'><strong>falso</strong></span> <span class='ocrx_word' id='word_1_7' title='bbox 745 527 803 584; x_wconf 93' lang='lat' dir='ltr'><strong>S.</strong></span> <span class='ocrx_word' id='word_1_8' title='bbox 828 527 982 585; x_wconf 82' lang='lat' dir='ltr'><strong>Sixto</strong></span> <span class='ocrx_word' id='word_1_9' title='bbox 1011 542 1164 598; x_wconf 80' lang='lat' dir='ltr'><strong>papa:</strong></span> <span class='ocrx_word' id='word_1_10' title='bbox 1194 541 1258 584; x_wconf 89' lang='lat' dir='ltr'><strong>ac</strong></span> <span class='ocrx_word' id='word_1_11' title='bbox 1287 528 1510 601; x_wconf 86' lang='lat' dir='ltr'><strong>martyri</strong></span> <span class='ocrx_word' id='word_1_12' title='bbox 1549 528 1861 584; x_wconf 90' lang='lat' dir='ltr'><strong>attributum</strong></span> <span class='ocrx_word' id='word_1_13' title='bbox 1891 529 2032 584; x_wconf 86' lang='lat' dir='ltr'><strong>inter</strong></span> <span class='ocrx_word' id='word_1_14' title='bbox 2057 534 2108 593; x_wconf 83' lang='grc' dir='ltr'>Α</span> <span class='ocrx_word' id='word_1_15' title='bbox 2135 529 2463 602; x_wconf 81' lang='lat' dir='ltr'><strong>mythologis</strong></span> <span class='ocrx_word' id='word_1_16' title='bbox 2490 570 2504 596; x_wconf 93' lang='lat'><strong>,</strong></span> <span class='ocrx_word' id='word_1_17' title='bbox 2535 529 2775 602; x_wconf 84' lang='lat' dir='ltr'><strong>physicis</strong></span> <span class='ocrx_word' id='word_1_18' title='bbox 2803 537 2860 586; x_wconf 88' lang='lat' dir='ltr'><strong>et</strong></span> <span class='ocrx_word' id='word_1_19' title='bbox 2881 529 3175 586; x_wconf 82' lang='lat' dir='ltr'><strong>moralibus</strong></span> <span class='ocrx_word' id='word_1_20' title='bbox 3205 513 3434 587; x_wconf 65' lang='lat' dir='ltr'><strong>&#39;I‘homie</strong></span> <span class='ocrx_word' id='word_1_21' title='bbox 3467 529 3626 599; x_wconf 86' lang='lat' dir='ltr'><strong>Gale,</strong></span> <span class='ocrx_word' id='word_1_22' title='bbox 3648 530 3734 587; x_wconf 81' lang='lat' dir='ltr'><strong>Li-</strong></span> 
     </span>
    </p>
   </div>
   <div class='ocr_carea' id='block_1_4' title="bbox 429 617 3735 694">
    <p class='ocr_par' dir='ltr' id='par_1_4' title="bbox 429 617 3735 694">
     <span class='ocr_line' id='line_1_4' title="bbox 429 617 3735 694; baseline 0.001 -20"><span class='ocrx_word' id='word_1_23' title='bbox 429 620 740 691; x_wconf 85' lang='lat' dir='ltr'><strong>apocrypha</strong></span> <span class='ocrx_word' id='word_1_24' title='bbox 771 620 1054 675; x_wconf 87' lang='lat' dir='ltr'><strong>collocavit</strong></span> <span class='ocrx_word' id='word_1_25' title='bbox 1089 617 1188 692; x_wconf 91' lang='lat' dir='ltr'><strong>(l),</strong></span> <span class='ocrx_word' id='word_1_26' title='bbox 1217 621 1298 675; x_wconf 87' lang='lat' dir='ltr'><strong>vel</strong></span> <span class='ocrx_word' id='word_1_27' title='bbox 1324 635 1460 690; x_wconf 85' lang='lat' dir='ltr'><strong>opus</strong></span> <span class='ocrx_word' id='word_1_28' title='bbox 1489 621 1558 675; x_wconf 87' lang='lat' dir='ltr'><strong>ab</strong></span> <span class='ocrx_word' id='word_1_29' title='bbox 1584 620 1851 676; x_wconf 79' lang='lat' dir='ltr'><strong>luereticis</strong></span> <span class='ocrx_word' id='word_1_30' title='bbox 1874 637 2024 676; x_wconf 90' lang='lat' dir='ltr'><strong>com-</strong></span> <span class='ocrx_word' id='word_1_31' title='bbox 2124 622 2257 693; x_wconf 67' lang='lat' dir='ltr'><strong>psus</strong></span> <span class='ocrx_word' id='word_1_32' title='bbox 2280 665 2296 690; x_wconf 94' lang='lat'><strong>,</strong></span> <span class='ocrx_word' id='word_1_33' title='bbox 2331 622 2495 689; x_wconf 72' lang='lat' dir='ltr'><strong>iit-4°,</strong></span> <span class='ocrx_word' id='word_1_34' title='bbox 2549 623 2689 677; x_wconf 70' lang='lat' dir='ltr'><strong>i725</strong></span> <span class='ocrx_word' id='word_1_35' title='bbox 2715 663 2730 688; x_wconf 89' lang='lat'><strong>,</strong></span> <span class='ocrx_word' id='word_1_36' title='bbox 2761 637 2857 692; x_wconf 91' lang='lat' dir='ltr'><strong>per</strong></span> <span class='ocrx_word' id='word_1_37' title='bbox 2888 621 3167 678; x_wconf 87' lang='lat' dir='ltr'><strong>Sieberum</strong></span> <span class='ocrx_word' id='word_1_38' title='bbox 3197 623 3556 679; x_wconf 86' lang='lat' dir='ltr'><strong>Alemannum</strong></span> <span class='ocrx_word' id='word_1_39' title='bbox 3586 665 3603 690; x_wconf 94' lang='lat'><strong>,</strong></span> <span class='ocrx_word' id='word_1_40' title='bbox 3645 625 3735 694; x_wconf 86' lang='lat' dir='ltr'><strong>qui</strong></span> 
     </span>
    </p>
   </div>
   <div class='ocr_carea' id='block_1_5' title="bbox 423 713 3730 785">
    <p class='ocr_par' dir='ltr' id='par_1_5' title="bbox 423 713 3730 785">
     <span class='ocr_line' id='line_1_5' title="bbox 423 713 3730 785; baseline 0.001 -18"><span class='ocrx_word' id='word_1_41' title='bbox 423 714 682 783; x_wconf 91' lang='lat' dir='ltr'><strong>positum.</strong></span> <span class='ocrx_word' id='word_1_42' title='bbox 729 713 1013 783; x_wconf 63' lang='lat' dir='ltr'><strong>[inpressae</strong></span> <span class='ocrx_word' id='word_1_43' title='bbox 1047 714 1261 769; x_wconf 80' lang='lat' dir='ltr'><strong>inerunt</strong></span> <span class='ocrx_word' id='word_1_44' title='bbox 1297 714 1380 767; x_wconf 71' lang='lat' dir='ltr'><strong>lite</strong></span> <span class='ocrx_word' id='word_1_45' title='bbox 1427 713 1562 769; x_wconf 80' lang='lat' dir='ltr'><strong>Sixti</strong></span> <span class='ocrx_word' id='word_1_46' title='bbox 1610 715 1662 768; x_wconf 94' lang='lat' dir='ltr'><strong>in</strong></span> <span class='ocrx_word' id='word_1_47' title='bbox 1694 713 2023 770; x_wconf 76' lang='lat' dir='ltr'><strong>Bibliothecw</strong></span> <span class='ocrx_word' id='word_1_48' title='bbox 2126 716 2290 769; x_wconf 87' lang='lat' dir='ltr'><strong>etiam</strong></span> <span class='ocrx_word' id='word_1_49' title='bbox 2312 714 2595 784; x_wconf 83' lang='lat' dir='ltr'><strong>praetendit</strong></span> <span class='ocrx_word' id='word_1_50' title='bbox 2620 713 2718 768; x_wconf 89' lang='lat' dir='ltr'><strong>has</strong></span> <span class='ocrx_word' id='word_1_51' title='bbox 2741 715 3037 770; x_wconf 73' lang='lat' dir='ltr'><strong>sententias</strong></span> <span class='ocrx_word' id='word_1_52' title='bbox 3064 730 3249 770; x_wconf 81' lang='lat' dir='ltr'><strong>revera</strong></span> <span class='ocrx_word' id='word_1_53' title='bbox 3273 730 3394 770; x_wconf 89' lang='lat' dir='ltr'><strong>esse</strong></span> <span class='ocrx_word' id='word_1_54' title='bbox 3412 713 3550 771; x_wconf 73' lang='lat' dir='ltr'><strong>Sini</strong></span> <span class='ocrx_word' id='word_1_55' title='bbox 3577 729 3730 785; x_wconf 79' lang='lat' dir='ltr'><strong>papa:</strong></span> 
     </span>
    </p>
   </div>
   <div class='ocr_carea' id='block_1_6' title="bbox 422 807 3736 878">
    <p class='ocr_par' dir='ltr' id='par_1_6' title="bbox 422 807 3736 878">
     <span class='ocr_line' id='line_1_6' title="bbox 422 807 3736 878; baseline 0.002 -22"><span class='ocrx_word' id='word_1_56' title='bbox 422 816 626 876; x_wconf 79' lang='lat' dir='ltr'><strong>patrum</strong></span> <span class='ocrx_word' id='word_1_57' title='bbox 656 815 800 860; x_wconf 92' lang='lat' dir='ltr'><strong>tomo</strong></span> <span class='ocrx_word' id='word_1_58' title='bbox 828 823 907 871; x_wconf 92' lang='grc' dir='ltr'>ιιι,</span> <span class='ocrx_word' id='word_1_59' title='bbox 941 817 993 862; x_wconf 90' lang='lat' dir='ltr'><strong>et</strong></span> <span class='ocrx_word' id='word_1_60' title='bbox 1022 809 1309 877; x_wconf 75' lang='lat' dir='ltr'><strong>separatim</strong></span> <span class='ocrx_word' id='word_1_61' title='bbox 1341 822 1461 861; x_wconf 90' lang='lat' dir='ltr'><strong>cum</strong></span> <span class='ocrx_word' id='word_1_62' title='bbox 1487 807 1805 877; x_wconf 76' lang='lat' dir='ltr'><strong>prmiatione</strong></span> <span class='ocrx_word' id='word_1_63' title='bbox 1841 810 2021 865; x_wconf 78' lang='lat' dir='ltr'><strong>Ruﬁni</strong></span> <span class='ocrx_word' id='word_1_64' title='bbox 2125 817 2180 864; x_wconf 86' lang='lat' dir='ltr'><strong>et</strong></span> <span class='ocrx_word' id='word_1_65' title='bbox 2202 810 2471 878; x_wconf 79' lang='lat' dir='ltr'><strong>martyris.</strong></span> <span class='ocrx_word' id='word_1_66' title='bbox 2507 810 2620 863; x_wconf 90' lang='lat' dir='ltr'><strong>Duo</strong></span> <span class='ocrx_word' id='word_1_67' title='bbox 2650 808 2810 863; x_wconf 89' lang='lat' dir='ltr'><strong>etiam</strong></span> <span class='ocrx_word' id='word_1_68' title='bbox 2843 823 3078 865; x_wconf 83' lang='lat' dir='ltr'><strong>canones</strong></span> <span class='ocrx_word' id='word_1_69' title='bbox 3132 810 3233 865; x_wconf 87' lang='lat' dir='ltr'><strong>sub</strong></span> <span class='ocrx_word' id='word_1_70' title='bbox 3260 809 3403 865; x_wconf 84' lang='lat' dir='ltr'><strong>Sixti</strong></span> <span class='ocrx_word' id='word_1_71' title='bbox 3436 808 3476 863; x_wconf 93' lang='lat' dir='ltr'><strong>ll</strong></span> <span class='ocrx_word' id='word_1_72' title='bbox 3515 810 3736 864; x_wconf 86' lang='lat' dir='ltr'><strong>nomine</strong></span> 
     </span>
    </p>
   </div>
   <div class='ocr_carea' id='block_1_7' title="bbox 421 898 2020 969">
    <p class='ocr_par' dir='ltr' id='par_1_7' title="bbox 421 898 2020 969">
     <span class='ocr_line' id='line_1_7' title="bbox 421 898 2020 969; baseline 0.002 -16"><span class='ocrx_word' id='word_1_73' title='bbox 421 898 491 954; x_wconf 88' lang='lat' dir='ltr'><strong>ad</strong></span> <span class='ocrx_word' id='word_1_74' title='bbox 519 901 910 969; x_wconf 82' lang='lat' dir='ltr'><strong>Apronianum,</strong></span> <span class='ocrx_word' id='word_1_75' title='bbox 941 900 1187 965; x_wconf 79' lang='lat' dir='ltr'><strong>Basileae,</strong></span> <span class='ocrx_word' id='word_1_76' title='bbox 1217 898 1389 963; x_wconf 70' lang='grc' dir='ltr'><strong>152ος</strong></span> <span class='ocrx_word' id='word_1_77' title='bbox 1417 898 1677 968; x_wconf 68' lang='grc' dir='ltr'><strong>ΟυΙοηίω,</strong></span> <span class='ocrx_word' id='word_1_78' title='bbox 1707 900 1880 966; x_wconf 64' lang='lat'><strong>1522;</strong></span> <span class='ocrx_word' id='word_1_79' title='bbox 1913 901 2020 956; x_wconf 88' lang='lat' dir='ltr'><strong>Lo-</strong></span> 
     </span>
    </p>
   </div>
   <div class='ocr_carea' id='block_1_8' title="bbox 427 992 2019 1066">
    <p class='ocr_par' dir='ltr' id='par_1_8' title="bbox 427 992 2019 1066">
     <span class='ocr_line' id='line_1_8' title="bbox 427 992 2019 1066; baseline 0.003 -20"><span class='ocrx_word' id='word_1_80' title='bbox 427 993 574 1047; x_wconf 87' lang='lat' dir='ltr'><strong>vanii</strong></span> <span class='ocrx_word' id='word_1_81' title='bbox 606 1035 620 1060; x_wconf 93' lang='lat'><strong>,</strong></span> <span class='ocrx_word' id='word_1_82' title='bbox 673 994 850 1060; x_wconf 66' lang='lat'><strong>4618;</strong></span> <span class='ocrx_word' id='word_1_83' title='bbox 896 992 1316 1061; x_wconf 82' lang='lat' dir='ltr'><strong>Amstelodami,</strong></span> <span class='ocrx_word' id='word_1_84' title='bbox 1376 992 1558 1061; x_wconf 68' lang='lat'><strong>1688;</strong></span> <span class='ocrx_word' id='word_1_85' title='bbox 1612 995 1664 1049; x_wconf 93' lang='lat' dir='ltr'><strong>in</strong></span> <span class='ocrx_word' id='word_1_86' title='bbox 1733 995 2019 1066; x_wconf 87' lang='lat' dir='ltr'><strong>Opusculis</strong></span> 
     </span>
    </p>
   </div>
   <div class='ocr_carea' id='block_1_9' title="bbox 484 1129 1727 1203">
    <p class='ocr_par' dir='ltr' id='par_1_9' title="bbox 484 1129 1727 1203">
     <span class='ocr_line' id='line_1_9' title="bbox 484 1129 1727 1203; baseline 0.001 -17"><span class='ocrx_word' id='word_1_87' title='bbox 484 1131 563 1203; x_wconf 84' lang='lat' dir='ltr'><strong>(i)</strong></span> <span class='ocrx_word' id='word_1_88' title='bbox 586 1132 740 1201; x_wconf 84' lang='lat' dir='ltr'><strong>Apud</strong></span> <span class='ocrx_word' id='word_1_89' title='bbox 768 1130 956 1197; x_wconf 83' lang='lat' dir='ltr'><strong>Mansi,</strong></span> <span class='ocrx_word' id='word_1_90' title='bbox 988 1140 1118 1186; x_wconf 86' lang='lat' dir='ltr'><strong>tom.</strong></span> <span class='ocrx_word' id='word_1_91' title='bbox 1143 1146 1237 1186; x_wconf 89' lang='lat' dir='ltr'><strong>vm</strong></span> <span class='ocrx_word' id='word_1_92' title='bbox 1263 1129 1487 1197; x_wconf 84' lang='lat' dir='ltr'><strong>Concit.,</strong></span> <span class='ocrx_word' id='word_1_93' title='bbox 1514 1146 1567 1202; x_wconf 89' lang='lat' dir='ltr'><strong>p.</strong></span> <span class='ocrx_word' id='word_1_94' title='bbox 1602 1132 1727 1187; x_wconf 75' lang='grc'><strong>151.</strong></span> 
     </span>
    </p>
   </div>
   <div class='ocr_carea' id='block_1_10' title="bbox 2123 902 3102 975">
    <p class='ocr_par' dir='ltr' id='par_1_10' title="bbox 2123 902 3102 975">
     <span class='ocr_line' id='line_1_10' title="bbox 2123 902 3102 975; baseline -0.003 -17"><span class='ocrx_word' id='word_1_95' title='bbox 2123 921 2152 958; x_wconf 86' lang='lat' dir='ltr'><strong>a</strong></span> <span class='ocrx_word' id='word_1_96' title='bbox 2181 903 2456 960; x_wconf 88' lang='lat' dir='ltr'><strong>Gratiamo</strong></span> <span class='ocrx_word' id='word_1_97' title='bbox 2487 918 2716 958; x_wconf 90' lang='lat' dir='ltr'><strong>erronee</strong></span> <span class='ocrx_word' id='word_1_98' title='bbox 2743 902 2979 958; x_wconf 88' lang='lat' dir='ltr'><strong>citantur</strong></span> <span class='ocrx_word' id='word_1_99' title='bbox 2999 902 3102 975; x_wconf 69' lang='lat'><strong>(2).</strong></span> 
     </span>
    </p>
   </div>
   <div class='ocr_carea' id='block_1_11' title="bbox 2194 1059 3724 1186">
    <p class='ocr_par' dir='ltr' id='par_1_11' title="bbox 2194 1059 3724 1186">
     <span class='ocr_line' id='line_1_11' title="bbox 2194 1059 3724 1186; baseline 0.003 -73"><span class='ocrx_word' id='word_1_100' title='bbox 2194 1059 2272 1186; x_wconf 54' lang='lat'><strong>(19:)</strong></span> <span class='ocrx_word' id='word_1_101' title='bbox 2295 1060 2506 1116; x_wconf 83' lang='lat' dir='ltr'><strong>Decrct.</strong></span> <span class='ocrx_word' id='word_1_102' title='bbox 2542 1061 2858 1130; x_wconf 77' lang='lat' dir='ltr'><strong>Gratiani,2</strong></span> <span class='ocrx_word' id='word_1_103' title='bbox 2885 1061 3179 1128; x_wconf 68' lang='lat' dir='ltr'><strong>Quaastion.</strong></span> <span class='ocrx_word' id='word_1_104' title='bbox 3205 1077 3254 1118; x_wconf 92' lang='lat' dir='ltr'><strong>e.</strong></span> <span class='ocrx_word' id='word_1_105' title='bbox 3279 1061 3334 1128; x_wconf 87' lang='lat'><strong>6,</strong></span> <span class='ocrx_word' id='word_1_106' title='bbox 3365 1063 3484 1119; x_wconf 79' lang='lat' dir='ltr'><strong>et3.</strong></span> <span class='ocrx_word' id='word_1_107' title='bbox 3511 1062 3724 1131; x_wconf 66' lang='lat' dir='ltr'><strong>QuieSt.</strong></span> 
     </span>
    </p>
   </div>
   <div class='ocr_carea' id='block_1_12' title="bbox 2125 1147 2292 1186">
    <p class='ocr_par' dir='ltr' id='par_1_12' title="bbox 2125 1147 2292 1186">
     <span class='ocr_line' id='line_1_12' title="bbox 2125 1147 2292 1186; baseline 0 0"><span class='ocrx_word' id='word_1_108' title='bbox 2125 1147 2292 1186; x_wconf 75' lang='lat'><strong>0.11.</strong></span> 
     </span>
    </p>
   </div>
   <div class='ocr_carea' id='block_1_13' title="bbox 427 1310 3738 1347">
    <p class='ocr_par' dir='ltr' id='par_1_13' title="bbox 427 1310 3738 1347">
     <span class='ocr_line' id='line_1_13' title="bbox 427 1310 3738 1347; baseline 0.001 -9"><span class='ocrx_word' id='word_1_109' title='bbox 427 1310 3738 1347; x_wconf 62' lang='lat' dir='ltr'><em>W</em></span> 
     </span>
    </p>
   </div>
   <div class='ocr_carea' id='block_1_14' title="bbox 556 1525 2016 1664">
    <p class='ocr_par' dir='ltr' id='par_1_14' title="bbox 556 1525 2002 1658">
     <span class='ocr_line' id='line_1_14' title="bbox 556 1525 2002 1658; baseline -0.002 -2"><span class='ocrx_word' id='word_1_110' title='bbox 556 1529 1008 1656; x_wconf 90' lang='lat' dir='ltr'><strong>SIXTI</strong></span> <span class='ocrx_word' id='word_1_111' title='bbox 1107 1525 1641 1658; x_wconf 63' lang='lat' dir='ltr'><strong>PAPfE</strong></span> <span class='ocrx_word' id='word_1_112' title='bbox 1707 1530 1822 1652; x_wconf 96' lang='grc' dir='ltr'>ΙΙ</span> <span class='ocrx_word' id='word_1_113' title='bbox 1895 1531 2002 1653; x_wconf 90' lang='grc' dir='ltr'><strong><em>Ε</em></strong></span> 
     </span>
    </p>
   </div>
   <div class='ocr_carea' id='block_1_15' title="bbox 2194 1525 3551 1664">
    <p class='ocr_par' dir='ltr' id='par_1_15' title="bbox 2201 1528 3551 1664">
     <span class='ocr_line' id='line_1_15' title="bbox 2201 1528 3551 1664; baseline 0.007 -9"><span class='ocrx_word' id='word_1_114' title='bbox 2201 1528 2829 1658; x_wconf 52' lang='grc' dir='ltr'><strong>ΞΤΟΙΑἘ</strong></span> <span class='ocrx_word' id='word_1_115' title='bbox 2893 1529 3551 1664; x_wconf 75' lang='lat' dir='ltr'><strong>DUBLE.</strong></span> 
     </span>
    </p>
   </div>
   <div class='ocr_carea' id='block_1_16' title="bbox 1913 1779 2400 1860">
    <p class='ocr_par' dir='ltr' id='par_1_16' title="bbox 1913 1779 2400 1860">
     <span class='ocr_line' id='line_1_16' title="bbox 1913 1779 2400 1860; baseline 0 -24"><span class='ocrx_word' id='word_1_116' title='bbox 1913 1779 2400 1860; x_wconf 55' lang='grc' dir='ltr'><strong>ειη-φθοροπ-</strong></span> 
     </span>
    </p>
   </div>
   <div class='ocr_carea' id='block_1_17' title="bbox 907 1962 1517 2020">
    <p class='ocr_par' dir='ltr' id='par_1_17' title="bbox 907 1962 1517 2020">
     <span class='ocr_line' id='line_1_17' title="bbox 907 1962 1517 2020; baseline -0.002 -1"><span class='ocrx_word' id='word_1_117' title='bbox 907 1962 1246 2020; x_wconf 87' lang='lat' dir='ltr'><strong>EPISTOLA</strong></span> <span class='ocrx_word' id='word_1_118' title='bbox 1283 1963 1517 2020; x_wconf 81' lang='lat' dir='ltr'><strong>PRIMA.</strong></span> 
     </span>
    </p>
   </div>
   <div class='ocr_carea' id='block_1_18' title="bbox 720 2114 1684 2164">
    <p class='ocr_par' dir='ltr' id='par_1_18' title="bbox 720 2114 1684 2164">
     <span class='ocr_line' id='line_1_18' title="bbox 720 2114 1684 2164; baseline 0.001 -9"><span class='ocrx_word' id='word_1_119' title='bbox 720 2116 786 2155; x_wconf 77' lang='lat' dir='ltr'><strong>AD</strong></span> <span class='ocrx_word' id='word_1_120' title='bbox 829 2115 1044 2156; x_wconf 72' lang='grc' dir='ltr'>οιιΑτσιι</span> <span class='ocrx_word' id='word_1_121' title='bbox 1081 2115 1337 2164; x_wconf 72' lang='lat' dir='ltr'><strong>QUBIDAM</strong></span> <span class='ocrx_word' id='word_1_122' title='bbox 1369 2114 1684 2157; x_wconf 63' lang='lat' dir='ltr'><strong>EPISCOPUR.</strong></span> 
     </span>
    </p>
   </div>
   <div class='ocr_carea' id='block_1_19' title="bbox 410 2230 2014 2304">
    <p class='ocr_par' dir='ltr' id='par_1_19' title="bbox 410 2230 2014 2304">
     <span class='ocr_line' id='line_1_19' title="bbox 410 2230 2014 2304; baseline 0.001 -15"><span class='ocrx_word' id='word_1_123' title='bbox 410 2234 588 2289; x_wconf 83' lang='lat' dir='ltr'><strong>Licere</strong></span> <span class='ocrx_word' id='word_1_124' title='bbox 621 2234 871 2287; x_wconf 75' lang='lat' dir='ltr'><strong>accusatis</strong></span> <span class='ocrx_word' id='word_1_125' title='bbox 899 2235 975 2287; x_wconf 83' lang='lat' dir='ltr'><strong>vel</strong></span> <span class='ocrx_word' id='word_1_126' title='bbox 1002 2233 1260 2287; x_wconf 75' lang='lat' dir='ltr'><strong>damnatis</strong></span> <span class='ocrx_word' id='word_1_127' title='bbox 1289 2234 1542 2304; x_wconf 79' lang='lat' dir='ltr'><strong>episcOpis</strong></span> <span class='ocrx_word' id='word_1_128' title='bbox 1589 2234 1884 2304; x_wconf 88' lang='lat' dir='ltr'><strong>appellare,</strong></span> <span class='ocrx_word' id='word_1_129' title='bbox 1909 2230 2014 2290; x_wconf 82' lang='lat' dir='ltr'><strong>sive</strong></span> 
     </span>
    </p>
   </div>
   <div class='ocr_carea' id='block_1_20' title="bbox 480 2326 2014 2396">
    <p class='ocr_par' dir='ltr' id='par_1_20' title="bbox 480 2326 2014 2396">
     <span class='ocr_line' id='line_1_20' title="bbox 480 2326 2014 2396; baseline 0.001 -15"><span class='ocrx_word' id='word_1_130' title='bbox 480 2327 624 2381; x_wconf 87' lang='lat' dir='ltr'><strong>adire</strong></span> <span class='ocrx_word' id='word_1_131' title='bbox 645 2327 815 2382; x_wconf 88' lang='lat' dir='ltr'><strong>sedem</strong></span> <span class='ocrx_word' id='word_1_132' title='bbox 837 2326 1195 2396; x_wconf 86' lang='lat' dir='ltr'><strong>apostolicam,</strong></span> <span class='ocrx_word' id='word_1_133' title='bbox 1215 2328 1324 2380; x_wconf 87' lang='lat' dir='ltr'><strong>sine</strong></span> <span class='ocrx_word' id='word_1_134' title='bbox 1344 2328 1492 2396; x_wconf 82' lang='lat' dir='ltr'><strong>cujus</strong></span> <span class='ocrx_word' id='word_1_135' title='bbox 1521 2328 1820 2382; x_wconf 87' lang='lat' dir='ltr'><strong>auctoritate</strong></span> <span class='ocrx_word' id='word_1_136' title='bbox 1844 2344 2014 2382; x_wconf 78' lang='lat' dir='ltr'><strong>causa:</strong></span> 
     </span>
    </p>
   </div>
   <div class='ocr_carea' id='block_1_21' title="bbox 481 2417 1307 2476">
    <p class='ocr_par' dir='ltr' id='par_1_21' title="bbox 481 2417 1307 2476">
     <span class='ocr_line' id='line_1_21' title="bbox 481 2417 1307 2476; baseline -0.006 0"><span class='ocrx_word' id='word_1_137' title='bbox 481 2437 658 2476; x_wconf 87' lang='lat' dir='ltr'><strong>eorum</strong></span> <span class='ocrx_word' id='word_1_138' title='bbox 685 2419 948 2472; x_wconf 77' lang='lat' dir='ltr'><strong>terminari</strong></span> <span class='ocrx_word' id='word_1_139' title='bbox 977 2434 1078 2472; x_wconf 89' lang='lat' dir='ltr'><strong>non</strong></span> <span class='ocrx_word' id='word_1_140' title='bbox 1106 2417 1307 2472; x_wconf 85' lang='lat' dir='ltr'><strong>debent.</strong></span> 
     </span>
    </p>
   </div>
   <div class='ocr_carea' id='block_1_22' title="bbox 517 2553 1897 2626">
    <p class='ocr_par' dir='ltr' id='par_1_22' title="bbox 517 2553 1897 2626">
     <span class='ocr_line' id='line_1_22' title="bbox 517 2553 1897 2626; baseline -0.003 -15"><span class='ocrx_word' id='word_1_141' title='bbox 517 2555 806 2626; x_wconf 82' lang='lat' dir='ltr'><strong>Episcopus</strong></span> <span class='ocrx_word' id='word_1_142' title='bbox 865 2553 1047 2608; x_wconf 76' lang='lat' dir='ltr'><strong>Sixtus</strong></span> <span class='ocrx_word' id='word_1_143' title='bbox 1088 2553 1248 2606; x_wconf 76' lang='lat' dir='ltr'><strong>Grato</strong></span> <span class='ocrx_word' id='word_1_144' title='bbox 1297 2553 1601 2624; x_wconf 77' lang='lat' dir='ltr'><strong>coepiscOpo</strong></span> <span class='ocrx_word' id='word_1_145' title='bbox 1659 2553 1897 2608; x_wconf 83' lang='lat' dir='ltr'><strong>salutem.</strong></span> 
     </span>
    </p>
   </div>
   <div class='ocr_carea' id='block_1_23' title="bbox 479 2647 2008 2720">
    <p class='ocr_par' dir='ltr' id='par_1_23' title="bbox 479 2647 2008 2720">
     <span class='ocr_line' id='line_1_23' title="bbox 479 2647 2008 2720; baseline -0.003 -12"><span class='ocrx_word' id='word_1_146' title='bbox 479 2651 675 2708; x_wconf 69' lang='lat' dir='ltr'><strong>Laztari</strong></span> <span class='ocrx_word' id='word_1_147' title='bbox 702 2661 754 2705; x_wconf 90' lang='lat' dir='ltr'><strong>et</strong></span> <span class='ocrx_word' id='word_1_148' title='bbox 780 2649 1016 2720; x_wconf 86' lang='lat' dir='ltr'><strong>gaudere</strong></span> <span class='ocrx_word' id='word_1_149' title='bbox 1039 2664 1123 2703; x_wconf 91' lang='lat' dir='ltr'><strong>me</strong></span> <span class='ocrx_word' id='word_1_150' title='bbox 1151 2647 1300 2718; x_wconf 91' lang='lat' dir='ltr'><strong>(Leo,</strong></span> <span class='ocrx_word' id='word_1_151' title='bbox 1330 2649 1478 2717; x_wconf 85' lang='lat' dir='ltr'><strong>epist.</strong></span> <span class='ocrx_word' id='word_1_152' title='bbox 1511 2647 1603 2716; x_wconf 79' lang='lat'><strong>5|)</strong></span> <span class='ocrx_word' id='word_1_153' title='bbox 1640 2647 1927 2716; x_wconf 89' lang='lat' dir='ltr'><strong>plurimum</strong></span> <span class='ocrx_word' id='word_1_154' title='bbox 1956 2650 2008 2704; x_wconf 91' lang='lat' dir='ltr'><strong>in</strong></span> 
     </span>
    </p>
   </div>
   <div class='ocr_carea' id='block_1_24' title="bbox 409 2739 2010 2811">
    <p class='ocr_par' dir='ltr' id='par_1_24' title="bbox 409 2739 2010 2811">
     <span class='ocr_line' id='line_1_24' title="bbox 409 2739 2010 2811; baseline -0.004 -9"><span class='ocrx_word' id='word_1_155' title='bbox 409 2746 627 2802; x_wconf 87' lang='lat' dir='ltr'><strong>Christo</strong></span> <span class='ocrx_word' id='word_1_156' title='bbox 654 2743 780 2799; x_wconf 79' lang='lat' dir='ltr'><strong>Jesu</strong></span> <span class='ocrx_word' id='word_1_157' title='bbox 827 2743 1050 2796; x_wconf 91' lang='lat' dir='ltr'><strong>Domino</strong></span> <span class='ocrx_word' id='word_1_158' title='bbox 1082 2750 1266 2794; x_wconf 90' lang='lat' dir='ltr'><strong>nostro</strong></span> <span class='ocrx_word' id='word_1_159' title='bbox 1310 2739 1618 2794; x_wconf 85' lang='lat' dir='ltr'><strong>dilectionis</strong></span> <span class='ocrx_word' id='word_1_160' title='bbox 1665 2750 1769 2795; x_wconf 70' lang='lat' dir='ltr'><strong>tua:</strong></span> <span class='ocrx_word' id='word_1_161' title='bbox 1809 2743 2010 2811; x_wconf 83' lang='lat' dir='ltr'><strong>scripta</strong></span> 
     </span>
    </p>
   </div>
   <div class='ocr_carea' id='block_1_25' title="bbox 406 2832 2008 2908">
    <p class='ocr_par' dir='ltr' id='par_1_25' title="bbox 406 2832 2008 2908">
     <span class='ocr_line' id='line_1_25' title="bbox 406 2832 2008 2908; baseline -0.006 -12"><span class='ocrx_word' id='word_1_162' title='bbox 406 2839 676 2903; x_wconf 83' lang='lat' dir='ltr'><strong>fecerunt,</strong></span> <span class='ocrx_word' id='word_1_163' title='bbox 706 2837 900 2908; x_wconf 90' lang='lat' dir='ltr'><strong>quibus</strong></span> <span class='ocrx_word' id='word_1_164' title='bbox 928 2835 1209 2890; x_wconf 86' lang='lat' dir='ltr'><strong>evidenter</strong></span> <span class='ocrx_word' id='word_1_165' title='bbox 1244 2832 1566 2899; x_wconf 85' lang='lat' dir='ltr'><strong>ostenditur,</strong></span> <span class='ocrx_word' id='word_1_166' title='bbox 1611 2840 1869 2902; x_wconf 88' lang='lat' dir='ltr'><strong>quantum</strong></span> <span class='ocrx_word' id='word_1_167' title='bbox 1914 2847 2008 2888; x_wconf 90' lang='lat' dir='ltr'><strong>ca-</strong></span> 
     </span>
    </p>
   </div>
   <div class='ocr_carea' id='block_1_26' title="bbox 409 2928 2012 3003">
    <p class='ocr_par' dir='ltr' id='par_1_26' title="bbox 409 2928 2012 3003">
     <span class='ocr_line' id='line_1_26' title="bbox 409 2928 2012 3003; baseline -0.004 -12"><span class='ocrx_word' id='word_1_168' title='bbox 409 2937 667 2992; x_wconf 86' lang='lat' dir='ltr'><strong>tholicam</strong></span> <span class='ocrx_word' id='word_1_169' title='bbox 696 2934 875 3003; x_wconf 81' lang='lat' dir='ltr'><strong>diligis</strong></span> <span class='ocrx_word' id='word_1_170' title='bbox 905 2932 1065 2986; x_wconf 78' lang='lat' dir='ltr'><strong>[idem</strong></span> <span class='ocrx_word' id='word_1_171' title='bbox 1085 2971 1098 2994; x_wconf 90' lang='lat'><strong>,</strong></span> <span class='ocrx_word' id='word_1_172' title='bbox 1127 2939 1182 2986; x_wconf 90' lang='lat' dir='ltr'><strong>et</strong></span> <span class='ocrx_word' id='word_1_173' title='bbox 1207 2939 1468 3000; x_wconf 88' lang='lat' dir='ltr'><strong>quantum</strong></span> <span class='ocrx_word' id='word_1_174' title='bbox 1512 2945 1794 2999; x_wconf 90' lang='lat' dir='ltr'><strong>pravorum</strong></span> <span class='ocrx_word' id='word_1_175' title='bbox 1835 2928 2012 2984; x_wconf 86' lang='lat' dir='ltr'><strong>homi-</strong></span> 
     </span>
    </p>
   </div>
   <div class='ocr_carea' id='block_1_27' title="bbox 409 3020 2010 3084">
    <p class='ocr_par' dir='ltr' id='par_1_27' title="bbox 409 3020 2010 3084">
     <span class='ocr_line' id='line_1_27' title="bbox 409 3020 2010 3084; baseline -0.006 0"><span class='ocrx_word' id='word_1_176' title='bbox 409 3044 538 3084; x_wconf 88' lang='lat' dir='ltr'><strong>num</strong></span> <span class='ocrx_word' id='word_1_177' title='bbox 569 3025 857 3082; x_wconf 83' lang='lat' dir='ltr'><strong>detestaris</strong></span> <span class='ocrx_word' id='word_1_178' title='bbox 902 3037 1165 3078; x_wconf 89' lang='lat' dir='ltr'><strong>errorem.</strong></span> <span class='ocrx_word' id='word_1_179' title='bbox 1198 3020 1384 3076; x_wconf 82' lang='lat' dir='ltr'><strong>Omnis</strong></span> <span class='ocrx_word' id='word_1_180' title='bbox 1427 3020 1570 3075; x_wconf 89' lang='lat' dir='ltr'><strong>enim</strong></span> <span class='ocrx_word' id='word_1_181' title='bbox 1603 3021 1824 3076; x_wconf 62' lang='lat' dir='ltr'><strong>haeresis</strong></span> <span class='ocrx_word' id='word_1_182' title='bbox 1851 3021 2010 3075; x_wconf 89' lang='lat' dir='ltr'><strong>nimis</strong></span> 
     </span>
    </p>
   </div>
   <div class='ocr_carea' id='block_1_28' title="bbox 412 3113 2010 3190">
    <p class='ocr_par' dir='ltr' id='par_1_28' title="bbox 412 3113 2010 3190">
     <span class='ocr_line' id='line_1_28' title="bbox 412 3113 2010 3190; baseline -0.006 -12"><span class='ocrx_word' id='word_1_183' title='bbox 412 3132 497 3178; x_wconf 87' lang='lat' dir='ltr'><strong>est</strong></span> <span class='ocrx_word' id='word_1_184' title='bbox 519 3121 704 3190; x_wconf 83' lang='lat' dir='ltr'><strong>impia,</strong></span> <span class='ocrx_word' id='word_1_185' title='bbox 737 3127 792 3173; x_wconf 94' lang='lat' dir='ltr'><strong>et</strong></span> <span class='ocrx_word' id='word_1_186' title='bbox 818 3117 1142 3183; x_wconf 69' lang='lat' dir='ltr'><strong>evangelica:</strong></span> <span class='ocrx_word' id='word_1_187' title='bbox 1169 3113 1413 3168; x_wconf 79' lang='lat' dir='ltr'><strong>veritatis</strong></span> <span class='ocrx_word' id='word_1_188' title='bbox 1446 3113 1658 3167; x_wconf 89' lang='lat' dir='ltr'><strong>inimica</strong></span> <span class='ocrx_word' id='word_1_189' title='bbox 1682 3156 1696 3180; x_wconf 91' lang='lat'><strong>,</strong></span> <span class='ocrx_word' id='word_1_190' title='bbox 1744 3129 1864 3182; x_wconf 66' lang='lat' dir='ltr'><strong>quae</strong></span> <span class='ocrx_word' id='word_1_191' title='bbox 1904 3129 2010 3168; x_wconf 92' lang='lat' dir='ltr'><strong>non</strong></span> 
     </span>
    </p>
   </div>
   <div class='ocr_carea' id='block_1_29' title="bbox 415 3207 2015 3287">
    <p class='ocr_par' dir='ltr' id='par_1_29' title="bbox 415 3207 2015 3287">
     <span class='ocr_line' id='line_1_29' title="bbox 415 3207 2015 3287; baseline -0.006 -16"><span class='ocrx_word' id='word_1_192' title='bbox 415 3215 719 3287; x_wconf 86' lang='lat' dir='ltr'><strong>portionem</strong></span> <span class='ocrx_word' id='word_1_193' title='bbox 743 3212 974 3280; x_wconf 83' lang='lat' dir='ltr'><strong>aliquam</strong></span> <span class='ocrx_word' id='word_1_194' title='bbox 1009 3209 1206 3262; x_wconf 67' lang='lat' dir='ltr'><strong>lardere</strong></span> <span class='ocrx_word' id='word_1_195' title='bbox 1226 3249 1240 3273; x_wconf 94' lang='lat'><strong>,</strong></span> <span class='ocrx_word' id='word_1_196' title='bbox 1269 3207 1364 3262; x_wconf 82' lang='lat' dir='ltr'><strong>sed</strong></span> <span class='ocrx_word' id='word_1_197' title='bbox 1398 3207 1512 3278; x_wconf 56' lang='lat' dir='ltr'><strong>ipsa</strong></span> <span class='ocrx_word' id='word_1_198' title='bbox 1543 3208 1849 3261; x_wconf 72' lang='lat' dir='ltr'><strong>christiana:</strong></span> <span class='ocrx_word' id='word_1_199' title='bbox 1891 3209 2015 3261; x_wconf 89' lang='lat' dir='ltr'><strong>reli-</strong></span> 
     </span>
    </p>
   </div>
   <div class='ocr_carea' id='block_1_30' title="bbox 416 3303 2010 3383">
    <p class='ocr_par' dir='ltr' id='par_1_30' title="bbox 416 3303 2010 3383">
     <span class='ocr_line' id='line_1_30' title="bbox 416 3303 2010 3383; baseline -0.006 -18"><span class='ocrx_word' id='word_1_200' title='bbox 416 3313 589 3383; x_wconf 81' lang='lat' dir='ltr'><strong>gionis</strong></span> <span class='ocrx_word' id='word_1_201' title='bbox 633 3318 860 3365; x_wconf 85' lang='lat' dir='ltr'><strong>canatur</strong></span> <span class='ocrx_word' id='word_1_202' title='bbox 899 3304 1244 3359; x_wconf 77' lang='lat' dir='ltr'><strong>fundatnenta</strong></span> <span class='ocrx_word' id='word_1_203' title='bbox 1277 3303 1604 3358; x_wconf 78' lang='lat' dir='ltr'><strong>convellere.</strong></span> <span class='ocrx_word' id='word_1_204' title='bbox 1638 3303 1839 3357; x_wconf 76' lang='lat' dir='ltr'><strong>llIemor</strong></span> <span class='ocrx_word' id='word_1_205' title='bbox 1865 3304 2010 3357; x_wconf 91' lang='lat' dir='ltr'><strong>enim</strong></span> 
     </span>
    </p>
   </div>
   <div class='ocr_carea' id='block_1_31' title="bbox 415 3393 2016 3470">
    <p class='ocr_par' dir='ltr' id='par_1_31' title="bbox 415 3393 2016 3470">
     <span class='ocr_line' id='line_1_31' title="bbox 415 3393 2016 3470; baseline -0.006 -11"><span class='ocrx_word' id='word_1_206' title='bbox 415 3419 558 3470; x_wconf 88' lang='lat' dir='ltr'><strong>sum,</strong></span> <span class='ocrx_word' id='word_1_207' title='bbox 587 3416 670 3455; x_wconf 88' lang='lat' dir='ltr'><strong>me</strong></span> <span class='ocrx_word' id='word_1_208' title='bbox 701 3399 800 3453; x_wconf 86' lang='lat' dir='ltr'><strong>sub</strong></span> <span class='ocrx_word' id='word_1_209' title='bbox 827 3397 965 3450; x_wconf 86' lang='lat' dir='ltr'><strong>illius</strong></span> <span class='ocrx_word' id='word_1_210' title='bbox 995 3395 1211 3449; x_wconf 81' lang='lat' dir='ltr'><strong>nomine</strong></span> <span class='ocrx_word' id='word_1_211' title='bbox 1238 3394 1481 3448; x_wconf 69' lang='lat' dir='ltr'><strong>ecclesise</strong></span> <span class='ocrx_word' id='word_1_212' title='bbox 1512 3394 1834 3462; x_wconf 73' lang='lat' dir='ltr'><strong>pra-sidere;</strong></span> <span class='ocrx_word' id='word_1_213' title='bbox 1863 3393 2016 3464; x_wconf 81' lang='lat' dir='ltr'><strong>cujus</strong></span> 
     </span>
    </p>
   </div>
   <div class='ocr_carea' id='block_1_32' title="bbox 416 3485 2014 3556">
    <p class='ocr_par' dir='ltr' id='par_1_32' title="bbox 416 3485 2014 3556">
     <span class='ocr_line' id='line_1_32' title="bbox 416 3485 2014 3556; baseline -0.006 -6"><span class='ocrx_word' id='word_1_214' title='bbox 416 3513 447 3551; x_wconf 91' lang='lat' dir='ltr'><strong>a</strong></span> <span class='ocrx_word' id='word_1_215' title='bbox 476 3494 702 3550; x_wconf 90' lang='lat' dir='ltr'><strong>Domino</strong></span> <span class='ocrx_word' id='word_1_216' title='bbox 735 3501 920 3545; x_wconf 73' lang='lat' dir='ltr'><strong>nostro</strong></span> <span class='ocrx_word' id='word_1_217' title='bbox 951 3489 1078 3543; x_wconf 87' lang='lat' dir='ltr'><strong>.Iesn</strong></span> <span class='ocrx_word' id='word_1_218' title='bbox 1114 3487 1332 3540; x_wconf 83' lang='lat' dir='ltr'><strong>Christo</strong></span> <span class='ocrx_word' id='word_1_219' title='bbox 1361 3497 1441 3539; x_wconf 79' lang='lat' dir='ltr'><strong>est</strong></span> <span class='ocrx_word' id='word_1_220' title='bbox 1467 3485 1766 3556; x_wconf 80' lang='lat' dir='ltr'><strong>gloriﬁCata</strong></span> <span class='ocrx_word' id='word_1_221' title='bbox 1795 3485 2014 3541; x_wconf 84' lang='lat' dir='ltr'><strong>confes-</strong></span> 
     </span>
    </p>
   </div>
   <div class='ocr_carea' id='block_1_33' title="bbox 419 3576 2015 3656">
    <p class='ocr_par' dir='ltr' id='par_1_33' title="bbox 419 3576 2015 3656">
     <span class='ocr_line' id='line_1_33' title="bbox 419 3576 2015 3656; baseline -0.006 -17"><span class='ocrx_word' id='word_1_222' title='bbox 419 3590 522 3651; x_wconf 69' lang='lat' dir='ltr'><strong>sio,</strong></span> <span class='ocrx_word' id='word_1_223' title='bbox 549 3595 602 3640; x_wconf 91' lang='lat' dir='ltr'><strong>et</strong></span> <span class='ocrx_word' id='word_1_224' title='bbox 633 3584 720 3656; x_wconf 91' lang='lat' dir='ltr'><strong>(S.</strong></span> <span class='ocrx_word' id='word_1_225' title='bbox 749 3582 871 3648; x_wconf 90' lang='lat' dir='ltr'><strong>Leo,</strong></span> <span class='ocrx_word' id='word_1_226' title='bbox 901 3582 1051 3651; x_wconf 88' lang='lat' dir='ltr'><strong>epist.</strong></span> <span class='ocrx_word' id='word_1_227' title='bbox 1083 3579 1172 3648; x_wconf 78' lang='grc'><strong>51)</strong></span> <span class='ocrx_word' id='word_1_228' title='bbox 1202 3579 1355 3644; x_wconf 91' lang='lat' dir='ltr'><strong>cujus</strong></span> <span class='ocrx_word' id='word_1_229' title='bbox 1387 3578 1521 3631; x_wconf 88' lang='lat' dir='ltr'><strong>lides</strong></span> <span class='ocrx_word' id='word_1_230' title='bbox 1551 3576 1752 3631; x_wconf 88' lang='lat' dir='ltr'><strong>nullmn</strong></span> <span class='ocrx_word' id='word_1_231' title='bbox 1784 3593 2015 3647; x_wconf 86' lang='lat' dir='ltr'><strong>unquam</strong></span> 
     </span>
    </p>
   </div>
   <div class='ocr_carea' id='block_1_34' title="bbox 414 3671 2018 3744">
    <p class='ocr_par' dir='ltr' id='par_1_34' title="bbox 414 3671 2018 3744">
     <span class='ocr_line' id='line_1_34' title="bbox 414 3671 2018 3744; baseline -0.007 -10"><span class='ocrx_word' id='word_1_232' title='bbox 414 3681 576 3744; x_wconf 79' lang='lat' dir='ltr'><strong>fallit,</strong></span> <span class='ocrx_word' id='word_1_233' title='bbox 604 3677 699 3734; x_wconf 90' lang='lat' dir='ltr'><strong>sed</strong></span> <span class='ocrx_word' id='word_1_234' title='bbox 733 3691 919 3730; x_wconf 85' lang='lat' dir='ltr'><strong>omnes</strong></span> <span class='ocrx_word' id='word_1_235' title='bbox 952 3673 1166 3744; x_wconf 85' lang='lat' dir='ltr'><strong>quidem</strong></span> <span class='ocrx_word' id='word_1_236' title='bbox 1216 3671 1452 3725; x_wconf 66' lang='lat' dir='ltr'><strong>hzereses‘</strong></span> <span class='ocrx_word' id='word_1_237' title='bbox 1480 3671 1729 3725; x_wconf 80' lang='lat' dir='ltr'><strong>destruit.</strong></span> <span class='ocrx_word' id='word_1_238' title='bbox 1768 3671 2018 3740; x_wconf 82' lang='lat' dir='ltr'><strong>Intelligo</strong></span> 
     </span>
    </p>
   </div>
   <div class='ocr_carea' id='block_1_35' title="bbox 415 3765 2019 3833">
    <p class='ocr_par' dir='ltr' id='par_1_35' title="bbox 415 3765 2019 3833">
     <span class='ocr_line' id='line_1_35' title="bbox 415 3765 2019 3833; baseline -0.007 -5"><span class='ocrx_word' id='word_1_239' title='bbox 415 3782 595 3828; x_wconf 87' lang='lat' dir='ltr'><strong>autem</strong></span> <span class='ocrx_word' id='word_1_240' title='bbox 627 3769 757 3824; x_wconf 85' lang='lat' dir='ltr'><strong>mihi</strong></span> <span class='ocrx_word' id='word_1_241' title='bbox 789 3769 945 3821; x_wconf 78' lang='lat' dir='ltr'><strong>aliter</strong></span> <span class='ocrx_word' id='word_1_242' title='bbox 977 3782 1083 3819; x_wconf 90' lang='lat' dir='ltr'><strong>non</strong></span> <span class='ocrx_word' id='word_1_243' title='bbox 1106 3765 1293 3827; x_wconf 87' lang='lat' dir='ltr'><strong>licere,</strong></span> <span class='ocrx_word' id='word_1_244' title='bbox 1324 3779 1483 3833; x_wconf 85' lang='lat' dir='ltr'><strong>quam</strong></span> <span class='ocrx_word' id='word_1_245' title='bbox 1515 3772 1572 3817; x_wconf 91' lang='lat' dir='ltr'><strong>nt</strong></span> <span class='ocrx_word' id='word_1_246' title='bbox 1619 3779 1812 3818; x_wconf 84' lang='lat' dir='ltr'><strong>omnes</strong></span> <span class='ocrx_word' id='word_1_247' title='bbox 1861 3782 2019 3818; x_wconf 89' lang='lat' dir='ltr'><strong>cona-</strong></span> 
     </span>
    </p>
   </div>
   <div class='ocr_carea' id='block_1_36' title="bbox 415 3855 2018 3926">
    <p class='ocr_par' dir='ltr' id='par_1_36' title="bbox 415 3855 2018 3926">
     <span class='ocr_line' id='line_1_36' title="bbox 415 3855 2018 3926; baseline -0.004 -7"><span class='ocrx_word' id='word_1_248' title='bbox 415 3873 503 3919; x_wconf 89' lang='lat' dir='ltr'><strong>tus</strong></span> <span class='ocrx_word' id='word_1_249' title='bbox 535 3877 685 3916; x_wconf 91' lang='lat' dir='ltr'><strong>meos</strong></span> <span class='ocrx_word' id='word_1_250' title='bbox 715 3862 762 3915; x_wconf 91' lang='lat' dir='ltr'><strong>ei</strong></span> <span class='ocrx_word' id='word_1_251' title='bbox 786 3860 998 3924; x_wconf 54' lang='lat' dir='ltr'><strong>causz‘ej,</strong></span> <span class='ocrx_word' id='word_1_252' title='bbox 1034 3859 1085 3910; x_wconf 90' lang='lat' dir='ltr'><strong>in</strong></span> <span class='ocrx_word' id='word_1_253' title='bbox 1115 3871 1217 3926; x_wconf 86' lang='lat' dir='ltr'><strong>qua</strong></span> <span class='ocrx_word' id='word_1_254' title='bbox 1249 3855 1569 3910; x_wconf 85' lang='lat' dir='ltr'><strong>universalis</strong></span> <span class='ocrx_word' id='word_1_255' title='bbox 1599 3857 1841 3911; x_wconf 74' lang='lat' dir='ltr'><strong>ecclesia:</strong></span> <span class='ocrx_word' id='word_1_256' title='bbox 1873 3859 2018 3912; x_wconf 86' lang='lat' dir='ltr'><strong>salus</strong></span> 
     </span>
    </p>
   </div>
   <div class='ocr_carea' id='block_1_37' title="bbox 419 3949 2019 4022">
    <p class='ocr_par' dir='ltr' id='par_1_37' title="bbox 419 3949 2019 4022">
     <span class='ocr_line' id='line_1_37' title="bbox 419 3949 2019 4022; baseline -0.004 -9"><span class='ocrx_word' id='word_1_257' title='bbox 419 3958 722 4019; x_wconf 76' lang='lat' dir='ltr'><strong>infestatur,</strong></span> <span class='ocrx_word' id='word_1_258' title='bbox 797 3951 1123 4022; x_wconf 87' lang='lat' dir='ltr'><strong>impendam.</strong></span> <span class='ocrx_word' id='word_1_259' title='bbox 1203 3953 1480 4019; x_wconf 81' lang='lat' dir='ltr'><strong>Aguosce,</strong></span> <span class='ocrx_word' id='word_1_260' title='bbox 1561 3949 1633 4004; x_wconf 86' lang='lat' dir='ltr'><strong>ﬁli</strong></span> <span class='ocrx_word' id='word_1_261' title='bbox 1700 3950 2019 4007; x_wconf 77' lang='lat' dir='ltr'><strong>charissima</strong></span> 
     </span>
    </p>
   </div>
   <div class='ocr_carea' id='block_1_38' title="bbox 419 4043 2018 4124">
    <p class='ocr_par' dir='ltr' id='par_1_38' title="bbox 419 4043 2018 4124">
     <span class='ocr_line' id='line_1_38' title="bbox 419 4043 2018 4124; baseline -0.004 -19"><span class='ocrx_word' id='word_1_262' title='bbox 419 4051 702 4124; x_wconf 73' lang='lat' dir='ltr'><strong>(It/racius,</strong></span> <span class='ocrx_word' id='word_1_263' title='bbox 733 4047 863 4100; x_wconf 84' lang='lat' dir='ltr'><strong>Adv.</strong></span> <span class='ocrx_word' id='word_1_264' title='bbox 905 4043 1259 4106; x_wconf 83' lang='lat' dir='ltr'><strong>Varintadum,</strong></span> <span class='ocrx_word' id='word_1_265' title='bbox 1287 4059 1402 4112; x_wconf 85' lang='lat' dir='ltr'><strong>cap.</strong></span> <span class='ocrx_word' id='word_1_266' title='bbox 1436 4043 1546 4113; x_wconf 71' lang='lat'><strong>12),</strong></span> <span class='ocrx_word' id='word_1_267' title='bbox 1578 4059 1684 4097; x_wconf 90' lang='lat' dir='ltr'><strong>non</strong></span> <span class='ocrx_word' id='word_1_268' title='bbox 1711 4059 1776 4098; x_wconf 83' lang='lat' dir='ltr'><strong>ex</strong></span> <span class='ocrx_word' id='word_1_269' title='bbox 1807 4052 2018 4114; x_wconf 77' lang='lat' dir='ltr'><strong>tempo-</strong></span> 
     </span>
    </p>
   </div>
   <div class='ocr_carea' id='block_1_39' title="bbox 419 4137 2020 4214">
    <p class='ocr_par' dir='ltr' id='par_1_39' title="bbox 419 4137 2020 4214">
     <span class='ocr_line' id='line_1_39' title="bbox 419 4137 2020 4214; baseline -0.004 -12"><span class='ocrx_word' id='word_1_270' title='bbox 419 4162 504 4213; x_wconf 82' lang='lat' dir='ltr'><strong>re,</strong></span> <span class='ocrx_word' id='word_1_271' title='bbox 540 4159 714 4214; x_wconf 86' lang='lat' dir='ltr'><strong>neque</strong></span> <span class='ocrx_word' id='word_1_272' title='bbox 759 4150 880 4212; x_wconf 89' lang='lat' dir='ltr'><strong>post</strong></span> <span class='ocrx_word' id='word_1_273' title='bbox 921 4148 1164 4207; x_wconf 81' lang='lat' dir='ltr'><strong>tempora</strong></span> <span class='ocrx_word' id='word_1_274' title='bbox 1192 4137 1385 4191; x_wconf 89' lang='lat' dir='ltr'><strong>Filium</strong></span> <span class='ocrx_word' id='word_1_275' title='bbox 1415 4137 1508 4190; x_wconf 87' lang='lat' dir='ltr'><strong>Dei</strong></span> <span class='ocrx_word' id='word_1_276' title='bbox 1541 4147 1741 4202; x_wconf 89' lang='lat' dir='ltr'><strong>natum,</strong></span> <span class='ocrx_word' id='word_1_277' title='bbox 1774 4138 1869 4193; x_wconf 91' lang='lat' dir='ltr'><strong>sed</strong></span> <span class='ocrx_word' id='word_1_278' title='bbox 1895 4151 2020 4195; x_wconf 87' lang='lat' dir='ltr'><strong>ante</strong></span> 
     </span>
    </p>
   </div>
   <div class='ocr_carea' id='block_1_40' title="bbox 419 4230 2020 4306">
    <p class='ocr_par' dir='ltr' id='par_1_40' title="bbox 419 4230 2020 4306">
     <span class='ocr_line' id='line_1_40' title="bbox 419 4230 2020 4306; baseline -0.004 -12"><span class='ocrx_word' id='word_1_279' title='bbox 419 4240 599 4294; x_wconf 89' lang='lat' dir='ltr'><strong>omnia</strong></span> <span class='ocrx_word' id='word_1_280' title='bbox 630 4248 871 4306; x_wconf 88' lang='lat' dir='ltr'><strong>tempora</strong></span> <span class='ocrx_word' id='word_1_281' title='bbox 904 4233 972 4287; x_wconf 90' lang='lat' dir='ltr'><strong>de</strong></span> <span class='ocrx_word' id='word_1_282' title='bbox 1022 4239 1247 4302; x_wconf 83' lang='lat' dir='ltr'><strong>paterno</strong></span> <span class='ocrx_word' id='word_1_283' title='bbox 1278 4239 1431 4286; x_wconf 90' lang='lat' dir='ltr'><strong>utero</strong></span> <span class='ocrx_word' id='word_1_284' title='bbox 1472 4230 1904 4284; x_wconf 86' lang='lat' dir='ltr'><strong>inenarrabiliter</strong></span> <span class='ocrx_word' id='word_1_285' title='bbox 1929 4247 2020 4302; x_wconf 79' lang='lat' dir='ltr'><strong>ge-</strong></span> 
     </span>
    </p>
   </div>
   <div class='ocr_carea' id='block_1_41' title="bbox 422 4322 2018 4396">
    <p class='ocr_par' dir='ltr' id='par_1_41' title="bbox 422 4322 2018 4396">
     <span class='ocr_line' id='line_1_41' title="bbox 422 4322 2018 4396; baseline -0.004 -10"><span class='ocrx_word' id='word_1_286' title='bbox 422 4341 702 4392; x_wconf 87' lang='lat' dir='ltr'><strong>neratum,</strong></span> <span class='ocrx_word' id='word_1_287' title='bbox 735 4329 850 4396; x_wconf 80' lang='lat' dir='ltr'><strong>ipso</strong></span> <span class='ocrx_word' id='word_1_288' title='bbox 894 4325 1003 4380; x_wconf 87' lang='lat' dir='ltr'><strong>Deo</strong></span> <span class='ocrx_word' id='word_1_289' title='bbox 1054 4332 1207 4392; x_wconf 85' lang='lat' dir='ltr'><strong>patre</strong></span> <span class='ocrx_word' id='word_1_290' title='bbox 1260 4338 1355 4392; x_wconf 87' lang='lat' dir='ltr'><strong>per</strong></span> <span class='ocrx_word' id='word_1_291' title='bbox 1399 4324 1720 4392; x_wconf 82' lang='lat' dir='ltr'><strong>pmphetam</strong></span> <span class='ocrx_word' id='word_1_292' title='bbox 1764 4322 2018 4379; x_wconf 76' lang='lat' dir='ltr'><strong>dicente:</strong></span> 
     </span>
    </p>
   </div>
   <div class='ocr_carea' id='block_1_42' title="bbox 423 4411 2024 4491">
    <p class='ocr_par' dir='ltr' id='par_1_42' title="bbox 423 4411 2024 4491">
     <span class='ocr_line' id='line_1_42' title="bbox 423 4411 2024 4491; baseline -0.006 -14"><span class='ocrx_word' id='word_1_293' title='bbox 423 4423 492 4477; x_wconf 84' lang='lat' dir='ltr'><strong>In</strong></span> <span class='ocrx_word' id='word_1_294' title='bbox 539 4419 893 4491; x_wconf 81' lang='lat' dir='ltr'><strong>splendoribus</strong></span> <span class='ocrx_word' id='word_1_295' title='bbox 941 4426 1234 4469; x_wconf 88' lang='lat' dir='ltr'><strong>sanctorum</strong></span> <span class='ocrx_word' id='word_1_296' title='bbox 1274 4429 1335 4467; x_wconf 75' lang='lat' dir='ltr'><strong>ea:</strong></span> <span class='ocrx_word' id='word_1_297' title='bbox 1374 4423 1515 4465; x_wconf 83' lang='lat' dir='ltr'><strong>utero</strong></span> <span class='ocrx_word' id='word_1_298' title='bbox 1563 4422 1680 4466; x_wconf 88' lang='lat' dir='ltr'><strong>ante</strong></span> <span class='ocrx_word' id='word_1_299' title='bbox 1727 4411 2024 4484; x_wconf 88' lang='lat' dir='ltr'><strong>Luciferum</strong></span> 
     </span>
    </p>
   </div>
   <div class='ocr_carea' id='block_1_43' title="bbox 427 4505 2026 4586">
    <p class='ocr_par' dir='ltr' id='par_1_43' title="bbox 427 4505 2026 4586">
     <span class='ocr_line' id='line_1_43' title="bbox 427 4505 2026 4586; baseline -0.005 -17"><span class='ocrx_word' id='word_1_300' title='bbox 427 4516 579 4586; x_wconf 85' lang='lat' dir='ltr'><strong>genui</strong></span> <span class='ocrx_word' id='word_1_301' title='bbox 625 4523 672 4566; x_wconf 90' lang='lat' dir='ltr'><strong>te</strong></span> <span class='ocrx_word' id='word_1_302' title='bbox 729 4509 955 4583; x_wconf 79' lang='lat' dir='ltr'><strong>(Psulnt.</strong></span> <span class='ocrx_word' id='word_1_303' title='bbox 1003 4509 1134 4575; x_wconf 80' lang='lat' dir='ltr'><strong>etx).</strong></span> <span class='ocrx_word' id='word_1_304' title='bbox 1182 4505 1349 4572; x_wconf 82' lang='lat' dir='ltr'><strong>Quam</strong></span> <span class='ocrx_word' id='word_1_305' title='bbox 1392 4506 1711 4560; x_wconf 83' lang='lat' dir='ltr'><strong>sententiain</strong></span> <span class='ocrx_word' id='word_1_306' title='bbox 1761 4515 1815 4560; x_wconf 88' lang='lat' dir='ltr'><strong>et</strong></span> <span class='ocrx_word' id='word_1_307' title='bbox 1862 4505 2026 4562; x_wconf 85' lang='lat' dir='ltr'><strong>Isaias</strong></span> 
     </span>
    </p>
   </div>
   <div class='ocr_carea' id='block_1_44' title="bbox 429 4596 2020 4678">
    <p class='ocr_par' dir='ltr' id='par_1_44' title="bbox 429 4596 2020 4678">
     <span class='ocr_line' id='line_1_44' title="bbox 429 4596 2020 4678; baseline -0.006 -15"><span class='ocrx_word' id='word_1_308' title='bbox 429 4605 691 4678; x_wconf 72' lang='lat' dir='ltr'><strong>propheta</strong></span> <span class='ocrx_word' id='word_1_309' title='bbox 715 4603 892 4658; x_wconf 87' lang='lat' dir='ltr'><strong>dubiis</strong></span> <span class='ocrx_word' id='word_1_310' title='bbox 916 4609 1076 4668; x_wconf 87' lang='lat' dir='ltr'><strong>atque</strong></span> <span class='ocrx_word' id='word_1_311' title='bbox 1105 4596 1391 4652; x_wconf 84' lang='lat' dir='ltr'><strong>incredulis</strong></span> <span class='ocrx_word' id='word_1_312' title='bbox 1415 4597 1692 4653; x_wconf 88' lang='lat' dir='ltr'><strong>evidenter</strong></span> <span class='ocrx_word' id='word_1_313' title='bbox 1718 4600 2020 4668; x_wconf 82' lang='lat' dir='ltr'><strong>expressit,</strong></span> 
     </span>
    </p>
   </div>
   <div class='ocr_carea' id='block_1_45' title="bbox 425 4691 2022 4762">
    <p class='ocr_par' dir='ltr' id='par_1_45' title="bbox 425 4691 2022 4762">
     <span class='ocr_line' id='line_1_45' title="bbox 425 4691 2022 4762; baseline -0.003 -8"><span class='ocrx_word' id='word_1_314' title='bbox 425 4698 557 4754; x_wconf 88' lang='lat' dir='ltr'><strong>dum</strong></span> <span class='ocrx_word' id='word_1_315' title='bbox 583 4711 689 4751; x_wconf 89' lang='lat' dir='ltr'><strong>non</strong></span> <span class='ocrx_word' id='word_1_316' title='bbox 711 4693 923 4749; x_wconf 89' lang='lat' dir='ltr'><strong>aliunde</strong></span> <span class='ocrx_word' id='word_1_317' title='bbox 954 4692 1141 4757; x_wconf 88' lang='lat' dir='ltr'><strong>lilium,</strong></span> <span class='ocrx_word' id='word_1_318' title='bbox 1164 4707 1322 4762; x_wconf 88' lang='lat' dir='ltr'><strong>quam</strong></span> <span class='ocrx_word' id='word_1_319' title='bbox 1349 4691 1416 4746; x_wconf 87' lang='lat' dir='ltr'><strong>de</strong></span> <span class='ocrx_word' id='word_1_320' title='bbox 1443 4691 1601 4747; x_wconf 89' lang='lat' dir='ltr'><strong>Patre</strong></span> <span class='ocrx_word' id='word_1_321' title='bbox 1630 4705 1812 4748; x_wconf 89' lang='lat' dir='ltr'><strong>natum</strong></span> <span class='ocrx_word' id='word_1_322' title='bbox 1835 4693 2022 4750; x_wconf 81' lang='lat' dir='ltr'><strong>ineﬁ‘a-</strong></span> 
     </span>
    </p>
   </div>
   <div class='ocr_carea' id='block_1_46' title="bbox 495 4889 2020 4970">
    <p class='ocr_par' dir='ltr' id='par_1_46' title="bbox 495 4889 2020 4970">
     <span class='ocr_line' id='line_1_46' title="bbox 495 4889 2020 4970; baseline 0.003 -28"><span class='ocrx_word' id='word_1_323' title='bbox 495 4899 579 4970; x_wconf 86' lang='grc' dir='ltr'><strong>(ι)</strong></span> <span class='ocrx_word' id='word_1_324' title='bbox 620 4895 873 4970; x_wconf 53' lang='lat' dir='ltr'><strong>Epistula.</strong></span> <span class='ocrx_word' id='word_1_325' title='bbox 931 4891 1083 4970; x_wconf 73' lang='lat' dir='ltr'><strong>lianc</strong></span> <span class='ocrx_word' id='word_1_326' title='bbox 1123 4889 1426 4970; x_wconf 63' lang='lat' dir='ltr'><strong>epistolam</strong></span> <span class='ocrx_word' id='word_1_327' title='bbox 1454 4891 1740 4970; x_wconf 79' lang='lat' dir='ltr'><strong>occasione</strong></span> <span class='ocrx_word' id='word_1_328' title='bbox 1770 4892 2020 4960; x_wconf 88' lang='lat' dir='ltr'><strong>Sabellii,</strong></span> 
     </span>
    </p>
   </div>
   <div class='ocr_carea' id='block_1_47' title="bbox 420 4962 2023 5034">
    <p class='ocr_par' dir='ltr' id='par_1_47' title="bbox 420 4962 2023 5034">
     <span class='ocr_line' id='line_1_47' title="bbox 420 4962 2023 5034; baseline -0.004 -9"><span class='ocrx_word' id='word_1_329' title='bbox 420 4962 596 5033; x_wconf 74' lang='lat' dir='ltr'><strong>Nocti,</strong></span> <span class='ocrx_word' id='word_1_330' title='bbox 634 4967 853 5020; x_wconf 81' lang='lat' dir='ltr'><strong>Ehionis</strong></span> <span class='ocrx_word' id='word_1_331' title='bbox 884 4973 936 5018; x_wconf 90' lang='lat' dir='ltr'><strong>et</strong></span> <span class='ocrx_word' id='word_1_332' title='bbox 966 4964 1203 5017; x_wconf 83' lang='lat' dir='ltr'><strong>Corinthi</strong></span> <span class='ocrx_word' id='word_1_333' title='bbox 1234 4962 1589 5017; x_wconf 83' lang='lat' dir='ltr'><strong>seeiariorum</strong></span> <span class='ocrx_word' id='word_1_334' title='bbox 1621 4964 1874 5034; x_wconf 81' lang='lat' dir='ltr'><strong>scriptam</strong></span> <span class='ocrx_word' id='word_1_335' title='bbox 1901 4979 2023 5019; x_wconf 86' lang='lat' dir='ltr'><strong>esse</strong></span> 
     </span>
    </p>
   </div>
   <div class='ocr_carea' id='block_1_48' title="bbox 418 5033 2021 5106">
    <p class='ocr_par' dir='ltr' id='par_1_48' title="bbox 418 5033 2021 5106">
     <span class='ocr_line' id='line_1_48' title="bbox 418 5033 2021 5106; baseline -0.004 -12"><span class='ocrx_word' id='word_1_336' title='bbox 418 5042 484 5094; x_wconf 80' lang='lat' dir='ltr'><strong>ad</strong></span> <span class='ocrx_word' id='word_1_337' title='bbox 515 5039 734 5094; x_wconf 84' lang='lat' dir='ltr'><strong>Gratum</strong></span> <span class='ocrx_word' id='word_1_338' title='bbox 765 5038 1074 5106; x_wconf 83' lang='lat' dir='ltr'><strong>episcopum</strong></span> <span class='ocrx_word' id='word_1_339' title='bbox 1102 5075 1116 5098; x_wconf 94' lang='lat'><strong>,</strong></span> <span class='ocrx_word' id='word_1_340' title='bbox 1162 5035 1333 5102; x_wconf 70' lang='lat' dir='ltr'><strong>ipsum</strong></span> <span class='ocrx_word' id='word_1_341' title='bbox 1369 5033 1576 5087; x_wconf 87' lang='lat' dir='ltr'><strong>initium</strong></span> <span class='ocrx_word' id='word_1_342' title='bbox 1606 5033 1850 5105; x_wconf 80' lang='lat' dir='ltr'><strong>epistol-.e</strong></span> <span class='ocrx_word' id='word_1_343' title='bbox 1877 5036 2021 5088; x_wconf 86' lang='lat' dir='ltr'><strong>indi-</strong></span> 
     </span>
    </p>
   </div>
   <div class='ocr_carea' id='block_1_49' title="bbox 416 5106 2021 5176">
    <p class='ocr_par' dir='ltr' id='par_1_49' title="bbox 416 5106 2021 5176">
     <span class='ocr_line' id='line_1_49' title="bbox 416 5106 2021 5176; baseline -0.004 -10"><span class='ocrx_word' id='word_1_344' title='bbox 416 5122 522 5166; x_wconf 89' lang='lat' dir='ltr'><strong>cat.</strong></span> <span class='ocrx_word' id='word_1_345' title='bbox 549 5110 812 5165; x_wconf 55' lang='lat' dir='ltr'><strong>Salia-llius</strong></span> <span class='ocrx_word' id='word_1_346' title='bbox 839 5109 982 5161; x_wconf 88' lang='lat' dir='ltr'><strong>enim</strong></span> <span class='ocrx_word' id='word_1_347' title='bbox 1017 5106 1371 5159; x_wconf 78' lang='lat' dir='ltr'><strong>Ita-.resiarelia</strong></span> <span class='ocrx_word' id='word_1_348' title='bbox 1408 5109 1506 5159; x_wconf 82' lang='lat' dir='ltr'><strong>hoc</strong></span> <span class='ocrx_word' id='word_1_349' title='bbox 1555 5107 1809 5176; x_wconf 86' lang='lat' dir='ltr'><strong>pontiﬁce</strong></span> <span class='ocrx_word' id='word_1_350' title='bbox 1835 5108 1902 5162; x_wconf 83' lang='lat' dir='ltr'><strong>ab</strong></span> <span class='ocrx_word' id='word_1_351' title='bbox 1936 5109 2021 5160; x_wconf 93' lang='lat' dir='ltr'><strong>in-</strong></span> 
     </span>
    </p>
   </div>
   <div class='ocr_carea' id='block_1_50' title="bbox 416 5177 2019 5250">
    <p class='ocr_par' dir='ltr' id='par_1_50' title="bbox 416 5177 2019 5250">
     <span class='ocr_line' id='line_1_50' title="bbox 416 5177 2019 5250; baseline -0.002 -14"><span class='ocrx_word' id='word_1_352' title='bbox 416 5187 545 5236; x_wconf 77' lang='lat' dir='ltr'><strong>ieris</strong></span> <span class='ocrx_word' id='word_1_353' title='bbox 575 5195 890 5250; x_wconf 74' lang='lat' dir='ltr'><strong>progressus</strong></span> <span class='ocrx_word' id='word_1_354' title='bbox 913 5221 924 5239; x_wconf 91' lang='lat'><strong>,</strong></span> <span class='ocrx_word' id='word_1_355' title='bbox 955 5192 1170 5250; x_wconf 85' lang='lat' dir='ltr'><strong>onmem</strong></span> <span class='ocrx_word' id='word_1_356' title='bbox 1219 5191 1567 5250; x_wconf 44' lang='lat' dir='ltr'><strong>pugnum-um</strong></span> <span class='ocrx_word' id='word_1_357' title='bbox 1610 5177 2019 5233; x_wconf 75' lang='lat' dir='ltr'><strong>distinctionem</strong></span> 
     </span>
    </p>
   </div>
   <div class='ocr_carea' id='block_1_51' title="bbox 413 5243 2010 5315">
    <p class='ocr_par' dir='ltr' id='par_1_51' title="bbox 413 5243 2010 5315">
     <span class='ocr_line' id='line_1_51' title="bbox 413 5243 2010 5315; baseline -0.003 -7"><span class='ocrx_word' id='word_1_358' title='bbox 413 5254 468 5308; x_wconf 87' lang='lat' dir='ltr'><strong>in</strong></span> <span class='ocrx_word' id='word_1_359' title='bbox 501 5243 607 5305; x_wconf 74' lang='lat' dir='ltr'><strong>Deo</strong></span> <span class='ocrx_word' id='word_1_360' title='bbox 629 5243 840 5304; x_wconf 65' lang='lat' dir='ltr'><strong>sustulit</strong></span> <span class='ocrx_word' id='word_1_361' title='bbox 877 5271 887 5301; x_wconf 93' lang='lat'><strong>:</strong></span> <span class='ocrx_word' id='word_1_362' title='bbox 917 5247 1106 5315; x_wconf 81' lang='lat' dir='ltr'><strong>reliqui</strong></span> <span class='ocrx_word' id='word_1_363' title='bbox 1139 5261 1265 5300; x_wconf 88' lang='lat' dir='ltr'><strong>vero</strong></span> <span class='ocrx_word' id='word_1_364' title='bbox 1293 5243 1563 5300; x_wconf 83' lang='lat' dir='ltr'><strong>Christum</strong></span> <span class='ocrx_word' id='word_1_365' title='bbox 1607 5261 1732 5302; x_wconf 87' lang='lat' dir='ltr'><strong>ante</strong></span> <span class='ocrx_word' id='word_1_366' title='bbox 1764 5250 2010 5302; x_wconf 82' lang='lat' dir='ltr'><strong>incarna-</strong></span> 
     </span>
    </p>
   </div>
   <div class='ocr_carea' id='block_1_52' title="bbox 418 5315 2016 5388">
    <p class='ocr_par' dir='ltr' id='par_1_52' title="bbox 418 5315 2016 5388">
     <span class='ocr_line' id='line_1_52' title="bbox 418 5315 2016 5388; baseline -0.003 -11"><span class='ocrx_word' id='word_1_367' title='bbox 418 5326 617 5377; x_wconf 89' lang='lat' dir='ltr'><strong>tione.n</strong></span> <span class='ocrx_word' id='word_1_368' title='bbox 651 5324 776 5374; x_wconf 86' lang='lat' dir='ltr'><strong>ninil</strong></span> <span class='ocrx_word' id='word_1_369' title='bbox 805 5320 966 5373; x_wconf 75' lang='lat' dir='ltr'><strong>fuisse</strong></span> <span class='ocrx_word' id='word_1_370' title='bbox 1001 5319 1274 5372; x_wconf 84' lang='lat' dir='ltr'><strong>dicebant.</strong></span> <span class='ocrx_word' id='word_1_371' title='bbox 1309 5315 1375 5371; x_wconf 87' lang='lat' dir='ltr'><strong>Ut</strong></span> <span class='ocrx_word' id='word_1_372' title='bbox 1425 5317 1614 5372; x_wconf 87' lang='lat' dir='ltr'><strong>horum</strong></span> <span class='ocrx_word' id='word_1_373' title='bbox 1645 5335 1775 5388; x_wconf 80' lang='lat' dir='ltr'><strong>ergo</strong></span> <span class='ocrx_word' id='word_1_374' title='bbox 1801 5336 2016 5373; x_wconf 59' lang='lat' dir='ltr'><strong>errores</strong></span> 
     </span>
    </p>
   </div>
   <div class='ocr_carea' id='block_1_53' title="bbox 415 5390 2013 5460">
    <p class='ocr_par' dir='ltr' id='par_1_53' title="bbox 415 5390 2013 5460">
     <span class='ocr_line' id='line_1_53' title="bbox 415 5390 2013 5460; baseline -0.003 -12"><span class='ocrx_word' id='word_1_375' title='bbox 415 5394 586 5448; x_wconf 86' lang='lat' dir='ltr'><strong>solide</strong></span> <span class='ocrx_word' id='word_1_376' title='bbox 615 5394 850 5456; x_wconf 74' lang='lat' dir='ltr'><strong>refellat,</strong></span> <span class='ocrx_word' id='word_1_377' title='bbox 886 5399 940 5444; x_wconf 89' lang='lat' dir='ltr'><strong>et</strong></span> <span class='ocrx_word' id='word_1_378' title='bbox 969 5391 1344 5443; x_wconf 78' lang='lat' dir='ltr'><strong>consulentem</strong></span> <span class='ocrx_word' id='word_1_379' title='bbox 1396 5390 1493 5442; x_wconf 89' lang='lat' dir='ltr'><strong>hac</strong></span> <span class='ocrx_word' id='word_1_380' title='bbox 1523 5391 1589 5443; x_wconf 87' lang='lat' dir='ltr'><strong>de</strong></span> <span class='ocrx_word' id='word_1_381' title='bbox 1617 5406 1672 5444; x_wconf 92' lang='lat' dir='ltr'><strong>re</strong></span> <span class='ocrx_word' id='word_1_382' title='bbox 1699 5393 2013 5460; x_wconf 74' lang='lat' dir='ltr'><strong>episcopum</strong></span> 
     </span>
    </p>
   </div>
   <div class='ocr_carea' id='block_1_54' title="bbox 411 5461 2013 5529">
    <p class='ocr_par' dir='ltr' id='par_1_54' title="bbox 411 5461 2013 5529">
     <span class='ocr_line' id='line_1_54' title="bbox 411 5461 2013 5529; baseline -0.002 -11"><span class='ocrx_word' id='word_1_383' title='bbox 411 5465 663 5526; x_wconf 85' lang='lat' dir='ltr'><strong>instruat,</strong></span> <span class='ocrx_word' id='word_1_384' title='bbox 723 5462 858 5515; x_wconf 86' lang='lat' dir='ltr'><strong>hanc</strong></span> <span class='ocrx_word' id='word_1_385' title='bbox 901 5461 967 5514; x_wconf 85' lang='lat' dir='ltr'><strong>ad</strong></span> <span class='ocrx_word' id='word_1_386' title='bbox 1013 5461 1158 5513; x_wconf 88' lang='lat' dir='ltr'><strong>illmn</strong></span> <span class='ocrx_word' id='word_1_387' title='bbox 1215 5461 1496 5529; x_wconf 85' lang='lat' dir='ltr'><strong>epistolam</strong></span> <span class='ocrx_word' id='word_1_388' title='bbox 1544 5462 1752 5524; x_wconf 86' lang='lat' dir='ltr'><strong>scribit,</strong></span> <span class='ocrx_word' id='word_1_389' title='bbox 1810 5463 2013 5529; x_wconf 80' lang='lat' dir='ltr'><strong>apertis</strong></span> 
     </span>
    </p>
   </div>
   <div class='ocr_carea' id='block_1_55' title="bbox 415 5528 2010 5600">
    <p class='ocr_par' dir='ltr' id='par_1_55' title="bbox 415 5528 2010 5600">
     <span class='ocr_line' id='line_1_55' title="bbox 415 5528 2010 5600; baseline -0.003 -10"><span class='ocrx_word' id='word_1_390' title='bbox 415 5533 738 5590; x_wconf 74' lang='lat' dir='ltr'><strong>testimoniis</strong></span> <span class='ocrx_word' id='word_1_391' title='bbox 769 5533 1046 5599; x_wconf 72' lang='lat' dir='ltr'><strong>scriptura:</strong></span> <span class='ocrx_word' id='word_1_392' title='bbox 1073 5530 1324 5598; x_wconf 80' lang='lat' dir='ltr'><strong>probans,</strong></span> <span class='ocrx_word' id='word_1_393' title='bbox 1349 5528 1644 5591; x_wconf 81' lang='lat' dir='ltr'><strong>Christum,</strong></span> <span class='ocrx_word' id='word_1_394' title='bbox 1670 5528 2010 5600; x_wconf 70' lang='lat' dir='ltr'><strong>quiladdtvi-</strong></span> 
     </span>
    </p>
   </div>
   <div class='ocr_carea' id='block_1_56' title="bbox 413 5601 2018 5668">
    <p class='ocr_par' dir='ltr' id='par_1_56' title="bbox 413 5601 2018 5668">
     <span class='ocr_line' id='line_1_56' title="bbox 413 5601 2018 5668; baseline -0.001 -8"><span class='ocrx_word' id='word_1_395' title='bbox 413 5621 538 5660; x_wconf 81' lang='lat' dir='ltr'><strong>nam</strong></span> <span class='ocrx_word' id='word_1_396' title='bbox 591 5614 857 5666; x_wconf 77' lang='lat' dir='ltr'><strong>naturain,</strong></span> <span class='ocrx_word' id='word_1_397' title='bbox 899 5611 1159 5654; x_wconf 70' lang='lat' dir='ltr'><strong>aeternum</strong></span> <span class='ocrx_word' id='word_1_398' title='bbox 1205 5603 1390 5654; x_wconf 69' lang='lat' dir='ltr'><strong>aeterni</strong></span> <span class='ocrx_word' id='word_1_399' title='bbox 1433 5601 1609 5655; x_wconf 78' lang='lat' dir='ltr'><strong>Patris</strong></span> <span class='ocrx_word' id='word_1_400' title='bbox 1645 5601 1835 5656; x_wconf 79' lang='lat' dir='ltr'><strong>Filium</strong></span> <span class='ocrx_word' id='word_1_401' title='bbox 1863 5619 2018 5668; x_wconf 76' lang='lat' dir='ltr'><strong>esse,</strong></span> 
     </span>
    </p>
   </div>
   <div class='ocr_carea' id='block_1_57' title="bbox 413 5671 2012 5741">
    <p class='ocr_par' dir='ltr' id='par_1_57' title="bbox 413 5671 2012 5741">
     <span class='ocr_line' id='line_1_57' title="bbox 413 5671 2012 5741; baseline -0.001 -11"><span class='ocrx_word' id='word_1_402' title='bbox 413 5687 466 5730; x_wconf 87' lang='lat' dir='ltr'><strong>et</strong></span> <span class='ocrx_word' id='word_1_403' title='bbox 495 5693 524 5730; x_wconf 86' lang='lat' dir='ltr'><strong>a</strong></span> <span class='ocrx_word' id='word_1_404' title='bbox 567 5676 720 5728; x_wconf 79' lang='lat' dir='ltr'><strong>Patre</strong></span> <span class='ocrx_word' id='word_1_405' title='bbox 757 5675 1060 5726; x_wconf 66' lang='lat' dir='ltr'><strong>distinrtlm</strong></span> <span class='ocrx_word' id='word_1_406' title='bbox 1113 5673 1164 5724; x_wconf 87' lang='lat' dir='ltr'><strong>in</strong></span> <span class='ocrx_word' id='word_1_407' title='bbox 1215 5671 1492 5726; x_wconf 76' lang='lat' dir='ltr'><strong>divinitate</strong></span> <span class='ocrx_word' id='word_1_408' title='bbox 1534 5690 1814 5741; x_wconf 80' lang='lat' dir='ltr'><strong>personam</strong></span> <span class='ocrx_word' id='word_1_409' title='bbox 1859 5690 2012 5741; x_wconf 68' lang='lat' dir='ltr'><strong>esse;</strong></span> 
     </span>
    </p>
   </div>
   <div class='ocr_carea' id='block_1_58' title="bbox 415 5743 2014 5814">
    <p class='ocr_par' dir='ltr' id='par_1_58' title="bbox 415 5743 2014 5814">
     <span class='ocr_line' id='line_1_58' title="bbox 415 5743 2014 5814; baseline 0.001 -16"><span class='ocrx_word' id='word_1_410' title='bbox 415 5764 478 5800; x_wconf 89' lang='lat' dir='ltr'><strong>ac</strong></span> <span class='ocrx_word' id='word_1_411' title='bbox 507 5763 720 5814; x_wconf 78' lang='lat' dir='ltr'><strong>semper</strong></span> <span class='ocrx_word' id='word_1_412' title='bbox 745 5746 858 5798; x_wconf 89' lang='lat' dir='ltr'><strong>sine</strong></span> <span class='ocrx_word' id='word_1_413' title='bbox 889 5743 998 5796; x_wconf 89' lang='lat' dir='ltr'><strong>ullo</strong></span> <span class='ocrx_word' id='word_1_414' title='bbox 1030 5744 1283 5814; x_wconf 73' lang='lat' dir='ltr'><strong>tempori.</strong></span> <span class='ocrx_word' id='word_1_415' title='bbox 1311 5745 1578 5814; x_wconf 79' lang='lat' dir='ltr'><strong>principio</strong></span> <span class='ocrx_word' id='word_1_416' title='bbox 1608 5747 1874 5799; x_wconf 72' lang='lat' dir='ltr'><strong>extitisse.</strong></span> <span class='ocrx_word' id='word_1_417' title='bbox 1913 5745 2014 5800; x_wconf 75' lang='lat' dir='ltr'><strong>lie-</strong></span> 
     </span>
    </p>
   </div>
   <div class='ocr_carea' id='block_1_59' title="bbox 417 5813 2012 5886">
    <p class='ocr_par' dir='ltr' id='par_1_59' title="bbox 417 5813 2012 5886">
     <span class='ocr_line' id='line_1_59' title="bbox 417 5813 2012 5886; baseline -0.001 -16"><span class='ocrx_word' id='word_1_418' title='bbox 417 5817 584 5886; x_wconf 84' lang='lat' dir='ltr'><strong>quna,</strong></span> <span class='ocrx_word' id='word_1_419' title='bbox 633 5813 749 5882; x_wconf 77' lang='lat' dir='ltr'><strong>quae</strong></span> <span class='ocrx_word' id='word_1_420' title='bbox 801 5830 852 5869; x_wconf 88' lang='lat' dir='ltr'><strong>et</strong></span> <span class='ocrx_word' id='word_1_421' title='bbox 899 5813 1147 5886; x_wconf 60' lang='lat' dir='ltr'><strong>sequenti</strong></span> <span class='ocrx_word' id='word_1_422' title='bbox 1197 5813 1421 5886; x_wconf 78' lang='lat' dir='ltr'><strong>epistola</strong></span> <span class='ocrx_word' id='word_1_423' title='bbox 1453 5817 1690 5869; x_wconf 74' lang='lat' dir='ltr'><strong>notanda</strong></span> <span class='ocrx_word' id='word_1_424' title='bbox 1741 5815 2012 5884; x_wconf 80' lang='lat' dir='ltr'><strong>videntur,</strong></span> 
     </span>
    </p>
   </div>
   <div class='ocr_carea' id='block_1_60' title="bbox 417 5883 2015 5958">
    <p class='ocr_par' dir='ltr' id='par_1_60' title="bbox 417 5883 2015 5958">
     <span class='ocr_line' id='line_1_60' title="bbox 417 5883 2015 5958; baseline 0.003 -17"><span class='ocrx_word' id='word_1_425' title='bbox 417 5883 846 5956; x_wconf 66' lang='lat' dir='ltr'><strong>pt&#39;aacedenttbus</strong></span> <span class='ocrx_word' id='word_1_426' title='bbox 891 5883 1312 5957; x_wconf 61' lang='lat' dir='ltr'><strong>prtecedcntium</strong></span> <span class='ocrx_word' id='word_1_427' title='bbox 1383 5887 1698 5957; x_wconf 83' lang='lat' dir='ltr'><strong>pontiﬁcum</strong></span> <span class='ocrx_word' id='word_1_428' title='bbox 1773 5883 2015 5958; x_wconf 81' lang='lat' dir='ltr'><strong>epistolis</strong></span> 
     </span>
    </p>
   </div>
   <div class='ocr_carea' id='block_1_61' title="bbox 410 5966 851 6011">
    <p class='ocr_par' dir='ltr' id='par_1_61' title="bbox 410 5966 851 6011">
     <span class='ocr_line' id='line_1_61' title="bbox 410 5966 851 6011; baseline 0.007 -3"><span class='ocrx_word' id='word_1_429' title='bbox 410 5972 440 6008; x_wconf 89' lang='lat' dir='ltr'><strong>a</strong></span> <span class='ocrx_word' id='word_1_430' title='bbox 461 5966 679 6011; x_wconf 80' lang='lat' dir='ltr'><strong>unolala</strong></span> <span class='ocrx_word' id='word_1_431' title='bbox 709 5967 851 6011; x_wconf 85' lang='lat' dir='ltr'><strong>sunt.</strong></span> 
     </span>
    </p>
   </div>
   <div class='ocr_carea' id='block_1_62' title="bbox 2044 1971 3742 2059">
    <p class='ocr_par' dir='ltr' id='par_1_62' title="bbox 2044 1971 3742 2059">
     <span class='ocr_line' id='line_1_62' title="bbox 2044 1971 3742 2059; baseline 0.009 -34"><span class='ocrx_word' id='word_1_432' title='bbox 2044 1973 2093 2033; x_wconf 88' lang='lat' dir='ltr'><strong>B</strong></span> <span class='ocrx_word' id='word_1_433' title='bbox 2119 1971 2300 2027; x_wconf 86' lang='lat' dir='ltr'><strong>biliter</strong></span> <span class='ocrx_word' id='word_1_434' title='bbox 2326 1973 2562 2030; x_wconf 87' lang='lat' dir='ltr'><strong>ostendit</strong></span> <span class='ocrx_word' id='word_1_435' title='bbox 2593 1990 2607 2029; x_wconf 90' lang='lat'><strong>:</strong></span> <span class='ocrx_word' id='word_1_436' title='bbox 2637 1974 2706 2030; x_wconf 83' lang='lat' dir='ltr'><strong>In</strong></span> <span class='ocrx_word' id='word_1_437' title='bbox 2752 1977 3057 2046; x_wconf 82' lang='lat' dir='ltr'><strong>humilitate,</strong></span> <span class='ocrx_word' id='word_1_438' title='bbox 3089 1980 3282 2050; x_wconf 89' lang='lat' dir='ltr'><strong>inquit,</strong></span> <span class='ocrx_word' id='word_1_439' title='bbox 3322 1982 3585 2052; x_wconf 82' lang='lat' dir='ltr'><strong>judicium</strong></span> <span class='ocrx_word' id='word_1_440' title='bbox 3628 1989 3742 2059; x_wconf 85' lang='lat' dir='ltr'><strong>ejus</strong></span> 
     </span>
    </p>
   </div>
   <div class='ocr_carea' id='block_1_63' title="bbox 2121 2063 3738 2147">
    <p class='ocr_par' dir='ltr' id='par_1_63' title="bbox 2121 2063 3738 2147">
     <span class='ocr_line' id='line_1_63' title="bbox 2121 2063 3738 2147; baseline 0.011 -30"><span class='ocrx_word' id='word_1_441' title='bbox 2121 2063 2385 2118; x_wconf 85' lang='lat' dir='ltr'><strong>sublatum</strong></span> <span class='ocrx_word' id='word_1_442' title='bbox 2435 2075 2526 2120; x_wconf 90' lang='lat' dir='ltr'><strong>est.</strong></span> <span class='ocrx_word' id='word_1_443' title='bbox 2563 2065 2896 2122; x_wconf 86' lang='lat' dir='ltr'><strong>Nativitatem</strong></span> <span class='ocrx_word' id='word_1_444' title='bbox 2947 2071 3060 2140; x_wconf 85' lang='lat' dir='ltr'><strong>ejus</strong></span> <span class='ocrx_word' id='word_1_445' title='bbox 3103 2073 3216 2139; x_wconf 87' lang='lat' dir='ltr'><strong>quis</strong></span> <span class='ocrx_word' id='word_1_446' title='bbox 3255 2077 3515 2130; x_wconf 86' lang='lat' dir='ltr'><strong>enarrabit</strong></span> <span class='ocrx_word' id='word_1_447' title='bbox 3545 2078 3738 2147; x_wconf 86' lang='lat' dir='ltr'><strong>(Isai.,</strong></span> 
     </span>
    </p>
   </div>
   <div class='ocr_carea' id='block_1_64' title="bbox 2121 2158 3744 2232">
    <p class='ocr_par' dir='ltr' id='par_1_64' title="bbox 2121 2158 3744 2232">
     <span class='ocr_line' id='line_1_64' title="bbox 2121 2158 3744 2232; baseline 0.01 -22"><span class='ocrx_word' id='word_1_448' title='bbox 2121 2158 2318 2226; x_wconf 75' lang='lat' dir='ltr'><strong>um)?</strong></span> <span class='ocrx_word' id='word_1_449' title='bbox 2371 2158 2438 2212; x_wconf 89' lang='lat' dir='ltr'><strong>Et</strong></span> <span class='ocrx_word' id='word_1_450' title='bbox 2487 2159 2539 2212; x_wconf 91' lang='lat' dir='ltr'><strong>in</strong></span> <span class='ocrx_word' id='word_1_451' title='bbox 2573 2159 2714 2213; x_wconf 89' lang='lat' dir='ltr'><strong>libro</strong></span> <span class='ocrx_word' id='word_1_452' title='bbox 2743 2159 2847 2215; x_wconf 83' lang='lat' dir='ltr'><strong>Job</strong></span> <span class='ocrx_word' id='word_1_453' title='bbox 2883 2178 2896 2214; x_wconf 92' lang='lat'>:</span> <span class='ocrx_word' id='word_1_454' title='bbox 2946 2161 3270 2232; x_wconf 85' lang='lat' dir='ltr'><strong>Sapientiam</strong></span> <span class='ocrx_word' id='word_1_455' title='bbox 3319 2165 3434 2232; x_wconf 86' lang='lat' dir='ltr'><strong>Dei,</strong></span> <span class='ocrx_word' id='word_1_456' title='bbox 3467 2168 3572 2231; x_wconf 81' lang='lat' dir='ltr'><strong>ait,</strong></span> <span class='ocrx_word' id='word_1_457' title='bbox 3603 2173 3744 2227; x_wconf 85' lang='lat' dir='ltr'><strong>unde</strong></span> 
     </span>
    </p>
   </div>
   <div class='ocr_carea' id='block_1_65' title="bbox 2117 2249 3739 2322">
    <p class='ocr_par' dir='ltr' id='par_1_65' title="bbox 2117 2249 3739 2322">
     <span class='ocr_line' id='line_1_65' title="bbox 2117 2249 3739 2322; baseline 0.01 -20"><span class='ocrx_word' id='word_1_458' title='bbox 2117 2250 2382 2304; x_wconf 79' lang='lat' dir='ltr'><strong>invenies?</strong></span> <span class='ocrx_word' id='word_1_459' title='bbox 2406 2249 2552 2303; x_wconf 87' lang='lat' dir='ltr'><strong>Latet</strong></span> <span class='ocrx_word' id='word_1_460' title='bbox 2572 2253 2704 2304; x_wconf 87' lang='lat' dir='ltr'><strong>enim</strong></span> <span class='ocrx_word' id='word_1_461' title='bbox 2726 2253 2788 2305; x_wconf 90' lang='lat' dir='ltr'><strong>ab</strong></span> <span class='ocrx_word' id='word_1_462' title='bbox 2807 2254 2968 2307; x_wconf 82' lang='lat' dir='ltr'><strong>Oculis</strong></span> <span class='ocrx_word' id='word_1_463' title='bbox 2996 2255 3279 2322; x_wconf 84' lang='lat' dir='ltr'><strong>hominum,</strong></span> <span class='ocrx_word' id='word_1_464' title='bbox 3301 2267 3348 2311; x_wconf 86' lang='lat' dir='ltr'><strong>et</strong></span> <span class='ocrx_word' id='word_1_465' title='bbox 3375 2275 3406 2311; x_wconf 92' lang='lat' dir='ltr'><strong>a</strong></span> <span class='ocrx_word' id='word_1_466' title='bbox 3434 2258 3739 2319; x_wconf 82' lang='lat' dir='ltr'><strong>volucribus</strong></span> 
     </span>
    </p>
   </div>
   <div class='ocr_carea' id='block_1_66' title="bbox 2118 2341 3734 2423">
    <p class='ocr_par' dir='ltr' id='par_1_66' title="bbox 2118 2341 3734 2423">
     <span class='ocr_line' id='line_1_66' title="bbox 2118 2341 3734 2423; baseline 0.01 -30"><span class='ocrx_word' id='word_1_467' title='bbox 2118 2342 2232 2394; x_wconf 69' lang='lat' dir='ltr'><strong>costi</strong></span> <span class='ocrx_word' id='word_1_468' title='bbox 2256 2341 2504 2396; x_wconf 85' lang='lat' dir='ltr'><strong>absconsa</strong></span> <span class='ocrx_word' id='word_1_469' title='bbox 2530 2353 2603 2396; x_wconf 84' lang='lat' dir='ltr'><strong>est</strong></span> <span class='ocrx_word' id='word_1_470' title='bbox 2630 2341 2775 2414; x_wconf 85' lang='lat' dir='ltr'><strong>(Job,</strong></span> <span class='ocrx_word' id='word_1_471' title='bbox 2790 2348 3005 2416; x_wconf 78' lang='lat' dir='ltr'><strong>xxvm).</strong></span> <span class='ocrx_word' id='word_1_472' title='bbox 3021 2346 3409 2418; x_wconf 79' lang='lat' dir='ltr'><strong>Expergiscere</strong></span> <span class='ocrx_word' id='word_1_473' title='bbox 3423 2353 3734 2423; x_wconf 86' lang='lat' dir='ltr'><strong>paululum,</strong></span> 
     </span>
    </p>
   </div>
   <div class='ocr_carea' id='block_1_67' title="bbox 2117 2435 3738 2513">
    <p class='ocr_par' dir='ltr' id='par_1_67' title="bbox 2117 2435 3738 2513">
     <span class='ocr_line' id='line_1_67' title="bbox 2117 2435 3738 2513; baseline 0.009 -26"><span class='ocrx_word' id='word_1_474' title='bbox 2117 2435 2244 2487; x_wconf 88' lang='lat' dir='ltr'><strong>etsi</strong></span> <span class='ocrx_word' id='word_1_475' title='bbox 2275 2435 2456 2490; x_wconf 89' lang='lat' dir='ltr'><strong>lumen</strong></span> <span class='ocrx_word' id='word_1_476' title='bbox 2509 2436 2748 2491; x_wconf 76' lang='lat' dir='ltr'><strong>scientize</strong></span> <span class='ocrx_word' id='word_1_477' title='bbox 2791 2437 2841 2491; x_wconf 95' lang='lat' dir='ltr'><strong>in</strong></span> <span class='ocrx_word' id='word_1_478' title='bbox 2887 2440 3113 2508; x_wconf 74' lang='lat' dir='ltr'><strong>teips&#39;nm</strong></span> <span class='ocrx_word' id='word_1_479' title='bbox 3153 2441 3485 2512; x_wconf 89' lang='lat' dir='ltr'><strong>aliquantum</strong></span> <span class='ocrx_word' id='word_1_480' title='bbox 3525 2446 3738 2513; x_wconf 86' lang='lat' dir='ltr'><strong>habes,</strong></span> 
     </span>
    </p>
   </div>
   <div class='ocr_carea' id='block_1_68' title="bbox 2119 2524 3739 2602">
    <p class='ocr_par' dir='ltr' id='par_1_68' title="bbox 2119 2524 3739 2602">
     <span class='ocr_line' id='line_1_68' title="bbox 2119 2524 3739 2602; baseline 0.009 -26"><span class='ocrx_word' id='word_1_481' title='bbox 2119 2524 2388 2592; x_wconf 85' lang='lat' dir='ltr'><strong>invenies,</strong></span> <span class='ocrx_word' id='word_1_482' title='bbox 2416 2526 2569 2594; x_wconf 85' lang='lat' dir='ltr'><strong>cujus</strong></span> <span class='ocrx_word' id='word_1_483' title='bbox 2606 2527 2856 2582; x_wconf 86' lang='lat' dir='ltr'><strong>nativitas</strong></span> <span class='ocrx_word' id='word_1_484' title='bbox 2879 2543 2906 2581; x_wconf 90' lang='lat' dir='ltr'><strong>a</strong></span> <span class='ocrx_word' id='word_1_485' title='bbox 2933 2531 3196 2599; x_wconf 84' lang='lat' dir='ltr'><strong>prepheta</strong></span> <span class='ocrx_word' id='word_1_486' title='bbox 3221 2546 3324 2585; x_wconf 91' lang='lat' dir='ltr'><strong>non</strong></span> <span class='ocrx_word' id='word_1_487' title='bbox 3357 2537 3530 2602; x_wconf 88' lang='lat' dir='ltr'><strong>potuit</strong></span> <span class='ocrx_word' id='word_1_488' title='bbox 3566 2552 3739 2591; x_wconf 89' lang='lat' dir='ltr'><strong>enar-</strong></span> 
     </span>
    </p>
   </div>
   <div class='ocr_carea' id='block_1_69' title="bbox 2117 2618 3737 2694">
    <p class='ocr_par' dir='ltr' id='par_1_69' title="bbox 2117 2618 3737 2694">
     <span class='ocr_line' id='line_1_69' title="bbox 2117 2618 3737 2694; baseline 0.009 -25"><span class='ocrx_word' id='word_1_489' title='bbox 2117 2618 2229 2670; x_wconf 84' lang='lat' dir='ltr'><strong>rari</strong></span> <span class='ocrx_word' id='word_1_490' title='bbox 2258 2632 2324 2671; x_wconf 76' lang='lat' dir='ltr'><strong>ex</strong></span> <span class='ocrx_word' id='word_1_491' title='bbox 2354 2625 2616 2688; x_wconf 88' lang='lat' dir='ltr'><strong>tempore,</strong></span> <span class='ocrx_word' id='word_1_492' title='bbox 2648 2619 2734 2673; x_wconf 85' lang='lat' dir='ltr'><strong>vel</strong></span> <span class='ocrx_word' id='word_1_493' title='bbox 2764 2630 2821 2674; x_wconf 88' lang='lat' dir='ltr'><strong>ut</strong></span> <span class='ocrx_word' id='word_1_494' title='bbox 2867 2620 3146 2677; x_wconf 87' lang='lat' dir='ltr'><strong>adstruere</strong></span> <span class='ocrx_word' id='word_1_495' title='bbox 3177 2624 3292 2693; x_wconf 92' lang='lat' dir='ltr'><strong>ipse</strong></span> <span class='ocrx_word' id='word_1_496' title='bbox 3321 2627 3536 2682; x_wconf 87' lang='lat' dir='ltr'><strong>conaris</strong></span> <span class='ocrx_word' id='word_1_497' title='bbox 3561 2670 3577 2694; x_wconf 90' lang='lat'><strong>,</strong></span> <span class='ocrx_word' id='word_1_498' title='bbox 3616 2645 3737 2684; x_wconf 90' lang='lat' dir='ltr'><strong>non</strong></span> 
     </span>
    </p>
   </div>
   <div class='ocr_carea' id='block_1_70' title="bbox 2118 2710 3740 2791">
    <p class='ocr_par' dir='ltr' id='par_1_70' title="bbox 2118 2710 3740 2791">
     <span class='ocr_line' id='line_1_70' title="bbox 2118 2710 3740 2791; baseline 0.008 -30"><span class='ocrx_word' id='word_1_499' title='bbox 2118 2710 2290 2777; x_wconf 89' lang='lat' dir='ltr'><strong>potuit</strong></span> <span class='ocrx_word' id='word_1_500' title='bbox 2317 2711 2584 2779; x_wconf 81' lang='lat' dir='ltr'><strong>generari.</strong></span> <span class='ocrx_word' id='word_1_501' title='bbox 2624 2710 2688 2764; x_wconf 88' lang='lat' dir='ltr'><strong>In</strong></span> <span class='ocrx_word' id='word_1_502' title='bbox 2718 2713 2991 2782; x_wconf 85' lang='lat' dir='ltr'><strong>principio,</strong></span> <span class='ocrx_word' id='word_1_503' title='bbox 3024 2713 3198 2784; x_wconf 89' lang='lat' dir='ltr'><strong>inquit</strong></span> <span class='ocrx_word' id='word_1_504' title='bbox 3227 2715 3465 2772; x_wconf 82' lang='lat' dir='ltr'><strong>Joannes</strong></span> <span class='ocrx_word' id='word_1_505' title='bbox 3491 2733 3740 2791; x_wconf 83' lang='lat' dir='ltr'><strong>evange-</strong></span> 
     </span>
    </p>
   </div>
   <div class='ocr_carea' id='block_1_71' title="bbox 2116 2801 3742 2877">
    <p class='ocr_par' dir='ltr' id='par_1_71' title="bbox 2116 2801 3742 2877">
     <span class='ocr_line' id='line_1_71' title="bbox 2116 2801 3742 2877; baseline 0.009 -24"><span class='ocrx_word' id='word_1_506' title='bbox 2116 2801 2258 2865; x_wconf 84' lang='lat' dir='ltr'><strong>liSIa,</strong></span> <span class='ocrx_word' id='word_1_507' title='bbox 2283 2813 2389 2855; x_wconf 87' lang='lat' dir='ltr'><strong>erat</strong></span> <span class='ocrx_word' id='word_1_508' title='bbox 2428 2801 2667 2869; x_wconf 83' lang='lat' dir='ltr'><strong>Verbum,</strong></span> <span class='ocrx_word' id='word_1_509' title='bbox 2685 2813 2732 2858; x_wconf 87' lang='lat' dir='ltr'><strong>et</strong></span> <span class='ocrx_word' id='word_1_510' title='bbox 2771 2804 2988 2859; x_wconf 83' lang='lat' dir='ltr'><strong>Verbum</strong></span> <span class='ocrx_word' id='word_1_511' title='bbox 3013 2817 3120 2860; x_wconf 88' lang='lat' dir='ltr'><strong>erat</strong></span> <span class='ocrx_word' id='word_1_512' title='bbox 3147 2809 3289 2877; x_wconf 86' lang='lat' dir='ltr'><strong>apud</strong></span> <span class='ocrx_word' id='word_1_513' title='bbox 3314 2809 3498 2877; x_wconf 86' lang='lat' dir='ltr'><strong>Deum,</strong></span> <span class='ocrx_word' id='word_1_514' title='bbox 3521 2821 3568 2866; x_wconf 86' lang='lat' dir='ltr'><strong>et</strong></span> <span class='ocrx_word' id='word_1_515' title='bbox 3590 2813 3742 2868; x_wconf 86' lang='lat' dir='ltr'><strong>Deus</strong></span> 
     </span>
    </p>
   </div>
   <div class='ocr_carea' id='block_1_72' title="bbox 2117 2896 3744 2973">
    <p class='ocr_par' dir='ltr' id='par_1_72' title="bbox 2117 2896 3744 2973">
     <span class='ocr_line' id='line_1_72' title="bbox 2117 2896 3744 2973; baseline 0.007 -23"><span class='ocrx_word' id='word_1_516' title='bbox 2117 2907 2226 2950; x_wconf 89' lang='lat' dir='ltr'><strong>erat</strong></span> <span class='ocrx_word' id='word_1_517' title='bbox 2255 2896 2471 2952; x_wconf 87' lang='lat' dir='ltr'><strong>Verbum</strong></span> <span class='ocrx_word' id='word_1_518' title='bbox 2495 2916 2507 2952; x_wconf 93' lang='lat'>:</span> <span class='ocrx_word' id='word_1_519' title='bbox 2538 2902 2633 2953; x_wconf 88' lang='lat' dir='ltr'><strong>hoc</strong></span> <span class='ocrx_word' id='word_1_520' title='bbox 2655 2912 2763 2954; x_wconf 89' lang='lat' dir='ltr'><strong>erat</strong></span> <span class='ocrx_word' id='word_1_521' title='bbox 2795 2902 2846 2955; x_wconf 86' lang='lat' dir='ltr'><strong>in</strong></span> <span class='ocrx_word' id='word_1_522' title='bbox 2876 2902 3128 2972; x_wconf 83' lang='lat' dir='ltr'><strong>principio</strong></span> <span class='ocrx_word' id='word_1_523' title='bbox 3147 2904 3288 2973; x_wconf 85' lang='lat' dir='ltr'><strong>apud</strong></span> <span class='ocrx_word' id='word_1_524' title='bbox 3314 2903 3504 2960; x_wconf 87' lang='lat' dir='ltr'><strong>Deum.</strong></span> <span class='ocrx_word' id='word_1_525' title='bbox 3543 2905 3744 2962; x_wconf 85' lang='lat' dir='ltr'><strong>Omnia</strong></span> 
     </span>
    </p>
   </div>
   <div class='ocr_carea' id='block_1_73' title="bbox 2117 2993 3746 3069">
    <p class='ocr_par' dir='ltr' id='par_1_73' title="bbox 2117 2993 3746 3069">
     <span class='ocr_line' id='line_1_73' title="bbox 2117 2993 3746 3069; baseline 0.007 -25"><span class='ocrx_word' id='word_1_526' title='bbox 2117 3008 2208 3061; x_wconf 83' lang='lat' dir='ltr'><strong>per</strong></span> <span class='ocrx_word' id='word_1_527' title='bbox 2235 2993 2402 3061; x_wconf 89' lang='lat' dir='ltr'><strong>ipsum</strong></span> <span class='ocrx_word' id='word_1_528' title='bbox 2455 2996 2594 3061; x_wconf 81' lang='lat' dir='ltr'><strong>facta</strong></span> <span class='ocrx_word' id='word_1_529' title='bbox 2636 3006 2777 3062; x_wconf 87' lang='lat' dir='ltr'><strong>sunt,</strong></span> <span class='ocrx_word' id='word_1_530' title='bbox 2821 3007 2868 3049; x_wconf 90' lang='lat' dir='ltr'><strong>et</strong></span> <span class='ocrx_word' id='word_1_531' title='bbox 2913 2997 3024 3050; x_wconf 87' lang='lat' dir='ltr'><strong>sine</strong></span> <span class='ocrx_word' id='word_1_532' title='bbox 3066 2997 3180 3066; x_wconf 89' lang='lat' dir='ltr'><strong>ipso</strong></span> <span class='ocrx_word' id='word_1_533' title='bbox 3224 3002 3417 3069; x_wconf 84' lang='lat' dir='ltr'><strong>factum</strong></span> <span class='ocrx_word' id='word_1_534' title='bbox 3473 3010 3548 3055; x_wconf 86' lang='lat' dir='ltr'><strong>est</strong></span> <span class='ocrx_word' id='word_1_535' title='bbox 3606 3003 3746 3056; x_wconf 84' lang='lat' dir='ltr'><strong>nihil</strong></span> 
     </span>
    </p>
   </div>
   <div class='ocr_carea' id='block_1_74' title="bbox 2118 3076 3744 3159">
    <p class='ocr_par' dir='ltr' id='par_1_74' title="bbox 2118 3076 3744 3159">
     <span class='ocr_line' id='line_1_74' title="bbox 2118 3076 3744 3159; baseline 0.006 -22"><span class='ocrx_word' id='word_1_536' title='bbox 2118 3084 2321 3153; x_wconf 86' lang='lat' dir='ltr'><strong>(Joan.,</strong></span> <span class='ocrx_word' id='word_1_537' title='bbox 2352 3085 2416 3155; x_wconf 85' lang='lat'><strong>1).</strong></span> <span class='ocrx_word' id='word_1_538' title='bbox 2466 3088 2529 3141; x_wconf 70' lang='lat' dir='ltr'><strong>lit</strong></span> <span class='ocrx_word' id='word_1_539' title='bbox 2571 3088 2762 3143; x_wconf 88' lang='lat' dir='ltr'><strong>iterum</strong></span> <span class='ocrx_word' id='word_1_540' title='bbox 2800 3087 2971 3142; x_wconf 86' lang='lat' dir='ltr'><strong>:Erat</strong></span> <span class='ocrx_word' id='word_1_541' title='bbox 3015 3076 3107 3143; x_wconf 79' lang='lat' dir='ltr'><strong>lita:</strong></span> <span class='ocrx_word' id='word_1_542' title='bbox 3145 3107 3294 3157; x_wconf 81' lang='lat' dir='ltr'><strong>uera,</strong></span> <span class='ocrx_word' id='word_1_543' title='bbox 3323 3107 3438 3159; x_wconf 67' lang='lat' dir='ltr'><strong>quia</strong></span> <span class='ocrx_word' id='word_1_544' title='bbox 3464 3092 3744 3147; x_wconf 81' lang='lat' dir='ltr'><strong>illuminat</strong></span> 
     </span>
    </p>
   </div>
   <div class='ocr_carea' id='block_1_75' title="bbox 2117 3180 3732 3256">
    <p class='ocr_par' dir='ltr' id='par_1_75' title="bbox 2117 3180 3732 3256">
     <span class='ocr_line' id='line_1_75' title="bbox 2117 3180 3732 3256; baseline 0.004 -24"><span class='ocrx_word' id='word_1_545' title='bbox 2117 3195 2314 3232; x_wconf 86' lang='lat' dir='ltr'><strong>onmem</strong></span> <span class='ocrx_word' id='word_1_546' title='bbox 2346 3180 2599 3233; x_wconf 85' lang='lat' dir='ltr'><strong>hominem</strong></span> <span class='ocrx_word' id='word_1_547' title='bbox 2641 3182 2916 3235; x_wconf 80' lang='lat' dir='ltr'><strong>venientem</strong></span> <span class='ocrx_word' id='word_1_548' title='bbox 2962 3182 3012 3234; x_wconf 87' lang='lat' dir='ltr'><strong>in</strong></span> <span class='ocrx_word' id='word_1_549' title='bbox 3045 3182 3178 3236; x_wconf 87' lang='lat' dir='ltr'><strong>hunc</strong></span> <span class='ocrx_word' id='word_1_550' title='bbox 3213 3183 3461 3236; x_wconf 85' lang='lat' dir='ltr'><strong>mundum</strong></span> <span class='ocrx_word' id='word_1_551' title='bbox 3496 3182 3544 3256; x_wconf 86' lang='grc' dir='ltr'><strong>(Ι</strong></span> <span class='ocrx_word' id='word_1_552' title='bbox 3554 3185 3732 3256; x_wconf 84' lang='lat' dir='ltr'><strong>dem).</strong></span> 
     </span>
    </p>
   </div>
   <div class='ocr_carea' id='block_1_76' title="bbox 2120 3270 3746 3346">
    <p class='ocr_par' dir='ltr' id='par_1_76' title="bbox 2120 3270 3746 3346">
     <span class='ocr_line' id='line_1_76' title="bbox 2120 3270 3746 3346; baseline 0.004 -20"><span class='ocrx_word' id='word_1_553' title='bbox 2120 3272 2178 3326; x_wconf 93' lang='lat' dir='ltr'><strong>In</strong></span> <span class='ocrx_word' id='word_1_554' title='bbox 2210 3271 2313 3324; x_wconf 75' lang='lat' dir='ltr'><strong>i510</strong></span> <span class='ocrx_word' id='word_1_555' title='bbox 2345 3270 2506 3340; x_wconf 82' lang='lat' dir='ltr'><strong>igitur</strong></span> <span class='ocrx_word' id='word_1_556' title='bbox 2528 3273 2666 3342; x_wconf 87' lang='lat' dir='ltr'><strong>quod</strong></span> <span class='ocrx_word' id='word_1_557' title='bbox 2693 3272 2906 3336; x_wconf 88' lang='lat' dir='ltr'><strong>dicitur,</strong></span> <span class='ocrx_word' id='word_1_558' title='bbox 2935 3272 3082 3339; x_wconf 85' lang='lat' dir='ltr'><strong>Erat,</strong></span> <span class='ocrx_word' id='word_1_559' title='bbox 3130 3277 3174 3329; x_wconf 90' lang='lat' dir='ltr'><strong>si</strong></span> <span class='ocrx_word' id='word_1_560' title='bbox 3218 3284 3432 3345; x_wconf 88' lang='lat' dir='ltr'><strong>tempus</strong></span> <span class='ocrx_word' id='word_1_561' title='bbox 3484 3294 3746 3346; x_wconf 64' lang='lat' dir='ltr'><strong>quarrero</strong></span> 
     </span>
    </p>
   </div>
   <div class='ocr_carea' id='block_1_77' title="bbox 2124 3364 3744 3438">
    <p class='ocr_par' dir='ltr' id='par_1_77' title="bbox 2124 3364 3744 3438">
     <span class='ocr_line' id='line_1_77' title="bbox 2124 3364 3744 3438; baseline 0.007 -22"><span class='ocrx_word' id='word_1_562' title='bbox 2124 3364 2357 3420; x_wconf 83' lang='lat' dir='ltr'><strong>volneris</strong></span> <span class='ocrx_word' id='word_1_563' title='bbox 2381 3407 2395 3427; x_wconf 90' lang='lat'><strong>,</strong></span> <span class='ocrx_word' id='word_1_564' title='bbox 2434 3381 2538 3420; x_wconf 90' lang='lat' dir='ltr'><strong>non</strong></span> <span class='ocrx_word' id='word_1_565' title='bbox 2573 3368 2818 3422; x_wconf 89' lang='lat' dir='ltr'><strong>invenies</strong></span> <span class='ocrx_word' id='word_1_566' title='bbox 2848 3384 2860 3418; x_wconf 90' lang='lat'><strong>:</strong></span> <span class='ocrx_word' id='word_1_567' title='bbox 2891 3369 3147 3438; x_wconf 89' lang='lat' dir='ltr'><strong>quoniam</strong></span> <span class='ocrx_word' id='word_1_568' title='bbox 3189 3385 3257 3424; x_wconf 82' lang='lat' dir='ltr'><strong>ex</strong></span> <span class='ocrx_word' id='word_1_569' title='bbox 3302 3387 3408 3438; x_wconf 89' lang='lat' dir='ltr'><strong>quo</strong></span> <span class='ocrx_word' id='word_1_570' title='bbox 3449 3371 3636 3437; x_wconf 87' lang='lat' dir='ltr'><strong>Pater,</strong></span> <span class='ocrx_word' id='word_1_571' title='bbox 3673 3390 3744 3430; x_wconf 73' lang='lat' dir='ltr'><strong>ex</strong></span> 
     </span>
    </p>
   </div>
   <div class='ocr_carea' id='block_1_78' title="bbox 2121 3456 3744 3530">
    <p class='ocr_par' dir='ltr' id='par_1_78' title="bbox 2121 3456 3744 3530">
     <span class='ocr_line' id='line_1_78' title="bbox 2121 3456 3744 3530; baseline 0.006 -21"><span class='ocrx_word' id='word_1_572' title='bbox 2121 3456 2214 3509; x_wconf 81' lang='lat' dir='ltr'><strong>illo</strong></span> <span class='ocrx_word' id='word_1_573' title='bbox 2239 3465 2292 3510; x_wconf 89' lang='lat' dir='ltr'><strong>et</strong></span> <span class='ocrx_word' id='word_1_574' title='bbox 2316 3456 2480 3510; x_wconf 82' lang='lat' dir='ltr'><strong>Filius</strong></span> <span class='ocrx_word' id='word_1_575' title='bbox 2513 3474 2525 3508; x_wconf 93' lang='lat'>:</span> <span class='ocrx_word' id='word_1_576' title='bbox 2563 3467 2617 3512; x_wconf 94' lang='lat' dir='ltr'><strong>et</strong></span> <span class='ocrx_word' id='word_1_577' title='bbox 2654 3459 2796 3526; x_wconf 80' lang='lat' dir='ltr'><strong>quod</strong></span> <span class='ocrx_word' id='word_1_578' title='bbox 2826 3458 2986 3513; x_wconf 85' lang='lat' dir='ltr'><strong>Pater</strong></span> <span class='ocrx_word' id='word_1_579' title='bbox 3016 3468 3120 3525; x_wconf 87' lang='lat' dir='ltr'><strong>est,</strong></span> <span class='ocrx_word' id='word_1_580' title='bbox 3151 3459 3201 3513; x_wconf 91' lang='lat' dir='ltr'><strong>id</strong></span> <span class='ocrx_word' id='word_1_581' title='bbox 3225 3471 3308 3515; x_wconf 90' lang='lat' dir='ltr'><strong>est</strong></span> <span class='ocrx_word' id='word_1_582' title='bbox 3336 3462 3500 3515; x_wconf 86' lang='lat' dir='ltr'><strong>etiam</strong></span> <span class='ocrx_word' id='word_1_583' title='bbox 3533 3461 3744 3530; x_wconf 86' lang='lat' dir='ltr'><strong>Filius,</strong></span> 
     </span>
    </p>
   </div>
   <div class='ocr_carea' id='block_1_79' title="bbox 2121 3547 3748 3624">
    <p class='ocr_par' dir='ltr' id='par_1_79' title="bbox 2121 3547 3748 3624">
     <span class='ocr_line' id='line_1_79' title="bbox 2121 3547 3748 3624; baseline 0.006 -23"><span class='ocrx_word' id='word_1_584' title='bbox 2121 3547 2410 3601; x_wconf 84' lang='lat' dir='ltr'><strong>Salomone</strong></span> <span class='ocrx_word' id='word_1_585' title='bbox 2433 3549 2648 3604; x_wconf 86' lang='lat' dir='ltr'><strong>dicente</strong></span> <span class='ocrx_word' id='word_1_586' title='bbox 2674 3566 2689 3604; x_wconf 85' lang='lat'><strong>:</strong></span> <span class='ocrx_word' id='word_1_587' title='bbox 2722 3549 2831 3620; x_wconf 85' lang='lat' dir='ltr'><strong>Ego</strong></span> <span class='ocrx_word' id='word_1_588' title='bbox 2860 3567 2922 3604; x_wconf 82' lang='lat' dir='ltr'><strong>ea:</strong></span> <span class='ocrx_word' id='word_1_589' title='bbox 2942 3567 3028 3604; x_wconf 90' lang='lat' dir='ltr'><strong>ore</strong></span> <span class='ocrx_word' id='word_1_590' title='bbox 3053 3551 3304 3605; x_wconf 80' lang='lat' dir='ltr'><strong>Altissinn’</strong></span> <span class='ocrx_word' id='word_1_591' title='bbox 3325 3555 3515 3622; x_wconf 85' lang='lat' dir='ltr'><strong>prodii,</strong></span> <span class='ocrx_word' id='word_1_592' title='bbox 3541 3558 3748 3624; x_wconf 87' lang='lat' dir='ltr'><strong>primo-</strong></span> 
     </span>
    </p>
   </div>
   <div class='ocr_carea' id='block_1_80' title="bbox 2123 3643 3750 3715">
    <p class='ocr_par' dir='ltr' id='par_1_80' title="bbox 2123 3643 3750 3715">
     <span class='ocr_line' id='line_1_80' title="bbox 2123 3643 3750 3715; baseline 0.006 -21"><span class='ocrx_word' id='word_1_593' title='bbox 2123 3643 2292 3711; x_wconf 87' lang='lat' dir='ltr'><strong>genita</strong></span> <span class='ocrx_word' id='word_1_594' title='bbox 2322 3653 2438 3696; x_wconf 87' lang='lat' dir='ltr'><strong>ante</strong></span> <span class='ocrx_word' id='word_1_595' title='bbox 2461 3660 2661 3697; x_wconf 69' lang='lat' dir='ltr'><strong>omnem</strong></span> <span class='ocrx_word' id='word_1_596' title='bbox 2685 3655 2994 3698; x_wconf 85' lang='lat' dir='ltr'><strong>creaturam.</strong></span> <span class='ocrx_word' id='word_1_597' title='bbox 3032 3643 3142 3715; x_wconf 80' lang='lat' dir='ltr'><strong>Ego</strong></span> <span class='ocrx_word' id='word_1_598' title='bbox 3160 3645 3276 3713; x_wconf 80' lang='lat' dir='ltr'><strong>feci,</strong></span> <span class='ocrx_word' id='word_1_599' title='bbox 3307 3657 3360 3699; x_wconf 87' lang='lat' dir='ltr'><strong>ut</strong></span> <span class='ocrx_word' id='word_1_600' title='bbox 3386 3647 3440 3707; x_wconf 76' lang='lat' dir='ltr'><strong>in</strong></span> <span class='ocrx_word' id='word_1_601' title='bbox 3469 3647 3600 3701; x_wconf 66' lang='lat' dir='ltr'><strong>coelo</strong></span> <span class='ocrx_word' id='word_1_602' title='bbox 3635 3653 3750 3703; x_wconf 84' lang='lat' dir='ltr'><strong>ori-</strong></span> 
     </span>
    </p>
   </div>
   <div class='ocr_carea' id='block_1_81' title="bbox 2124 3735 3751 3802">
    <p class='ocr_par' dir='ltr' id='par_1_81' title="bbox 2124 3735 3751 3802">
     <span class='ocr_line' id='line_1_81' title="bbox 2124 3735 3751 3802; baseline 0.005 -15"><span class='ocrx_word' id='word_1_603' title='bbox 2124 3744 2260 3787; x_wconf 85' lang='lat' dir='ltr'><strong>retur</strong></span> <span class='ocrx_word' id='word_1_604' title='bbox 2288 3736 2454 3788; x_wconf 85' lang='lat' dir='ltr'><strong>lumen</strong></span> <span class='ocrx_word' id='word_1_605' title='bbox 2499 3735 2828 3802; x_wconf 81' lang='lat' dir='ltr'><strong>inde/iciens,</strong></span> <span class='ocrx_word' id='word_1_606' title='bbox 2877 3746 2923 3788; x_wconf 89' lang='lat' dir='ltr'><strong>et</strong></span> <span class='ocrx_word' id='word_1_607' title='bbox 2977 3737 3110 3789; x_wconf 86' lang='lat' dir='ltr'><strong>sicut</strong></span> <span class='ocrx_word' id='word_1_608' title='bbox 3154 3737 3343 3790; x_wconf 83' lang='lat' dir='ltr'><strong>nebula</strong></span> <span class='ocrx_word' id='word_1_609' title='bbox 3390 3740 3489 3792; x_wconf 73' lang='lat' dir='ltr'><strong>texi</strong></span> <span class='ocrx_word' id='word_1_610' title='bbox 3535 3757 3751 3794; x_wconf 84' lang='lat' dir='ltr'><strong>onmem</strong></span> 
     </span>
    </p>
   </div>
   <div class='ocr_carea' id='block_1_82' title="bbox 2125 3822 3753 3896">
    <p class='ocr_par' dir='ltr' id='par_1_82' title="bbox 2125 3822 3753 3896">
     <span class='ocr_line' id='line_1_82' title="bbox 2125 3822 3753 3896; baseline 0.005 -16"><span class='ocrx_word' id='word_1_611' title='bbox 2125 3822 2332 3880; x_wconf 83' lang='lat' dir='ltr'><strong>terram.</strong></span> <span class='ocrx_word' id='word_1_612' title='bbox 2361 3825 2469 3896; x_wconf 76' lang='lat' dir='ltr'><strong>Ego</strong></span> <span class='ocrx_word' id='word_1_613' title='bbox 2498 3827 2549 3878; x_wconf 85' lang='lat' dir='ltr'><strong>in</strong></span> <span class='ocrx_word' id='word_1_614' title='bbox 2577 3827 2836 3881; x_wconf 87' lang='lat' dir='ltr'><strong>altissintis</strong></span> <span class='ocrx_word' id='word_1_615' title='bbox 2865 3827 3058 3891; x_wconf 89' lang='lat' dir='ltr'><strong>habito,</strong></span> <span class='ocrx_word' id='word_1_616' title='bbox 3082 3839 3129 3881; x_wconf 85' lang='lat' dir='ltr'><strong>et</strong></span> <span class='ocrx_word' id='word_1_617' title='bbox 3153 3829 3369 3883; x_wconf 83' lang='lat' dir='ltr'><strong>thronus</strong></span> <span class='ocrx_word' id='word_1_618' title='bbox 3393 3846 3533 3885; x_wconf 86' lang='lat' dir='ltr'><strong>meus</strong></span> <span class='ocrx_word' id='word_1_619' title='bbox 3567 3833 3624 3886; x_wconf 85' lang='lat' dir='ltr'><strong>in</strong></span> <span class='ocrx_word' id='word_1_620' title='bbox 3668 3851 3753 3888; x_wconf 79' lang='lat' dir='ltr'><strong>co-</strong></span> 
     </span>
    </p>
   </div>
   <div class='ocr_carea' id='block_1_83' title="bbox 2125 3916 3745 3992">
    <p class='ocr_par' dir='ltr' id='par_1_83' title="bbox 2125 3916 3745 3992">
     <span class='ocr_line' id='line_1_83' title="bbox 2125 3916 3745 3992; baseline 0.006 -22"><span class='ocrx_word' id='word_1_621' title='bbox 2125 3918 2300 3971; x_wconf 86' lang='lat' dir='ltr'><strong>lumna</strong></span> <span class='ocrx_word' id='word_1_622' title='bbox 2327 3917 2493 3971; x_wconf 88' lang='lat' dir='ltr'><strong>nubis.</strong></span> <span class='ocrx_word' id='word_1_623' title='bbox 2531 3916 2724 3988; x_wconf 84' lang='lat' dir='ltr'><strong>Gyrum</strong></span> <span class='ocrx_word' id='word_1_624' title='bbox 2753 3918 2866 3973; x_wconf 73' lang='lat' dir='ltr'><strong>caeli</strong></span> <span class='ocrx_word' id='word_1_625' title='bbox 2893 3920 3100 3972; x_wconf 85' lang='lat' dir='ltr'><strong>circuivi</strong></span> <span class='ocrx_word' id='word_1_626' title='bbox 3139 3920 3250 3974; x_wconf 87' lang='lat' dir='ltr'><strong>sola</strong></span> <span class='ocrx_word' id='word_1_627' title='bbox 3270 3962 3284 3987; x_wconf 96' lang='lat'><strong>,</strong></span> <span class='ocrx_word' id='word_1_628' title='bbox 3316 3931 3361 3974; x_wconf 87' lang='lat' dir='ltr'><strong>et</strong></span> <span class='ocrx_word' id='word_1_629' title='bbox 3406 3922 3745 3992; x_wconf 82' lang='lat' dir='ltr'><strong>profundum</strong></span> 
     </span>
    </p>
   </div>
   <div class='ocr_carea' id='block_1_84' title="bbox 2125 4009 3748 4086">
    <p class='ocr_par' dir='ltr' id='par_1_84' title="bbox 2125 4009 3748 4086">
     <span class='ocr_line' id='line_1_84' title="bbox 2125 4009 3748 4086; baseline 0.006 -24"><span class='ocrx_word' id='word_1_630' title='bbox 2125 4011 2293 4080; x_wconf 83' lang='lat' dir='ltr'><strong>abyssi</strong></span> <span class='ocrx_word' id='word_1_631' title='bbox 2326 4012 2597 4078; x_wconf 81' lang='lat' dir='ltr'><strong>penetravi.</strong></span> <span class='ocrx_word' id='word_1_632' title='bbox 2629 4009 2695 4064; x_wconf 88' lang='lat' dir='ltr'><strong>In</strong></span> <span class='ocrx_word' id='word_1_633' title='bbox 2737 4028 2934 4065; x_wconf 88' lang='lat' dir='ltr'><strong>onmem</strong></span> <span class='ocrx_word' id='word_1_634' title='bbox 2989 4022 3177 4066; x_wconf 88' lang='lat' dir='ltr'><strong>terram</strong></span> <span class='ocrx_word' id='word_1_635' title='bbox 3216 4015 3351 4078; x_wconf 82' lang='lat' dir='ltr'><strong>steti,</strong></span> <span class='ocrx_word' id='word_1_636' title='bbox 3382 4025 3428 4068; x_wconf 87' lang='lat' dir='ltr'><strong>et</strong></span> <span class='ocrx_word' id='word_1_637' title='bbox 3455 4019 3508 4070; x_wconf 90' lang='lat' dir='ltr'><strong>in</strong></span> <span class='ocrx_word' id='word_1_638' title='bbox 3535 4021 3748 4086; x_wconf 83' lang='lat' dir='ltr'><strong>populo</strong></span> 
     </span>
    </p>
   </div>
   <div class='ocr_carea' id='block_1_85' title="bbox 2128 4104 3755 4178">
    <p class='ocr_par' dir='ltr' id='par_1_85' title="bbox 2128 4104 3755 4178">
     <span class='ocr_line' id='line_1_85' title="bbox 2128 4104 3755 4178; baseline 0.008 -23"><span class='ocrx_word' id='word_1_639' title='bbox 2128 4106 2404 4174; x_wconf 83' lang='lat' dir='ltr'><strong>primatum</strong></span> <span class='ocrx_word' id='word_1_640' title='bbox 2434 4105 2588 4158; x_wconf 86' lang='lat' dir='ltr'><strong>habui</strong></span> <span class='ocrx_word' id='word_1_641' title='bbox 2632 4104 2984 4176; x_wconf 86' lang='lat' dir='ltr'><strong>(Ecclesiast.,</strong></span> <span class='ocrx_word' id='word_1_642' title='bbox 3029 4107 3204 4178; x_wconf 71' lang='lat' dir='ltr'><strong>XXIV).</strong></span> <span class='ocrx_word' id='word_1_643' title='bbox 3240 4108 3370 4162; x_wconf 88' lang='lat' dir='ltr'><strong>Item</strong></span> <span class='ocrx_word' id='word_1_644' title='bbox 3417 4109 3486 4164; x_wconf 84' lang='lat' dir='ltr'><strong>ibi</strong></span> <span class='ocrx_word' id='word_1_645' title='bbox 3538 4128 3552 4163; x_wconf 88' lang='lat'><strong>:</strong></span> <span class='ocrx_word' id='word_1_646' title='bbox 3613 4111 3755 4168; x_wconf 85' lang='lat' dir='ltr'><strong>Cum</strong></span> 
     </span>
    </p>
   </div>
   <div class='ocr_carea' id='block_1_86' title="bbox 2128 4199 3756 4273">
    <p class='ocr_par' dir='ltr' id='par_1_86' title="bbox 2128 4199 3756 4273">
     <span class='ocr_line' id='line_1_86' title="bbox 2128 4199 3756 4273; baseline 0.005 -20"><span class='ocrx_word' id='word_1_647' title='bbox 2128 4211 2442 4273; x_wconf 81' lang='lat' dir='ltr'><strong>pra‘pararet</strong></span> <span class='ocrx_word' id='word_1_648' title='bbox 2475 4199 2678 4265; x_wconf 79' lang='lat' dir='ltr'><strong>cwlum,</strong></span> <span class='ocrx_word' id='word_1_649' title='bbox 2711 4199 2920 4254; x_wconf 86' lang='lat' dir='ltr'><strong>aderam</strong></span> <span class='ocrx_word' id='word_1_650' title='bbox 2972 4199 3072 4265; x_wconf 88' lang='lat' dir='ltr'><strong>illi,</strong></span> <span class='ocrx_word' id='word_1_651' title='bbox 3117 4211 3163 4254; x_wconf 93' lang='lat' dir='ltr'><strong>et</strong></span> <span class='ocrx_word' id='word_1_652' title='bbox 3205 4218 3320 4255; x_wconf 89' lang='lat' dir='ltr'><strong>cum</strong></span> <span class='ocrx_word' id='word_1_653' title='bbox 3372 4203 3542 4257; x_wconf 87' lang='lat' dir='ltr'><strong>sedem</strong></span> <span class='ocrx_word' id='word_1_654' title='bbox 3593 4223 3756 4262; x_wconf 83' lang='lat' dir='ltr'><strong>suam</strong></span> 
     </span>
    </p>
   </div>
   <div class='ocr_carea' id='block_1_87' title="bbox 2127 4295 3756 4370">
    <p class='ocr_par' dir='ltr' id='par_1_87' title="bbox 2127 4295 3756 4370">
     <span class='ocr_line' id='line_1_87' title="bbox 2127 4295 3756 4370; baseline 0.005 -20"><span class='ocrx_word' id='word_1_655' title='bbox 2127 4306 2423 4351; x_wconf 86' lang='lat' dir='ltr'><strong>secerneret.</strong></span> <span class='ocrx_word' id='word_1_656' title='bbox 2489 4295 2707 4360; x_wconf 84' lang='lat' dir='ltr'><strong>Quando</strong></span> <span class='ocrx_word' id='word_1_657' title='bbox 2753 4312 2904 4365; x_wconf 88' lang='lat' dir='ltr'><strong>super</strong></span> <span class='ocrx_word' id='word_1_658' title='bbox 2961 4306 3133 4350; x_wconf 89' lang='lat' dir='ltr'><strong>ventos</strong></span> <span class='ocrx_word' id='word_1_659' title='bbox 3191 4301 3346 4368; x_wconf 79' lang='lat' dir='ltr'><strong>fortes</strong></span> <span class='ocrx_word' id='word_1_660' title='bbox 3405 4301 3628 4370; x_wconf 79' lang='lat' dir='ltr'><strong>faciebat</strong></span> <span class='ocrx_word' id='word_1_661' title='bbox 3694 4304 3756 4358; x_wconf 78' lang='lat' dir='ltr'><strong>in</strong></span> 
     </span>
    </p>
   </div>
   <div class='ocr_carea' id='block_1_88' title="bbox 2129 4391 3753 4465">
    <p class='ocr_par' dir='ltr' id='par_1_88' title="bbox 2129 4391 3753 4465">
     <span class='ocr_line' id='line_1_88' title="bbox 2129 4391 3753 4465; baseline 0.004 -21"><span class='ocrx_word' id='word_1_662' title='bbox 2129 4407 2326 4444; x_wconf 85' lang='lat' dir='ltr'><strong>summo</strong></span> <span class='ocrx_word' id='word_1_663' title='bbox 2347 4392 2526 4454; x_wconf 85' lang='lat' dir='ltr'><strong>nubes,</strong></span> <span class='ocrx_word' id='word_1_664' title='bbox 2569 4400 2616 4443; x_wconf 86' lang='lat' dir='ltr'><strong>et</strong></span> <span class='ocrx_word' id='word_1_665' title='bbox 2647 4407 2759 4444; x_wconf 82' lang='lat' dir='ltr'><strong>cum</strong></span> <span class='ocrx_word' id='word_1_666' title='bbox 2806 4401 2966 4444; x_wconf 84' lang='lat' dir='ltr'><strong>certos</strong></span> <span class='ocrx_word' id='word_1_667' title='bbox 3007 4391 3221 4460; x_wconf 85' lang='lat' dir='ltr'><strong>ponebat</strong></span> <span class='ocrx_word' id='word_1_668' title='bbox 3255 4395 3418 4461; x_wconf 86' lang='lat' dir='ltr'><strong>fontes</strong></span> <span class='ocrx_word' id='word_1_669' title='bbox 3447 4393 3540 4446; x_wconf 82' lang='lat' dir='ltr'><strong>sub</strong></span> <span class='ocrx_word' id='word_1_670' title='bbox 3586 4396 3753 4465; x_wconf 75' lang='lat' dir='ltr'><strong>ccelo,</strong></span> 
     </span>
    </p>
   </div>
   <div class='ocr_carea' id='block_1_89' title="bbox 2130 4483 3757 4555">
    <p class='ocr_par' dir='ltr' id='par_1_89' title="bbox 2130 4483 3757 4555">
     <span class='ocr_line' id='line_1_89' title="bbox 2130 4483 3757 4555; baseline 0.003 -19"><span class='ocrx_word' id='word_1_671' title='bbox 2130 4500 2241 4537; x_wconf 87' lang='lat' dir='ltr'><strong>cum</strong></span> <span class='ocrx_word' id='word_1_672' title='bbox 2283 4485 2437 4552; x_wconf 82' lang='lat' dir='ltr'><strong>fortia</strong></span> <span class='ocrx_word' id='word_1_673' title='bbox 2469 4483 2687 4553; x_wconf 76' lang='lat' dir='ltr'><strong>faciebat</strong></span> <span class='ocrx_word' id='word_1_674' title='bbox 2726 4483 3058 4552; x_wconf 85' lang='lat' dir='ltr'><strong>fundamenta</strong></span> <span class='ocrx_word' id='word_1_675' title='bbox 3089 4494 3266 4550; x_wconf 80' lang='lat' dir='ltr'><strong>terrte,</strong></span> <span class='ocrx_word' id='word_1_676' title='bbox 3298 4500 3389 4555; x_wconf 85' lang='lat' dir='ltr'><strong>ego</strong></span> <span class='ocrx_word' id='word_1_677' title='bbox 3420 4501 3583 4550; x_wconf 90' lang='lat' dir='ltr'><strong>eram,</strong></span> <span class='ocrx_word' id='word_1_678' title='bbox 3618 4503 3757 4541; x_wconf 87' lang='lat' dir='ltr'><strong>cum</strong></span> 
     </span>
    </p>
   </div>
   <div class='ocr_carea' id='block_1_90' title="bbox 2132 4575 3759 4648">
    <p class='ocr_par' dir='ltr' id='par_1_90' title="bbox 2132 4575 3759 4648">
     <span class='ocr_line' id='line_1_90' title="bbox 2132 4575 3759 4648; baseline 0.002 -18"><span class='ocrx_word' id='word_1_679' title='bbox 2132 4576 2223 4630; x_wconf 86' lang='lat' dir='ltr'><strong>illo</strong></span> <span class='ocrx_word' id='word_1_680' title='bbox 2249 4594 2574 4646; x_wconf 84' lang='lat' dir='ltr'><strong>componens,</strong></span> <span class='ocrx_word' id='word_1_681' title='bbox 2606 4587 2652 4632; x_wconf 87' lang='lat' dir='ltr'><strong>et</strong></span> <span class='ocrx_word' id='word_1_682' title='bbox 2680 4593 2770 4648; x_wconf 86' lang='lat' dir='ltr'><strong>ego</strong></span> <span class='ocrx_word' id='word_1_683' title='bbox 2801 4593 2961 4641; x_wconf 84' lang='lat' dir='ltr'><strong>erant,</strong></span> <span class='ocrx_word' id='word_1_684' title='bbox 2985 4577 3066 4629; x_wconf 88' lang='lat' dir='ltr'><strong>cui</strong></span> <span class='ocrx_word' id='word_1_685' title='bbox 3096 4575 3383 4647; x_wconf 85' lang='lat' dir='ltr'><strong>udaugebat</strong></span> <span class='ocrx_word' id='word_1_686' title='bbox 3404 4619 3415 4639; x_wconf 95' lang='lat'><strong>,</strong></span> <span class='ocrx_word' id='word_1_687' title='bbox 3445 4593 3559 4629; x_wconf 88' lang='lat' dir='ltr'><strong>cum</strong></span> <span class='ocrx_word' id='word_1_688' title='bbox 3592 4578 3759 4634; x_wconf 66' lang='lat' dir='ltr'><strong>laeta-</strong></span> 
     </span>
    </p>
   </div>
   <div class='ocr_carea' id='block_1_91' title="bbox 2136 4666 3755 4741">
    <p class='ocr_par' dir='ltr' id='par_1_91' title="bbox 2136 4666 3755 4741">
     <span class='ocr_line' id='line_1_91' title="bbox 2136 4666 3755 4741; baseline 0.004 -18"><span class='ocrx_word' id='word_1_689' title='bbox 2136 4680 2274 4724; x_wconf 88' lang='lat' dir='ltr'><strong>retur</strong></span> <span class='ocrx_word' id='word_1_690' title='bbox 2301 4672 2418 4724; x_wconf 87' lang='lat' dir='ltr'><strong>orbe</strong></span> <span class='ocrx_word' id='word_1_691' title='bbox 2446 4673 2666 4741; x_wconf 75' lang='lat' dir='ltr'><strong>perferto</strong></span> <span class='ocrx_word' id='word_1_692' title='bbox 2699 4667 2992 4740; x_wconf 81' lang='lat' dir='ltr'><strong>(Provrrb.,</strong></span> <span class='ocrx_word' id='word_1_693' title='bbox 3021 4666 3158 4739; x_wconf 81' lang='lat' dir='ltr'><strong>vui).</strong></span> <span class='ocrx_word' id='word_1_694' title='bbox 3194 4670 3257 4722; x_wconf 74' lang='lat' dir='ltr'><strong>Et</strong></span> <span class='ocrx_word' id='word_1_695' title='bbox 3287 4670 3338 4722; x_wconf 92' lang='lat' dir='ltr'><strong>in</strong></span> <span class='ocrx_word' id='word_1_696' title='bbox 3370 4671 3581 4739; x_wconf 87' lang='lat' dir='ltr'><strong>psalmo</strong></span> <span class='ocrx_word' id='word_1_697' title='bbox 3609 4688 3755 4728; x_wconf 82' lang='lat' dir='ltr'><strong>cett-</strong></span> 
     </span>
    </p>
   </div>
   <div class='ocr_carea' id='block_1_92' title="bbox 2048 4762 3751 4834">
    <p class='ocr_par' dir='ltr' id='par_1_92' title="bbox 2048 4762 3751 4834">
     <span class='ocr_line' id='line_1_92' title="bbox 2048 4762 3751 4834; baseline 0.001 -16"><span class='ocrx_word' id='word_1_698' title='bbox 2048 4765 2101 4824; x_wconf 86' lang='lat' dir='ltr'><strong>D</strong></span> <span class='ocrx_word' id='word_1_699' title='bbox 2129 4763 2319 4820; x_wconf 89' lang='lat' dir='ltr'><strong>tesimo</strong></span> <span class='ocrx_word' id='word_1_700' title='bbox 2351 4763 2519 4832; x_wconf 88' lang='lat' dir='ltr'><strong>primo</strong></span> <span class='ocrx_word' id='word_1_701' title='bbox 2549 4781 2561 4816; x_wconf 92' lang='lat'>:</span> <span class='ocrx_word' id='word_1_702' title='bbox 2597 4762 2694 4828; x_wconf 86' lang='lat' dir='ltr'><strong>Tu,</strong></span> <span class='ocrx_word' id='word_1_703' title='bbox 2749 4762 2992 4827; x_wconf 86' lang='lat' dir='ltr'><strong>Domine,</strong></span> <span class='ocrx_word' id='word_1_704' title='bbox 3024 4763 3077 4815; x_wconf 89' lang='lat' dir='ltr'><strong>in</strong></span> <span class='ocrx_word' id='word_1_705' title='bbox 3113 4762 3363 4832; x_wconf 85' lang='lat' dir='ltr'><strong>principio</strong></span> <span class='ocrx_word' id='word_1_706' title='bbox 3390 4771 3580 4816; x_wconf 85' lang='lat' dir='ltr'><strong>terram</strong></span> <span class='ocrx_word' id='word_1_707' title='bbox 3612 4775 3751 4834; x_wconf 75' lang='lat' dir='ltr'><strong>fun-</strong></span> 
     </span>
    </p>
   </div>
   <div class='ocr_carea' id='block_1_93' title="bbox 2126 4851 3756 4927">
    <p class='ocr_par' dir='ltr' id='par_1_93' title="bbox 2126 4851 3756 4927">
     <span class='ocr_line' id='line_1_93' title="bbox 2126 4851 3756 4927; baseline 0.002 -17"><span class='ocrx_word' id='word_1_708' title='bbox 2126 4859 2275 4921; x_wconf 83' lang='lat' dir='ltr'><strong>dasti,</strong></span> <span class='ocrx_word' id='word_1_709' title='bbox 2306 4866 2351 4910; x_wconf 88' lang='lat' dir='ltr'><strong>et</strong></span> <span class='ocrx_word' id='word_1_710' title='bbox 2378 4872 2532 4927; x_wconf 60' lang='lat' dir='ltr'><strong>apt-ra</strong></span> <span class='ocrx_word' id='word_1_711' title='bbox 2554 4872 2795 4909; x_wconf 88' lang='lat' dir='ltr'><strong>manuum</strong></span> <span class='ocrx_word' id='word_1_712' title='bbox 2822 4865 3023 4908; x_wconf 87' lang='lat' dir='ltr'><strong>tuarum</strong></span> <span class='ocrx_word' id='word_1_713' title='bbox 3039 4864 3156 4906; x_wconf 88' lang='lat' dir='ltr'><strong>sunt</strong></span> <span class='ocrx_word' id='word_1_714' title='bbox 3184 4855 3318 4908; x_wconf 74' lang='lat' dir='ltr'><strong>coeli.</strong></span> <span class='ocrx_word' id='word_1_715' title='bbox 3339 4851 3449 4921; x_wconf 83' lang='lat' dir='ltr'><strong>Ipsi</strong></span> <span class='ocrx_word' id='word_1_716' title='bbox 3475 4855 3756 4924; x_wconf 78' lang='lat' dir='ltr'><strong>peribunt,</strong></span> 
     </span>
    </p>
   </div>
   <div class='ocr_carea' id='block_1_94' title="bbox 2128 4947 3754 5023">
    <p class='ocr_par' dir='ltr' id='par_1_94' title="bbox 2128 4947 3754 5023">
     <span class='ocr_line' id='line_1_94' title="bbox 2128 4947 3754 5023; baseline -0.001 -19"><span class='ocrx_word' id='word_1_717' title='bbox 2128 4961 2182 5004; x_wconf 87' lang='lat' dir='ltr'><strong>tu</strong></span> <span class='ocrx_word' id='word_1_718' title='bbox 2212 4962 2378 5005; x_wconf 87' lang='lat' dir='ltr'><strong>autem</strong></span> <span class='ocrx_word' id='word_1_719' title='bbox 2411 4967 2674 5023; x_wconf 79' lang='lat' dir='ltr'><strong>permancs</strong></span> <span class='ocrx_word' id='word_1_720' title='bbox 2692 4994 2704 5015; x_wconf 88' lang='lat'><strong>,</strong></span> <span class='ocrx_word' id='word_1_721' title='bbox 2732 4961 2776 5002; x_wconf 86' lang='lat' dir='ltr'><strong>et</strong></span> <span class='ocrx_word' id='word_1_722' title='bbox 2805 4950 2933 5003; x_wconf 83' lang='lat' dir='ltr'><strong>sicut</strong></span> <span class='ocrx_word' id='word_1_723' title='bbox 2961 4949 3275 5017; x_wconf 80' lang='lat' dir='ltr'><strong>opertorium</strong></span> <span class='ocrx_word' id='word_1_724' title='bbox 3305 4947 3522 5002; x_wconf 84' lang='lat' dir='ltr'><strong>mtttabis</strong></span> <span class='ocrx_word' id='word_1_725' title='bbox 3549 4965 3664 5015; x_wconf 78' lang='lat' dir='ltr'><strong>eos,</strong></span> <span class='ocrx_word' id='word_1_726' title='bbox 3699 4963 3754 5007; x_wconf 82' lang='lat' dir='ltr'><strong>et</strong></span> 
     </span>
    </p>
   </div>
   <div class='ocr_carea' id='block_1_95' title="bbox 2128 5042 3750 5111">
    <p class='ocr_par' dir='ltr' id='par_1_95' title="bbox 2128 5042 3750 5111">
     <span class='ocr_line' id='line_1_95' title="bbox 2128 5042 3750 5111; baseline -0.001 -13"><span class='ocrx_word' id='word_1_727' title='bbox 2128 5049 2501 5099; x_wconf 85' lang='lat' dir='ltr'><strong>mutabuntur:</strong></span> <span class='ocrx_word' id='word_1_728' title='bbox 2535 5056 2585 5098; x_wconf 86' lang='lat' dir='ltr'><strong>tu</strong></span> <span class='ocrx_word' id='word_1_729' title='bbox 2618 5055 2785 5097; x_wconf 87' lang='lat' dir='ltr'><strong>autem</strong></span> <span class='ocrx_word' id='word_1_730' title='bbox 2827 5042 2962 5096; x_wconf 81' lang='lat' dir='ltr'><strong>idem</strong></span> <span class='ocrx_word' id='word_1_731' title='bbox 2989 5043 3100 5111; x_wconf 83' lang='lat' dir='ltr'><strong>ipse</strong></span> <span class='ocrx_word' id='word_1_732' title='bbox 3144 5059 3216 5107; x_wconf 84' lang='lat' dir='ltr'><strong>es,</strong></span> <span class='ocrx_word' id='word_1_733' title='bbox 3249 5051 3296 5095; x_wconf 86' lang='lat' dir='ltr'><strong>et</strong></span> <span class='ocrx_word' id='word_1_734' title='bbox 3337 5042 3460 5094; x_wconf 89' lang='lat' dir='ltr'><strong>anni</strong></span> <span class='ocrx_word' id='word_1_735' title='bbox 3502 5042 3578 5094; x_wconf 92' lang='lat' dir='ltr'><strong>tui</strong></span> <span class='ocrx_word' id='word_1_736' title='bbox 3632 5061 3750 5101; x_wconf 80' lang='lat' dir='ltr'><strong>non</strong></span> 
     </span>
    </p>
   </div>
   <div class='ocr_carea' id='block_1_96' title="bbox 2127 5137 3746 5210">
    <p class='ocr_par' dir='ltr' id='par_1_96' title="bbox 2127 5137 3746 5210">
     <span class='ocr_line' id='line_1_96' title="bbox 2127 5137 3746 5210; baseline 0.001 -16"><span class='ocrx_word' id='word_1_737' title='bbox 2127 5142 2381 5210; x_wconf 71' lang='lat' dir='ltr'><strong>deficient.</strong></span> <span class='ocrx_word' id='word_1_738' title='bbox 2414 5141 2530 5194; x_wconf 82' lang='lat' dir='ltr'><strong>Non</strong></span> <span class='ocrx_word' id='word_1_739' title='bbox 2579 5142 2722 5196; x_wconf 87' lang='lat' dir='ltr'><strong>enim</strong></span> <span class='ocrx_word' id='word_1_740' title='bbox 2755 5149 2870 5194; x_wconf 88' lang='lat' dir='ltr'><strong>erat</strong></span> <span class='ocrx_word' id='word_1_741' title='bbox 2918 5147 3068 5204; x_wconf 74' lang='lat' dir='ltr'><strong>mlas,</strong></span> <span class='ocrx_word' id='word_1_742' title='bbox 3099 5147 3191 5192; x_wconf 88' lang='lat' dir='ltr'><strong>aut</strong></span> <span class='ocrx_word' id='word_1_743' title='bbox 3229 5137 3448 5208; x_wconf 87' lang='lat' dir='ltr'><strong>aliquod</strong></span> <span class='ocrx_word' id='word_1_744' title='bbox 3489 5148 3746 5210; x_wconf 79' lang='lat' dir='ltr'><strong>tempus,</strong></span> 
     </span>
    </p>
   </div>
   <div class='ocr_carea' id='block_1_97' title="bbox 2125 5232 3756 5305">
    <p class='ocr_par' dir='ltr' id='par_1_97' title="bbox 2125 5232 3756 5305">
     <span class='ocr_line' id='line_1_97' title="bbox 2125 5232 3756 5305; baseline 0.002 -17"><span class='ocrx_word' id='word_1_745' title='bbox 2125 5247 2413 5304; x_wconf 69' lang='lat' dir='ltr'><strong>antequam</strong></span> <span class='ocrx_word' id='word_1_746' title='bbox 2445 5234 2512 5288; x_wconf 85' lang='lat' dir='ltr'><strong>de</strong></span> <span class='ocrx_word' id='word_1_747' title='bbox 2553 5234 2710 5288; x_wconf 80' lang='lat' dir='ltr'><strong>Patre</strong></span> <span class='ocrx_word' id='word_1_748' title='bbox 2741 5232 2911 5287; x_wconf 80' lang='lat' dir='ltr'><strong>Filius</strong></span> <span class='ocrx_word' id='word_1_749' title='bbox 2946 5242 3288 5298; x_wconf 74' lang='lat' dir='ltr'><strong>nasceretur;</strong></span> <span class='ocrx_word' id='word_1_750' title='bbox 3345 5233 3596 5302; x_wconf 79' lang='lat' dir='ltr'><strong>quoniam</strong></span> <span class='ocrx_word' id='word_1_751' title='bbox 3651 5237 3756 5305; x_wconf 82' lang='lat' dir='ltr'><strong>qni</strong></span> 
     </span>
    </p>
   </div>
   <div class='ocr_carea' id='block_1_98' title="bbox 2126 5325 3752 5397">
    <p class='ocr_par' dir='ltr' id='par_1_98' title="bbox 2126 5325 3752 5397">
     <span class='ocr_line' id='line_1_98' title="bbox 2126 5325 3752 5397; baseline -0.002 -16"><span class='ocrx_word' id='word_1_752' title='bbox 2126 5337 2365 5397; x_wconf 85' lang='lat' dir='ltr'><strong>tempora</strong></span> <span class='ocrx_word' id='word_1_753' title='bbox 2421 5328 2671 5382; x_wconf 87' lang='lat' dir='ltr'><strong>universa</strong></span> <span class='ocrx_word' id='word_1_754' title='bbox 2719 5325 2932 5396; x_wconf 87' lang='lat' dir='ltr'><strong>propria</strong></span> <span class='ocrx_word' id='word_1_755' title='bbox 2988 5333 3254 5392; x_wconf 84' lang='lat' dir='ltr'><strong>potestate</strong></span> <span class='ocrx_word' id='word_1_756' title='bbox 3306 5326 3614 5388; x_wconf 77' lang='lat' dir='ltr'><strong>constituit,</strong></span> <span class='ocrx_word' id='word_1_757' title='bbox 3673 5344 3752 5386; x_wconf 76' lang='lat' dir='ltr'><strong>cx</strong></span> 
     </span>
    </p>
   </div>
   <div class='ocr_carea' id='block_1_99' title="bbox 2120 5417 3750 5492">
    <p class='ocr_par' dir='ltr' id='par_1_99' title="bbox 2120 5417 3750 5492">
     <span class='ocr_line' id='line_1_99' title="bbox 2120 5417 3750 5492; baseline -0.002 -18"><span class='ocrx_word' id='word_1_758' title='bbox 2120 5431 2362 5490; x_wconf 88' lang='lat' dir='ltr'><strong>tempore</strong></span> <span class='ocrx_word' id='word_1_759' title='bbox 2409 5423 2492 5476; x_wconf 87' lang='lat' dir='ltr'><strong>vel</strong></span> <span class='ocrx_word' id='word_1_760' title='bbox 2531 5431 2650 5490; x_wconf 84' lang='lat' dir='ltr'><strong>post</strong></span> <span class='ocrx_word' id='word_1_761' title='bbox 2679 5431 2917 5488; x_wconf 73' lang='lat' dir='ltr'><strong>tempora</strong></span> <span class='ocrx_word' id='word_1_762' title='bbox 2948 5421 3095 5474; x_wconf 86' lang='lat' dir='ltr'><strong>nasci</strong></span> <span class='ocrx_word' id='word_1_763' title='bbox 3136 5437 3240 5474; x_wconf 83' lang='lat' dir='ltr'><strong>non</strong></span> <span class='ocrx_word' id='word_1_764' title='bbox 3285 5420 3456 5490; x_wconf 88' lang='lat' dir='ltr'><strong>potuit</strong></span> <span class='ocrx_word' id='word_1_765' title='bbox 3485 5417 3589 5492; x_wconf 79' lang='lat' dir='ltr'><strong>ll).</strong></span> <span class='ocrx_word' id='word_1_766' title='bbox 3634 5421 3750 5478; x_wconf 82' lang='lat' dir='ltr'><strong>His</strong></span> 
     </span>
    </p>
   </div>
   <div class='ocr_carea' id='block_1_100' title="bbox 2122 5511 3751 5583">
    <p class='ocr_par' dir='ltr' id='par_1_100' title="bbox 2122 5511 3751 5583">
     <span class='ocr_line' id='line_1_100' title="bbox 2122 5511 3751 5583; baseline 0.002 -18"><span class='ocrx_word' id='word_1_767' title='bbox 2122 5512 2308 5583; x_wconf 54' lang='lat' dir='ltr'><strong>pauais</strong></span> <span class='ocrx_word' id='word_1_768' title='bbox 2355 5515 2662 5575; x_wconf 84' lang='lat' dir='ltr'><strong>sententiis,</strong></span> <span class='ocrx_word' id='word_1_769' title='bbox 2710 5511 2945 5567; x_wconf 86' lang='lat' dir='ltr'><strong>breviter</strong></span> <span class='ocrx_word' id='word_1_770' title='bbox 2985 5512 3247 5567; x_wconf 84' lang='lat' dir='ltr'><strong>consultis</strong></span> <span class='ocrx_word' id='word_1_771' title='bbox 3295 5512 3397 5566; x_wconf 79' lang='lat' dir='ltr'><strong>tuis</strong></span> <span class='ocrx_word' id='word_1_772' title='bbox 3447 5515 3751 5583; x_wconf 83' lang='lat' dir='ltr'><strong>respondi,</strong></span> 
     </span>
    </p>
   </div>
   <div class='ocr_carea' id='block_1_101' title="bbox 2123 5602 3745 5661">
    <p class='ocr_par' dir='ltr' id='par_1_101' title="bbox 2123 5602 3745 5661">
     <span class='ocr_line' id='line_1_101' title="bbox 2123 5602 3745 5661; baseline 0.004 -6"><span class='ocrx_word' id='word_1_773' title='bbox 2123 5602 2288 5657; x_wconf 79' lang='lat' dir='ltr'><strong>frater</strong></span> <span class='ocrx_word' id='word_1_774' title='bbox 2319 5603 2655 5659; x_wconf 74' lang='lat' dir='ltr'><strong>Cil:ll&#39;iSSIlllc.</strong></span> <span class='ocrx_word' id='word_1_775' title='bbox 2707 5604 2781 5659; x_wconf 85' lang='lat' dir='ltr'><strong>De</strong></span> <span class='ocrx_word' id='word_1_776' title='bbox 2829 5615 3027 5658; x_wconf 64' lang='lat' dir='ltr'><strong>extero</strong></span> <span class='ocrx_word' id='word_1_777' title='bbox 3067 5617 3211 5658; x_wconf 90' lang='lat' dir='ltr'><strong>tuam</strong></span> <span class='ocrx_word' id='word_1_778' title='bbox 3255 5619 3451 5658; x_wconf 89' lang='lat' dir='ltr'><strong>moneo</strong></span> <span class='ocrx_word' id='word_1_779' title='bbox 3478 5603 3745 5661; x_wconf 82' lang='lat' dir='ltr'><strong>dilectio-</strong></span> 
     </span>
    </p>
   </div>
   <div class='ocr_carea' id='block_1_102' title="bbox 2122 5695 3749 5768">
    <p class='ocr_par' dir='ltr' id='par_1_102' title="bbox 2122 5695 3749 5768">
     <span class='ocr_line' id='line_1_102' title="bbox 2122 5695 3749 5768; baseline 0.004 -19"><span class='ocrx_word' id='word_1_780' title='bbox 2122 5711 2266 5762; x_wconf 91' lang='lat' dir='ltr'><strong>nem,</strong></span> <span class='ocrx_word' id='word_1_781' title='bbox 2294 5706 2348 5749; x_wconf 91' lang='lat' dir='ltr'><strong>nt</strong></span> <span class='ocrx_word' id='word_1_782' title='bbox 2371 5705 2594 5751; x_wconf 82' lang='lat' dir='ltr'><strong>cunctos</strong></span> <span class='ocrx_word' id='word_1_783' title='bbox 2614 5740 2630 5765; x_wconf 95' lang='lat'><strong>,</strong></span> <span class='ocrx_word' id='word_1_784' title='bbox 2661 5713 2794 5768; x_wconf 79' lang='lat' dir='ltr'><strong>quos</strong></span> <span class='ocrx_word' id='word_1_785' title='bbox 2822 5712 3008 5752; x_wconf 87' lang='lat' dir='ltr'><strong>errare</strong></span> <span class='ocrx_word' id='word_1_786' title='bbox 3035 5696 3377 5766; x_wconf 81' lang='lat' dir='ltr'><strong>cognoveris,</strong></span> <span class='ocrx_word' id='word_1_787' title='bbox 3412 5695 3478 5749; x_wconf 88' lang='lat' dir='ltr'><strong>ad</strong></span> <span class='ocrx_word' id='word_1_788' title='bbox 3503 5698 3749 5756; x_wconf 87' lang='lat' dir='ltr'><strong>catholi-</strong></span> 
     </span>
    </p>
   </div>
   <div class='ocr_carea' id='block_1_103' title="bbox 2120 5785 3742 5852">
    <p class='ocr_par' dir='ltr' id='par_1_103' title="bbox 2120 5785 3742 5852">
     <span class='ocr_line' id='line_1_103' title="bbox 2120 5785 3742 5852; baseline 0.003 -10"><span class='ocrx_word' id='word_1_789' title='bbox 2120 5802 2235 5842; x_wconf 87' lang='lat' dir='ltr'><strong>cam</strong></span> <span class='ocrx_word' id='word_1_790' title='bbox 2272 5785 2452 5852; x_wconf 86' lang='lat' dir='ltr'><strong>ﬁdem,</strong></span> <span class='ocrx_word' id='word_1_791' title='bbox 2479 5799 2532 5842; x_wconf 89' lang='lat' dir='ltr'><strong>et</strong></span> <span class='ocrx_word' id='word_1_792' title='bbox 2554 5789 2618 5841; x_wconf 88' lang='lat' dir='ltr'><strong>ad</strong></span> <span class='ocrx_word' id='word_1_793' title='bbox 2648 5790 2908 5846; x_wconf 89' lang='lat' dir='ltr'><strong>unitatem</strong></span> <span class='ocrx_word' id='word_1_794' title='bbox 2950 5799 3099 5845; x_wconf 90' lang='lat' dir='ltr'><strong>recte</strong></span> <span class='ocrx_word' id='word_1_795' title='bbox 3131 5787 3461 5843; x_wconf 68' lang='lat' dir='ltr'><strong>credentium</strong></span> <span class='ocrx_word' id='word_1_796' title='bbox 3491 5804 3742 5847; x_wconf 82' lang='lat' dir='ltr'><strong>conver-</strong></span> 
     </span>
    </p>
   </div>
   <div class='ocr_carea' id='block_1_104' title="bbox 2195 5897 3754 5975">
    <p class='ocr_par' dir='ltr' id='par_1_104' title="bbox 2195 5897 3754 5975">
     <span class='ocr_line' id='line_1_104' title="bbox 2195 5897 3754 5975; baseline 0.006 -22"><span class='ocrx_word' id='word_1_797' title='bbox 2195 5897 2578 5975; x_wconf 80' lang='lat' dir='ltr'><strong>(t)_IIactcn_u_s</strong></span> <span class='ocrx_word' id='word_1_798' title='bbox 2625 5901 2806 5975; x_wconf 89' lang='lat' dir='ltr'><strong>Ithacii</strong></span> <span class='ocrx_word' id='word_1_799' title='bbox 2835 5905 2992 5962; x_wconf 85' lang='lat' dir='ltr'><strong>verba</strong></span> <span class='ocrx_word' id='word_1_800' title='bbox 3019 5945 3034 5971; x_wconf 88' lang='lat'><strong>,</strong></span> <span class='ocrx_word' id='word_1_801' title='bbox 3069 5903 3210 5961; x_wconf 84' lang='lat' dir='ltr'><strong>unde</strong></span> <span class='ocrx_word' id='word_1_802' title='bbox 3265 5902 3406 5959; x_wconf 82' lang='lat' dir='ltr'><strong>fraus</strong></span> <span class='ocrx_word' id='word_1_803' title='bbox 3451 5901 3754 5975; x_wconf 76' lang='lat' dir='ltr'><strong>Mangonis</strong></span> 
     </span>
    </p>
   </div>
   <div class='ocr_carea' id='block_1_105' title="bbox 2125 5968 2852 6039">
    <p class='ocr_par' dir='ltr' id='par_1_105' title="bbox 2125 5968 2852 6039">
     <span class='ocr_line' id='line_1_105' title="bbox 2125 5968 2852 6039; baseline 0.006 -14"><span class='ocrx_word' id='word_1_804' title='bbox 2125 5968 2395 6039; x_wconf 72' lang='lat' dir='ltr'><strong>detegitur</strong></span> <span class='ocrx_word' id='word_1_805' title='bbox 2434 5971 2852 6029; x_wconf 74' lang='lat' dir='ltr'><strong>evidentissime.</strong></span> 
     </span>
    </p>
   </div>
  </div>
