3888 6354
185 391 240 446 35
1428 374 1791 436 εριετοω
1827 373 2087 434 DUBIE.
3390 375 3462 430 86

188 508 275 558 tere
312 496 540 564 studeas,
579 503 638 553 et
667 501 727 551 tu
770 509 1066 567 numquam
1107 494 1174 549 ab
1209 492 1506 565 apostolico
1532 492 1747 549 tramite
1775 494 1828 554 A
1853 491 2044 558 hostis,
2072 492 2222 562 cujus
2247 489 2444 546 invidia
2468 507 2610 547 mors
2642 494 2868 548 introivit
2908 495 2962 549 in
2990 496 3163 550 orbem
3207 504 3460 554 terrarum

189 591 390 650 recedas.
418 589 474 646 Si
497 597 680 644 autem
713 596 766 643 te
789 604 897 644 non
927 586 1214 653 audierint,
1238 595 1294 641 et
1308 595 1548 641 errantes
1579 584 1748 657 (quod

191 684 322 754 absit)
351 682 778 754 permanserint,
824 681 984 736 nobis
1037 694 1131 736 eos
1178 679 1555 744 manifestare,
1587 693 1747 748 quam

195 777 322 832 citius
345 780 576 846 poteris:
610 788 722 827 non
765 773 980 834 tardes.
1013 781 1069 827 ut
1097 770 1393 842 apostolica
1432 771 1752 825 auctoritate

195 879 268 924 aut
292 866 387 923 cito
412 866 475 918 ad
508 865 813 920 Ecclesiam
843 872 1249 927 convertantur,
1298 871 1390 917 aut
1419 863 1487 917 ab
1507 861 1751 917 Ecclesia

195 967 490 1029 separentur.
531 957 860 1012 Audivimus
904 958 1063 1011 etiam
1105 956 1248 1027 quod
1273 954 1487 1026 quidam
1513 956 1752 1021 erronei,

196 1065 240 1110 et
255 1053 625 1109 consentientes
654 1052 759 1117 eis,
787 1062 839 1106 te
857 1060 914 1105 et
941 1050 1175 1120 reliquos
1201 1049 1459 1105 infestent
1480 1049 1756 1118 coepisco-

201 1161 278 1216 pos
300 1153 347 1199 et
369 1145 644 1214 episcopos
680 1145 896 1212 aliquos
921 1141 1400 1212 comprovinciales
1430 1141 1497 1196 ad
1521 1152 1755 1196 vestram

199 1235 556 1291 iufamationem
587 1244 752 1306 atque
780 1234 1180 1289 damnationem
1210 1249 1395 1290 secum
1426 1234 1661 1288 trahant.

256 1328 566 1398 Quapropter
610 1326 664 1381 in
717 1327 820 1382 hac
868 1338 1051 1382 sancta
1093 1327 1223 1382 sede
1263 1327 1466 1382 dudum
1517 1342 1546 1381 a
1574 1328 1760 1382 multis

204 1419 434 1490 episcopis
470 1419 820 1474 consumtum
870 1427 1017 1484 erat,
1045 1427 1100 1472 et
1132 1417 1291 1472 modo
1322 1417 1389 1472 ad
1430 1427 1670 1473 vestrum
1700 1426 1756 1472 ct

202 1523 478 1566 ceterorum
507 1509 733 1564 fratrum
765 1510 1024 1564 auxilium
1073 1519 1156 1564 est
1199 1507 1380 1563 denuo
1421 1508 1758 1572 roboratum,

202 1612 249 1656 ut
275 1617 444 1657 omnes
491 1603 752 1673 episcopi,
805 1603 896 1673 qui
951 1604 1002 1656 in
1051 1600 1373 1672 quibusdam
1423 1601 1761 1671 gravioribus

202 1695 443 1764 pulsantur
467 1694 550 1750 vel
569 1695 929 1749 criminantur
951 1695 1146 1759 causis,
1165 1694 1375 1763 quoties
1401 1707 1626 1748 necesse
1647 1692 1762 1748 fue-

205 1786 278 1849 rit,
303 1787 457 1842 libere
499 1787 853 1857 apostolicam
903 1785 1175 1856 appellent
1223 1784 1428 1850 sedem,
1487 1794 1648 1854 atque
1693 1783 1760 1838 ad

205 1893 300 1934 eam
336 1879 476 1950 quasi
511 1877 576 1932 ad
621 1886 850 1932 matrem
903 1874 1233 1945 confugiant,
1277 1885 1333 1930 ut
1375 1875 1444 1929 ab
1490 1890 1552 1930 ea
1599 1873 1762 1947 (sicut
1790 1886 1838 1945 Β

204 1985 382 2039 semper
408 1967 521 2034 fuit)
546 1969 631 2038 pie
657 1967 969 2032 fulciantur,
988 1965 1347 2022 defendantur
1365 1975 1420 2021 et
1440 1965 1759 2020 liberentur.

201 2060 335 2131 Cujus
357 2061 683 2131 dispositioni
713 2075 905 2115 omnes
946 2060 1178 2129 majores
1206 2059 1604 2114 ecclesiasticas
1634 2073 1762 2114 cau-

202 2167 271 2207 sas
315 2163 362 2207 et
407 2153 780 2224 episcoporum
824 2152 1049 2221 judicia,
1104 2153 1330 2222 antiqua
1390 2151 1762 2222 apostolorum

202 2259 455 2315 eorumque
505 2259 880 2301 successorum
941 2253 1102 2313 atque
1151 2259 1418 2299 canonum
1468 2243 1762 2300 auctoritas

203 2338 486 2402 reservavit,
521 2337 776 2407 quoniam
805 2336 1021 2406 quando
1049 2337 1333 2406 culpantur
1361 2337 1637 2408 episcopi,
1671 2338 1762 2407 qui

203 2429 330 2483 aliter
347 2444 459 2500 erga
487 2429 679 2484 fratres
705 2432 949 2499 egerint,
978 2444 1138 2498 quam
1169 2429 1409 2498 ejusdem
1439 2428 1586 2482 sedis
1608 2443 1761 2498 papze

203 2519 293 2576 fieri
309 2522 562 2590 placuerit.
587 2521 739 2578 Unde
757 2522 1044 2591 placuit,ut
1067 2531 1349 2576 accusatus
1366 2522 1451 2576 vel
1477 2521 1754 2592 judicatus

203 2630 226 2667 ει
245 2616 754 2688 comprovincialibus
777 2616 831 2670 in
855 2617 1030 2686 aliqua
1059 2631 1219 2670 causa
1252 2617 1561 2687 episcopus,
1595 2617 1761 2672 licen-

203 2719 267 2762 ter
297 2710 508 2779 appellet
540 2719 593 2765 et
623 2710 785 2765 adeat
814 2709 1128 2781 apostolica:
1156 2709 1300 2765 sedis
1353 2709 1537 2776 (Cone.
1571 2709 1757 2776 Sard.,

204 2801 364 2864 carui,
392 2804 441 2869 ὅ,
471 2802 544 2867 7)
593 2803 925 2873 pOutiticent.
969 2802 1070 2870 Qui
1118 2813 1211 2858 aut
1257 2818 1352 2872 per
1395 2818 1492 2871 se,
1543 2815 1635 2858 aut
1667 2818 1761 2874 per

203 2894 390 2949 vicarios
412 2910 555 2962 suos,
585 2896 834 2965 ejusdem
864 2898 1141 2952 retractari
1169 2899 1440 2968 negotium
1473 2909 1750 2968 procuret.

204 2983 255 3038 Et
285 2987 391 3041 dum
430 2987 620 3044 iterato
645 2988 852 3058 judicio
893 2990 1134 3059 pontifex
1171 3005 1385 3045 causam
1437 3005 1588 3044 suam
1627 2991 1756 3062 agit,

205 3082 346 3139 nullus
378 3086 504 3140 alius
547 3088 602 3141 in
657 3086 774 3155 ejus
822 3087 937 3141 loco
969 3099 1198 3157 ponatur
1225 3097 1316 3142 aut
1341 3088 1623 3144 ordinetur
1647 3091 1763 3160 epi-

202 3189 358 3246 scopus
392 3197 406 3235 ;
446 3181 696 3250 quoaiam
746 3197 1074 3251 quamquam
1127 3197 1154 3234 a
1217 3182 1758 3251 comprovincialibus

1855 585 2038 657 (Sap.,
2070 584 2158 656 ιι),
2186 594 2314 639 sunt
2337 600 2551 652 seu'iper
2572 586 2711 640 oculi
2745 587 2934 656 vigiles
2962 587 3027 641 ad
3057 588 3266 645 animas
3290 589 3466 648 homi-

1856 677 2432 746 numillaqueandum,
2465 678 2772 748 multosque
2819 694 2914 731 sua
2956 680 3224 750 pravitate
3279 695 3463 738 secum

1855 768 1910 823 in
1941 769 2298 838 perditionem
2329 771 2546 825 trahere
2591 772 2774 840 cupit,
2823 772 2911 841 qui
2960 783 3148 843 suapte
3187 774 3389 828 malitia
3435 792 3465 831 a

1855 865 2024 935 gloria
2072 864 2257 934 lapsus
2282 875 2365 919 cst
2391 866 2440 918 in
2477 866 2774 919 miseriam.
2809 866 2863 919 ln
2888 866 3002 919 sola
3034 883 3164 937 ergo
3193 867 3468 926 Creatoris

1858 956 2028 1010 nostri
2062 958 2395 1024 proiectione
2433 956 2704 1009 fidendum
2735 964 2836 1022 est,
2867 957 2951 1009 cui
2983 971 3050 1010 ex
3079 958 3272 1013 intimo
3299 960 3465 1015 corde

1858 1048 2152 1105 clamemus
2185 1069 2196 1103 :
2243 1049 2365 1104 Esto
2397 1051 2518 1103 milii
2550 1050 2602 1102 in
2631 1049 2796 1103 Deum
2836 1057 3170 1116 protectorem
3199 1062 3244 1106 et
3284 1056 3338 1107 in
3384 1057 3465 1110 lo-

1860 1157 1974 1194 cum
2001 1143 2269 1205 uomitum,
2307 1151 2360 1194 ut
2399 1141 2594 1194 salvum
2624 1159 2701 1194 me
2728 1144 2891 1212 facias
2914 1141 3210 1212 (Psal.xxx
3238 1154 3286 1199 et
3313 1148 3465 1216 Lxx).

1863 1235 1994 1287 Data
2039 1231 2146 1286 kal.
2191 1233 2516 1302 septembris
2563 1233 2640 1305 (l)
2685 1233 2972 1288 Valeriano
3018 1245 3073 1290 et
3122 1236 3302 1304 Decio,
3337 1237 3468 1293 viris

1861 1324 2176 1381 clarissnnis
2199 1326 2533 1381 consulibus.

2444 1507 2781 1564 EPISTOLA
2823 1509 2884 1564 ll.

1864 1660 2252 1704 ancuuunruu.
2283 1673 2354 1685 —
2376 1643 2416 1698 Ι.
2451 1643 2513 1698 Si
2539 1645 2653 1714 quis
2679 1645 2919 1700 adversus
2944 1647 3207 1718 cpiscOpos
3233 1648 3312 1702 uel
3333 1658 3472 1702 acto-

1935 1757 2017 1794 res
2047 1737 2291 1792 Ecclesiae
2310 1725 2517 1790 causam
2541 1736 2794 1802 habuerit,
2822 1738 2935 1806 quis
2955 1754 3008 1790 sc
3028 1749 3182 1808 geret.

1864 1833 1931 1889 ll.
1962 1836 2038 1890 De
2056 1836 2309 1906 episcopis
2327 1833 2474 1888 rebus
2498 1834 2789 1903 expoliatis,
2823 1843 2909 1885 aut
2936 1851 2967 1886 ιι
2997 1834 3116 1887 sede
3144 1835 3325 1902 pulsis.

1865 1929 1951 1986 lll.
1979 1929 2048 1985 Ut
2073 1931 2246 1984 nullus
2276 1930 2546 2000 episcopus
2571 1928 2782 1982 alterius
2824 1927 3196 1998 parochianum
3239 1929 3473 1996 retineat,

1938 2026 2158 2088 ordinet,
2176 2024 2255 2078 vel
2268 2024 2486 2094 judicet.

1865 2118 1958 2174 IV.
1985 2117 2062 2173 De
2090 2119 2342 2191 episcOpis
2369 2118 2560 2188 injuste
2589 2115 2870 2184 damnatis,
2909 2125 2957 2169 et
2986 2115 3272 2184 apostolica
3299 2123 3475 2170 aucto-

1937 2213 2090 2266 ritate
2111 2212 2374 2264 restitutis.

1866 2307 1933 2362 ν.
1957 2306 2106 2374 Quod
2129 2305 2554 2358 excommunicati
2575 2305 2840 2374 episc0pos
2857 2318 3101 2356 accusare
3122 2317 3225 2354 non
3243 2309 3475 2371 possunt,

1938 2416 2030 2454 nec
2053 2399 2134 2453 illi
2162 2398 2250 2469 qui
2277 2413 2359 2451 eos
2389 2398 2443 2450 in
2466 2412 2560 2451 sua
2588 2412 2689 2449 non
2717 2395 2967 2462 recipiunt
2997 2393 3338 2460 accusatione,
3385 2409 3477 2446 nec

1937 2492 2103 2558 major
2134 2507 2166 2543 α
2193 2489 2377 2542 minori
2398 2488 2647 2559 judicari,
2676 2487 2753 2540 vel
2783 2486 3038 2538 damnari.

1867 2644 2226 2700 Dilectissimis
2257 2645 2504 2715 fratribus
2535 2661 2624 2715 per
2643 2643 3019 2714 Hispaniarum
3051 2645 3473 2714 provinciascon-

1939 2739 2146 2806 stitutis,
2183 2737 2366 2792 Sixtus
2407 2739 2679 2807 episcopus
2717 2738 2770 2790 in
2814 2735 3035 2791 Domino
3073 2738 3310 2791 salutem.

1938 2898 2130 2968 Magno
2183 2912 2407 2952 munere
2457 2897 2544 2968 (S.
2586 2895 2712 2962 Leo,
2757 2895 2926 2966 Epist.
2960 2897 3055 2966 54)
3085 2895 3477 2952 misericordia:

1869 2993 1985 3059 Dei,
2019 2993 2182 3046 totius
2213 2991 2471 3046 Ecclesiae
2491 2990 2787 3044 Catholica:
2816 2989 3170 3057 multiplicata
3196 2998 3324 3044 sunt
3343 3004 3477 3059 gau-

1864 3084 1975 3148 dia,
2019 3098 2140 3136 curn
2191 3082 2546 3136 ecclesiarum
2595 3089 2765 3134 status
2809 3096 2876 3136 eo
2921 3081 3064 3150 viget
3105 3079 3320 3145 ordine,
3369 3097 3477 3150 quo

1864 3175 2122 3246 apostoli,
2157 3191 2457 3245 eorumque
2486 3190 2835 3230 successores
2862 3175 3015 3229 illum
3047 3183 3371 3230 statuerunt.
3411 3176 3478 3230 Et

204 3268 422 3337 episeopis
460 3272 694 3326 accusati
748 3286 966 3325 causam
1010 3273 1279 3340 pontificis
1309 3275 1536 3327 scrutari
1575 3273 1754 3341 liceat,
1785 3273 1830 3335 C
1863 3285 1986 3325 cum
2021 3270 2228 3339 antiqui
2258 3269 2430 3324 hostis
2458 3270 2654 3323 astutia
2684 3285 2805 3323 eum
2839 3269 3038 3323 turbari
3071 3270 3472 3338 cognoscimus,

204 3373 284 3412 non
329 3371 485 3416 tamen
531 3362 783 3428 definiri,
840 3365 1143 3418 inconsulto
1204 3382 1428 3420 romano
1469 3366 1755 3435 pontifice,

206 3454 470 3519 pennissum
493 3465 599 3521 est,
632 3472 754 3510 cum
779 3456 939 3511 beato
977 3455 1136 3511 Petro
1162 3458 1407 3527 apostolo
1433 3475 1537 3512 non
1566 3459 1632 3514 ab
1655 3460 1760 3515 alio

205 3559 328 3612 qnam
363 3548 422 3602 ab
451 3549 564 3619 ipso
599 3549 806 3604 dictum
839 3549 907 3603 sit
939 3551 1164 3604 Domino
1194 3567 1208 3603 :
1243 3551 1589 3623 Quwcumque
1629 3553 1761 3623 liga-

204 3640 304 3692 veris
325 3657 458 3711 super
485 3653 692 3705 terram,
714 3654 864 3697 erunt
893 3644 1053 3716 ligata
1079 3656 1126 3698 et
1155 3647 1204 3698 in
1229 3647 1354 3700 caelo
1387 3661 1404 3700 :
1431 3657 1478 3699 et
1503 3663 1758 3715 quartum-

206 3745 278 3796 que
317 3734 502 3788 solveris
555 3753 713 3806 super
762 3747 973 3803 terram,
1032 3747 1182 3790 erunt
1234 3738 1402 3792 soluta
1445 3748 1492 3792 et
1537 3740 1590 3792 in
1635 3741 1761 3794 caelo

209 3818 400 3891 (Unttlt.,
426 3844 507 3883 xvi
539 3837 587 3882 et
620 3828 797 3901 xvni).
857 3829 924 3883 Et
954 3830 997 3884 si
1027 3832 1148 3900 quis
1181 3832 1448 3901 putaverit
1479 3846 1538 3886 se
1565 3848 1595 3886 a
1629 3848 1758 3902 pro-

205 3915 297 3982 prio
313 3923 708 3990 metropolitano
726 3924 964 3992 gravari,
990 3923 1128 3993 apud
1154 3924 1438 3994 primatem
1461 3924 1761 3983 dimccseos

209 4007 382 4078 (flatu,
412 4016 550 4081 cofl.,
575 4033 625 4072 c.
658 4017 738 4086 6),
770 4025 862 4070 aut
890 4033 1058 4087 penes
1099 4017 1416 4074 universalis
1447 4020 1760 4093 apostolicae

206 4103 400 4160 ecclesia
417 4123 600 4179 papam
613 4108 911 4180 judicetur.
931 4111 1016 4163 Ait
1037 4110 1177 4164 enim
1195 4109 1429 4165 Jacobus
1450 4112 1755 4179 apostolus:

208 4191 420 4252 Iudicium
442 4201 547 4254 sine
572 4200 926 4255 misericordia
953 4202 1030 4255 illi
1057 4202 1163 4270 ﬁet,
1191 4202 1276 4268 qui
1313 4219 1412 4256 non
1444 4204 1565 4274 fecit
1604 4203 1757 4257 mise-

208 4284 445 4343 ricordiam.
501 4291 879 4364 Superextollit
910 4303 1077 4345 autem
1121 4294 1523 4347 misericordiam
1557 4296 1761 4364 judicio

213 4373 354 4435 Iacob.
399 4384 452 4438 ln
496 4387 755 4440 omnibus
809 4401 936 4456 ergo
981 4385 1067 4456 (8.
1114 4385 1294 4456 (ἐτέθη
1346 4387 1495 4457 epist.
1542 4387 1636 4452 liii,
1670 4387 1756 4440 lib.

209 4468 321 4539 un),
373 4475 437 4528 fili
477 4476 823 4539 chariSs-ime,
877 4492 972 4530 cor
1021 4478 1252 4543 custodi,
1311 4479 1454 4532 sicut
1499 4479 1761 4547 scriptum

208 4574 264 4618 est
288 4583 300 4617 :
325 4567 460 4624 Omni
485 4575 721 4626 custodia
749 4573 950 4626 custodi
978 4589 1066 4626 cor
1097 4577 1400 4639 tuum,quia
1427 4590 1490 4627 ex
1519 4575 1631 4642 ipso
1663 4575 1763 4627 vita

211 4663 384 4719 procedit
423 4663 690 4734 (Proeerb.
727 4669 827 4734 iv).
860 4664 983 4720 Ilaec
1032 4663 1270 4720 breviter
1301 4681 1398 4736 pro
1425 4681 1757 4721 commemo-
1788 4665 1839 4725 D

210 4749 368 4806 ratione
392 4757 635 4826 rescripsi
673 4773 686 4808 :
732 4758 826 4811 sel
865 4766 984 4824 peto
1018 4767 1073 4810 ut
1102 4772 1198 4826 pro
1225 4772 1310 4811 me
1340 4773 1497 4812 orare
1523 4757 1758 4823 debeas,

210 4853 416 4909 quatenus
450 4852 796 4920 omnipotens
834 4849 974 4903 Deus
1017 4860 1072 4904 et
1097 4867 1124 4901 a
1157 4850 1407 4919 malignis
1439 4865 1526 4904 me
1555 4850 1770 4920 Spiriti-

211 4931 298 5000 bus,
321 4951 366 4992 et
411 4955 436 4992 a
477 4943 753 5011 perversis
804 4941 1113 4994 hominibus
1161 4939 1435 4995 custodire
1479 4941 1757 5009 dignetur;

211 5029 299 5095 quia
323 5035 364 5086 iu
391 5034 482 5090 hac
510 5038 635 5091 vita:
669 5053 808 5092 mea:
838 5037 1269 5106 peregrinatione
1296 5038 1434 5092 mala
1474 5053 1562 5092 me
1601 5018 1761 5092 simul

211 5127 249 5170 et
267 5123 396 5178 multa
409 5127 762 5189 circumdant,
788 5128 858 5182 ita
884 5137 942 5181 ut
964 5144 1083 5182 cum
1112 5128 1394 5183 Psalmista
1415 5128 1534 5198 jure
1547 5127 1723 5183 diearn
1745 5145 1757 5181 :

213 5208 260 5264 In
281 5232 343 5267 me
371 5222 672 5274 transierunt
715 5223 810 5274 ira?
841 5231 971 5284 tum,
1002 5229 1050 5272 et
1080 5230 1296 5274 terrores
1326 5221 1400 5274 tui
1427 5219 1761 5273 conturbare-

213 5316 399 5364 raritate.
442 5309 899 5368 Circttmdederunt
948 5330 1024 5366 me
1049 5314 1178 5367 sicut
1229 5329 1360 5384 aqua
1390 5324 1494 5367 tota
1534 5314 1635 5381 die,
1663 5315 1765 5366 cir-

214 5399 516 5458 cumdederunt
559 5422 641 5459 me
696 5398 856 5459 simul
912 5389 1135 5477 (Psalm.
1195 5407 1457 5479 uxxvu).
1513 5406 1763 5463 Caelestis

214 5491 342 5556 gratia
366 5505 414 5549 et
436 5512 529 5552 nos
559 5499 610 5552 in
645 5498 895 5564 urbibus,
925 5510 976 5554 et
997 5516 1095 5556 vos
1117 5499 1316 5570 ubique
1343 5509 1605 5572 protegat,
1636 5502 1761 5572 quia

217 5584 416 5652 antiquus
435 5587 604 5643 hostis
629 5601 899 5644 terrarum
925 5589 1053 5645 locis
1073 5607 1104 5644 a
1127 5592 1419 5646 teutatione
1447 5608 1552 5647 nou
1582 5591 1762 5646 exclu-

218 5668 358 5730 ditur:
383 5681 495 5748 quia
534 5682 578 5735 si
613 5683 668 5736 in
705 5680 957 5751 paradiso
983 5681 1256 5738 hominem
1309 5683 1498 5738 stravit
1527 5683 1761 5754 (Cenes,

221 5767 294 5832 tu),
314 5771 413 5837 quis
437 5773 578 5829 locus
607 5784 768 5829 extra
811 5773 1115 5843 paradisum
1167 5790 1291 5830 esse
1339 5785 1546 5844 potest,
1577 5777 1629 5832 in
1658 5793 1766 5846 quo

225 5869 382 5919 nentes
409 5864 681 5926 hominum
711 5877 1116 5940 penetrarenon
1144 5869 1353 5926 valeat?
1374 5869 1597 5941 Antiqui
1623 5870 1764 5929 enim

1865 3377 1973 3417 non
2007 3361 2222 3416 modico
2243 3366 2628 3418 contristamur
2650 3378 2906 3418 iumrorc.
2934 3365 3107 3430 Quam
3136 3361 3206 3416 ob
3230 3374 3473 3429 cauSam,

1863 3458 2082 3525 fratres,
2117 3457 2398 3512 hortamur
2427 3473 2543 3525 vos,
2577 3473 2860 3512 monemus
2906 3467 2960 3512 et
3000 3455 3326 3527 flagitamus,
3361 3464 3478 3511 uta

1867 3551 2081 3605 tramite
2105 3550 2419 3620 apostolicie
2437 3550 2798 3604 institutionis
2822 3565 3156 3619 nequaquam
3182 3550 3474 3619 recedatis,

1864 3661 1966 3702 nec
1991 3662 2021 3700 a
2048 3647 2229 3716 capite
2260 3646 2587 3713 dissideatis,
2618 3647 2714 3702 sed
2750 3648 2911 3703 fidem
2932 3657 2985 3701 et
3015 3647 3285 3714 ordinem,
3314 3660 3476 3716 quem

1864 3741 2099 3812 apostoli
2127 3751 2182 3796 et
2216 3742 2498 3811 apostolici
2531 3741 2630 3796 viri
2662 3749 2965 3795 statuerunt
3003 3740 3208 3810 absque
3264 3739 3478 3794 Inusita-

1867 3835 2014 3891 tione
2045 3837 2295 3890 teneatis.
2339 3833 2474 3889 Nam
2507 3835 2551 3889 si
2582 3836 2846 3888 columnae
2878 3833 3107 3902 alicujus
3135 3847 3342 3903 magna:
3379 3831 3476 3886 do-

1865 3943 1988 3984 mus
2013 3929 2342 3994 corruerint,
2396 3926 2510 3998 ipsa
2559 3939 2746 3996 postea
2796 3927 2990 3981 domus
3024 3927 3245 3980 minime
3287 3925 3473 3980 stabit.

1867 4021 1957 4076 Sic
1985 4031 2040 4076 et
2065 4037 2184 4087 vos,
2216 4022 2305 4091 qui
2335 4020 2605 4074 columna:
2633 4019 2884 4074 ecclesia:
2909 4018 3059 4082 estis,
3091 4019 3136 4073 si
3163 4018 3475 4073 labefactari

1865 4113 2164 4183 cmperitis,
2213 4123 2399 4168 sancta
2431 4112 2697 4180 Ecclesia,
2731 4126 2851 4184 quae
2881 4127 2976 4181 per
3015 4127 3112 4166 vos
3139 4112 3364 4182 regitur,
3393 4120 3475 4165 ta-

1866 4207 2056 4264 bescet
2099 4217 2154 4264 et
2195 4209 2431 4265 labetur.
2462 4207 2608 4277 Haec,
2653 4208 2869 4273 fratres,
2912 4223 3030 4279 quae
3057 4206 3186 4274 duo,
3220 4206 3378 4261 valde
3411 4205 3476 4260 ti-

1865 4304 2062 4360 menda
2091 4315 2238 4374 sunt,
2263 4315 2318 4360 et
2345 4319 2559 4360 summo
2587 4303 2957 4360 moderamine
2985 4301 3284 4373 pensanda,
3315 4311 3477 4370 atque

1866 4417 1936 4456 ne
1986 4400 2139 4461 ﬁant.
2172 4398 2435 4455 cavenda.
2493 4397 2615 4469 ipsa
2660 4397 2803 4453 enim
2849 4397 3050 4452 veritas
3080 4411 3178 4467 per
3208 4411 3268 4451 se
3296 4395 3474 4450 dixit:

1876 4493 1978 4548 Vos
2002 4493 2122 4547 estis
2143 4491 2222 4546 sal
2248 4501 2397 4546 terra:
2421 4507 2433 4542 :
2464 4490 2602 4562 quod
2633 4491 2678 4544 si
2702 4490 2782 4544 sal
2810 4489 3091 4554 evanuerit,
3123 4489 3179 4542 in
3206 4503 3305 4558 quo
3327 4488 3477 4541 salie-

1869 4585 1991 4640 tur?
2032 4594 2135 4640 etc.
2167 4577 2406 4656 (Matth.,
2442 4597 2509 4647 v;
2543 4581 2722 4650 Rom,
2755 4581 2826 4652 ι).
2854 4580 2976 4636 Ideo
3005 4595 3122 4646 vos,
3151 4580 3473 4646 charissimi,

1868 4693 2085 4742 moneo,
2114 4677 2238 4748 quia
2269 4676 2421 4732 vobis
2452 4663 2669 4732 debitor
2693 4691 2834 4740 sum,
2884 4685 2941 4730 et
2974 4674 3133 4729 valde
3163 4689 3259 4730 vos
3287 4673 3477 4743 diligo.

1868 4764 1936 4827 Et
1965 4773 2181 4842 quando
2214 4772 2352 4826 bona
2399 4769 2561 4825 audio
2593 4770 2660 4826 de
2690 4769 2866 4834 vobis,
2919 4769 3265 4839 congratulor
3295 4767 3427 4822 satis
3461 4782 3476 4820 :

1867 4875 1921 4923 et
1952 4874 2206 4930 econtra,
2234 4864 2449 4936 quando
2497 4864 2753 4929 adversa,
2788 4864 2952 4919 nimis
2998 4863 3317 4918 conturbor.
3366 4862 3480 4932 Ego

1867 4976 1998 5016 vero
2024 4961 2268 5032 quamvis
2317 4975 2349 5013 a
2398 4959 2547 5015 vobis
2579 4975 2675 5028 per
2707 4959 2863 5029 longa
2895 4967 3162 5014 terrarum
3195 4958 3478 5014 intervalla

1867 5053 2174 5122 disjunctus
2203 5053 2328 5119 sim,
2371 5067 2490 5106 sum
2522 5060 2703 5106 tamen
2735 5051 2958 5105 omnino
2991 5052 3270 5107 vobiscum
3311 5049 3476 5105 corde

1865 5146 2183 5216 conjunctus
2203 5145 2292 5219 (S.
2310 5144 2466 5215 Greg.
2482 5146 2632 5216 epist.
2657 5144 2748 5213 56,
2774 5145 2890 5198 libri
2910 5143 3262 5215 1v).ldeoque
3291 5143 3356 5197 de
3378 5157 3474 5197 ve-

1868 5249 1979 5296 stra
2010 5238 2341 5294 beatitudine
2359 5254 2486 5309 erga
2509 5255 2596 5294 me
2613 5239 2788 5294 modis
2817 5239 3069 5293 onmibus
3097 5236 3333 5303 confido,
3351 5235 3478 5305 quia

1868 5349 1990 5389 cum
2013 5349 2102 5389 me
2124 5333 2361 5389 viciSsim
2385 5332 2627 5404 diligitis,
2660 5349 2689 5387 a
2712 5349 2800 5388 me
2829 5333 2985 5404 longe
3006 5348 3112 5386 non
3141 5331 3293 5386 estis.
3327 5328 3479 5386 Unde

1871 5427 2045 5498 magis
2085 5427 2288 5498 gratias
2334 5426 2620 5483 referimus
2649 5426 2728 5483 illi
2770 5441 2936 5498 grano
2964 5425 3168 5495 sinapis
3223 5423 3475 5496 (Matth.,

1867 5535 1997 5586 xui;
2030 5517 2224 5588 Mam,
2257 5534 2345 5586 iv;
2381 5518 2535 5588 Luc.,
2569 5522 2711 5593 xm),
2743 5519 2885 5591 quod
2913 5534 2977 5573 ex
3005 5517 3204 5574 modici
3232 5516 3480 5584 despica-

1867 5613 2100 5682 bilisque
2150 5612 2374 5667 seminis
2418 5616 2622 5683 specie,
2671 5614 2742 5667 ita
2784 5613 2950 5668 ramis
2977 5627 3044 5667 ex
3075 5610 3262 5666 eadem
3292 5606 3476 5664 radice

1868 5708 2232 5780 surgentibus,
2283 5715 2444 5778 atque
2490 5723 2550 5764 se
2588 5707 3041 5772 distendentibus,
3091 5715 3476 5773 usquequaque

1965 5864 2044 5939 (ι)
2070 5865 2230 5924 Falsa
2260 5863 2592 5935 temporibus
2610 5873 2754 5924 nota.
