3888 6340
353 339 421 394 87
1389 335 1566 394 SIXTI
1608 336 1813 395 PAPE
1851 336 1896 395 ll
1938 338 1951 395 l

2056 336 2300 398 STOLIE
2339 337 2588 398 DUBLE.
3587 338 3664 396 88

353 453 609 511 diffusum
633 449 738 522 est,
769 455 905 511 utin
933 455 1014 512 eis
1039 451 1282 510 volatilia
1309 454 1640 512 ctelicuncta
1670 453 1948 510 nidificent
1973 457 2029 517 Α
2051 461 2188 510 venit
2218 454 2460 526 (Matth,
2486 451 2663 526 xvut).
2715 453 2786 509 Et
2827 467 3153 527 quamquam
3185 453 3330 525 juxta
3357 453 3663 512 Salvatoris

355 546 600 618 (Matth.,
627 548 746 620 xtu)
771 569 786 602 :
814 546 1091 618 gratiaque
1107 548 1180 603 sit
1202 546 1464 602 fermento
1490 546 1586 612 illi,
1613 544 1758 616 quod
1787 545 1958 603 tribus

347 637 541 693 farina:
565 639 697 694 satis
725 639 900 710 (Lua,
933 639 1074 708 χιιι),
1124 639 1285 693 totius
1311 637 1532 693 humani
1559 638 1777 708 generis
1811 652 1956 693 mas-

349 745 468 784 sam
501 731 552 784 in
586 732 787 786 unitate
816 733 1120 803 conspersit
1172 751 1184 785 :
1233 742 1393 802 atque
1429 747 1597 800 parvo
1644 731 1832 802 lapidi,
1864 731 1959 802 qui

353 823 596 879 abscisus
615 824 682 878 de
705 838 887 880 monte
910 827 1028 880 sine
1051 823 1318 888 manibus,
1341 825 1625 894 occupavit
1652 825 1955 880 universam

349 917 541 971 faciem
584 917 734 971 orbis
781 928 938 973 terra:
989 915 1180 989 (Dan.,
1230 914 1312 987 ιι).
1347 916 1446 985 Qui
1477 917 1542 971 ad
1575 916 1677 972 hoc
1707 925 1953 972 naturam

347 1022 553 1065 nostrae
586 1013 798 1082 (carnis,
847 1019 902 1065 et
931 1020 1102 1065 status
1139 1010 1353 1064 servilis
1381 1009 1608 1064 formam
1650 1025 1953 1076 assumens,

347 1101 628 1158 humiliter
657 1117 717 1158 se
745 1117 1131 1174 usquequaque
1156 1101 1429 1164 distendit,
1460 1111 1519 1156 ut
1547 1103 1693 1156 omni
1718 1103 1954 1156 humano

345 1210 546 1266 genere
597 1195 648 1249 in
697 1194 952 1250 unitatem
1001 1194 1242 1255 redacto,
1279 1194 1441 1248 totius
1490 1206 1688 1262 corpus
1741 1191 1950 1247 unitum

343 1287 632 1358 perliceret
680 1285 927 1340 ecclesiae
983 1303 996 1337 :
1047 1295 1209 1355 atque
1237 1285 1307 1339 ita
1338 1283 1404 1338 ad
1435 1283 1591 1339 istius
1619 1283 1952 1353 compaginis

345 1381 646 1452 pertineret
668 1378 1034 1446 commodum,
1063 1379 1428 1433 membrorum
1459 1376 1696 1447 partialis
1725 1377 1822 1429 iSta
1840 1376 1952 1431 dis-

343 1474 557 1527 tiuctio.
593 1471 745 1527 Unde
775 1486 874 1525 nos
903 1486 1116 1541 quoque
1143 1486 1171 1522 a
1204 1469 1360 1524 vobis
1403 1469 1562 1538 longe
1604 1482 1709 1521 non
1738 1480 1946 1532 sumus,

341 1563 466 1633 quia
501 1563 549 1615 in
583 1565 698 1627 illo,
746 1564 834 1632 qui
868 1564 1064 1632 ubique
1100 1570 1201 1626 est,
1251 1576 1412 1614 unum
1455 1573 1663 1614 sumus.
1715 1560 1950 1629 Agamus

339 1672 470 1726 ergo
497 1657 545 1710 ei
577 1657 798 1726 gratias,
833 1656 922 1725 qui
955 1655 1148 1709 solutis
1177 1653 1472 1708 inimicitiis
1511 1653 1566 1706 in
1614 1666 1780 1707 carne
1825 1666 1946 1720 sua,

338 1751 465 1806 fecit
519 1761 575 1804 ut
621 1752 674 1804 in
721 1750 867 1804 omni
915 1751 1046 1804 orbe
1077 1759 1338 1804 terrarum
1375 1763 1510 1802 unus
1541 1757 1685 1804 esset
1709 1763 1861 1818 grex,
1893 1756 1949 1803 et

2061 550 2404 614 sententiam,
2439 563 2639 603 necesse
2662 548 2730 604 sit
2752 549 2922 604 venire
2943 548 3192 606 scandala
3219 566 3238 603 :
3263 564 3341 604 vc
3361 559 3533 603 tamen
3571 562 3666 619 per

2059 655 2207 708 quem
2228 639 2453 693 veniunt.
2488 637 2561 693 De
2590 639 2816 695 occultis
2837 641 2980 695 enim
3007 639 3190 696 cordis
3217 638 3489 710 (Prosperi
3525 647 3661 696 sent.

2059 730 2152 793 21.
2184 740 2233 785 et
2260 728 2322 785 S.
2355 729 2571 801 August.
2601 731 2655 785 in
2683 732 2917 787 eumdem
2948 729 3237 804 Psalmtmt)
3265 733 3423 788 alieni
3453 742 3666 789 temere

2055 821 2320 892 judicare,
2357 833 2636 892 peceatum
2661 833 2745 879 est
2775 841 2788 878 :
2818 834 2874 880 et
2921 839 3044 880 eum
3091 826 3246 894 cujus
3271 839 3376 881 non
3408 824 3668 881 videntur

2060 930 2226 986 Opera
2257 916 2359 971 nisi
2389 916 2550 980 bona,
2576 917 2817 987 iniquum
2846 925 2930 972 est
2944 931 3010 972 ex
3030 917 3339 987 suspicione
3361 914 3666 988 reprehen-

2057 1008 2209 1075 dere,
2233 1023 2356 1064 cum
2401 1024 2613 1077 eorum,
2643 1025 2763 1081 quas
2794 1009 2998 1066 homini
3030 1020 3157 1065 sunt
3184 1010 3478 1080 incognita,
3510 1010 3665 1066 solus

2059 1099 2201 1153 Deus
2243 1099 2412 1168 judex
2442 1100 2513 1155 sit
2537 1099 2736 1170 justus,
2766 1103 2855 1171 qui
2887 1100 3161 1171 inspector
3185 1111 3268 1158 est
3295 1116 3473 1157 verus.
3509 1099 3666 1156 Unde

2055 1192 2318 1262 scriptum
2350 1201 2434 1248 est
2467 1210 2481 1248 :
2514 1193 2722 1248 Incerta
2752 1209 2854 1247 non
2873 1194 3189 1265 judicemus.
3218 1209 3480 1266 quousque
3496 1194 3665 1249 adu-

2055 1283 2165 1338 niat
2196 1281 2468 1351 Dominus,
2498 1285 2585 1354 qui
2609 1294 2656 1339 et
2679 1284 2988 1339 illuminabit
3007 1285 3307 1341 abscondita
3333 1287 3666 1340 tenebrarum

2054 1385 2101 1430 et
2130 1376 2477 1448 manifestabit
2505 1378 2720 1432 consilia
2745 1378 2978 1432 cordium
3005 1378 3050 1448 (ι
3079 1377 3222 1444 Con,
3255 1379 3314 1450 ὁ)
3339 1378 3432 1449 (In
3461 1377 3660 1434 decret.

2053 1461 2252 1534 leonis,
2281 1470 2399 1524 libri
2423 1470 2526 1539 tv).
2561 1471 2628 1525 Et
2655 1473 2901 1541 quamvis
2926 1487 3056 1528 vera
3081 1474 3191 1527 sint
3236 1472 3323 1543 (S.
3362 1471 3498 1527 Isid.
3549 1471 3665 1544 Sy-

2052 1577 2173 1615 non.
2210 1577 2268 1628 tt,
2302 1579 2349 1615 c.
2382 1561 2496 1631 16),
2526 1577 2631 1616 non
2665 1571 2843 1618 tamen
2872 1562 3142 1618 credenda
3171 1573 3316 1628 sunt,
3345 1564 3448 1618 nisi
3491 1561 3667 1618 certis

2051 1654 2268 1711 indiciis
2292 1655 2736 1725 comprobentur,
2793 1656 2896 1710 nisi
2955 1671 3078 1726 qua:
3128 1657 3412 1713 manifesto
3454 1656 3670 1728 judicio

2050 1745 2470 1812 convincuntur,
2499 1747 2601 1801 nisi
2630 1761 2752 1818 quae
2776 1747 3062 1817 judiciario
3082 1748 3273 1805 ordine
3296 1749 3668 1820 publicantur.

335 1856 499 1896 unum
524 1841 662 1896 ovile
679 1842 780 1896 sub
808 1856 915 1894 uno
945 1850 1195 1909 pastore;
1225 1855 1443 1910 semper
1469 1855 1759 1906 memores,
1788 1839 1933 1910 quod
1965 1844 2012 1904 Β
2041 1837 2228 1892 Nullus
2276 1852 2406 1908 ergo
2457 1846 2636 1907 potest
2690 1838 2924 1893 humano
2975 1838 3325 1895 condemnari
3380 1841 3662 1908 examine,

335 1947 434 1988 vos
465 1932 703 1988 veritatis
745 1932 1067 2002 praedicator
1109 1932 1420 1998 admoneat,
1454 1932 1641 1988 dicens
1675 1949 1688 1985 :
1721 1931 1947 1987 Solliciti

335 2033 530 2079 servate
557 2025 802 2079 unitatem
830 2025 1040 2092 spiritus
1071 2026 1123 2079 in
1172 2025 1373 2080 vinculo
1402 2027 1542 2096 pacis
1571 2024 1814 2097 (Ephes.,
1834 2025 1944 2098 tv).

338 2117 628 2173 Vinculum
658 2119 804 2173 enim
835 2119 983 2187 pacis
1013 2133 1176 2174 nemo
1207 2127 1409 2178 servat.
1459 2118 1586 2174 dum
1616 2117 1782 2172 alium
1812 2116 1949 2172 infe-

337 2221 445 2266 stat
472 2219 564 2264 aut
596 2209 798 2276 verbis,
830 2220 924 2263 aut
954 2209 1107 2263 factis
1137 2213 1498 2280 persequitur.
1549 2211 1697 2276 Ideo,
1731 2213 1943 2278 fratres,

337 2304 438 2359 ista
461 2302 818 2372 przctulimus.
834 2303 956 2372 quia
977 2301 1284 2356 audivimus
1301 2303 1441 2358 inter
1457 2317 1554 2357 vos
1575 2303 1947 2360 accusationes

333 2399 601 2461 exerceri,
626 2405 684 2450 et
709 2399 892 2463 pulsus
909 2411 939 2451 a
962 2395 1181 2451 sedibus
1204 2395 1509 2466 episcOpos,
1538 2397 1759 2451 autsuis
1783 2395 1946 2452 rebus

336 2491 642 2561 expoliatos
669 2491 926 2560 judicari.

407 2582 870 2652 l.—Quaproptcr
901 2592 1161 2636 statutum
1189 2593 1293 2646 est,
1314 2592 1370 2637 ut
1391 2583 1434 2637 si
1467 2585 1586 2652 quis
1613 2594 1801 2640 contra
1832 2587 1945 2656 epi-

331 2689 553 2744 scopum
585 2675 666 2728 vel
698 2685 909 2729 actores
943 2675 1215 2739 Ecclesiae,
1243 2689 1301 2729 se
1333 2675 1609 2744 proprium
1651 2677 1948 2734 crediderit

335 2767 542 2822 habere
561 2768 832 2837 negotium
859 2765 1083 2836 (lladr.,
1101 2766 1248 2829 coll.,
1274 2783 1320 2819 c.
1345 2767 1401 2831 2,
1429 2783 1492 2820 ex
1512 2766 1669 2821 Cone.
1689 2769 1865 2823 Aurel.
1892 2785 1944 2836 v,

335 2885 453 2922 can.
513 2867 656 2938 Π),
707 2883 811 2921 non
864 2868 1013 2937 prius
1061 2869 1219 2924 adeat
1267 2869 1494 2936 judiccs,
1545 2883 1702 2937 quam
1733 2865 1800 2918 ad
1853 2879 1948 2919 eos

337 2969 586 3016 recurrat
646 2961 1167 3024 cliaritatisstudio,
1235 2970 1292 3014 ut
1349 2959 1597 3014 familiari
1681 2959 1951 3028 colloquio

335 3053 677 3118 commoniti,
730 3068 792 3107 ea
844 3067 1040 3108 sanare
1091 3051 1344 3116 debeant,
1405 3068 1522 3121 qttzl‘.
1577 3051 1630 3105 in
1681 3051 1952 3120 querimo-

342 3145 484 3198 niam
511 3143 869 3198 deducuntur.
903 3143 1057 3210 Quod
1087 3145 1132 3198 si
1163 3145 1321 3199 aliter
1347 3144 1541 3213 egerit,
1573 3144 1952 3199 communione

343 3239 604 3306 priVetur.

416 3328 760 3384 Il.—Nemo
795 3330 1108 3399 pontificum
1159 3329 1417 3399 deinceps
1463 3330 1695 3400 aliquem
1745 3331 1957 3400 episco-

317 3483 320 3486 ,
349 3437 477 3491 pum
523 3421 634 3475 suis
672 3422 997 3491 expoliatum
1027 3423 1219 3484 rebus,
1249 3431 1340 3476 aut
1369 3437 1396 3475 a
1427 3422 1556 3478 sede
1589 3423 1823 3491 pulsum,
1856 3440 1952 3478 ex-

351 3512 754 3567 communicare
775 3523 867 3566 aut
893 3513 1139 3581 judicare
1166 3523 1474 3582 praasuntat,
1503 3515 1624 3584 quia
1655 3530 1760 3568 non
1793 3516 1955 3582 privi-

351 3607 581 3678 legium,
612 3624 717 3676 quo
747 3609 1004 3676 expoliari
1048 3609 1215 3678 possit
1255 3610 1364 3679 jam
1413 3609 1642 3664 nudatus
1687 3609 1861 3681 (Idem
1903 3613 1956 3664 in

352 3702 539 3756 tlecret.
573 3703 855 3755 Alexandri
889 3719 1055 3773 papae,
1086 3711 1132 3756 et
1159 3705 1211 3757 in
1241 3704 1426 3758 decrel.
1454 3701 1588 3757 Julii
1619 3704 1808 3775 papae).

425 3795 495 3850 Ill
537 3795 808 3849 —anlus
837 3797 1124 3865 episcopus
1156 3797 1372 3850 alterius
1401 3797 1781 3866 parochianum
1811 3813 1944 3868 pra:-

356 3897 536 3943 sumat
576 3888 829 3951 retinere,
874 3897 967 3942 aut
1004 3889 1254 3944 ordinare
1280 3891 1482 3960 absque
1509 3891 1622 3961 ejus
1654 3894 1952 3958 voluntate,

359 3982 444 4036 vel
465 3980 709 4048 judicare
736 3999 748 4031 :
779 3981 902 4050 quia
933 3981 1071 4035 sicut
1103 3982 1253 4036 irrita
1283 3982 1400 4052 ejus
1443 3984 1544 4036 erit
1566 3983 1851 4048 ordinatio,
1883 3985 1956 4039 ita

357 4081 414 4126 et
434 4070 959 4141 tlijutlicatiofwadr.
991 4073 1115 4126 coll.
1141 4090 1183 4126 c.
1221 4073 1342 4142 lb‘);
1375 4074 1622 4144 quoniam
1646 4091 1952 4142 censemus,

360 4163 565 4218 nullum
620 4164 841 4218 alterius
890 4165 1107 4234 judicis,
1170 4167 1268 4220 nisi
1315 4168 1420 4233 sui,
1473 4169 1735 4222 sententia
1789 4171 1958 4226 teneri

361 4258 620 4325 (Anianus
642 4257 708 4310 ad
727 4268 887 4310 const.
909 4259 1114 4311 unicum
1143 4259 1220 4312 tit.
1245 4260 1330 4323 16,
1359 4259 1448 4315 lib.
1469 4276 1540 4326 tv,
1570 4261 1684 4314 cod.
1711 4260 1954 4333 Tlteod.).

359 4351 494 4406 Nam
551 4351 642 4419 qui
690 4365 813 4405 eum
858 4350 1108 4407 ordinare
1161 4368 1267 4406 non
1323 4354 1515 4423 potuit,
1569 4369 1669 4408 nec
1715 4355 1960 4422 judicare

356 4443 628 4498 ullatenus
695 4442 912 4511 poterit.
979 4441 1084 4496 ista
1143 4442 1286 4496 enim
1345 4443 1497 4497 vobis
1563 4442 1820 4515 deincieps
1874 4454 1958 4500 te-

357 4534 576 4601 nenda,
642 4543 697 4589 et
746 4533 952 4604 fratres
1016 4533 1248 4588 vicissim
1313 4533 1568 4603 adjuvare
1642 4535 1960 4592 mandamus

2045 1945 2206 2000 quem
2252 1930 2391 1986 Deus
2419 1944 2518 1986 suo
2566 1929 2768 2000 judicio
2811 1931 3104 1986 reservavit
3146 1929 3355 2004 (Hadr.
3385 1932 3510 1987 coll.
3540 1948 3665 2001 cap.

2046 2023 2109 2077 5|
2143 2032 2189 2077 et
2219 2021 2324 2088 67;
2355 2032 2403 2076 et
2427 2022 2602 2078 Const.
2638 2021 2864 2094 Magnus
2893 2023 2962 2077 ad
2995 2021 3177 2077 Patres
3209 2022 3497 2097 Nicanos).
3535 2024 3669 2081 Hec

2047 2114 2230 2168 omnia
2248 2128 2594 2183 summopere
2613 2122 2742 2168 sunt
2761 2113 3131 2185 prtecavenda,
3151 2129 3220 2170 ne
3241 2124 3670 2184 praesumptor-es

2047 2220 2170 2262 esse
2203 2205 2498 2260 videamur.
2524 2204 2594 2261 Et
2617 2206 2890 2260 accuSatio
2930 2206 3305 2276 episcoporum
3334 2222 3440 2261 tton
3469 2215 3558 2262 est
3586 2205 3669 2261 fa-

2046 2297 2152 2353 cile
2177 2297 2506 2366 recipienda,
2539 2297 2751 2352 dicente
2773 2297 2997 2352 Domino
3022 2315 3035 2350 :
3069 2296 3189 2352 Non
3214 2298 3462 2366 suspicies
3489 2315 3671 2354 vocem

2046 2389 2300 2442 mendacii
2329 2385 2528 2456 (Exod.
2559 2387 2676 2454 ‘25).
2710 2387 2778 2442 Et
2806 2388 3100 2458 Apostolus
3127 2388 3185 2458 (Ι
3216 2388 3442 2443 Timoth.
3477 2388 3550 2461 5)
3582 2391 3666 2446 in-

2047 2482 2183 2552 quit,
2226 2480 2489 2536 adversus
2517 2483 2893 2562 presbyterum
2938 2482 3350 2554 inscriptionem
3380 2499 3490 2540 non
3518 2488 3670 2541 reci-

2050 2574 2300 2644 piendam
2331 2575 2538 2641 absque
2564 2574 2775 2628 duobus
2819 2575 2904 2629 vel
2951 2576 3119 2630 tribus
3172 2575 3384 2632 idoneis
3435 2579 3672 2636 testibus

2051 2667 2214 2740 (Vide
2239 2670 2508 2738 epistolam
2541 2685 2595 2733 tt,
2631 2667 2764 2723 Julii
2794 2685 2963 2740 pupae,
3009 2672 3184 2724 eadem
3209 2672 3399 2732 νοθείας
3428 2671 3544 2726 labe
3575 2676 3673 2742 [οε-

2050 2762 2272 2833 datam).
2305 2761 2360 2817 Si
2410 2763 2524 2816 haec
2553 2761 2620 2816 de
2654 2763 2985 2832 presbyteris
3018 2763 3098 2816 vel
3147 2764 3360 2818 creteris
3413 2762 3672 2819 fidelibus

2050 2865 2174 2909 sunt
2205 2855 2578 2926 praecavenda,
2604 2865 2806 2925 quanto
2828 2856 2997 2924 magis
3024 2854 3092 2910 de
3121 2856 3429 2924 episc0pis?
3456 2856 3671 2924 Quibus

2051 2951 2304 3020 cognitis,
2353 2949 2523 3019 magis
2555 2963 2650 3003 vos
2695 2949 2959 3003 dominari
3003 2948 3144 3003 velle
3184 2948 3529 3003 manifeSIum
3560 2960 3670 3016 est,

2053 3058 2214 3112 quam
2245 3042 2532 3098 consulere
2566 3041 2839 3108 fratribus,
2890 3049 2982 3095 aut
3015 3050 3321 3095 sustentare
3371 3055 3488 3106 eos,
3539 3041 3671 3112 quia

2057 3136 2232 3190 honor
2263 3136 2412 3190 inflat
2463 3136 2774 3206 superbiam
2811 3153 2824 3189 :
2858 3143 2914 3189 et
2955 3134 3099 3205 quod
3147 3137 3418 3204 provisum
3465 3145 3551 3194 est
3598 3137 3674 3193 ad

1979 3231 2023 3293 C
2057 3229 2426 3294 concordiam,
2486 3228 2654 3283 tendit
2705 3227 2770 3282 ad
2821 3241 3040 3282 noxam.
3100 3228 3360 3283 Decuerat
3409 3243 3670 3299 namque,

2053 3323 2206 3392 juxta
2238 3321 2489 3391 praefatus
2530 3320 2763 3390 regulas,
2815 3328 2871 3372 ut
2899 3321 2944 3373 si
2977 3319 3176 3389 aliquid
3209 3321 3445 3390 egissent
3473 3329 3674 3376 contra

2057 3431 2213 3470 suum
2244 3414 2511 3481 ordinem,
2542 3412 2801 3468 mandare
2824 3411 3000 3476 nobis,
3027 3424 3081 3466 et
3106 3422 3415 3481 expectare,
3446 3412 3576 3482 quid
3596 3413 3672 3466 ad

2057 3516 2240 3562 vestra
2273 3505 2519 3561 consulta
2549 3504 2994 3569 rescriberemus,
3025 3503 3312 3569 intautum,
3340 3512 3400 3557 ut
3423 3503 3467 3557 si
3500 3504 3672 3558 etiam

2057 3601 2350 3672 quidquam
2425 3615 2587 3670 grave
2656 3597 3159 3667 intolerandumque
3223 3597 3671 3665 committerent,

2057 3702 2243 3747 nostra
2275 3691 2683 3760 prmstolaretur
2713 3703 2961 3753 censura,
2995 3699 3052 3743 ut
3097 3689 3229 3742 nihil
3265 3689 3413 3757 prius
3441 3699 3534 3742 aut
3561 3687 3676 3742 ali-

2057 3783 2185 3855 quid
2238 3783 2384 3838 aliud
2435 3783 2822 3848 decerneretis,
2875 3797 3034 3851 quam
3087 3781 3228 3849 quod
3264 3782 3418 3836 nobis
3450 3782 3676 3852 placere

2057 3875 2444 3944 cognoveritis,
2473 3884 2526 3928 et
2551 3889 2580 3928 a
2613 3873 2814 3943 regulis
2842 3873 3154 3942 praestitutis
3183 3874 3349 3938 nulla,
3386 3883 3474 3927 aut
3499 3875 3676 3943 negli-

2057 3969 2262 4038 gentia.
2319 3977 2411 4021 aut
2457 3969 2874 4038 praesumptione
2925 3969 3273 4022 recederetis.
3327 3969 3513 4023 Cesset
3563 3967 3677 4022 hu.

2054 4046 2316 4123 jusmodi,
2335 4073 2433 4113 nec
2449 4059 2522 4112 illi
2537 4061 2624 4128 qui
2649 4075 2746 4113 nos
2771 4059 2824 4113 in
2857 4075 2951 4112 sua
2980 4059 3168 4113 uolunt
3190 4061 3429 4129 recipere
3446 4063 3676 4129 querela

2059 4152 2518 4218 velaccusatione,
2538 4164 2878 4214 nocuntenta.
2908 4154 3030 4222 quia
3061 4168 3393 4223 nequaquam
3426 4154 3548 4206 talia
3576 4170 3678 4224 pa-

2062 4245 2256 4298 tienter
2288 4244 2429 4299 ferre
2457 4259 2742 4314 possumus
2773 4244 3224 4310 machinamenta,
3254 4247 3506 4314 quoniam
3539 4261 3673 4300 con-

2062 4337 2204 4390 venit
2229 4337 2383 4390 nohis
2403 4347 2741 4406 paternarum
2757 4337 3092 4390 sanctiouum
3107 4336 3391 4406 diligenter
3407 4353 3526 4392 esse
3545 4355 3676 4391 cus—

2061 4427 2232 4484 todes.
2263 4429 2450 4484 Merito
2483 4444 2709 4499 namque
2741 4444 2897 4484 causa
2943 4444 3040 4484 nos
3083 4432 3322 4500 ιθειιὶοἰι,
3369 4433 3411 4486 si
3454 4433 3678 4489 silentio

2064 4519 2333 4576 faveamus
2358 4525 2550 4578 errori.

361 4625 536 4698 (Idem
566 4628 618 4680 in
647 4625 863 4680 decretis
893 4624 1032 4680 Sixli
1060 4624 1100 4686 Ι,
1134 4635 1181 4679 et
1228 4625 1466 4679 similiter
1492 4627 1545 4679 in
1572 4628 1786 4682 decretis
1826 4627 1951 4682 Julii

2137 4611 2197 4666 V.
2219 4614 2398 4669 —Est
2427 4617 2643 4683 insuper
2663 4631 2691 4667 a
2715 4619 2915 4670 sanctis
2944 4616 3432 4686 przedecessmibus
3465 4630 3675 4675 nostris

359 4717 554 4790 papae).

433 4809 848 4866 lV.—Fratres
893 4825 1042 4874 vero,
1077 4826 1212 4879 quos
1258 4812 1449 4866 timore
1494 4820 1711 4866 terreno
1757 4813 1955 4883 injuste

356 4904 676 4970 damnastis,
706 4905 896 4959 scitote
927 4920 953 4957 a
988 4904 1143 4958 nobis
1177 4905 1317 4972 juste
1343 4920 1463 4960 esse
1494 4905 1790 4960 restitutos.
1824 4905 1953 4973 Qui-

354 4999 478 5062 bus,
509 5011 578 5050 ex
611 4997 779 5052 sancti
809 4996 953 5051 Petri
983 5006 1036 5051 et
1064 4996 1361 5066 apostolica
1403 5000 1723 5052 auctoritate
1748 5000 1949 5066 omnia,

352 5105 474 5160 qua:
517 5090 596 5145 eis
625 5090 802 5144 ablata
833 5097 975 5154 sunt,
1027 5090 1372 5159 integerrime
1411 5089 1558 5144 reddi
1590 5092 1948 5160 przrcipimus,

355 5182 403 5236 si
432 5197 535 5236 non
568 5180 731 5236 vultis
756 5195 852 5234 vos
879 5190 934 5235 et
966 5181 1235 5251 principes
1260 5181 1422 5235 vestri
1454 5198 1481 5234 a
1508 5183 1738 5252 collegio
1770 5193 1955 5237 nostro

349 5285 406 5330 et
454 5274 709 5330 membris
753 5273 1001 5330 ecclesiae
1051 5276 1311 5344 separari.
1362 5274 1514 5329 Justo
1559 5277 1701 5330 enim
1750 5275 1954 5345 judicio

348 5367 448 5422 Dei
478 5367 636 5419 datur
664 5367 979 5437 plerumque
1006 5367 1379 5437 peccatoribus
1411 5377 1669 5435 potestas,
1703 5383 1805 5436 qua
1832 5384 1955 5423 san-

344 5469 464 5514 ctos
490 5460 662 5528 ipsius
694 5471 1088 5530 persequantur
1113 5460 1382 5529 (Prosperi
1408 5472 1539 5517 sent.
1560 5463 1649 5524 25,
1683 5475 1730 5518 et
1759 5464 1820 5518 S.
1851 5466 1956 5518 Au-

339 5561 478 5620 gust.
510 5552 562 5604 in
599 5549 688 5606 Ps.
725 5553 943 5621 cxvttt);
992 5563 1049 5607 ut
1099 5554 1187 5623 qui
1231 5553 1424 5622 spiritu
1473 5553 1564 5607 Dei
1611 5553 1865 5622 juvautur
1895 5567 1949 5610 et

345 5655 599 5712 aguntur,
632 5644 760 5698 ﬁant
804 5660 900 5714 per
948 5644 1190 5701 laborum
1240 5647 1495 5702 exercitia
1541 5647 1817 5702 clariores.
1867 5648 1952 5705 Illi

349 5743 525 5791 tamen
557 5739 646 5807 qui
690 5738 791 5792 hoc
834 5749 1016 5808 agunt,
1067 5741 1370 5797 nullatenus
1415 5741 1647 5798 evadent
1691 5757 1944 5812 poenam:

342 5826 485 5895 quia,
530 5840 586 5885 ιιι
611 5830 686 5884 ait
716 5829 1016 5888 Dominus:
1062 5831 1152 5888 νω
1195 5833 1271 5888 illi
1317 5850 1406 5902 per
1448 5851 1598 5904 quem
1636 5835 1944 5905 scandalum

2057 4705 2374 4776 plerumque
2395 4707 2503 4777 jam
2520 4717 2800 4770 statutum.
2829 4720 2885 4764 ut
2909 4726 3066 4763 nemo
3088 4711 3374 4766 anathema
3403 4713 3457 4766 in
3481 4723 3676 4771 nostra

2054 4798 2380 4866 suspiciatur
2403 4801 2741 4855 accusatione
2758 4817 2940 4871 pressa
2957 4812 3135 4857 nostra
3150 4805 3490 4869 auctoritate,
3528 4821 3676 4874 prte-

2051 4884 2886 4954 sumptio;citenturltujusmodi,
2917 4903 3038 4942 cum
3065 4903 3162 4942 nos
3189 4905 3350 4960 super
3374 4890 3492 4944 illos
3531 4892 3678 4946 scia-

2054 4991 2203 5031 musa
2245 4977 2469 5031 Domino
2509 4978 2848 5044 constitutos,
2875 4994 2979 5032 non
3012 4980 3437 5050 illoSsupcruos.
3459 4982 3679 5039 Etsicut

2048 5071 2223 5139 major
2245 5085 2350 5125 nou
2379 5082 2602 5143 potesta
2628 5072 2834 5127 minore
2857 5071 3110 5150 judicari,
3141 5075 3211 5127 ita
3240 5087 3339 5128 nec
3367 5074 3608 5144 colligari
3643 5094 3658 5142 ;

2059 5165 2189 5232 quia
2235 5179 2413 5218 rarum
2458 5174 2542 5220 est
2586 5179 2745 5219 omne
2771 5165 2914 5234 quod
2943 5181 3191 5237 magnum
3233 5175 3334 5222 est.
3383 5166 3676 5226 Portemtts

2057 5271 2223 5311 onera
2254 5257 2492 5311 omnium
2522 5257 2610 5326 qui
2651 5266 2960 5326 gravantur,
3005 5261 3271 5327 quinimo,
3324 5261 3438 5315 haec
3486 5271 3674 5330 portat

2058 5347 2112 5402 in
2139 5347 2292 5401 nobis
2313 5347 2500 5402 beatus
2523 5351 2797 5416 apostolus
2832 5349 3042 5413 Petrus,
3067 5350 3223 5418 cujus
3252 5350 3365 5406 vice
3395 5350 3675 5423 fungimur

2058 5438 2350 5509 legatione,
2383 5449 2437 5494 et
2462 5440 2616 5510 cujus
2644 5441 2827 5508 regula
2858 5438 3232 5504 informantur,
3265 5451 3530 5510 quatenus
3547 5446 3674 5514 ejus

2062 5533 2180 5589 fulti
2208 5533 2425 5597 auxilio,
2460 5535 2526 5589 ab
2553 5535 2804 5588 omnibus
2834 5549 2975 5588 nunc
3003 5543 3057 5589 et
3088 5534 3140 5589 in
3165 5545 3481 5604 perpetuum
3516 5545 3675 5596 tuen-

2058 5645 2180 5683 mur
2218 5629 2479 5684 adversis.
2533 5630 2660 5684 Data
2692 5646 2797 5684 xvu
2827 5629 3087 5684 kalendas
3122 5630 3331 5699 augusti
3369 5628 3470 5702 (l),
3510 5629 3672 5687 Vale-

2057 5722 2212 5777 riano
2238 5730 2293 5777 et
2324 5721 2508 5788 Decio,
2540 5721 2672 5778 viris
2697 5721 3038 5788 clarissimis,
3071 5721 3404 5777 consulibus.

2046 5861 2127 5932 (1)
2145 5858 2431 5917 Adnotatio
2449 5856 2607 5915 falsa.
