3888 6340
209 361 262 419 89
968 350 1322 411 ΕΡΙὸΤοιῶ
1357 351 1519 423 ρυλε
1557 351 1654 409 AD
1693 353 1759 411 δι

1879 352 1952 412 lli
1992 353 2224 412 PAPAM
2264 351 2632 412 ΔΤΤΙΝΕΝΤ.
3407 358 3480 417 90

521 467 848 528 DECRETA
889 466 1077 526 SlXTl
1115 464 1398 523 SECUNDI

423 669 489 725 Ex
531 667 818 725 GMTIANO
859 665 940 739 (2
980 682 1035 737 q.
1083 664 1115 720 6
1152 675 1205 720 et
1243 666 1276 721 5
1313 681 1367 736 q.
1409 665 1490 737 6).

273 871 317 928 Si
344 870 448 941 quis
478 867 742 940 putaverit
770 879 836 921 se
862 878 894 918 a
931 863 1152 933 proprio
1181 864 1599 934 metropolitano
1629 879 1770 943 gra-

215 965 302 1020 vari
327 960 446 1030 apud
471 961 745 1031 primatem
774 957 1113 1018 diwceseos,
1135 965 1225 1010 aut
1256 970 1422 1026 penes
1449 955 1772 1012 universalis

213 1052 467 1127 apostolica:
491 1051 744 1108 Ecclesiae
775 1064 982 1122 papam
1006 1048 1295 1120 iudicetur.

1790 469 1842 528 A

2335 467 2415 523 Ex
2453 483 2631 524 nonan
2673 483 2742 524 ur
2779 481 2965 525 suum.

1871 577 2043 650 Super
2070 580 2431 650 appellatione,
2477 580 2690 635 alterius
2729 581 3007 651 prouincia
3040 582 3249 654 judice:
3297 582 3482 641 audire

2492 688 2594 726 non
2622 681 2840 741 oportet.

1946 783 2002 839 Si
2026 785 2145 853 quis
2170 784 2402 839 clericus
2426 799 2588 854 super
2612 783 2943 854 quibuslibet
2971 785 3294 841 criminibus
3321 800 3484 842 aecu-

1875 885 2027 932 satus
2054 876 2237 942 l’uerit,
2266 877 2320 931 in
2350 876 2644 948 provincia,
2700 877 2754 930 in
2814 890 2919 946 qua
2969 878 3219 932 consistit
3260 878 3353 934 ille
3391 878 3486 949 qui

1871 971 2137 1041 pulsatur,
2168 984 2294 1024 suas
2324 980 2577 1026 exerceat
2605 970 2847 1025 actiones
2877 987 2890 1023 :
2925 984 3027 1025 nec
3053 970 3328 1026 existimet
3352 986 3480 1028 eum

1871 1075 2158 1118 accusator
2182 1078 2309 1119 suus
2339 1063 2489 1131 alibi,
2521 1073 2612 1118 aut
2642 1063 2856 1135 longius
2889 1063 2956 1118 ad
2983 1061 3245 1133 judicium
3275 1074 3487 1134 protra-

1876 1154 2138 1209 bendum.

187 1331 3468 1367 ___,_________________.__________________—____._.___

1371 1453 2314 1586 EPISTOL/E

333 1702 538 1804 QUAE.
571 1713 730 1788 AD
783 1710 1199 1787 SIXTUM
1249 1709 1378 1801 II,
1427 1711 1820 1783 PAPAM
1876 1711 2020 1783 ET
2069 1711 2718 1784 MABTYREM
2770 1711 3360 1791 ATTINENT.

1565 1895 2086 1979 mam

427 2067 780 2126 EPISTOLIE
821 2067 866 2121 l.
909 2065 1201 2123 DIONYSII
1243 2064 1718 2122 ALEXANDRINI
1755 2063 2068 2122 EPISCOPI
2106 2066 2200 2123 AD
2240 2065 2501 2124 SIXTUM
2541 2066 2775 2123 PAPAM
2818 2067 3274 2126 FRAGMENTA.

207 2232 432 2300 Dionysius
451 2232 669 2298 epistolas
684 2237 977 2283 memorata
1003 2243 1058 2281 se
1080 2232 1288 2293 scriptas
1318 2237 1422 2279 tum
1448 2228 1510 2276 ad
1540 2228 1846 2291 Stephanum
1870 2240 2062 2292 papam,
2085 2233 2190 2277 tum
2215 2227 2274 2276 ad
2297 2226 2583 2290 Dionysium
2611 2235 2663 2278 et
2687 2226 3031 2279 Philemonem
3053 2229 3394 2296 presbyteros,
3421 2231 3488 2281 de

1174 2314 1419 2377 baptismo
1442 2313 1790 2363 haereticorum
1816 2321 1870 2363 et
1888 2313 1953 2362 de
1973 2311 2155 2361 haeresi
2187 2309 2490 2360 Sabelliana.

265 2470 300 2525 Ι.
345 2473 499 2524 Antea
535 2468 756 2539 quidem
805 2467 1016 2521 litteras
1066 2465 1356 2535 scripserat
1403 2463 1764 2534 (Stephanus)
1794 2473 1842 2530 Β

208 2562 262 2618 de
288 2561 473 2618 Heleno
511 2573 562 2617 et
608 2562 677 2617 de
708 2561 1062 2626 Firmiliano,
1122 2575 1186 2614 ac
1214 2559 1302 2615 'de
1364 2559 1616 2613 omnibus
1671 2573 1768 2627 per

206 2651 416 2710 Ciliciam
441 2665 494 2710 et
513 2653 915 2724 Cappadociam
966 2660 1299 2721 cunctasque
1346 2651 1604 2704 ﬁnitimas
1633 2664 1764 2720 pro-

206 2746 378 2801 vincias
399 2747 722 2810 constitutis,
781 2753 988 2799 testans
1016 2759 1139 2798 sese
1196 2745 1267 2798 ob
1320 2743 1566 2798 eamdem
1619 2743 1764 2797 illaut

204 2852 387 2894 musam
415 2839 481 2894 ab
509 2839 723 2894 illorum
750 2840 1133 2893 communione
1167 2836 1533 2890 discessurum
1556 2878 1569 2901 ,
1623 2834 1766 2905 quod

203 2930 452 2987 hzereticos
475 2932 891 3001 rebaptizarent.
939 2933 1014 2983 Ac
1045 2929 1166 2984 vide
1194 2929 1395 2999 negotii
1423 2930 1763 2999 gravitatem.

201 3023 264 3081 Re
286 3030 417 3082 enim
460 3041 582 3080 vera
623 3025 677 3079 in
706 3025 994 3089 maximis,
1049 3032 1109 3077 ut
1157 3024 1318 3078 audio
1339 3065 1351 3086 ,
1383 3024 1764 3093 episcoporum

201 3117 407 3172 conciliis
443 3117 719 3173 decretum
749 3125 867 3182 est,
922 3125 977 3170 ut
1019 3117 1110 3185 qui
1158 3116 1224 3169 ab
1257 3115 1448 3170 heresi
1500 3115 1765 3180 veniunt,

202 3210 396 3278 primum
423 3210 666 3265 doctrina
685 3209 914 3263 instituti
932 3207 1239 3281 [catholica]
1262 3224 1324 3262 ac
1345 3208 1541 3263 deinde
1569 3209 1767 3263 veteris

201 3311 244 3358 et
267 3303 442 3372 impuri
468 3303 723 3360 fermenti
752 3303 1006 3359 sordibus
1052 3319 1149 3373 per
1195 3304 1521 3373 baptismum
1575 3318 1767 3374 purga-

200 3405 372 3450 rentur.
417 3397 490 3451 De
531 3396 616 3452 his
662 3396 918 3451 omnibus
959 3395 1107 3451 illum
1140 3409 1335 3467 rogans
1388 3406 1441 3451 et
1489 3397 1768 3452 obtestans

201 3488 374 3546 litteras
397 3491 540 3547 misi.

1939 2465 2269 2519 Ἐπεστάλκει
2316 2465 2407 2536 μὶν
2447 2461 2534 2518 οὖν
2589 2467 2841 2542 πρότερον
2873 2465 3204 2542 (Στέφανος)
3241 2473 3331 2526 καὶ
3371 2473 3494 2548 περὶ

1867 2558 2068 2613 Ἐλὲνου
2099 2562 2186 2612 καὶ
2205 2562 2326 2633 περὶ
2343 2558 2690 2632 Φιρμιλιανοῦ,
2722 2563 2809 2613 καὶ
2837 2561 3039 2615 πάντων
3065 2570 3165 2617 τῶν
3195 2584 3249 2618 τε
3273 2566 3376 2620 ἀπὸ
3397 2575 3491 2626 τῆς

1868 2653 2088 2712 Κιλικίας
2128 2658 2217 2707 καὶ
2264 2651 2634 2712 Καππαδοκίας
2681 2658 2770 2708 καὶ
2818 2655 3099 2719 Γαλατίας,
3149 2662 3238 2710 καὶ
3282 2660 3489 2714 πάντων

1868 2755 1968 2800 τῶν
1998 2746 2110 2810 ἑξῆς
2141 2745 2461 2820 ὁμορούντων
2488 2746 2656 2800 ἐθνῶν.
2690 2749 2758 2805 ὠς
2785 2745 2902 2800 οὐδὲ
2932 2749 3137 2808 ἐκείνοις
3169 2755 3489 2809 κοινωνήσων

1869 2836 1954 2892 διὰ
1997 2844 2086 2896 τὴν
2127 2840 2287 2896 αὐτὴν
2329 2839 2520 2896 ταύτην
2565 2839 2752 2902 αἰτίαν,
2786 2837 2953 2893 ἐπειδέ
3005 2843 3126 2900 τοὺς
3177 2843 3486 2917 αἱρετικοὺς,

1871 2935 2041 3005 φησὶν,
2072 2932 2506 2994 ἀναϐαπτίζουσι.
2543 2934 2630 2983 καὶ
2660 2932 2843 2985 σκόπει
2873 2932 2931 2984 τὸ
2960 2933 3170 3003 μέγεθος
3196 2940 3287 2987 τοῦ
3316 2937 3487 3010 πράγ-

1871 3045 2055 3093 ματος.
2091 3021 2247 3082 ὅντως
2277 3025 2379 3098 γὰρ
2415 3022 2655 3096 δόγματα
2690 3027 2812 3096 περὶ
2839 3026 3026 3078 τούτου
3053 3027 3252 3098 γέγονεν
3282 3028 3332 3081 ἐν
3370 3036 3488 3089 ταῖς

1871 3119 2140 3187 μεγίσταις
2167 3122 2265 3168 τῶν
2287 3115 2582 3169 ἐπισκόπων
2608 3112 2864 3175 συνόδοις,
2891 3119 2958 3174 ὡς
2983 3118 3325 3189 πυνθάνομασ
3349 3121 3484 3176 ὥστε

1870 3213 1992 3268 τοὺς
2019 3209 2332 3283 προσίοντας
2379 3208 2480 3262 ἀπὸ
2520 3208 2789 3282 αἱρέσεως,
2824 3210 3341 3282 προκατηχηθέντας,
3373 3209 3484 3268 εἶτα

1871 3301 2285 3366 ἀπολούσασθαι,
2313 3305 2399 3355 καὶ
2445 3302 2883 3375 ἀνακαθαίρεσθαι
2913 3302 2999 3357 τὸν
3028 3311 3119 3362 τῆς
3145 3303 3368 3364 παλαίας
3400 3312 3485 3360 καὶ

1871 3397 2165 3472 ἀκαθάρτου
2189 3398 2352 3468 ζύμης
2387 3396 2569 3469 ῥύπον.
2604 3400 2691 3450 καὶ
2719 3400 2837 3470 περὶ
2865 3399 3059 3451 τούτων
3090 3399 3249 3461 αὐτοῦ
3276 3400 3481 3454 πάντων

1872 3489 2106 3563 δεόμενος
2134 3491 2428 3545 ἐπέστειλα.

1250 3605 1313 3656 Et
1333 3604 1584 3669 aliquanto
1610 3610 1720 3669 post
1744 3607 2062 3668 prosequitur
2077 3604 2362 3667 Dionysius.

253 3709 295 3763 2.
325 3711 422 3767 Sed
449 3723 504 3768 et
529 3713 748 3769 dilectis
775 3713 1228 3784 compresbyteris
1254 3715 1456 3770 nostris
1502 3714 1759 3786 Dionysio

199 3814 240 3859 et
277 3804 596 3872 Philemoni,
645 3809 735 3878 qui
783 3809 932 3878 prius
967 3824 1088 3863 cum
1131 3808 1407 3879 Stephano
1451 3809 1758 3864 consentie-

199 3895 316 3965 bant,
340 3903 506 3974 deque
544 3902 742 3959 iisdem
773 3903 840 3958 ad
873 3919 958 3958 me
979 3906 1329 3974 scripserant,
1362 3914 1514 3960 antea
1548 3905 1764 3976 quidem

197 3993 365 4064 paucis,
389 4013 529 4054 nunc
557 4013 692 4054 vero
714 3997 958 4069 pluribus
979 3998 1255 4069 rescripsi.

1937 3718 2030 3768 Καὶ
2073 3723 2179 3775 τοῖς
2233 3717 2516 3787 ἀγαπητοῖς
2565 3712 2620 3768 δέ
2669 3716 2809 3786 ἡμῶν
2850 3717 2938 3769 καὶ
2982 3717 3480 3793 συμπρεσϐυτέροις

1867 3812 2109 3880 Διονυσίῳ
2139 3811 2226 3862 καί
2249 3809 2500 3882 Φιλήμονι,
2537 3808 2834 3882 συμψήφοις
2863 3809 3112 3884 πρότερον
3143 3812 3370 3884 Στεφάνῳ
3394 3834 3477 3886 γε-

1868 3905 2113 3974 νομένοις,
2145 3905 2231 3955 καὶ
2274 3907 2390 3977 περὶ
2446 3909 2544 3956 τῶν
2586 3904 2754 3955 αὐτῶν
2804 3923 2888 3974 μοι
2918 3903 3174 3977 γράφουσι
3226 3905 3480 3981 πρότερον

1791 3983 1836 4044 C
1871 3999 1960 4070 μὲν
1988 3997 2148 4069 ὀλίγα,
2176 3998 2262 4049 καὶ
2290 4001 2378 4048 νῦν
2403 3993 2455 4049 δὲ
2484 3993 2568 4050 διὰ
2587 3995 2835 4050 πλετὸνων
2864 3995 3155 4050 ἐπέστειλα.

1517 4134 1876 4191 VARIORUM
1912 4131 2139 4188 NOTAE.

252 4274 389 4345 Antea
437 4277 654 4345 quidem
702 4275 914 4330 litteras.
982 4275 1074 4330 llis
1132 4276 1409 4342 prmmittit
1467 4275 1747 4330 Eusebius.

203 4343 310 4418 {Ad
352 4343 484 4401 hunc
515 4347 756 4418 Xystum
791 4346 1124 4418 (Dionysius)
1155 4346 1443 4418 secundum
1488 4347 1554 4400 de
1609 4346 1752 4418 Bap.

201 4415 325 4488 tismo
351 4415 883 4488 scripsit'epistolam
906 4458 920 4480 ,
959 4415 1021 4471 in
1070 4432 1172 4487 qua
1201 4417 1458 4486 Stephani
1491 4417 1650 4470 simul
1690 4433 1756 4472 ac

200 4485 481 4560 reliquorum
544 4485 936 4560 episcoporum
987 4485 1312 4542 sententiam
1363 4504 1429 4560 ac
1474 4488 1752 4560 judicium

202 4559 398 4630 attinuit,
430 4562 495 4614 ita
527 4559 596 4617 de
648 4561 932 4630 Stephano
979 4560 1241 4614 scribens.
1277 4580 1295 4612 ›
1333 4559 1429 4614 Ubi
1472 4559 1588 4613 hmo
1637 4561 1752 4628 epi-

201 4628 303 4706 stola
331 4645 426 4706 non
455 4632 734 4706 secunda
757 4628 823 4686 ad
856 4631 1102 4706 Xystum,
1134 4630 1243 4706 sed
1271 4631 1504 4706 secunda
1528 4631 1596 4684 de
1627 4630 1756 4706 pip-

202 4701 327 4772 [ismo
370 4702 563 4758 dicitur
595 4724 608 4758 :
639 4704 771 4772 quia
830 4705 1082 4756 nimirum
1133 4701 1396 4755 Eusebius
1446 4702 1515 4756 ab
1561 4701 1756 4755 eodem

203 4767 412 4844 Dionysio
440 4777 508 4831 de
539 4767 741 4831 eadem
770 4789 828 4829 re
857 4791 1016 4828 unam
1045 4773 1111 4828 ad
1141 4772 1471 4842 Stephanum
1500 4775 1755 4842 scriptam

203 4851 295 4896 ante
312 4860 645 4902 tuemurarnt.
682 4844 991 4900 Consum.

257 4910 316 4968 De
341 4915 526 4972 Heleno
550 4930 596 4973 et
626 4919 702 4971 de
733 4915 1054 4970 Firmilimto.
1087 4915 1313 4970 Ruﬁnus
1335 4913 1429 4970 lib.
1460 4931 1561 4979 vn,
1595 4931 1626 4971 c
1687 4918 1756 4983 4,

202 4987 341 5050 Vertit,
369 4993 432 5042 ad
460 4988 848 5044 Firmilt'anum
880 5000 924 5042 et
956 4987 1232 5050 Helenum,
1265 4997 1395 5049 etc.,
1428 5003 1491 5041 ac
1518 4988 1758 5043 subnexa

203 5055 397 5131 epistola:
424 5060 582 5131 hujus
607 5061 788 5116 verba
814 5058 1568 5131 praetermittitJFirmilianus,
1595 5060 1756 5124 epist.

203 5123 270 5191 75,
289 5129 342 5183 ad
366 5123 703 5203 Cyprianum
724 5172 738 5192 ,
769 5123 1146 5203 przedictarum
1190 5130 1586 5203 provinciarum
1612 5123 1761 5203 epis-

202 5210 330 5268 gopos
375 5200 474 5256 uno
526 5203 888 5259 Orientalium
943 5201 1160 5255 nomine
1220 5200 1621 5268 complectens,
1687 5201 1762 5255 ait

201 5264 477 5338 Stephanum
508 5275 686 5328 modo
730 5287 852 5324 cum
902 5273 1043 5326 Afris
1085 5272 1173 5342 qui
1219 5271 1269 5325 in
1321 5264 1548 5326 meridie
1597 5283 1756 5340 sunt,

204 5343 329 5396 modo
350 5361 454 5398 cum
480 5342 841 5398 Orientalibus
876 5358 1058 5410 pacem
1092 5344 1320 5408 rupisse.
1353 5342 1662 5399 Consum.

257 5410 493 5483 Decretum
515 5427 614 5474 est.
630 5415 805 5471 Iconii
836 5413 1086 5468 videlicet
1104 5430 1165 5468 ac
1183 5412 1434 5483 Syuadm.
1463 5425 1517 5468 ut
1538 5415 1761 5469 inferius

207 5482 477 5555 explicatur,
511 5489 752 5548 habitis,
789 5494 986 5553 praeter
1025 5501 1085 5540 ea
1116 5482 1236 5555 quae
1277 5486 1329 5539 in
1385 5483 1564 5539 Africa
1619 5487 1758 5541 cele-

208 5550 321 5608 brata
347 5550 478 5615 sunt.
505 5550 822 5616 Consnttr.

262 5622 464 5684 Primum
495 5634 744 5687 doctrina
799 5628 1040 5681 instituti.
1094 5627 1470 5698 luterpretatio
1523 5626 1757 5693 Valesii,

211 5698 384 5768 primum
411 5701 770 5759 catechumem'
796 5701 1014 5768 ﬁerent,
1048 5700 1169 5754 ideo
1211 5717 1316 5753 nun
1370 5701 1576 5768 placet,
1635 5701 1758 5768 quia

212 5766 301 5841 hinc
327 5772 580 5830 inducitur
610 5766 815 5837 lector,
863 5779 921 5825 ut
956 5766 1398 5841 rebaptizantiutn
1424 5766 1666 5837 judicio,
1692 5771 1759 5825 ab

213 5836 358 5899 hmsi
423 5846 711 5905 venientes
775 5836 1298 5899 eatechumenorum
1363 5836 1542 5896 munia
1612 5844 1759 5912 prius

1858 4275 2009 4329 obire
2033 4273 2336 4335 debuerint,
2366 4286 2526 4342 quam
2555 4271 2880 4341 baptismum
2917 4275 3286 4343 perciperent.
3318 4274 3480 4334 Certe

1861 4348 1912 4400 in
1947 4345 2177 4399 concilio
2207 4343 2619 4414 Carlltaginensi
2648 4360 2738 4406 ttt,
2765 4348 2847 4398 cui
2877 4344 3181 4414 Cyprianus
3212 4346 3424 4414 prtefuit
3446 4391 3459 4415 ,

1861 4419 2237 4486 episcoporum
2266 4416 2358 4475 86.
2389 4418 2689 4470 sententias
2718 4416 2976 4469 habemus
3014 4432 3025 4467 :
3064 4419 3158 4471 sed
3188 4432 3311 4472 cum
3335 4434 3433 4472 eos
3453 4461 3468 4485 ,

1861 4491 1949 4557 qui
1981 4490 2048 4542 ab
2083 4488 2276 4541 haeresi
2317 4488 2569 4549 veniunt,
2605 4487 2954 4552 baptizandus
2993 4503 3114 4543 esse
3155 4503 3346 4543 omnes
3376 4490 3474 4545 de-

1863 4558 2836 4632 cernant;_ut_prius_eatechumeni
2869 4557 3032 4632 fiant_,
3086 4560 3267 4613 nullus
3314 4562 3472 4632 petit.

1863 4629 2094 4683 Tantum
2129 4627 2324 4683 Lucius
2349 4644 2379 4682 a
2417 4628 2686 4683 Thabeste
2712 4628 2879 4683 dixit:
2921 4649 2939 4681 ‹
2979 4629 3273 4685 Haereticos
3301 4627 3464 4686 exse-

1863 4701 2097 4756 craudos
2119 4715 2348 4762 censeo,
2381 4710 2434 4752 et
2456 4699 2576 4771 ideo
2607 4700 2993 4754 exorciztndos
3025 4712 3080 4755 et
3109 4703 3466 4771 baptizandus

1864 4788 1987 4828 esse
2022 4791 2034 4825 :
2074 4792 2092 4824 ι
2130 4781 2186 4826 et
2233 4787 2351 4836 cap.
2381 4772 2472 4835 57,
2529 4769 2840 4824 Vincentius
2877 4788 2904 4822 a
2933 4769 3191 4826 Tltibarii
3233 4791 3250 4823 ι
3287 4774 3469 4830 Primo

1867 4859 1964 4911 per
1986 4858 2176 4898 manus
2207 4841 2605 4909 impositionem
2638 4841 2688 4894 in
2716 4843 3019 4896 exorcistno
3041 4885 3054 4907 ,
3101 4843 3344 4896 secundo
3374 4860 3471 4914 per

1865 4915 2117 4981 baptismi
2174 4915 2636 4978 regenerationem
2689 4922 2815 4965 tunc
2873 4924 3097 4978 possunt
3149 4914 3217 4968 ad
3263 4914 3465 4970 Christi

1866 4987 2308 5056 pollicitationem
2336 4985 2517 5037 venire
2537 5026 2548 5042 ,
2591 5003 2610 5034 ι
2643 4998 2839 5056 manus
2870 4984 3275 5053 itnpusitionem
3302 5028 3316 5048 ,
3343 5002 3468 5055 quas

1870 5053 1988 5126 ipso
2015 5057 2270 5123 Stephani
2302 5067 2568 5108 consensu
2622 5053 2724 5107 illis
2761 5055 3065 5110 adhibenda
3098 5067 3252 5124 erat,
3303 5053 3468 5113 ett—or-

1868 5130 2096 5183 eismum
2148 5129 2548 5194 interpretatus.
2602 5126 2692 5180 lsti
2724 5126 2938 5194 quidem
2970 5129 3081 5182 Afri
3116 5130 3182 5183 dc
3222 5130 3468 5183 doctrina

1869 5199 2127 5254 tradenda
2190 5199 2388 5265 pariter
2433 5197 2632 5250 silent:
2663 5198 2758 5250 sed
2792 5201 2922 5251 nihil
2967 5213 3103 5266 Opus
3130 5210 3247 5253 erat
3279 5212 3336 5252 ut
3367 5200 3468 5255 hac

1867 5271 1935 5326 de
1963 5289 2019 5325 re
2049 5268 2341 5338 quidquam
2387 5269 2790 5334 praeciperetur,
2826 5286 2947 5323 cum
2978 5269 3292 5324 Ita-relicum
3321 5314 3334 5334 ,
3365 5272 3466 5325 nisi

1867 5343 2187 5397 catholicam
2219 5337 2531 5411 proﬁteatur
2561 5340 2720 5392 tidem
2745 5381 2758 5403 ,
2807 5341 3178 5411 recipiendum
3211 5355 3318 5395 non
3348 5358 3468 5397 esse

1867 5415 2014 5482 leges
2034 5415 2153 5466 alia:
2183 5411 2431 5464 doceant.
2458 5410 2756 5482 C(msraur.

1942 5485 2018 5538 De
2047 5486 2124 5537 Itis
2152 5483 2478 5536 omnibus....
2525 5479 2838 5535 Firntiliuno
2886 5481 3095 5534 scilicet
3145 5482 3351 5536 Heleno
3403 5498 3467 5538 ac

1866 5557 2058 5621 sociis,
2104 5565 2159 5606 ut
2187 5568 2280 5609 cus
2311 5551 2617 5616 Stephanus
2640 5569 2666 5604 a
2704 5552 3088 5606 communione
3117 5568 3210 5608 Stt;t
3240 5553 3465 5608 minime

1866 5635 2195 5696 segregaret.
2226 5622 2534 5696 Cousraxr.

1941 5692 2112 5766 Deque
2143 5695 2320 5749 iisdem
2347 5694 2413 5766 ad
2442 5711 2518 5747 me
2544 5695 2872 5762 scripserant.
2921 5693 3186 5766 Valesius
3220 5692 3305 5745 hic
3360 5693 3466 5746 ad-

1864 5763 2001 5824 didit
2026 5763 2198 5829 i'ebus,
2245 5765 2385 5836 quod
2416 5766 2637 5818 verbum
2663 5779 2783 5820 Cum
2817 5783 2844 5819 τι
2873 5779 3049 5836 grmcu
3077 5765 3212 5816 :tbsit
3238 5803 3250 5824 ,
3286 5775 3466 5836 neque

1867 5843 2029 5896 latine
2059 5831 2274 5895 videtur
2307 5836 2737 5908 exprimendum.
2788 5831 3083 5894 Commode
3113 5843 3293 5888 autem
3331 5831 3468 5888 illttd
