3888 6358
332 365 400 422 9i
1117 359 1592 419 EPISTOLARUM
1627 357 1796 427 QUAS
1834 357 1926 415 AD
1964 354 2228 416 SIXTUM
2266 354 2504 412 PAPAM
2542 351 2913 410 AT'I'INENT.

3573 353 3652 408 9‘2.

333 490 390 544 In
431 492 605 544 eadem
647 493 859 559 epistola
887 493 953 544 de
989 492 1289 546 Sabellianis
1315 494 1595 554 haereticis,
1637 495 1798 557 inquit
1817 491 2085 553 Eusebius,
2125 491 2335 556 Histor.,
2370 490 2671 556 lib.VII,fc.
2699 491 2746 553 6,
2788 497 2843 542 ut
2864 496 2982 557 pote
3012 494 3100 556 qui
3123 499 3241 544 tunc
3263 493 3650 553 increbescant,

1475 576 1664 626 Xistum
1689 578 1958 628 certiorem
1974 576 2090 626 facit
2108 577 2187 627 his
2213 577 2393 627 verbis.

408 710 462 766 5.
489 709 618 764 Nam
648 726 767 766 cum
797 711 865 765 de
891 710 1130 765 doctrina
1152 755 1166 775 ,
1211 724 1330 780 qua:
1358 725 1528 780 nuper
1558 710 1697 779 apud
1740 710 1924 764 Ptole-
1953 759 1962 773 ε

2103 714 2220 786 Περὶ
2241 712 2341 786 γὰρ
2369 715 2458 765 τοῦ
2486 716 2574 763 νῦν
2601 711 2881 771 κινηθέντος
2907 713 2957 764 ἐν
2983 718 3045 786 τῇ
3065 709 3368 782 Πτολεμαΐδι
3396 719 3491 770 τῆς
3523 720 3654 764 Πεν-

338 801 570 858 maidem
621 801 806 858 urbem
865 803 1218 872 Pentapoleos
1257 810 1398 855 mota
1450 811 1566 866 est,
1638 802 1800 871 impia
1877 812 1928 856 et

339 893 498 962 plena
524 893 869 963 blasphemia:
900 894 951 946 ih
978 893 1141 946 Deum
1171 893 1594 961 omnipotentem
1635 903 1691 948 et
1724 905 1928 962 patrem

341 986 553 1041 Domini
610 987 781 1040 nostri
830 985 955 1040 Jesu
985 985 1210 1050 Christi,
1253 984 1408 1054 plena
1443 986 1833 1040 incredulitatis
1880 995 1934 1041 et

341 1077 580 1148 perfidia:
603 1093 726 1148 erga
746 1078 911 1133 filium
941 1078 1056 1148 ejus
1081 1079 1408 1147 unigenitum
1436 1089 1491 1134 et
1521 1080 1930 1149 primogenitum

343 1169 521 1223 omnis
547 1178 809 1224 creatura:
845 1169 1069 1224 Verbum
1114 1169 1381 1225 hominem
1429 1171 1661 1235 factum,
1713 1181 1766 1225 et
1815 1185 1934 1240 qua:

346 1261 577 1331 Spiritus
631 1263 801 1318 sancti
849 1262 1022 1318 aufert
1055 1263 1459 1334 intelligentiam
1487 1284 1499 1319 :
1534 1264 1667 1320 cum
1691 1267 1758 1319 ab
1785 1275 1929 1318 utra-

345 1367 448 1423 que
476 1364 627 1423 parte
671 1362 726 1409 et
751 1355 944 1409 littera:
974 1354 1041 1409 ad
1074 1371 1160 1410 me
1189 1356 1365 1410 allatae
1391 1369 1574 1412 essent
1595 1400 1607 1420 ,
1648 1366 1701 1411 et
1742 1357 1935 1411 fratres

345 1444 695 1513 disceptaturi
721 1447 1025 1515 venissent,
1068 1458 1324 1518 quantum
1363 1450 1474 1505 Deo
1497 1451 1728 1505 donante
1754 1445 1934 1520 potui,

349 1538 555 1607 planius
584 1539 910 1604 edisserens,
943 1541 1202 1610 quasdam
1227 1543 1413 1612 scripsi
1446 1544 1679 1607 litteras;
1711 1557 1937 1612 quarum

349 1630 596 1699 exempla
619 1630 684 1685 ad
719 1641 769 1685 te
798 1632 940 1684 misi.

2029 805 2289 863 ταπόλεως
2320 802 2597 876 δόγματος,
2628 800 2769 863 ὄντος
2796 803 3019 863 ἀσεϐοῦς
3049 807 3136 858 καί
3159 803 3494 875 βλασφημίαν
3523 801 3659 855 πολ-

2031 897 2117 954 λὴν
2161 894 2378 966 ἔχοντος
2425 898 2546 969 περὶ
2585 900 2675 949 τοῦ
2723 895 3141 969 παντοκράτορος
3167 900 3295 949 Θεοῦ
3329 897 3421 946 καὶ
3449 892 3664 966 πατρὸς

2032 995 2121 1043 τοῦ
2153 991 2331 1063 κυρίου
2381 991 2519 1060 ἡμῶν
2549 987 2709 1048 Ἰησοῦ
2753 995 2980 1063 Χριστοῦ
3002 1031 3016 1053 ,
3045 991 3295 1044 ἀπιστίαν
3345 1009 3400 1043 τε
3459 987 3662 1044 πολλὴν

2035 1078 2252 1150 ἔχοντος
2278 1084 2396 1155 περὶ
2419 1087 2509 1134 τοῦ
2541 1087 2839 1154 μονογενοῦς
2865 1079 3050 1141 παιδός
3077 1083 3236 1135 αὐτοῦ
3280 1083 3369 1134 καὶ
3395 1078 3664 1154 προτοτό-

2038 1194 2128 1226 κου
2157 1174 2330 1233 πάσης
2357 1175 2593 1235 κτίσεως,
2624 1179 2712 1228 τοῦ
2741 1175 3227 1247 ένανθρωπάσαντος
3255 1173 3435 1245 λόγου,
3459 1175 3666 1226 ἀναισ-

2039 1265 2222 1323 θησίαν
2263 1263 2316 1319 δέ
2359 1271 2451 1319 τοῦ
2500 1264 2646 1335 ἁγίου
2690 1267 2984 1335 πνεύματος
3009 1279 3022 1292 ⁸
3052 1264 3290 1317 ἐλθόντων
3340 1263 3670 1338 ἑκατέρωθεν

2039 1359 2169 1433 πρὸς
2217 1359 2304 1428 ἐμὲ
2353 1360 2438 1411 καὶ
2477 1357 2580 1430 πρὸ
2625 1357 2964 1430 γραμμάτων,
3017 1358 3102 1408 καὶ
3140 1362 3240 1408 τῶν
3292 1354 3671 1424 όιαλεξομένων

2043 1447 2287 1522 ἀδελφῶν.
2318 1449 2587 1503 ἐπέστειλά
2627 1469 2740 1502 τινα
2783 1453 2850 1507 ὡς
2886 1445 3124 1505 ἐδυνήθην
3151 1446 3540 1522 παρασχόντος
3569 1451 3670 1499 τοῦ

2045 1547 2194 1606 Θεοῦ,
2223 1539 2714 1615 διδασκαλικώτερον
2755 1540 3099 1613 ὑφηγούμενος
3165 1541 3232 1597 ὡς
3270 1539 3337 1591 τὰ
3367 1540 3675 1610 ἀντίγραφα

2048 1634 2259 1708 ἔπεμψὰ
2292 1657 2395 1691 σοι.

713 1785 1261 1860 EPISTOL/E
1307 1789 1388 1861 II
1434 1788 1925 1863 DIONYSII
1964 1789 2728 1864 ALEXANDle
2781 1787 3277 1862 EPISCOPI

1070 1942 1161 1995 AD
1200 1941 1650 1999 PlllLEMUNEM
1690 1943 1871 2000 SIXTI
1911 1944 2428 2002 PRESBYTERUM
2467 1945 2916 2002 FRAGMENTA.

427 2100 542 2171 Ego
560 2114 692 2156 vero
733 2099 1107 2156 hmreticorum
1142 2101 1293 2157 libris
1324 2102 1565 2173 legendis
1591 2119 1652 2156 ac
1701 2104 1944 2163 traditio-

2119 2105 2241 2181 Ἐγὼ
2281 2105 2334 2162 δὲ
2375 2111 2462 2162 καὶ
2497 2115 2603 2167 τοῖς
2651 2109 2983 2182 συντάγμασι
3033 2110 3124 2161 καί
3167 2113 3284 2166 ταῖς
3329 2103 3680 2181 παραδόσῑσι

356 2191 515 2247 nibus
535 2191 841 2246 ediscendis
869 2207 1090 2262 operam
1117 2193 1342 2260 dabam,
1391 2194 1456 2248 ad
1507 2194 1694 2249 horam
1736 2195 1950 2264 quidem

357 2287 706 2343 exsecrandis
737 2288 950 2343 illorum
979 2291 1267 2346 sententiis
1292 2290 1530 2345 animum
1581 2307 1756 2346 meum
1806 2293 1955 2346 coin-

357 2382 617 2451 quinans,
672 2380 814 2435 hanc
845 2391 1022 2436 tamen
1064 2383 1224 2437 exiis
1276 2383 1560 2437 utilitatem
1613 2384 1953 2454 percipiens,

359 2483 418 2528 ut
445 2487 541 2528 eos
567 2475 708 2543 apud
750 2488 836 2528 me
881 2473 1211 2539 refutarem,
1266 2487 1320 2529 et
1365 2474 1534 2528 multo
1579 2475 1810 2544 amplius
1865 2476 1958 2530 de-

361 2575 614 2623 testarer.
650 2567 718 2621 Et
744 2582 866 2622 cum
891 2568 1053 2622 frater
1079 2567 1293 2637 quidam
1341 2583 1408 2622 ex
1443 2567 1633 2623 ordine
1681 2567 1960 2638 presbyte-

361 2674 544 2714 rorum
567 2675 653 2715 me
675 2659 995 2725 deterreret,
1022 2675 1085 2715 ac
1109 2670 1391 2715 vereretur
1418 2674 1486 2715 ne
1509 2660 1682 2715 eidem
1705 2660 1957 2729 nequitia:

362 2765 521 2806 emno
550 2753 972 2817 commiscerer;
1025 2752 1224 2822 quippe
1271 2753 1509 2806 animum
1551 2767 1730 2808 meum
1775 2761 1962 2806 conta-

364 2845 628 2898 minatum
659 2843 755 2907 iri,
806 2843 985 2899 aiebat
1027 2855 1081 2899 et
1109 2844 1326 2915 quidem
1374 2860 1523 2909 vere,
1575 2853 1632 2898 ut
1684 2845 1797 2914 ipse
1839 2860 1963 2900 sen-

363 2933 560 2988 tiebam
591 2950 604 2986 :
634 2934 840 2989 visione
890 2935 1148 2990 divinitus
1194 2937 1357 2990 missa
1410 2934 1760 2990 confirmatus
1804 2951 1956 3002 sum,

364 3035 417 3082 et
446 3041 627 3081 sermo
656 3026 724 3081 ad
755 3042 840 3080 me
874 3026 1043 3082 factus
1073 3028 1276 3082 diserte
1305 3026 1437 3082 mihi
1468 3027 1956 3097 praecepittlicens:

363 3120 508 3190 Lege
534 3121 710 3175 omnia
739 3135 1092 3191 qutccumque
1117 3121 1167 3174 in
1201 3136 1391 3176 manus
1414 3123 1660 3176 venerint
1692 3138 1704 3173 :
1735 3120 1962 3174 idoneus

364 3215 508 3270 enim
564 3229 622 3268 es
667 3214 756 3283 qui
812 3215 1019 3281 singula
1071 3215 1310 3289 corrigas
1355 3228 1416 3266 ac
1465 3215 1662 3282 probes
1693 3231 1705 3266 :
1735 3221 1788 3266 et
1839 3213 1965 3266 hinc

366 3306 460 3360 tibi
513 3306 742 3374 primum
800 3304 1054 3361 credendi
1097 3319 1259 3358 causa
1294 3315 1346 3357 et
1371 3304 1585 3357 occasio
1612 3303 1838 3358 exstitit.
1868 3303 1964 3358 Vi-

365 3398 573 3453 sionem
596 3398 732 3451 hanc
761 3397 993 3466 suscepi,
1016 3409 1071 3450 ut
1103 3410 1222 3466 qua:
1250 3396 1562 3466 apostolica:
1589 3397 1703 3450 voci
1737 3408 1966 3451 consen-

2055 2207 2155 2254 τῶν
2186 2202 2452 2276 αἱρετικῶν
2481 2203 2748 2271 ἐνέτυχον,
2782 2203 3013 2275 χραίνων
3058 2201 3148 2271 μέν
3188 2220 3286 2269 μου
3325 2199 3457 2273 πρὸς
3503 2198 3682 2269 ὀλίγον

2058 2298 2150 2351 τήν
2196 2292 2378 2364 ψυχὴν
2406 2301 2520 2351 ταῖς
2550 2295 2872 2367 παμμίαροις
2907 2293 3073 2345 αὐτῶν
3112 2292 3448 2360 ἐνθυμήσεσιν
3489 2283 3677 2346 ὄνησιν

2059 2383 2106 2439 δ’
2125 2380 2211 2439 οῦν
2240 2385 2328 2439 ἀπ’
2350 2386 2511 2438 αὐτῶν
2542 2386 2733 2441 ταύτην
2761 2383 3058 2456 λαμϐάνων,
3081 2380 3139 2435 τὸ
3167 2380 3448 2454 ἐξελέγχειν
3474 2380 3682 2438 αὐτούς

2059 2479 2185 2554 παρ’
2216 2479 2447 2549 ἐμαυτῷ,
2471 2479 2558 2531 καὶ
2588 2477 2714 2530 πολύ
2743 2476 2890 2529 πλέον
2913 2473 3301 2546 βδελύττεσθαι.
3331 2476 3416 2525 καὶ
3444 2469 3507 2529 δή
3537 2491 3684 2531 τινος

2062 2568 2275 2643 ἀδελφοῦ
2314 2575 2412 2622 τῶν
2453 2569 2822 2644 πρεσϐυτέρων
2861 2588 2924 2638 με
2956 2569 3288 2642 ἀπείργοντος
3314 2568 3402 2619 καὶ
3440 2561 3688 2619 δεδιττο-

2064 2665 2216 2736 μένου
2246 2661 2607 2737 συμφύρεσθαι
2639 2658 2733 2730 (al.
2769 2660 3120 2734 συμφέρεσθαι
3293 2665 3386 2716 τῆς
3425 2658 3689 2730 πονηρίας

2065 2757 2208 2827 αὐτῷ
2253 2753 2493 2830 βορϐόρῳ
2519 2769 2530 2780 ’
2559 2753 2898 2823 λυμανεῖσθαι
2926 2752 3027 2826 γὰρ
3070 2755 3160 2809 την
3186 2749 3368 2820 ψυχὴν
3393 2753 3483 2807 τήν
3513 2748 3687 2820 ἐμαυ-

2065 2852 2181 2906 τοῦ,
2214 2848 2301 2899 καὶ
2340 2844 2496 2903 ἁληθῆ
2539 2864 2596 2916 γε
2645 2843 2897 2916 λέγοντος,
2927 2845 2997 2901 ὡς
3044 2842 3311 2912 ᾐσθόμην,
3361 2836 3536 2915 ὅραμα
3582 2840 3690 2893 θείο

2066 2957 2300 3008 πεμπτον
2343 2936 2626 3011 προσελθὸν
2682 2934 2944 3007 ἐπέῥρωσέ
2997 2953 3082 3006 με.
3114 2935 3202 2986 καί
3247 2932 3394 3002 λόγος
3433 2932 3569 3005 πρός
3619 2952 3686 3001 με

2067 3031 2330 3102 γενόμενος
2352 3027 2646 3103 προσέταξε
2677 3023 2952 3098 διαρρήδην
2979 3024 3158 3097 λέγων,
3192 3028 3354 3077 πᾶσιν
3381 3024 3686 3095 ἕντύγχανε

2068 3119 2141 3181 οἷς
2195 3117 2253 3175 ἂν
2301 3123 2373 3178 είς
2421 3127 2607 3194 χεῖρας
2652 3118 2847 3178 λάϐοις.
2889 3116 3161 3171 διευθύνειν
3191 3119 3291 3190 γάρ
3339 3115 3540 3169 ἕκαστα
3592 3117 3687 3169 καί

2070 3213 2357 3286 δοκιμάζειν
2401 3213 2570 3271 ἱκανὸς
2603 3206 2649 3264 εἴ
2677 3249 2688 3262 .
2717 3213 2804 3264 καί
2835 3232 2919 3264 σοι
2945 3211 3115 3282 γέγονε
3144 3215 3298 3263 τοῦτο
3328 3208 3563 3282 ἐξαρχῆς
3593 3210 3689 3262 καί

2070 3316 2160 3365 τῆς
2187 3308 2415 3364 πίστεως
2445 3301 2624 3358 αἴτιον.
2657 3300 2977 3373 ἁπεδεξάμην
3004 3301 3061 3356 τὸ
3103 3296 3297 3375 ὅραμα,
3332 3301 3399 3359 ὡς
3447 3301 3686 3353 ἀποστο-

2069 3401 2179 3475 λικῇ
2210 3407 2342 3474 φωνῇ
2381 3399 2671 3473 συντρέχον
2711 3406 2772 3472 τῇ
2812 3397 3034 3470 λεγούσῃ
3077 3397 3208 3469 πρὸς
3238 3396 3359 3453 τοὺς
3386 3391 3683 3448 δυνατωτὲ-

369 3492 526 3555 tiret,
577 3505 819 3560 quosque
866 3489 1058 3559 majori
1099 3490 1296 3543 virtute
1328 3489 1581 3555 prmditos
1619 3491 1687 3542 ita
1721 3490 1962 3559 compel-

2092 3515 2216 3558 ›ους,
2243 3493 2439 3563 γίνεσθε
2471 3489 2669 3561 δόκιμοι
2698 3493 3030 3564 τραπεζῖται.

366 3581 495 3637 lanti
525 3600 538 3635 :
572 3581 745 3636 Eslote
766 3583 914 3652 periti
943 3580 1218 3636 nuntularii
1250 3580 1292 3651 (l
1323 3579 1504 3647 Tltes.,
1539 3596 1648 3646 xxt,
1667 3577 1785 3650 2|).

957 3717 1172 3778 Deinde,
1201 3720 1361 3781 inquit
1383 3717 1650 3779 Eusebius,
1661 3718 1894 3768 nonnulla
1917 3713 1982 3769 de
2006 3717 2235 3769 omnibus
2253 3717 2533 3767 hzeresibus
2555 3713 2883 3764 interlocutus
2899 3712 3079 3762 subdit.

442 3848 592 3902 Hanc
619 3862 719 3918 ego
746 3845 987 3917 regulam
1028 3854 1081 3901 et.
1111 3844 1338 3900 formam
1363 3863 1390 3901 a
1412 3847 1571 3902 beato
1603 3863 1734 3917 papa
1768 3860 1953 3902 nostro

371 3939 596 3996 i-leracia
625 3938 832 4008 accepi.
890 3938 997 3993 Eos
1041 3937 1187 3993 enim
1220 3938 1310 4009 qui
1353 3939 1420 3993 ab
1452 3939 1746 3996 hmresibus
1777 3943 1958 3996 venie-

2132 3849 2321 3902 Τούτον
2343 3848 2443 3919 ἐγὼ
2470 3847 2555 3899 τόν
2576 3845 2765 3898 κανόνα
2789 3843 2983 3899 καὶτὸν
3008 3843 3170 3898 τύπον
3196 3842 3343 3916 παρά
3371 3845 3464 3896 τοῦ
3507 3862 3686 3913 μακα-

2069 3945 2180 4018 ρίου
2206 3942 2360 3996 πάπα
2398 3941 2536 4012 ἡμῶν
2565 3937 2786 4013 Ἠρακλὰ
2816 3936 3131 4013 παρέλαϐον.
3158 3937 3278 3996 τοὺς
3306 3937 3407 4011 γὰρ
3435 3937 3688 4011 προσιὸν-

1688 4085 2052 4142 VARIORUM
2090 4083 2321 4142 NOT/E.

373 4226 435 4278 de
484 4221 662 4276 iisdem
713 4219 917 4275 dictum
977 4217 1278 4287 intelligere
1335 4228 1416 4274 est
1476 4218 1544 4274 dc
1619 4219 1958 4288 Firmiliano,

371 4295 599 4356 Heleno,
655 4307 790 4359 quos
843 4307 870 4342 a
917 4291 1296 4362 communione
1350 4290 1713 4362 segregandos
1769 4291 1964 4362 Diony-

374 4369 485 4421 sius
503 4378 565 4418 ac
587 4362 870 4417 Philemon
892 4361 1190 4432 presbyteri
1211 4375 1331 4415 cum
1356 4360 1630 4430 Stephano
1651 4360 1960 4416 censebant.

1508 4433 1812 4487 (Iovsnar.

450 4506 591 4561 Nam
639 4521 756 4559 cum
808 4505 870 4557 de
917 4503 1223 4557 doctrina...
1267 4503 1457 4558 Totum
1492 4502 1590 4557 hoc
1619 4503 1974 4573 fragmentum

2070 4222 2209 4277 hanc
2239 4222 2520 4290 epistolam
2550 4219 2614 4274 ad
2645 4219 3020 4290 Philemonem
3044 4215 3317 4290 superiori
3347 4213 3682 4290 ad_Xystut_n

2069 4308 2177 4348 n0u
2206 4287 2327 4349 esse
2355 4293 2703 4347 anteriorem.
2734 4288 2998 4359 Quocirca
3026 4287 3244 4343 defendi
3277 4287 3690 4359 nequitepinio

2072 4365 2324 4423 Baronii.
2355 4365 2443 4432 qui
2474 4357 2830 4432 fragmentum
2861 4360 3002 4415 istud
3033 4376 3102 4414 ex
3145 4359 3370 4432 epistola
3411 4357 3515 4412 sub
3555 4359 3680 4412 Ste-

2080 4436 2257 4504 phano
2298 4429 2497 4504 scripta
2544 4429 2857 4502 excerptum
2902 4432 3216 4486 arbitratur.
3265 4429 3453 4496 Neque
3501 4437 3692 4504 tamen

2082 4499 2361 4586 praemissa
2409 4499 2477 4586 ad
2527 4499 2754 4586 Xystum
2807 4504 3078 4586 posterior
3128 4511 3246 4583 est,
3293 4508 3478 4586 utpote
3527 4499 3689 4586 cuius

376 4579 604 4648 Rufinus
636 4575 843 4630 licentia
886 4575 986 4648 sibi
1020 4585 1272 4629 eousucta
1327 4575 1488 4648 latine
1539 4575 1605 4628 ita
1656 4570 1926 4648 convertit
1961 4592 1974 4627 :
2005 4589 2054 4648 D
2085 4570 2371 4645 Dionysius
2418 4577 2470 4631 in
2514 4570 2592 4630 ea'
2620 4575 2731 4646 ipsa
2780 4570 2836 4648 η’.
2894 4573 2950 4648 2,
3012 4570 3690 4648 meminit.__Quap_ropter

384 4672 402 4704 ι
423 4651 553 4705 Cum
580 4647 647 4701 de
672 4663 734 4700 ea
761 4645 1023 4707 doctrina,
1053 4661 1172 4714 quae
1203 4645 1342 4714 apud
1371 4646 1755 4700 Ptoletnaitlam
1777 4645 1974 4701 Penta-

379 4722 563 4791 poleos
591 4721 860 4772 civitatem
892 4732 1064 4791 nuper
1084 4727 1266 4791 exorta
1295 4727 1398 4778 est,
1436 4717 1602 4791 plena_
1621 4716 1973 4791 blasphemiis

382 4787 434 4848 in
483 4791 644 4844 Deum
677 4801 876 4857 patrem
907 4800 961 4842 et
991 4788 1275 4842 Dominum
1309 4797 1550 4841 nostrum
1578 4787 1761 4842 Jusunt
1791 4787 1971 4841 Chris-

384 4875 494 4916 tum
515 4903 530 4926 ,
588 4876 788 4930 negans
832 4875 956 4913 vere
984 4874 1104 4914 esse
1144 4876 1264 4911 eum
1297 4860 1458 4912 tilium
1492 4859 1662 4913 Patris
1689 4902 1699 4914 .
1732 4875 1830 4913 nec
1862 4860 1942 4928 pri
1957 4890 1973 4897 --

383 4931 708 5001 "ingenitum
775 4932 949 4984 omnis
1000 4941 1288 4992 creatura,
1338 4931 1585 4984 similiter
1643 4940 1692 4984 et
1740 4931 1973 5000 Spiritus

383 5005 552 5058 sancti
584 5001 834 5056 auferens
864 5001 1191 5055 intellectum
1220 5018 1232 5052 :
1269 5017 1364 5068 pro
1408 5003 1603 5069 quibus
1651 5018 1771 5055 eum
1806 5011 1973 5055 utra:-

384 5091 489 5147 que
521 5083 699 5142 partes
725 5073 792 5126 ad
816 5089 900 5147 tne
923 5073 1218 5147 veniSsent,
1247 5073 1684 5147 etpra-sentibus
1724 5071 1977 5147 fratribus

385 5143 501 5217 dum
532 5156 797 5217 cmnmnta
838 5143 1044 5217 fuerant
1100 5145 1497 5217 tliscussisscnt,
1539 5145 1698 5197 etiam
1746 5144 1975 5207 litteris,

387 5215 542 5288 prout
573 5217 712 5270 Dens
757 5215 900 5288 dedit
934 5216 1176 5282 parvitati
1223 5231 1356 5267 mea:
1379 5255 1391 5277 ,
1436 5224 1748 5281 prosecutus
1776 5229 1894 5267 Stltlt
1926 5225 1980 5268 et

392 5287 584 5356 scripsi
612 5287 816 5356 singula
843 5302 1069 5356 qna-que
1098 5287 1384 5356 diligenter
1411 5299 1706 5354 exponens.
1740 5289 1976 5352 Quarum

395 5355 515 5415 tibi,
547 5355 874 5424 exemplaria
924 5355 1217 5412 tran~inisi.
1258 5377 1276 5408 ›
1308 5355 1609 5411 Cousrxxr.

465 5429 641 5482 Ensr.
670 5427 730 5480 ll.
759 5457 830 5466 ——
857 5427 1192 5498 Fragnientis
1228 5430 1522 5497 superioris
1559 5431 1797 5494 epistola:
1837 5429 1978 5482 istud

393 5500 659 5557 Eusebius
682 5499 922 5569 proxime
949 5500 1215 5553 subnectit
1249 5501 1328 5553 his
1357 5500 1569 5551 verbis:
1596 5499 1662 5552 In
1684 5499 1900 5569 cpistola
1919 5500 1989 5553 nd

396 5571 749 5626 Philemonem
776 5567 1062 5621 Romanum
1098 5571 1457 5641 presbyterum,
1480 5587 1589 5636 qua:
1612 5567 1740 5624 inter
1755 5589 1839 5623 eus
1865 5589 1992 5638 quas

396 5647 458 5696 tle
485 5641 731 5714 baptismo
750 5641 952 5714 scripsit
975 5650 1046 5692 est
1073 5644 1233 5714 tertia,
1268 5646 1317 5696 ἐν
1339 5652 1399 5712 τῇ
1428 5645 1701 5714 τρίτῃῖτὼν
1717 5645 1834 5714 περί
1855 5645 1991 5713 βαπ-

401 5706 678 5785 τίσματος,
705 5706 1150 5785 ίιίεηι--θὶωιῃδ-ἑιιε
1191 5713 1296 5766 [nec
1333 5706 1508 5779 refert.
1550 5706 1756 5777 Nempe
1783 5706 1990 5785 't'e'ccuj

403 5781 554 5838 setur
605 5785 773 5853 prima
816 5781 881 5836 ad
932 5782 1297 5851 Stephanum,
1349 5785 1582 5838 secunda
1634 5787 1880 5853 superioi'
1927 5783 1994 5838 ad

405 5853 672 5922 Xysttnn,
715 5851 830 5909 lure
868 5856 1018 5908 tt‘t‘tia
1054 5871 1064 5904 :
1103 5871 1273 5925 eoque
1310 5854 1497 5909 ordine.
1541 5851 1997 5911 notat'i‘btsebius

2081 4641 2366 4713 utramque
2417 4641 2704 4703 censemus
2758 4645 2923 4700 simul
2980 4645 3222 4698 missam.
3298 4641 3410 4696 Nec
3455 4643 3558 4693 alia
3617 4641 3690 4697 de

2075 4732 2237 4772 causa
2265 4719 2400 4771 hane
2433 4720 2484 4789 ip
2524 4719 2614 4772 illa
2648 4715 3551 4789 commemoratam_existimannis,
3577 4713 3691 4789 nisi

2077 4800 2136 4842 ut
2176 4806 2299 4844 cum
2343 4781 2516 4858 Xysto
2555 4789 3064 4844 communicaretur.
3125 4785 3196 4840 Et
3239 4783 3356 4838 ilch
3385 4781 3565 4858 igitur
3617 4783 3686 4836 ad

2077 4861 2305 4930 Xysmm
2345 4855 2537 4933 alian
2577 4860 2737 4914 modo
2782 4860 3014 4933 pertinet
3048 4875 3061 4911 :
3097 4855 3689 4933 i_iletiqiie__fraginenta

2078 4925 2194 5000 ejus
2220 4933 2378 4988 nobis
2405 4925 2473 4986 ab
2501 4931 2738 4986 Eusebio
2760 4925 3082 4985 ti-ansniiSSa
3107 4927 3193 5000 hic
3226 4925 3488 5000 exhibere
3511 4926 3693 5000 nostri

2081 4995 2291 5058 videtur
2319 5003 2571 5059 instituti.
2603 5003 2694 5058 Illa
2725 5015 2903 5056 autem
2935 5016 3000 5056 eo
3027 4998 3351 5054 exhibemus
3384 4995 3644 5049 libentius
3667 5037 3688 5060 ,

2082 5077 2221 5145 quod
2252 5078 2317 5130 ad
2346 5079 2703 5145 qu:estinnem
2735 5073 2802 5128 tle
2834 5071 3103 5143 baptismo
3143 5066 3520 5125 illustrandam
3575 5081 3689 5120 non

2083 5163 2272 5220 parum
2305 5147 2610 5220 c0nferant.
2655 5146 2971 5220 Cous'raxr.
3111 5212 3125 5220 _
3286 5210 3298 5220 _
3373 5209 3384 5220 _

2160 5217 2330 5273 Eslote
2349 5218 2499 5288 periti
2518 5215 2996 5289 numularii.Verba
3027 5212 3218 5268 eadem
3233 5210 3461 5289 plurimi
3482 5217 3690 5289 patres,

2081 5306 2110 5344 a
2142 5279 2412 5346 Cotelerio
2438 5292 2492 5344 in
2521 5291 2615 5344 lib.
2647 5305 2684 5343 tt
2713 5287 3141 5356 Constit.apost.,
3165 5282 3548 5356 c.56.stun_ma
3567 5279 3699 5356 diii-

2084 5363 2262 5433 gcutia
2288 5361 2500 5416 collecti
2526 5401 2540 5425 ,
2575 5361 2719 5414 velut
2747 5358 2946 5433 Christi
2969 5351 3070 5433 aut
3090 5355 3317 5433 apostoli
3342 5351 3581 5433 laudant.
3611 5351 3696 5433 _ln

2096 5421 2296 5487 nostris
2324 5441 2498 5486 tamen
2525 5421 2620 5486 seu
2647 5432 2835 5500 grtecis
2859 5445 2952 5500 seu
2983 5421 3162 5481 latinis
3179 5421 3698 5500 exemplaribnsde~

2096 5504 2423 5559 siderantur.
2453 5493 2794 5557 Eorum‘loco
2824 5497 3068 5562 Ruﬁnus,
3093 5513 3254 5566 quem
3288 5503 3572 5562 propterea
3603 5493 3694 5546 in-

2097 5578 2272 5646 gentis
2299 5574 2639 5646 confidenti-ie
2668 5575 2839 5636 arguit
2871 5570 3192 5646 Gotelerius.
3225 5568 3552 5621 substituere
3580 5579 3692 5646 non

2099 5635 2381 5701 dubitavit.
2405 5635 2770 5715 Ontniuirgite,
2793 5643 3059 5717 qntgbona
3085 5635 3695 5717 sut_t_t_tencte,quotnmlo

2099 5719 2307 5772 scilicet
2331 5705 2816 5770 scntentianivl’auli
2837 5711 3053 5767 lT/iess.
3082 5726 3136 5772 v,
3154 5710 3221 5763 2i
3243 5706 3575 5774 Augustinus
3595 5705 3694 5762 lib.

2101 5790 2164 5845 de
2192 5788 2320 5844 Nat.
2346 5797 2392 5841 ct
2416 5796 2572 5858 έναι..
2605 5801 2706 5858 cap
2735 5784 2825 5853 39,
2850 5784 3075 5856 profert.
3100 5781 3400 5839 Cousraa‘r.
