3888 6350
291 334 364 392 95
1067 335 1557 394 EPISTULARUM
1594 335 1762 404 ρυλε
1801 335 1892 392 AD
1929 337 2193 395 SIXTUM
2233 337 2465 395 PAPAM
2502 336 2849 394 ATTINENT
3547 335 3619 394 96

289 452 426 508 siam
474 451 722 521 discidit,
772 462 828 510 et
855 468 918 510 ex
950 452 1203 511 fratribus
1240 457 1508 527 quosdam
1539 457 1604 511 ad
1631 457 1878 526 impietao

2010 459 2146 515 βαντι
2169 465 2259 518 τήν
2289 461 2578 524 ἐκκλησίαν,
2606 460 2692 512 καί
2719 479 2860 518 τινας
2885 464 2986 513 τῶν
3007 454 3230 532 ἀδελφῶν
3251 456 3327 519 εἰς
3353 457 3622 520 ἀσεϐείας

291 552 400 602 tetn
427 552 484 600 et
511 544 874 616 blasphemias
900 549 1197 617 pertraxit;
1251 549 1342 619 qui
1398 551 1769 619 impiissimum
1819 551 1888 607 de

292 632 408 689 Deo
437 635 738 691 doctrinam
769 638 822 690 in
850 637 1038 693 orbem
1063 639 1299 703 invexit,
1324 650 1377 692 et
1407 640 1885 696 clementissimum

289 723 578 780 Dominum
617 737 864 781 nostrum
897 727 1079 782 .lesum
1110 725 1383 782 Christum
1437 732 1590 798 quasi
1643 731 1887 786 immise-

289 819 559 874 ricordetn
587 820 979 888 calumniatur;
1017 835 1078 874 ac
1103 832 1297 889 praeter
1323 821 1439 876 luce
1467 824 1645 877 omnia
1675 840 1887 880 sacrum

287 909 567 966 lavacrum
619 913 830 967 irritum
884 911 1046 967 habet
1110 928 1172 968 ac
1235 915 1444 984 rcjicit,
1513 915 1787 988 ﬁdemque
1838 929 1892 974 et

284 1001 706 1069 c0nfessionem,
726 1018 847 1073 qua:
869 1002 1138 1073 baptismo
1161 1005 1582 1074 praimittuntur,
1602 1008 1888 1069 subvertit,

287 1104 346 1152 et
370 1096 626 1167 Spiritum
655 1106 903 1152 sanctum
949 1097 1018 1152 ab
1058 1098 1123 1152 iis
1171 1099 1386 1168 penitus
1439 1097 1622 1170 fugat,
1676 1101 1887 1156 etiamsi

285 1202 411 1258 spes
459 1187 635 1258 aliqua
690 1187 896 1254 subsit;
948 1190 1030 1243 vel
1079 1190 1220 1257 quod
1269 1190 1323 1245 in
1350 1189 1458 1246 illis
1488 1193 1885 1261 permanserit,

283 1279 369 1336 vel
391 1280 534 1352 quod
559 1281 627 1336 ad
655 1296 749 1337 eos
774 1295 1026 1338 reversus
1056 1283 1144 1338 sit.

1991 557 2076 605 καὶ
2113 553 2439 623 βλασφημίας
2469 551 2770 607 ὶλλκύσαντι
2796 591 2807 611 .
2837 554 2926 605 καί
2963 554 3084 626 περὶ
3122 558 3212 605 τοῦ
3245 556 3376 606 Θεοῦ
3423 549 3620 606 διδασ-

1990 644 2167 697 καλίαν
2195 646 2547 701 ἀνοσιώτατην
2581 644 3077 710 ἐπεισκυκλησαντι,
3111 647 3199 698 καί
3239 647 3324 700 τὸν
3367 645 3621 720 χρηστό-

1991 757 2145 790 τατον
2173 738 2345 810 κύριον
2375 738 2514 808 ἡμῶν
2555 744 2732 796 Ιησοῦν
2767 739 2988 813 Χριστὸν
3030 740 3099 799 ὡς
3140 740 3320 797 ἀνηλεῆ
3350 761 3620 812 συκοφαν-

1993 838 2184 888 τοῦντι.
2219 832 2305 883 ἐπὶ
2344 836 2480 885 πᾶσι
2531 827 2586 884 δὲ
2628 834 2832 891 τούτοις
2873 833 2931 887 τὸ
2977 831 3188 906 λουτρὸν
3241 833 3514 886 sanasse:
3561 834 3621 887 τὸ

1994 923 2156 996 ἅγιον,
2185 927 2273 976 καὶ
2299 927 2388 982 τήν
2413 945 2469 978 τε
2513 925 2614 1000 πρὸ
2661 926 2819 978 αὐτοῦ
2850 927 3027 979 πίστιν
3058 927 3144 978 καί
3185 923 3460 998 ὁμολογίαν
3498 928 3624 979 ἀνα-

1993 1018 2254 1091 τρέποντι,
2279 1020 2335 1072 τὸ
2381 1038 2436 1072 τε
2469 1024 2673 1089 πνεῦμα
2697 1020 2754 1072 τὸ
2783 1017 2926 1091 ἅγιον
2956 1019 3008 1082 ἐξ
3037 1020 3226 1081 αὐτῶν,
3257 1021 3302 1072 εἰ
3329 1021 3423 1074 καί
3451 1040 3533 1079 τις
3560 1016 3622 1077 ἦν

1993 1109 2133 1168 ἐλπὶς
2187 1115 2276 1162 τοῦ
2330 1118 2646 1186 παραμεῖναι
2707 1111 2740 1169 ἦ
2812 1113 3090 1166 ἐπανελθεῖν
3166 1113 3296 1188 πρὸς
3373 1113 3571 1170 αὐτοὺς
3601 1151 3618 1174 ,

1995 1200 2257 1260 παντελῶς
2303 1200 2662 1275 φυγαδεύοντι.

603 1479 1155 1557 ΕΡΙΞΤΟΙΑΕ
1215 1486 1366 1576 IV,
1426 1455 1895 1562 'DIONYSI]

2010 1488 2413 1563 LLEXAN
2426 1487 2729 1562 DRINI
2791 1486 3289 1563 EPISCOPI

1293 1670 1383 1726 AD
1425 1670 1687 1728 SIXTUM
1727 1671 1792 1727 ll.
1836 1672 2066 1728 PAPAM
2105 1670 2606 1727 FRAGMENTUM.

285 1823 361 1876 De
387 1827 586 1877 homine
608 1829 693 1892 qui
708 1827 959 1892 baptismo
981 1828 1218 1880 Ecclesiae
1240 1831 1429 1880 initiari
1456 1831 1749 1894 expetebat,
1771 1845 1880 1882 cum
1901 1833 2189 1896 baptismum
2214 1832 2325 1883 aliis
2351 1832 2517 1882 verbis
2551 1843 2604 1880 ac
2627 1832 2782 1881 rebus
2803 1830 2930 1894 apud
2956 1830 3222 1880 haereticos
3245 1832 3536 1895 suscepisse
3563 1844 3621 1879 se

1866 1923 2079 1972 diceret.

359 2067 501 2124 Vere
530 2067 728 2124 etenim
751 2112 766 2135 ,
798 2068 983 2136 frater,
1016 2070 1241 2124 consilio
1271 2085 1406 2138 opus
1437 2070 1610 2126 habeo
1629 2114 1644 2137 ,
1679 2082 1733 2127 et
1759 2086 1885 2127 sen-
1918 2079 1966 2136 Β

289 2162 510 2218 tentiam
542 2169 690 2216 tuam
722 2171 950 2232 expeto,
984 2178 1053 2218 ne
1086 2163 1222 2218 forte
1256 2164 1570 2231 nalluciner,
1607 2180 1769 2236 super
1804 2183 1897 2221 nc-

286 2254 434 2325 gotio
472 2253 616 2324 qttod
661 2252 791 2308 mihi
836 2254 941 2308 tale
984 2255 1198 2310 accidit.
1233 2257 1459 2324 Quidam
1503 2273 1565 2312 ex
1603 2257 1895 2324 fratribus,

291 2346 384 2416 qui
422 2345 488 2400 ad
517 2345 805 2402 ecclesiam
835 2347 1160 2401 conveniunt
1182 2389 1196 2413 ,
1225 2349 1334 2418 jam
1371 2349 1579 2418 pridem
1613 2366 1709 2420 pro
1752 2351 1899 2405 ﬁdeli

289 2439 526 2505 habitus,
552 2449 608 2495 et
627 2442 716 2510 qui
744 2450 870 2494 ante
898 2456 1072 2494 meam
1104 2441 1520 2505 ordinatiOuem,
1546 2459 1608 2496 ae
1640 2445 1690 2498 ni
1717 2442 1893 2510 fallor,

291 2541 417 2587 ante
447 2533 616 2603 ipsius
647 2549 864 2604 quoque
898 2534 1140 2588 Heraclze
1166 2536 1536 2604 episcopatum
1565 2548 1735 2590 costus
1768 2536 1896 2591 fidc-

291 2625 420 2680 lium
453 2628 721 2695 particeps
752 2627 960 2692 fuerat,
995 2642 1115 2682 cum
1147 2628 1481 2683 interfuisset
1512 2631 1777 2698 baptismo
1809 2646 1899 2685 eo-

291 2733 412 2776 rum
440 2720 528 2789 qui
562 2735 733 2789 nuper
765 2721 1192 2791 baptizabantur,
1225 2732 1279 2776 et
1311 2722 1759 2792 interrogationes
1792 2738 1903 2778 res-

293 2813 690 2884 ponsionesqtte
719 2815 957 2868 audisset
979 2859 991 2876 ,
1021 2815 1086 2868 ad
1119 2832 1202 2869 me
1229 2817 1462 2870 accessit
1489 2816 1620 2872 flens
1649 2827 1702 2872 et
1730 2819 1900 2872 vicem

295 2918 445 2957 suam
478 2905 859 2972 ingemiscens.
891 2905 1235 2976 l’edibusque
1265 2909 1399 2961 meis
1425 2909 1707 2961 advolutus
1728 2951 1741 2972 ,
1777 2924 1905 2962 cou-

296 2993 434 3050 flteri
459 3004 622 3065 atque
649 2995 895 3066 dejerare
922 2998 1114 3066 C(Bpit,
1145 2998 1466 3066 baptismum
1495 3015 1600 3067 quo
1628 2999 1767 3069 apud
1798 3003 1904 3054 liae-

295 3088 494 3142 retieos
526 3086 768 3142 initiatus
800 3088 1010 3155 fuerat,
1047 3105 1152 3143 non
1189 3089 1496 3158 hujusmodi
1531 3104 1686 3157 esse,
1731 3107 1904 3159 neque

295 3181 583 3252 quidquam
612 3183 832 3236 omnino
859 3183 1058 3238 habere
1085 3201 1204 3237 cum
1237 3184 1339 3240 hoc
1370 3195 1554 3239 nostro
1581 3202 1897 3241 commune:

296 3274 492 3346 quippe
519 3274 738 3344 plenum
771 3274 938 3330 fuisse
970 3276 1260 3347 impietatis
1290 3287 1343 3332 et
1375 3278 1744 3346 blasphemie.
1777 3280 1900 3332 Aie-

2069 2079 2158 2130 Kai
2181 2077 2280 2150 γὰρ
2309 2073 2488 2139 ὅντως,
2518 2073 2714 2149 ἀδελφέ,
2740 2075 3036 2148 συμϐουλῆς
3061 2074 3259 2149 δέομαι.
3289 2082 3377 2132 καὶ
3403 2082 3619 2152 γνώμην

2000 2171 2130 2222 αἰτῶ
2157 2171 2305 2242 παρά
2351 2173 2468 2232 σοῦ,
2498 2171 2736 2222 τοιούτου
2763 2169 3014 2240 τινόςμοι
3041 2169 3415 2244 προσελτόντος
3443 2175 3624 2246 πράγ-

2003 2282 2190 2332 ματος.
2233 2259 2408 2320 δεδιὼς
2446 2267 2514 2331 μή
2554 2257 2657 2336 ἄρα
2687 2261 3006 2334 σφάλλωμαι.
3028 2259 3032 2263 ’
3054 2269 3154 2314 τῶν
3187 2263 3288 2336 γὰρ
3321 2266 3624 2337 συναγομέ-

2003 2376 2099 2406 νων
2129 2351 2350 2426 ἀδελφῶν
2398 2353 2582 2412 πιστὸς
2611 2354 2938 2424 νομιζόμενος
2965 2355 3195 2427 ἀρχαῖος
3234 2357 3322 2406 καὶ
3365 2356 3471 2428 πρὸ
3521 2365 3624 2414 τῆς

2006 2447 2128 2515 ἐμῆς
2174 2447 2518 2519 χειροτονίας,
2557 2439 2699 2514 οἶμαι
2729 2443 2900 2499 δὲκαὶ
2944 2448 3044 2520 πρό
3090 2455 3182 2506 τῆς
3224 2452 3314 2499 τοῦ
3346 2450 3621 2522 μακαρίον

2005 2536 2224 2611 ἰἰρακλᾶ
2269 2537 2644 2594 καταστάσεως
2687 2545 2779 2595 τῆς
2826 2546 3129 2609 συναγωγῆς·
3157 2543 3465 2609 μετασχὼν,
3507 2548 3624 2600 τοῖς

2004 2629 2222 2700 ύπὸγνον
2248 2627 2637 2698 βαπτιζομένοις
2652 2632 3003 2703 παρατυχὼν,
3024 2633 3224 2683 καὶτῶν
3245 2633 3622 2706 ἐπερωτήσεων

2007 2724 2091 2774 καὶ
2140 2722 2458 2793 ἀποκρίσεων
2504 2721 2824 2780 ἐπακούσας.
2858 2721 3116 2794 προσῆλτέ
3155 2744 3241 2794 μοι
3291 2723 3476 2777 κλαίων
3519 2730 3616 2778 καὶ

2009 2818 2330 2888 καταθρηνῶν
2353 2814 2549 2868 ἑαυτὸν.
2582 2819 2672 2867 Καὶ
2691 2818 2888 2868 πίπτων
2908 2815 3006 2887 πρὸ
3028 2822 3125 2866 τῶν
3147 2813 3315 2869 ποδῶν
3336 2838 3457 2887 μον,
3493 2819 3609 2880 ἐξο-

2011 2911 2378 2980 μολογούμενος
2405 2911 2494 2978 μὲν
2516 2911 2601 2960 καὶ
2641 2908 2969 2978 ἐξομνύμενος
2999 2909 3056 2960 τὸ
3082 2906 3380 2980 βάπτισμα,
3411 2906 3439 2961 ὅ
3465 2913 3619 2981 παρὰ

2011 3011 2114 3061 τοῖς
2159 3003 2429 3074 αἰρετικοῑς
2482 3000 2820 3061 ϐεϐάπτιστο,
2866 3004 2936 3069 μή
2977 3005 3204 3054 τοιοῦτον
3248 2996 3394 3064 εἶναι,
3441 3007 3511 3071 μή
3554 3000 3615 3055 δὲ

2009 3092 2133 3154 ὢως
2177 3090 2318 3163 ἔχειν
2371 3097 2482 3148 τινὰ
2530 3095 2656 3168 πρὸς
2682 3099 2833 3146 τοῦτο
2861 3095 3119 3145 κοινωνίαν
3148 3107 3160 3119 ⁸
3209 3093 3453 3152 ἀσεϐείας
3504 3097 3612 3169 γάρ

2008 3188 2160 3240 ἐκείνο
2192 3191 2278 3240 καὶ
2309 3187 2638 3260 βλασφημιῶν
2669 3186 3054 3261 πεπληρῶσθαι.
3085 3189 3254 3259 Λέγων
3295 3185 3349 3240 δὲ
3396 3189 3532 3241 πάνν
3561 3211 3617 3241 τι

2007 3287 2094 3340 τήν
2139 3281 2323 3352 ψυχὴν
2366 3287 2452 3332 νῦν
2496 3282 2911 3351 κατανενύχται,
2963 3283 3049 3333 καὶ
3098 3285 3166 3351 μή
3207 3277 3261 3334 δὲ
3310 3281 3614 3354 παρρησίαν

296 3369 492 3440 batque
517 3371 757 3426 animum
785 3386 940 3426 suum
965 3373 1317 3427 acerbissimo
1340 3372 1544 3426 doloris
1569 3388 1730 3427 sensu
1753 3389 1895 3426 coni-

2010 3375 2146 3447 ἔχειν
2168 3379 2356 3449 ἐπᾶραι
2386 3377 2504 3434 τοὺς
2543 3373 2830 3445 ὀφταλμοὺς
2878 3374 3003 3448 πρὸς
3047 3375 3130 3426 τὸν
3175 3377 3318 3436 Θεὸν,
3359 3376 3460 3428 ἀπὸ
3508 3384 3614 3428 τῶν

297 3464 495 3536 pungi,
549 3480 613 3520 ac
648 3480 717 3521 ne
755 3465 944 3521 oculos
975 3466 1192 3537 quidem
1233 3466 1298 3520 ad
1343 3467 1510 3521 Deum
1549 3468 1800 3523 attollere
1839 3483 1896 3522 se

2004 3471 2218 3523 ἀνοσίων
2258 3469 2453 3521 ἐκείνων
2490 3465 2729 3539 ῥημάτων
2769 3468 2854 3518 καὶ
2902 3465 3220 3539 πραγμάτων
3270 3463 3566 3540 ὁρμώμενος
3597 3483 3610 3496 ⁸

1625 3607 1985 3662 VARIORUM
2025 3605 2250 3660 ΝΟΤᾹΞ.

295 3743 548 3808 colligere
574 3751 686 3813 est,
717 3757 782 3796 eo
813 3742 928 3809 ipso
961 3753 1234 3811 tempore,
1267 3760 1371 3813 quo
1401 3743 1711 3810 Stephanus
1742 3759 1876 3812 papa

297 3814 366 3868 de
397 3812 664 3867 hmreticis
691 3829 793 3866 non
825 3814 1216 3882 rebaptizandis
1246 3812 1490 3881 scripsit,
1514 3816 1885 3869 Philemonem

298 3901 361 3939 ac
389 3885 696 3954 Dionysium
725 3883 1072 3954 presbyteros
1101 3885 1287 3939 eadem
1339 3886 1405 3940 de
1451 3903 1508 3940 re
1561 3887 1764 3940 litteras
1820 3886 1884 3938 ad

300 3901 361 3939 ac
389 3901 1072 4007 monysntmpresnyteros
1101 3901 1287 3939 eadem
1339 3901 1405 3940 ae
1451 3903 1508 3940 re
1561 3901 1764 3940 litteras
1820 3901 1884 3938 au

300 3957 610 4026 Dionysium
669 3957 888 4009 Alexant
916 3959 1089 4009 riuum
1145 3956 1376 4010 misisse.
1431 3957 1620 4011 Iisdem
1676 3972 1887 4026 quoque

301 4027 586 4112 Dionysius
611 4026 1008 4112 Alexandrinus
1034 4028 1205 4106 primo
1229 4029 1440 4112 paucis,
1459 4029 1742 4112 acadeiude
1768 4043 1888 4107 cum

295 4097 406 4166 jam
439 4097 714 4166 Stephano
744 4097 945 4167 Xystus
972 4097 1358 4163 successisset,
1393 4098 1633 4165 pluribus
1663 4099 1894 4165 rescrip-

301 4170 365 4222 sit
387 4211 402 4230 ,
433 4177 486 4224 et
514 4167 730 4237 quidem
759 4169 1044 4232 separatim
1065 4211 1077 4230 .
1133 4179 1188 4221 ut
1213 4183 1280 4222 ex
1314 4185 1378 4222 eo
1408 4171 1705 4230 coniicitur,
1753 4169 1892 4237 quod

300 4240 527 4307 cpistola
555 4254 676 4306 qua:
714 4241 778 4292 ad
808 4239 1178 4293 Philemonem
1214 4241 1474 4308 rescripta
1507 4250 1612 4302 est,
1661 4243 1804 4292 tertia
1834 4241 1896 4292 de

302 4311 555 4378 baptismo
579 4327 596 4361 :
625 4320 677 4362 et
709 4327 824 4377 qua:
856 4311 922 4363 ad
958 4311 1288 4380 Dionysium.
1321 4322 1500 4379 quarta
1550 4311 1614 4365 ab
1667 4311 1894 4363 Eusebio

302 4381 626 4449 appelletur.
664 4380 736 4435 De
770 4381 867 4435 hac
897 4396 1056 4448 porro
1088 4385 1227 4434 idem
1276 4382 1538 4436 Eusebius
1588 4382 1657 4435 ita
1708 4381 1894 4448 prarlo—

304 4455 485 4522 quitur
512 4469 536 4524 :_
563 4471 592 4524 ε
618 4453 819 4524 Quarta
855 4453 968 4522 ejus
1010 4453 1300 4524 (Dionysii)
1355 4455 1422 4507 de
1472 4454 1736 4524 baptismo
1783 4453 1895 4518 epi-

307 4525 441 4576 stola
473 4522 538 4576 ad
570 4522 881 4592 Dionysium
913 4526 1108 4592 scripta
1125 4534 1229 4584 est,
1254 4522 1378 4577 tunc
1400 4524 1616 4593 quidem
1641 4523 1894 4575 Romana)

306 4593 454 4666 urbis
480 4594 882 4666 presbyterum,
913 4594 1007 4648 sed
1059 4596 1144 4660 qui
1177 4595 1450 4662 aliquanto
1484 4604 1603 4661 post
1653 4605 1894 4666 tempore

305 4664 546 4733 ejusdem
572 4664 719 4718 urbis
745 4665 1028 4732 episc0ptts
1056 4667 1377 4718 constitutus
1404 4677 1505 4718 est.
1533 4667 1603 4719 Ex
1631 4682 1729 4732 qua
1753 4665 1894 4718 hunc

308 4737 479 4806 ipsum
514 4735 811 4788 Romanum
846 4737 1153 4806 Dionysium
1179 4738 1599 4790 eruditissitumu
1633 4737 1894 4803 planoque

305 4805 680 4877 admirandum
706 4807 876 4860 virutu
910 4805 1072 4860 fuisse
1091 4807 1398 4862 testimonio
1417 4809 1652 4877 UiO'IySll
1672 4807 1896 4861 Alexan-

306 4876 447 4929 drini
495 4878 616 4931 licet
658 4892 1005 4946 cognoscere.
1039 4898 1057 4929 ι
1092 4877 1224 4930 Τιιιιι
1279 4879 1392 4932 iure
1426 4876 1710 4944 pt‘tcfaltts,
1767 4879 1893 4932 sub-

307 4963 502 5002 nexum
531 4947 885 5016 fragmentum
910 4951 1144 5015 sultjicit.
1174 4948 1476 5004 Coenam.

379 5019 664 5072 Lavacrum
711 5020 883 5072 iritum
933 5021 1099 5072 habet.
1149 5019 1405 5086 Quocirca
1457 5022 1507 5075 in
1559 5021 1780 5089 epistola
1829 5020 1896 5073 75

304 5089 560 5160 Cypriani
591 5090 656 5143 ad
690 5089 1042 5144 lubauiauttnt
1077 5092 1336 5160 legimus,
1371 5091 1772 5144 Novatianenses
1813 5108 1893 5144 re-

306 5162 564 5229 baptizare
591 5178 674 5215 eos
695 5204 707 5221 ,
735 5177 858 5231 quos
885 5179 916 5214 a
944 5163 1084 5215 nobis
1113 5163 1405 5215 sollicitant.
1438 5164 1500 5216 Et
1525 5163 1663 5230 apud
1690 5164 1899 5231 Augus-

308 5235 477 5284 tinnnt
519 5234 752 5301 append.
786 5243 914 5286 tom.
950 5249 1004 5286 ιιι
1033 5235 1284 5296 antiquus
1313 5246 1498 5288 auctor
1528 5245 1635 5289 vet.
1670 5246 1723 5286 et
1769 5249 1892 5286 nov.

306 5304 546 5357 'l‘estam.
568 5314 759 5372 quzest.
784 5303 885 5358 10?.
901 5345 915 5366 ,
943 5305 1008 5358 de
1031 5307 1148 5371 ipso
1169 5303 1463 5359 Novatiano
1483 5309 1587 5359 ait:
1609 5303 1674 5358 In
1701 5316 1896 5357 tantum

303 5375 539 5448 irascitur
565 5375 704 5428 nobis
725 5418 736 5440 ,
772 5387 824 5448 ut
851 5386 902 5448 ret
933 5392 1022 5428 nos
1043 5375 1376 5448 Christianos
1413 5387 1589 5448 neget,
1625 5376 1643 5448 (
1671 5377 1898 5444 ideoque

306 5445 637 5518 baptismum
663 5447 813 5498 nobis
848 5447 1147 5500 iterandum
1181 5446 1471 5518 censeat),
1505 5465 1618 5501 cum
1637 5445 1774 5502 sciat
1807 5463 1900 5500 nos

302 5533 362 5570 ea
393 5518 495 5583 [ide
525 5517 768 5574 initiatos.
805 5518 866 5568 de
892 5534 992 5586 qua
1022 5520 1130 5584 ipse
1162 5521 1443 5586 praesumit.
1477 5521 1689 5582 Quibus-
1709 5519 1896 5571 conci-

305 5590 379 5642 nit
412 5588 536 5642 illttd
570 5589 764 5658 vulgati
797 5589 1059 5642 Ambrosii
1088 5591 1388 5643 Comment.
1422 5593 1472 5643 in
1503 5589 1667 5643 lCor.
1698 5605 1817 5657 cap.
1844 5604 1892 5642 ιε

308 5679 327 5712 ι
359 5659 447 5715 Sic
471 5662 612 5713 enim
641 5668 796 5713 erant
815 5700 828 5722 ,
861 5660 998 5712 sicut
1026 5677 1166 5716 nunc
1192 5660 1472 5715 Notatiani
1500 5672 1555 5716 et
1584 5661 1860 5714 Douatiaui
1879 5701 1895 5726 ,

303 5733 392 5802 qui
437 5730 892 5802 baptismutnisibi
926 5729 1230 5802 vindicant,
1272 5749 1303 5787 a
1351 5734 1550 5790 u0stris
1599 5734 1893 5802 baptizatos

307 5802 681 5872 reprobantcs.
709 5821 727 5855 ι
749 5801 1061 5858 Cousnxr.

2070 3742 2282 3796 Etiamsi
2314 3757 2427 3808 spes
2457 3741 2628 3809 aliqua
2659 3741 2833 3794 subsit.
2867 3741 3053 3796 Grzeca
3099 3757 3199 3796 vox
3242 3742 3397 3805 am;
3438 3743 3612 3797 inter-

1998 3815 2122 3867 dum
2151 3828 2250 3883 pro
2278 3812 2540 3883 opinione
2562 3822 2863 3880 usurpatttr.
2904 3812 2968 3865 Et
3001 3814 3085 3866 hic
3112 3814 3326 3878 quidem
3357 3825 3612 3868 constru-

1995 3889 2100 3940 ctio
2133 3881 2249 3951 ejus
2279 3899 2401 3936 cum
2434 3881 2598 3936 verbo
2636 3885 2887 3951 pra~leriti
2924 3885 3179 3952 temporis
3216 3885 3490 3954 postulare
3523 3887 3572 3939 vi
3593 3917 3608 3926 -

1996 3957 2175 4013 detur.
2213 3967 2264 4006 ιιι
2301 3956 2442 4007 illam
2483 3970 2544 4008 ea
2588 3957 2794 4007 ratione
2838 3954 3219 4023 intelligamus.
3266 3955 3448 4022 Neque
3479 3971 3611 4010 vero

1997 4043 2119 4082 cum
2143 4025 2359 4080 Valesio
2380 4025 2520 4078 hunc
2546 4025 2715 4078 locum
2747 4025 2812 4078 de
2838 4026 3000 4089 lapsis
3029 4026 3078 4078 in
3101 4026 3484 4092 idololatriatn,
3509 4031 3607 4081 sed

1998 4099 2066 4153 de
2107 4096 2400 4151 Catholicis
2439 4113 2465 4148 a
2510 4095 2804 4148 Novatiano
2847 4097 3121 4149 subversis
3160 4097 3604 4163 interpretantur,

1998 4185 2226 4239 quorum
2263 4168 2365 4239 ille
2384 4168 2702 4235 baptismum
2728 4167 3044 4228 exsulﬂans,
3072 4169 3330 4239 Spiritum
3355 4183 3603 4222 Sanetunt

1999 4237 2324 4293 sacramenti
2355 4237 2511 4303 hujus
2541 4254 2762 4290 munere
2791 4246 3067 4306 acceptum
3092 4238 3336 4306 fugabat,
3357 4243 3607 4308 quamvis

1999 4312 2050 4364 in
2083 4328 2268 4365 eorum
2313 4309 2613 4378 aliquibus,
2648 4319 2934 4376 antequam
2976 4309 3439 4369 subverterentur.
3475 4313 3603 4379 Spi-

2001 4383 2157 4436 ritum
2192 4392 2433 4436 sanctum
2469 4380 2550 4432 vel
2583 4380 2948 4445 permansisse
2985 4396 3077 4445 per
3107 4380 3470 4434 innocentiam
3521 4384 3604 4436 vel

1999 4467 2079 4506 est
2104 4466 2158 4506 ut
2179 4469 2297 4505 cunt
2325 4451 2540 4504 Valesio
2564 4467 2659 4520 per
2690 4451 3060 4518 paenitentiam
3092 4451 3314 4505 rediisse
3343 4453 3606 4506 credibile

2001 4523 2088 4576 sit.
2117 4523 2188 4576 lta
2221 4522 2347 4594 nihil
2375 4538 2508 4592 opus
2530 4537 2854 4594 tlllllfl‘IIIIIIIS,
2888 4521 2947 4573 In
2975 4522 3130 4588 lapsis
3158 4523 3408 4592 quomodo
3438 4534 3604 4594 potest

2001 4610 2257 4646 remanere
2280 4591 2502 4661 Spiritus
2530 4595 2772 4646 sanctus?
2797 4591 3103 4647 COUSTANT.

2075 4663 2309 4733 Dionysii
2344 4665 2677 4718 Alexandrini
2710 4669 3071 4734 fragnwntum.
3121 4665 3192 4717 De
3234 4664 3332 4716 hac
3373 4665 3604 4734 epistola

2001 4735 2266 4789 Eusebius
2301 4737 2368 4786 ita
2402 4735 2784 4803 pratloquiturz
2823 4757 2838 4786 ι
2877 4740 3030 4788 Instat
3061 4745 3113 4788 et
3143 4736 3327 4803 quinta
3358 4735 3603 4804 ejusdem

1998 4807 2222 4871 cpistola
2251 4807 2314 4858 ad
2342 4805 2563 4874 .\'ystutn
2591 4809 2845 4858 Romanae
2875 4808 3020 4860 urbis
3047 4808 3356 4872 episcopum
3377 4848 3390 4869 ,
3419 4809 3468 4857 iit
3494 4823 3599 4875 qua

2003 4889 2280 4946 postquam
2310 4876 2568 4931 adversus
2596 4878 2880 4930 lia-retices
2906 4881 3065 4929 multa
3095 4878 3342 4932 di~scruit
3365 4919 3378 4939 ,
3408 4877 3602 4945 hujus-

2003 4948 2144 5001 modi
2171 4948 2420 5015 quiddam
2452 4963 2544 5000 Sua
2576 4956 2730 5000 :etate
2753 4950 3040 5015 Contigisse
3069 4959 3268 5002 narrat.
3301 4967 3318 4999 ›
3347 4948 3400 5001 1ιι
3426 4963 3487 5001 ea
3515 4966 3606 5001 att-

2004 5029 2108 5072 tem
2150 5031 2327 5072 narrat
2377 5019 2659 5089 Dionysius
2699 5019 2838 5082 quod
2881 5037 3049 5080 nuper
3089 5023 3420 5086 contigerat,
3468 5035 3593 5072 cum

2004 5092 2265 5158 baptisma
2323 5093 2532 5157 publice
2590 5110 2650 5144 ac
2692 5092 3028 5142 sollemniter
3069 5092 3396 5144 tradidisset.
3444 5089 3602 5146 Unde

2007 5163 2142 5214 hanc
2171 5165 2450 5228 epistolam
2487 5166 2644 5230 paulo
2675 5175 2793 5230 post
2829 5162 3030 5215 Pascha
3055 5203 3068 5224 ,
3104 5163 3186 5214 vel
3216 5173 3363 5216 certe
3399 5162 3599 5216 Pente-

2002 5244 2209 5291 COSlctt,
2235 5237 2357 5288 anni
2381 5234 2520 5291 258.
2546 5237 2797 5301 scriptam
2825 5248 2946 5285 esse
2973 5233 3258 5300 Colligitur.
3286 5233 3597 5288 Cous‘rsur.

2073 5303 2391 5372 Baptisntttnt
2422 5323 2518 5374 quo
2549 5306 2687 5375 apud
2718 5306 2977 5357 haereticos
3009 5304 3234 5356 initiatus
3270 5305 3452 5375 fuerat.
3490 5304 3598 5358 Πιπ-

2006 5375 2142 5428 finus
2174 5375 2284 5428 ltzrc
2313 5378 2380 5429 ita
2411 5373 2671 5430 reddidit:
2706 5395 2724 5424 ι
2753 5377 3018 5443 Baptisma
3049 5379 3116 5426 ab
3148 5373 3414 5427 haereticis
3440 5377 3600 5430 aliter

2003 5463 2060 5501 se
2092 5448 2423 5514 suscepisse:
2461 5448 2603 5515 quod
2639 5459 2812 5500 tamen
2847 5446 3144 5499 secundum
3175 5461 3236 5498 ea
3259 5487 3274 5510 ,
3305 5460 3424 5513 qua:
3459 5462 3598 5500 nunc

2001 5517 2207 5571 videret
2235 5532 2264 5569 τι
2296 5519 2445 5570 nobis
2475 5517 2768 5572 ministrari
2790 5559 2804 5580 ,
2834 5532 2933 5570 nec
2962 5517 3221 5585 baptisma
3252 5517 3495 5583 duci-rel,
3530 5534 3596 5572 eo

2000 5590 2140 5656 quttd
2170 5601 2312 5642 esSet
2343 5591 2545 5656 repleta
2577 5589 2921 5658 plaspheutiis
2945 5587 3120 5641 omnis
3148 5587 3236 5640 illa
3261 5585 3590 5658 confessio.»

2004 5661 2237 5731 lliooysii
2266 5660 2486 5728 ejusque
2516 5657 2872 5715 decessurum
2900 5675 3014 5712 aevo
3044 5660 3093 5712 ιιι
3120 5657 3477 5731 Alexandrina
3507 5675 3598 5714 ec-

2000 5729 2196 5793 etesia,
2231 5740 2288 5784 ιιι
2319 5731 2581 5800 baptismo
2620 5749 2723 5786 tton
2759 5733 2946 5786 iterato
2977 5731 3378 5798 susciperentur
3419 5729 3597 5784 inure-

2001 5801 2086 5856 tici
2119 5818 2217 5858 usu
2248 5812 2522 5872 receptum
2555 5802 2718 5860 fuisse
2746 5819 2810 5857 ex
2841 5805 2942 5856 hoc
2969 5802 3088 5857 loco
3117 5801 3396 5855 evidenter
3425 5805 3595 5857 conti-
