1944 3196
180 166 215 196 99
639 169 685 199 DE
704 169 838 199 SANCTO
857 168 1018 200 DIONYSIO
1032 170 1175 203 ROMANO
1189 173 1371 203 PONTIHCE

1785 176 1834 205 {00

179 224 250 252 bono
269 225 361 254 animo
382 232 443 255 esse
461 226 549 262 jussi,
569 230 597 254 et
618 234 678 254 cum
696 226 772 254 tirma
788 227 839 255 fide
854 235 886 255 ac
906 227 957 255 bon

1009 249 1012 259 λ
1028 233 1173 269 προσιέναι.
1195 232 1208 260 ὁ
1229 232 1256 260 δὲ
1280 232 1340 260 οὔτε
1361 234 1459 261 πιντῶν
1477 231 1586 262 πάνιται
1604 240 1612 250 '
1626 233 1735 273 πεφρικὲ
1750 244 1778 262 τε
1803 238 1833 273 τῇ

178 270 344 298 conscientia
358 271 489 300 accedere
501 271 534 299 ad
548 271 662 304 Sancta,
676 276 703 299 et
717 273 873 307 participem
887 280 981 300 eorum

177 315 248 343 ﬁcri.
263 315 363 345 Verum
376 317 421 345 ille
433 317 542 353 lugendi
555 317 637 345 linem
652 325 705 345 non
720 318 800 351 facit,
815 322 843 346 ct
856 318 890 346 ad
904 326 982 346 men-

176 367 235 389 sam
254 361 384 391 accedere
398 362 584 397 exborrescit,
601 362 698 399 vixque
713 368 825 400 rogatus
845 364 982 393 interesse

176 406 344 436 orationibus
354 407 481 437 sustinet.

1034 279 1149 314 τραπέζῃ
1161 278 1297 315 προσιέναι
1306 286 1312 294 ·
1320 280 1365 306 καὶ
1383 279 1455 315 μόλις
1464 280 1694 318 παρακαλούμενος
1709 281 1833 309 συνιστά-

1033 334 1075 352 ναι
1086 328 1143 354 ταῖς
1153 328 1319 362 προσευχαῖς
1331 325 1466 361 ἀνέχεται.

852 470 1034 500 VARIORUM
1052 470 1166 500 NOTAE.

173 538 287 575 levavit:
302 539 346 570 ubi
361 539 547 575 praemittens,
570 539 603 567 In
623 539 713 574 primis
733 540 819 574 itaque
839 540 973 574 prouidere

172 574 302 611 debemur,
317 583 349 608 ne
362 574 423 602 dum
435 576 545 607 speciem
556 575 695 611 quamdam
709 575 834 603 cautionis
848 580 972 611 tenemus,

172 610 293 637 damnum
306 611 537 645 regenerandarum
548 611 691 638 incidamus
703 613 861 644 animarum,
875 610 973 637 fatetur

171 646 279 680 quidem
299 645 416 679 deinde,
437 646 591 680 inexpiabile
613 655 667 674 ειη
689 646 803 681 facinus,
824 647 971 678 lauacrum,

169 681 238 715 quod
256 682 436 717 regenerandie
450 682 526 710 semel
539 682 661 711 tributum
679 687 733 714 est,
748 682 785 712 bis
798 681 907 715 subire;
928 689 974 709 ve-

171 724 230 743 rum
246 716 309 744 mox
326 716 499 744 nihilominus
521 717 612 744 addit:
631 717 684 744 Sed
696 718 722 744 in
737 717 785 743 hoc
797 716 894 751 (quem
909 724 974 745 vere

168 751 332 792 baptizatum
349 759 428 780 nemo
442 751 527 787 scit,)
543 753 607 780 nihil
622 752 704 779 simile
718 751 889 792 formidatur,-
899 760 971 814 juc-

168 794 238 814 mant
253 796 305 814 non
320 792 401 814 ποιέει
415 788 442 814 in
463 789 604 814 iterationis
618 789 713 814 crimen
733 795 833 814 uentre.
848 795 897 814 ouo
932 789 971 814 fa-

168 787 238 814 niam
253 796 305 814 non
320 792 401 828 potest
415 788 442 814 in
463 789 604 829 iter-utimr?
618 789 713 829 crimen
727 787 816 829 'uenire
825 808 833 820 ,
848 787 916 822 quod
930 789 973 829 [a-

167 826 236 849 ctum
250 831 306 858 esse
320 823 423 850 omnino
437 824 559 858 nescitur.
580 824 664 851 Porro
679 824 712 850 de
727 822 860 858 baptismo
871 844 878 855 ,
894 822 971 858 cujus

166 864 246 894 causa
263 857 408 894 Dionysius
421 857 536 894 Xystum
558 859 608 886 sibi
623 857 823 894 consulendum
836 858 969 891 duxerat,

165 892 231 921 illud
244 897 320 921 certo
334 892 477 922 constabat
487 914 495 929 ,
511 901 573 922 eum
587 894 623 922 ab
637 893 773 921 haereticis
788 892 872 921 fuisse
886 894 973 921 colla-

1026 544 1092 580 tum.
1114 540 1169 568 Nec
1189 540 1299 568 dubium
1318 541 1383 580 quin
1404 541 1529 580 sinitomo
1547 542 1587 571 sic
1607 542 1760 580 baptizatus
1779 543 1832 580 Cy-

1025 576 1147 612 prianum
1162 581 1190 604 et
1202 584 1266 615 eos.
1280 577 1325 611 qui
1339 584 1400 615 eum
1413 578 1462 615 illo
1474 578 1598 615 Africana
1613 576 1758 615 in'syuodo
1771 576 1832 607 co'n-

1025 618 1172 648 venerant.
1198 611 1325 646 adiisset,
1353 613 1423 640 hunc
1445 613 1636 648 baptizandum
1655 611 1717 643 e'sse
1737 616 1830 643 statim

1024 647 1219 675 decrevissent.
1239 648 1272 674 Et
1292 648 1355 676 inde
1374 649 1454 683 igitur
1475 647 1630 683 Dionysium
1650 657 1711 677 cum
1732 649 1829 678 iisdem

1025 683 1137 710 minime
1151 683 1323 711 consensisse
1337 684 1524 712 confirmatur.
1543 683 1615 712 Hinc
1631 690 1705 713 certe
1723 690 1831 713 constat

1026 718 1275 755 hominemillum;
1286 719 1331 753 qui
1348 719 1496 754 baptizatus
1516 720 1550 748 ab
1571 721 1704 748 haereticis
1724 720 1829 755 funerat,

1026 755 1061 791 ab
1079 754 1233 791 Heraclajn
1254 753 1403 791 Ecclesium
1424 756 1482 782 sine
1495 763 1573 791 novo
1594 756 1727 791 baptismo
1747 753 1831 784 fuisse

1027 789 1184 826 admissum.
1194 789 1320 824 lpsevero
1337 789 1479 826 Dionysius
1491 790 1612 818 Heraclia
1626 789 1653 818 in
1667 791 1832 826 recipiendis

1026 825 1161 853 haereticis
1174 832 1276 853 morem
1290 825 1366 861 sequi
1380 825 1411 854 se
1423 827 1562 890 conetéptis
1575 827 1663 854 verbis
1674 825 1830 863 proﬁtetur.

1515 868 1648 890 ousrm.

1515 868 1637 890 OUSTANT
1641 881 1648 889 .

884 959 1111 997 ΝΟΤΙΤΙΑ

519 1027 740 1058 SCRIPTORUM
754 1028 975 1064 QUORUMDAM
988 1029 1072 1064 QUIE
1092 1029 1138 1057 AD
1157 1029 1288 1058 SlXTUM
1306 1028 1493 1058 ATTINEN’I‘.

200 1097 221 1125 Ι.
248 1097 383 1125 Praeterea
406 1096 549 1133 Dionysius
573 1098 652 1126 aliam
673 1098 707 1126 ad
730 1098 835 1127 Sixtum
858 1098 967 1135 scripsit
981 1100 1005 1130 Β
1018 1098 1157 1135 adeoque,
1173 1099 1196 1126 si
1209 1099 1298 1127 Pontii
1314 1103 1455 1127 assecutus
1470 1103 1513 1127 est
1535 1102 1672 1132 mentem,
1692 1097 1829 1126 dicendus

161 1143 303 1179 epistolam
314 1164 323 1176 ,
336 1151 417 1182 quam
438 1143 587 1177 Eusebius,
604 1144 653 1173 lib.
668 1153 721 1180 vn,
740 1145 823 1179 Ηὶει..
838 1153 863 1174 c.
878 1147 906 1179 9,
924 1145 967 1174 bis

162 1190 252 1219 verbis
267 1190 388 1221 indicare
402 1191 467 1220 satis
482 1190 591 1220 habuit:
606 1201 616 1218 ι
629 1192 678 1220 Est
692 1196 721 1221 et
733 1193 826 1228 quinta
841 1193 964 1227 ejusdem

162 1237 281 1273 Dionysii
293 1237 407 1272 epistola
417 1237 451 1264 de
461 1237 606 1273 baptismo,
620 1238 705 1273 ipsius
713 1242 742 1266 et
751 1239 873 1267 ecclesiae
884 1246 965 1274 quam

161 1284 271 1320 regebat
285 1284 413 1317 nomine,
437 1284 472 1312 ad
486 1284 593 1312 Sixtum
609 1289 637 1313 et
651 1286 796 1315 ecclesiam
817 1287 891 1314 urbis
911 1286 965 1313 Ro-

160 1338 212 1357 mae
222 1351 230 1363 ,
247 1330 273 1357 in
287 1338 340 1365 qua
354 1331 389 1359 de
403 1331 540 1366 proposita
556 1331 707 1366 quaestione
723 1332 855 1367 prolixam
868 1332 963 1361 admo-

160 1377 224 1404 dum
237 1377 448 1412 disputationem
462 1378 588 1405 instituit.
602 1388 612 1405 ›

195 1423 228 1457 ll.
242 1423 353 1452 Pontius
366 1424 392 1451 in
401 1423 462 1452 Vita
473 1424 503 1453 S.
514 1424 643 1461 Cypriani
656 1425 716 1459 hmo
726 1426 821 1454 habet:
836 1435 846 1453 ‹
857 1426 917 1455 Jam
929 1427 963 1454 de

159 1468 235 1497 Sixto
249 1469 321 1499 bono
336 1475 363 1498 et
377 1470 661 1506 pacifico-sacerdote,
687 1479 719 1499 ac
735 1477 877 1507 propterea
898 1473 962 1501 bea-

160 1514 263 1542 tissimo
281 1519 418 1550 martyre,
440 1516 551 1543 nuntius
571 1521 693 1544 venerat.
711 1516 877 1552 Sperabatur
889 1516 959 1551 jam-

155 1561 266 1598 jamque
280 1561 400 1590 carnifex
414 1563 536 1590 veniens.
551 1572 561 1589 ι
575 1563 640 1597 Quae
654 1563 735 1591 verba
750 1563 791 1591 sic
804 1564 958 1591 suntntatim

158 1607 246 1635 reddit
268 1604 429 1636 Otoniensis
449 1608 537 1641 editor
555 1617 562 1636 :
582 1617 591 1635 t
612 1608 704 1639 Sixtus
727 1608 847 1644 pontifex
870 1616 958 1637 roma-

158 1660 208 1681 nus
220 1653 254 1682 de
266 1655 454 1689 persecutione
467 1659 592 1683 secutura
606 1654 772 1691 Cyprianum
786 1655 929 1688 admouet;
944 1666 953 1682 ›

437 1734 612 1832 “ne
648 1773 1014 1835 διπατο
1051 1738 1493 1833 ιιῖὀιπειο

1019 1148 1061 1171 est
1083 1144 1176 1171 Sixlus
1190 1144 1323 1179 passionis
1338 1144 1479 1179 proximus
1492 1143 1527 1171 ad
1540 1143 1706 1180 Cyprianum
1722 1143 1829 1171 litteras

1018 1191 1125 1219 misisse
1134 1212 1143 1225 ,
1156 1191 1254 1227 quibus
1266 1198 1328 1220 eum
1341 1191 1376 1219 de
1389 1184 1578 1226 persecutione
1591 1189 1752 1218 imminente
1763 1197 1828 1218 cer-

1017 1236 1114 1264 tiorem
1129 1236 1240 1265 faceret.
1255 1236 1356 1265 Verum
1371 1236 1423 1264 hoc
1437 1241 1541 1264 tantum
1554 1236 1606 1264 sibi
1619 1235 1678 1264 vult
1693 1235 1827 1270 Pontius,

1016 1284 1236 1319 persecutionem
1251 1284 1344 1311 Romae
1358 1283 1483 1318 ﬂagrare,
1493 1282 1604 1318 jamque
1623 1282 1658 1309 de
1672 1281 1739 1310 Sixti
1753 1289 1828 1309 mar-

1016 1329 1087 1365 tyrio
1099 1337 1131 1357 ac
1144 1337 1211 1357 nece
1226 1329 1348 1357 nuntium
1364 1329 1488 1361 venisse,
1502 1333 1531 1356 et
1542 1327 1706 1363 Carthagine
1719 1329 1745 1355 in
1761 1327 1827 1355 dies

1015 1376 1169 1404 carnificem
1185 1375 1335 1411 expectari.
1357 1375 1396 1403 lbi
1411 1375 1483 1402 enim
1501 1374 1656 1410 perstringit
1669 1374 1713 1401 hie
1729 1373 1825 1402 diaco-

1014 1429 1066 1449 nus
1076 1421 1147 1457 quod
1158 1421 1309 1456 Cyprianus
1320 1421 1402 1456 epist.
1411 1421 1457 1454 82,
1471 1421 1504 1448 ad
1516 1421 1678 1449 Successum
1690 1420 1824 1455 explicat,

1014 1475 1062 1495 eos
1083 1475 1179 1503 nempe
1193 1469 1319 1501 venisse.
1335 1474 1403 1503 (luos
1423 1466 1554 1501 Romam,
1570 1471 1600 1495 ut
1613 1467 1756 1494 veritatem
1775 1474 1827 1494 ex-

1013 1514 1151 1549 plorarent
1161 1536 1169 1548 ,
1185 1514 1244 1550 ipse
1259 1515 1388 1546 miserat;
1403 1522 1419 1541 a
1432 1514 1530 1550 quibus
1542 1519 1570 1542 et
1584 1513 1759 1542 Valerianum
1774 1513 1825 1542 ad-

1012 1569 1106 1589 versus
1126 1561 1289 1589 christianos
1308 1561 1342 1588 ad
1363 1565 1485 1588 senatum
1501 1561 1695 1595 rescripsisse,
1710 1565 1738 1588 et
1758 1560 1826 1589 Six-

1012 1613 1068 1636 tum
1091 1608 1326 1643 animadversum,
1351 1613 1379 1636 et
1402 1608 1466 1636 huic
1486 1609 1669 1644 persecutioni
1694 1608 1720 1636 in
1745 1608 1822 1637 Urbe

1012 1655 1152 1691 praefectos
1166 1656 1284 1691 quotidie
1300 1655 1427 1684 insistere
1440 1655 1545 1683 didicit.
1562 1655 1594 1683 D.
1608 1655 1763 1683 Consum.

689 1868 934 1911 ROMANO
963 1868 1254 1907 PONTIFICE

841 1935 1112 1965 PROLEGOMENA.

696 2009 956 2029 ,ἦ

417 2077 563 2100 Αιιτιουιυε
581 2076 688 2098 PIIIUS.

427 2127 488 2159 Eius
498 2128 555 2153 vita
566 2127 677 2153 historia.

188 2180 331 2217 Dionysius
344 2180 448 2215 origine
462 2180 583 2214 Gnaeus,
599 2185 627 2209 et
639 2181 724 2216 patria
744 2180 860 2208 Calaber
874 2179 953 2215 vulgo
965 2170 988 2201 C

151 2227 271 2256 creditur
279 2226 330 2263 (Ι).
339 2227 385 2263 _De
397 2226 456 2263 ejus
469 2227 548 2254 rebus
556 2227 640 2262 gestis
649 2226 780 2262 usquead
788 2233 888 2253 annum
898 2225 953 2253 256

150 2275 214 2303 Jesu
226 2273 326 2302 Christi
337 2273 402 2301 nihil
411 2273 478 2301 certi
490 2278 658 2307 compertum
671 2273 812 2301 habemus.
829 2272 867 2299 Ea
881 2277 950 2300 tem-

150 2325 253 2357 pestate
266 2328 385 2348 romana:
399 2319 586 2356 presbyterum
602 2321 699 2356 agebat
711 2320 852 2351 Ecclesim,
869 2326 950 2354 quem

149 2368 277 2404 Epistolis
290 2367 348 2396 suis
368 2367 434 2394 adiit
450 2367 593 2403 Dionysius
608 2366 815 2395 Alexandrinus.
837 2366 878 2394 Ex
891 2365 948 2399 illa,

147 2421 209 2449 quae
218 2418 312 2450 quarta
328 2413 427 2442 eratde
435 2413 631 2451 Baptismoﬁ),
643 2423 652 2440 ι
670 2414 742 2441 hunc
752 2415 837 2448 ipsum
846 2414 949 2441 Roma-

147 2468 210 2488 num
221 2460 377 2496 Dionysium
388 2460 608 2493 eruditissimum.
619 2460 752 2496 planeque
760 2460 947 2489 admirandum

147 2508 239 2543 fuisse,
257 2508 411 2536 testimonio
429 2508 546 2544 Dionysii
569 2509 743 2537 Alexandrini
766 2509 827 2537 licet
844 2517 946 2545 cogno-

145 2562 233 2587 scere.
253 2563 263 2581 ι
280 2554 417 2592 Stephano
441 2555 543 2583 faverat
565 2556 725 2592 Dionysius;
739 2555 871 2591 siquidem
887 2557 945 2591 ipse

144 2608 175 2630 ac
191 2600 333 2629 Philemon
352 2601 538 2630 Firmilianum
553 2607 580 2630 et
596 2601 728 2630 Helenum
753 2602 942 2631 haereticorum

141 2646 302 2683 baptismum
326 2648 479 2681 rejicientes
503 2656 518 2676 a
544 2649 734 2677 communione
759 2649 940 2685 segregandos

174 2716 216 2751 (Ι)
236 2715 415 2753 ϐροχωιέ
432 2717 552 2749 litteram.
578 2722 600 2746 t.
626 2726 655 2751 ι,
671 2725 732 2753 pag.
759 2717 828 2751 455;
851 2717 933 2746 Joan.

139 2751 238 2789 Georg.
253 2751 372 2784 Walch.,
390 2751 460 2780 Hist.
476 2753 660 2789 Eules.,-pag.
672 2751 757 2781 ϊοοι.
769 2753 850 2781 Liber
864 2753 935 2782 Pon-

138 2787 256 2829 tiﬁcalis,
269 2789 425 2816 monac/tum
439 2789 523 2816 fuisse
539 2787 718 2825 tradit,‘quod
733 2793 776 2816 cst
788 2789 868 2824 longe
882 2790 934 2817 fal-

135 2830 285 2855 sisti-mum.

170 2859 211 2897 (8)
223 2858 342 2897 βεβὼς.
366 2859 434 2888 Hiu.
456 2858 622 2897 Fecimus!"
638 2860 692 2897 lib.
700 2868 762 2897 vni,
777 2867 838 2897 cap.
858 2860 893 2897 7;
909 2864 936 2890 et

134 2894 205 2931 apud
218 2894 356 2930 Gallam"
370 2900 437 2925 tom.
452 2903 493 2930 tn,
507 2895 560 2931 Ep.
573 2895 603 2930 8,
618 2904 645 2932 p.
660 2896 727 2933 523,
743 2894 770 2925 in
786 2894 843 2926 not.
858 2896 886 2926 ὅ.

959 2006 1249 2028 o=—-——-

1005 2071 1068 2093 cum
1081 2063 1220 2100 Stephano
1233 2072 1302 2101 papa
1316 2066 1464 2095 censebant
1477 2066 1530 2104 (5).
1547 2066 1600 2096 Sed
1615 2066 1650 2096 de
1673 2067 1812 2096 sententia

1005 2109 1134 2145 Stephani
1149 2110 1275 2139 discessit
1296 2113 1468 2148 postmodum
1480 2134 1488 2147 ,
1504 2112 1561 2141 sive
1583 2113 1729 2142 haereticos
1747 2120 1812 2142 cum

1005 2155 1138 2192 Cypriano
1153 2150 1330 2192 baptizandus
1343 2166 1404 2187 esse
1414 2159 1542 2195 iudicarit
1555 2159 1597 2196 (ι)
1609 2181 1616 2194 ,
1633 2160 1693 2188 sive
1715 2160 1812 2189 durius

1005 2202 1136 2238 Stephani
1151 2203 1232 2231 Afros
1247 2205 1289 2232 vel
1308 2206 1578 2239 excommunicantis,
1592 2206 1635 2234 vel
1649 2206 1744 2234 saltem
1760 2214 1812 2235 ex-

1004 2251 1275 2279 eommunicationem
1292 2253 1441 2281 minitantis
1464 2254 1562 2281 factum
1588 2254 1759 2288 improbarit.
1777 2253 1809 2282 ld

1004 2294 1084 2323 docet
1108 2295 1251 2332 Dipnysius
1273 2298 1475 2327 Alexandrinus
1496 2299 1531 2328 ad
1555 2299 1658 2328 Sixtum
1684 2300 1807 2336 Dionysii

1004 2341 1119 2369 Romani
1138 2341 1310 2371 decessorem
1330 2344 1443 2379 epistola
1456 2366 1464 2377 ,
1486 2353 1545 2381 quas
1567 2351 1610 2373 est
1629 2346 1747 2374 secunda
1771 2346 1808 2374 de

1004 2388 1145 2424 Baptismo
1158 2397 1165 2416 :
1182 2398 1192 2415 ί
1212 2390 1264 2418 Sed
1278 2395 1306 2418 ct
1316 2391 1483 2420 charissimis
1498 2392 1624 2420 fratribus
1638 2397 1666 2420 et
1680 2401 1806 2429 compre-

1001 2435 1118 2471 sbyteris
1138 2436 1237 2463 nostris
1260 2437 1389 2473 Dionysio
1415 2443 1443 2466 et
1464 2438 1615 2467 Philomeni
1629 2461 1637 2473 ,
1661 2440 1706 2475 qui
1729 2441 1805 2476 prius

999 2480 1070 2509 idem
1090 2489 1152 2509 cum
1168 2482 1306 2517 Stepitano
1320 2490 1477 2518 senserant,
1491 2490 1571 2513 antea
1586 2486 1804 2521 quidembrcvi-

998 2531 1050 2561 ter,
1065 2536 1134 2556 nunc
1145 2536 1209 2556 vero
1220 2530 1339 2565 pluribus
1350 2530 1442 2558 verbis
1453 2530 1559 2567 scripsi.
1577 2542 1587 2559 ι
1604 2532 1705 2560 Horum
1718 2533 1802 2569 igitur

997 2572 1110 2600 duorum
1124 2575 1254 2603 Romanae
1265 2575 1394 2603 Ecclesiae
1407 2576 1632 2614 Presbyterorum
1643 2578 1792 2614 Sapientia,

996 2618 1081 2655 inquit
1094 2619 1135 2648 CI.
1152 2620 1276 2649 Maranus
1291 2621 1347 2659 (5),
1363 2630 1414 2650 nec
1428 2623 1564 2651 immerito
1577 2623 1728 2659 mitigatum
1740 2625 1800 2653 exi-

1031 2687 1070 2727 (ἦ)
1091 2687 1159 2727 Υἱός
1177 2688 1312 2716 Contantii
1334 2696 1391 2718 not.
1407 2691 1424 2718 6
1437 2713 1443 2723 ,
1460 2692 1485 2718 in
1503 2691 1551 2726 Ep.
1574 2692 1600 2724 6,
1615 2701 1674 2727 qua:
1694 2698 1735 2720 est
1750 2702 1796 2722 se—

990 2724 1076 2765 cunda
1091 2724 1123 2765 Ide
1139 2724 1270 2765 Baptismo
1281 2726 1315 2752 ad
1329 2726 1431 2765 Sixtum
1448 2727 1491 2759 ΙΙ,
1505 2724 1532 2754 in
1543 2727 1592 2754 hoc
1608 2724 1690 2762 trimo,
1700 2736 1794 2765 supra.

1027 2758 1126 2800 QUAM
1143 2762 1249 2793 quidem
1275 2767 1367 2800 censet
1389 2758 1631 2800 Launoy‘usptom.
1649 2758 1711 2796 vni.
1730 2758 1791 2800 pag.

989 2795 1054 2835 €105".
1070 2794 1121 2835 Sed
1135 2803 1285 2835 perpaucos
1300 2798 1366 2830 fore,
1383 2799 1467 2835 inquit
1537 2798 1671 2835 Muranus.
1691 2794 1716 2827 in
1730 2794 1794 2829 ’νίῖα

990 2830 1023 2870 _S._
1035 2829 1176 2870 Cypriani,
1195 2832 1208 2867 §
1224 2834 1274 2870 30_,
1293 2829 1437 2870 pag.ri00',
1461 2834 1525 2862 edit.
1548 2834 1639 2862 Venet.
1659 2836 1728 2864 1758
1740 2858 1748 2870 ,
1765 2838 1792 2865 in

988 2865 1189 2906 folrmarbitror,
1197 2865 1249 2906 'qui
1259 2865 1368 2906 La'nrioii
1377 2865 1558 2904 conjecturam
1568 2878 1621 2899 non
1631 2865 1791 2906 explodént.

1026 2901 1065 2938 (5)
1085 2902 1200 2938 Maran.,
1215 2901 1276 2932 loco
1292 2905 1379 2938 citat,
1397 2901 1457 2941 pag.
1472 2913 1508 2933 cr.
