3888 6340
372 340 478 398 103

1265 337 1356 394 DE
1386 335 1658 394 ΒΑΜ]Το
1699 334 2013 394 [ιιοιιιδιο
2051 331 2338 394 ROMANO
2376 335 2738 394 PONTIFICE

3574 344 3677 400 10$

370 464 691 529 argumento
714 454 985 523 inductus,
1012 452 1154 527 quod
1176 456 1412 512 secunda
1440 453 1680 526 synodus
1706 453 1964 509 adversus
1991 455 2042 514 Α
2069 468 2163 508 eos
2184 461 2388 524 patres,
2419 469 2646 526 quorum
2669 453 2996 522 doctrinam,
3025 455 3193 513 immo
3220 456 3451 531 phrases
3473 465 3531 516 et
3559 474 3682 516 ver-

371 552 597 611 Paulum
637 551 1048 606 Samosatenum
1095 549 1400 603 Antiochia:
1439 547 1715 603 celebrata
1767 549 1836 600 sit
1875 545 1974 599 de-

369 646 555 702 functo
583 643 692 714 jam
723 642 947 697 Claudio
975 640 1246 712 Augusto,
1281 641 1371 710 qui
1399 638 1634 695 decessit
1659 639 1973 693 Aureliano.

372 737 482 795 Nos
516 751 647 792 vero
674 735 838 790 vitam
869 733 1047 788 adhuc
1072 732 1340 789 retinente
1368 728 1616 792 Claudio.
1647 727 1842 799 synodi
1869 727 1979 798 epi-

370 831 566 888 stolam
604 829 670 883 ad
716 827 1027 899 Dionysium
1073 826 1373 880 Romanum
1410 832 1465 878 et
1511 822 1646 877 alios
1691 819 1978 891 episcopos

369 925 624 996 scriptam
653 920 824 978 fuisse
853 935 994 975 anno
1019 918 1128 974 269
1158 932 1445 974 censemus
1474 913 1577 990 (t).

443 1016 689 1088 Elogium
738 1014 800 1071 S.
841 1013 1079 1084 Dionysii
1111 1011 1351 1067 Romani.
1383 1041 1454 1051 —
1481 1008 1820 1065 Eruditionis
1855 1009 1966 1064 sin-

366 1111 570 1184 gularis
624 1107 856 1172 laudem,
897 1092 1061 1177 quam
1103 1104 1390 1171 Eusebius,
1438 1101 1578 1158 libro
1626 1118 1720 1169 vn,
1760 1117 1878 1172 cap.
1915 1102 1972 1166 7,

369 1205 514 1262 Hist.
545 1203 749 1267 κάει,
782 1199 1021 1271 Dionysii
1054 1196 1400 1253 Alexandrini
1445 1195 1754 1252 testimonio
1808 1193 1973 1248 fultus

367 1295 625 1369 Dionysio
665 1303 852 1350 nostro
901 1290 1158 1346 adtribuit
1204 1288 1656 1362 (eruditissimum
1706 1285 1972 1357 planeque

363 1384 740 1443 admirandum
796 1383 972 1438 virum
1018 1395 1142 1437 eum
1200 1378 1542 1451 appellans);
1595 1377 1681 1432 vel
1729 1375 1872 1446 quod
1902 1379 1975 1430 ex

363 1480 482 1551 ejus
511 1476 725 1549 scriptis
754 1481 1002 1546 superest
1032 1471 1414 1542 fragmentum,
1442 1470 1518 1526 illi
1541 1469 1672 1524 satis
1699 1481 1969 1538 superque

361 1564 638 1627 conciliat.
685 1566 742 1622 In
795 1581 864 1623 eo
917 1565 1046 1621 dum
1099 1563 1392 1619 sabelliana
1450 1558 1734 1632 profligare
1787 1558 1971 1615 studet

361 1670 702 1724 commenta,.
715 1660 874 1716 simul
895 1667 951 1715 et
973 1658 1083 1713 Arii
1111 1667 1165 1712 et
1193 1655 1554 1711 tritbeitarum
1587 1653 1781 1724 placita
1831 1667 1969 1723 prae-

361 1757 520 1813 vertit
549 1763 709 1825 atque
739 1751 1032 1822 pervertit,
1060 1763 1124 1803 ac
1149 1749 1368 1804 nicama:
1399 1745 1610 1818 synodo
1632 1785 1647 1812 ,
1673 1760 1834 1816 quam
1866 1760 1966 1814 po-

2079 544 2148 600 ba
2178 546 2469 602 concilium
2503 546 2770 601 niczenum
2804 547 3087 618 usurpavit
3115 547 3218 620 (4).
3281 550 3291 555 “

2675 699 2973 743 Αιιτιευιυδ
3011 703 3070 742 II.

2077 800 2460 880 Desiste}
2475 799 3230 880 ιὲίρυιξίὲἓρφξιξίηνρυυίίιτξε
3257 813 3385 880 tuen.
3411 809 3682 880 seminis.

2138 865 2555 935 supposititiisnac
2569 867 2842 930 praesrtim
2861 867 2927 937 de
2941 865 3245 928 Fragmenta
3255 865 3560 932 Epistolead
3571 865 3688 921 san;

2137 923 2581 1037 ebgilﬁagguyswm
2605 925 2993 977 Alexandrinum
3017 942 3109 979 seu
3133 931 3294 992 potius
3314 931 3553 983 adversus
3591 931 3684 982 Sa-

2145 1092 2338 1164 Magno
2393 1094 2651 1150 Ecclesiae
2697 1095 2898 1152 damno
2949 1097 3122 1152 sancti
3179 1097 3420 1171 Dionysii
3467 1101 3681 1157 romani

2074 1186 2316 1257 episcopi
2345 1189 2544 1258 scripta
2573 1187 2688 1243 fere
2731 1188 2912 1243 omnia
2941 1188 3134 1260 injuria
3163 1200 3465 1262 temporum
3499 1192 3685 1264 perie-

2073 1292 2156 1332 re.
2182 1277 2404 1332 Librum
2434 1278 2607 1334 edidit
2647 1278 2712 1332 de
2749 1277 2960 1350 Duplici
2985 1279 3187 1336 Haemi
3219 1282 3322 1354 (5).
3373 1282 3486 1340 Nec
3508 1286 3684 1341 semel

2073 1369 2141 1425 de
2163 1371 2262 1425 viri
2296 1372 2472 1442 magni
2499 1371 2962 1428 lucubrationibus
2997 1375 3327 1432 mentionem
3355 1377 3463 1448 egit
3512 1377 3689 1433 Atha-

2074 1463 2298 1518 nasius:
2335 1483 2352 1513 ι
2390 1464 2465 1518 Ex
2500 1463 2740 1536 Dionysii
2779 1465 3008 1521 Romani
3045 1467 3300 1538 operibus
3324 1511 3340 1536 ,
3370 1470 3545 1542 inquit
3575 1470 3686 1544 (6),

2072 1565 2261 1612 contra
2289 1571 2416 1622 eos,
2448 1558 2537 1627 qui
2569 1557 2738 1614 tilium
2770 1559 2862 1615 Dei
2894 1575 3031 1630 opus
3057 1570 3412 1630 asseverant,
3439 1563 3688 1620 ostendi-

2071 1659 2161 1704 tur
2205 1650 2441 1704 ariorum
2491 1649 2741 1706 haeresim
2782 1652 2911 1707 olim
2952 1652 3022 1708 ab
3066 1653 3320 1709 omnibus
3363 1654 3685 1714 damnatam

2070 1741 2258 1798 fuisse.
2290 1763 2310 1796 ι
2347 1743 2522 1799 Verba
2543 1759 2760 1816 quoque
2784 1745 3022 1817 Dionysii
3051 1745 3209 1803 aﬂ'ert
3234 1747 3372 1804 libro
3392 1750 3455 1804 de
3487 1748 3682 1806 Decre-

360 1859 472 1905 stea
499 1855 836 1918 sequeretur,
867 1844 1187 1912 exterisque
1231 1841 1563 1912 sequendam
1608 1839 1962 1903 decerneret,
1996 1845 2043 1904 Β
2071 1840 2134 1894 tis
2187 1838 2390 1908 Synodi
2435 1837 2686 1905 Nicena,
2733 1847 2866 1894 tom.
2897 1854 2937 1903 ι,
2969 1853 3092 1911 pag.
3137 1838 3247 1896 975
3270 1884 3286 1909 ,
3319 1850 3429 1897 vet.
3457 1842 3596 1900 edit.
3631 1853 3687 1901 et

359 1943 521 1999 ﬁdem
567 1937 1019 2010 prmmonstravit.
1075 1936 1136 1991 lu
1188 1935 1290 1991 hoc
1333 1943 1591 2005 prmtcrea
1623 1934 1961 2014 prudentiam

358 2032 615 2106 patefecit
665 2046 864 2097 suam,
915 2028 1056 2100 quod
1105 2029 1160 2083 in
1193 2027 1509 2100 Dionysium
1542 2025 1962 2082 Alexandrinum

359 2123 705 2199 quantumvis
732 2124 972 2196 graviter
994 2128 1330 2186 accusatum,
1347 2118 1482 2174 nihil
1507 2120 1683 2189 asperi
1706 2118 1789 2173 vel
1807 2118 1962 2186 dixit,

361 2223 446 2277 vel
471 2219 676 2290 gessit:
710 2231 894 2272 verum
950 2230 1055 2269 non
1103 2213 1469 2281 dissimulans,
1506 2228 1665 2282 quam
1693 2227 1854 2282 grave
1881 2227 1966 2268 es-

360 2323 463 2379 set,
497 2311 639 2367 unde
667 2318 1030 2371 accusaretur,
1060 2306 1327 2375 patienter
1353 2304 1628 2370 sustinuit,
1658 2304 1830 2373 quoad
1863 2304 1964 2359 iste

361 2404 558 2480 prmsul
585 2401 799 2458 abunde
823 2399 1182 2460 satisfaceret,
1218 2398 1579 2465 injectamque
1603 2395 1672 2451 de
1702 2410 1761 2450 se
1787 2396 1964 2466 suspi-

359 2501 573 2556 cionem
597 2497 810 2568 penitus
838 2492 1155 2564 depelleret.
1189 2488 1397 2545 Adhazc
1423 2503 1452 2541 a
1483 2487 1609 2542 divo
1639 2487 1838 2541 Basilio
1863 2495 1964 2539 vo-‘

359 2602 512 2648 eatur
539 2587 620 2663 (2)
639 2597 860 2643 sanctus
899 2583 1186 2655 Dionysius
1215 2590 1399 2636 noster
1426 2578 1812 2636 celeberrimus
1839 2593 1962 2633 cum

361 2686 432 2740 ob
478 2681 675 2746 fidem,
709 2688 818 2735 tum
871 2677 940 2733 ob
974 2675 1200 2730 virtutes
1240 2671 1474 2743 reliquas
1511 2671 1755 2742 egregias
1785 2688 1797 2722 :
1830 2683 1964 2738 pra:-

363 2775 552 2831 sertim
587 2787 718 2828 vero
750 2769 932 2825 multis
964 2764 1377 2823 commendatur
1404 2771 1624 2834 propter
1661 2761 1962 2827 charitatis,

364 2863 859 2934 misericordiaque
901 2861 956 2915 in
982 2859 1224 2930 captivos
1251 2873 1435 2927 opera.
1472 2854 1752 2924 Siquidem
1781 2855 1963 2909 Asiam

365 2960 633 3016 minorem
665 2997 680 3024 ,
747 2955 1101 3011 barbarorum
1153 2966 1276 3006 cum
1328 2949 1517 3019 primis
1571 2947 1966 3002 incursionibus

366 3059 685 3116 evastatam,
730 3063 838 3103 non
886 3046 1082 3102 litteris
1111 3043 1273 3100 modo
1304 3043 1437 3108 suis,
1467 3041 1562 3098 sed
1601 3051 1655 3097 et
1697 3056 1826 3105 tere,
1861 3054 1968 3110 quo

367 3143 782 3202 christianorum
830 3139 1040 3210 plurimi
1096 3139 1149 3192 in
1203 3137 1510 3192 libertatem
1561 3135 1760 3190 adserti
1816 3143 1961 3200 sunt,

2068 1931 2502 1998 Benedictinor.,
2532 1931 2779 2004 Paris.,§
2807 1929 2899 1996 26,
2930 1945 3051 2001 pag.
3084 1929 3188 1988 251
3217 1941 3274 1988 et
3300 1944 3452 2003 seqq.

2141 2028 2392 2098 Epistolis
2417 2044 2456 2082 ι.
2493 2026 2729 2097 Dionysii
2756 2040 2906 2099 papa
2931 2024 3001 2077 ad
3031 2023 3334 2098 Dionysium
3361 2026 3681 2083 Alexandri-

2071 2142 2189 2180 num
2220 2125 2420 2178 notitia.
2453 2121 2648 2177 Caussa
2676 2131 2725 2177 et
2768 2122 2966 2176 occasio
2990 2122 3264 2192 exponitur
3281 2137 3347 2176 ea:
3369 2121 3678 2179 Athanasio.

2067 2245 2140 2258 -—
2171 2215 2458 2287 Dionysius
2488 2213 2882 2270 Alexandrinus
2907 2212 3155 2278 antistes,
3196 2213 3287 2268 ubi
3322 2213 3466 2284 apud
3499 2213 3682 2271 Ptole-

2069 2309 2301 2364 maidem
2329 2307 2688 2378 Pentapoleos
2716 2307 2904 2364 urbem
2933 2319 3182 2381 exortam.
3207 2309 3415 2365 audivit
3443 2308 3678 2365 Sabellii

2069 2403 2343 2468 limresim,
2386 2417 2506 2472 qua:
2547 2411 2751 2457 sancta“:
2779 2400 3058 2457 Trinitatis
3085 2414 3347 2472 personas
3374 2401 3676 2458 confunde-

2067 2498 2181 2564 bat,
2218 2496 2287 2552 de
2336 2496 2437 2552 hac
2492 2494 2724 2568 Xystum
2779 2511 2969 2567 papam
3020 2497 3309 2553 certiorem
3363 2496 3568 2562 facere,
3623 2504 3681 2553 et

2066 2591 2328 2663 quasdam
2361 2607 2424 2647 ea
2476 2591 2545 2647 de
2590 2607 2748 2648 causa
2796 2591 3054 2662 epistolas
3096 2607 3127 2646 a
3158 2607 3217 2648 se
3257 2591 3596 2663 conscriptas
3624 2594 3678 2648 ei

2067 2686 2284 2740 mittere
2316 2684 2608 2741 festinavit.
2645 2685 2809 2742 Teste
2837 2695 3017 2741 autem
3063 2685 3297 2743 Eusebio
3317 2729 3333 2754 ,
3359 2702 3390 2742 a
3419 2687 3678 2760 Dionysio

2069 2777 2441 2833 Alexandrino
2473 2796 2492 2830 ι
2520 2777 2773 2849 Epistolas
2796 2788 2983 2833 contra
3003 2777 3295 2834 Sabellium
3317 2779 3534 2850 scripta:
3549 2789 3680 2836 sunt

2067 2871 2135 2926 ad
2167 2873 2490 2928 Ammonem
2531 2872 2946 2928 Berenicensem
2992 2871 3070 2946 (in
3111 2873 3416 2947 Pentapoli)
3451 2875 3680 2946 Episco-

2073 2981 2218 3035 pum,
2251 2981 2355 3020 una
2384 2965 2451 3019 ad
2477 2965 2869 3034 Telesphorum
2897 3005 2910 3028 ,
2933 2965 2999 3019 ad
3025 2965 3436 3036 Euphranorem
3464 2967 3634 3024 altera
3657 3010 3674 3036 ,

2070 3068 2128 3116 et
2153 3060 2254 3114 alia
2285 3074 2472 3114 rursus
2512 3057 2577 3112 ad
2608 3058 2926 3112 Ammonem
2951 3067 3007 3112 et
3031 3058 3327 3129 Euporum.
3353 3079 3372 3112 ι
3410 3059 3676 3116 Nomina-

2073 3155 2169 3210 tim
2196 3167 2326 3210 vero
2349 3152 2592 3224 epistolis
2611 3151 2727 3222 ejus
2748 3151 2814 3206 ad
2835 3153 3156 3210 Ammonem
3177 3165 3232 3210 et
3257 3153 3674 3226 Euphranorem

367 3235 630 3294 recreavit
675 3230 774 3304 (3).
821 3231 982 3286 Divus
1026 3228 1356 3286 Athanasius
1396 3241 1519 3282 eum
1552 3235 1800 3282 recenset
1829 3227 1970 3281 inter

2084 3261 2182 3301 non
2210 3247 2337 3307 nulli
2369 3247 2495 3301 moti
2535 3245 2685 3300 illum
2714 3242 2782 3299 ad
2815 3253 3094 3304 romanum
3125 3247 3433 3318 pontificem
3461 3247 3676 3304 detule-

443 3411 524 3480 (ι)
564 3407 780 3464 Videsis
808 3403 1261 3480 observat.,_Pagii
1287 3403 1340 3480 in
1368 3401 1548 3480 critic.
1581 3404 1648 3458 ad
1672 3404 1966 3480 going”,

369 3499 425 3539 ιι.
451 3473 489 3535 Ξ
509 3473 568 3536 et
594 3495 785 3548 seqq.;
815 3487 870 3548 et
894 3478 1032 3546 apud
1071 3473 1270 3542 Mansi,
1318 3477 1371 3530 in
1412 3473 1624 3529 Collect.
1659 3473 1964 3544 Concilion,

369 3564 500 3610 ιοιιι.
531 3568 570 3617 ι,
601 3547 724 3620 pag.
759 3547 859 3604 109
883 3555 896 3593 ν
923 3559 978 3602 et
1007 3562 1159 3620 seqq.

441 3624 525 3748 (ἢ
577 3617 808 3677 Omnino
848 3627 1028 3674 autem
1086 3617 1223 3672 nihil
1269 3617 1611 3685 exposcimus
1663 3619 1810 3682 novi,
1870 3619 1966 3673 sed

445 3711 476 3748 o
541 3703 594 3748 et
629 3693 841 3748 caneris
881 3692 1010 3745 olim
1037 3691 1210 3744 beatis
1231 3703 1294 3742 ac.
1322 3690 1430 3743 Deo
1458 3689 1670 3744 dilectis
1694 3690 1824 3744 viris
1857 3691 1966 3744 usi-

368 3689 511 3767 qnod
541 3703 594 3748 et
629 3693 841 3767 caneris
881 3692 1010 3745 olim
1037 3691 1210 3767 beatis
1231 3703 1294 3742 ac.
1322 3690 1430 3767 Deo
1458 3689 1824 3767 dilectisviris
1857 3691 1968 3767 usi-

370 3759 538 3820 t'atum
580 3772 636 3818 et
681 3762 950 3830 praecipue
977 3761 1131 3814 vobis
1181 3759 1452 3830 (romanis
1504 3760 1868 3829 pontificibus,
1892 3761 1964 3815 ita

371 3837 676 3893 Damasium
706 3847 903 3904 papam
940 3831 1228 3904 alloquitur
1267 3830 1774 3904 sanetusLBasilius)
1807 3833 1968 3887 Novi-

371 3921 492 3963 mus
537 3905 680 3961 enim
708 3900 943 3959 ex'serie
976 3901 1280 3964 memoriae,
1313 3916 1342 3954 a
1373 3900 1609 3969 patribus
1651 3900 1849 3957 nostris
1881 3904 1966 3957 in-

374 3977 680 4059 terrogatis,
703 3984 759 4029 et
789 3974 982 4059 litteris
1018 3974 1314 4054 etiamnum
1343 3972 1502 4059 apud
1545 3987 1641 4055 nos
1671 3976 1966 4057 asservatis

372 4043 570 4112 edocti,
595 4045 923 4116 Dionysium,
944 4044 1311 4116 beatissimum
1343 4043 1494 4116 illum
1521 4045 1855 4116 episcopum,
1875 4046 1966 4115 qui

371 4120 510 4190 apud
539 4133 633 4172 vos
662 4127 717 4172 et
739 4114 893 4190 recta
925 4116 1057 4178 lide,
1100 4125 1154 4169 et
1185 4115 1408 4183 reliquis
1431 4114 1718 4190 Yirtutibus
1741 4114 1961 4181 enituit,

370 4185 618 4246 invisisse
662 4187 947 4242 ecclesiam
980 4198 1218 4241 noSIram
1264 4185 1640 4240 Caesariensem
1661 4227 1676 4250 ,
1706 4196 1758 4240 et
1789 4200 1966 4256 patres

373 4275 587 4316 neStros
619 4273 712 4328 per
737 4258 946 4313 litteras
971 4257 1308 4329 consolatum
1338 4271 1571 4329 essepac
1607 4258 1840 4329 misisse,
1875 4261 1965 4329 qui

372 4334 567 4386 fratres
600 4325 844 4400 captivos
878 4329 1204 4400 redimerent
1234 4327 1320 4400 (_S.
1358 4325 1568 4400 Basiil.,
1605 4326 1703 4395 Ep.
1734 4345 1859 4394 us,
1892 4325 1964 4384 al.

373 4417 530 4466 ccxx,
563 4397 682 4469 pag.
721 4399 858 4462 161,
886 4399 1007 4454 edit.
1044 4398 1215 4452 Paris.
1246 4397 1593 4468 'Benedictor).
1626 4400 1888 4454 Observat
1915 4403 1967 4457 in

373 4475 516 4528 hunc
540 4473 597 4528 S.
629 4469 811 4527 Basilii
843 4471 1017 4525 locum
1051 4469 1335 4540 perdoctus
1361 4469 1533 4524 editor
1561 4469 1806 4524 Julianus
1837 4471 1970 4528 Gar-

373 4547 508 4610 nier,
535 4544 699 4614 quod,
731 4558 850 4613 qua:
875 4543 1097 4597 Basilius
1117 4541 1182 4614 de
1213 4557 1556 4596 romanorum
1588 4543 1964 4612 episcoporum

373 4617 428 4672 in
473 4611 606 4668 alias
659 4611 917 4669 ecclesias
971 4611 1318 4668 beneﬂcnntia
1371 4623 1586 4673 narrat.
1643 4611 1965 4670 teStimoniis

374 4685 722 4741 confirmetur
747 4692 800 4756 et
829 4685 1068 4756 Dionysii
1111 4683 1508 4738 Corinthiorum
1545 4685 1793 4756 Episcopi
1824 4688 1964 4754 apud

375 4758 686 4821 Eusebium,
719 4755 854 4809 Hist.
887 4755 1090 4820 eccles.,
1119 4756 1210 4828 lib.
1256 4771 1327 4818 tv,
1357 4770 1477 4822 cap.
1508 4756 1597 4814 25.
1623 4768 1677 4811 et
1729 4755 1965 4828 Dionysii

375 4828 720 4884 Alexandrini
748 4827 838 4882 lib.
872 4842 980 4893 vn,
1009 4842 1128 4895 cap.
1159 4827 1224 4887 5.
1256 4836 1308 4882 et
1337 4827 1500 4894 ipsius
1527 4829 1688 4881 etiam
1721 4827 1960 4895 Eusebii,

374 4899 464 4969 qui
499 4905 638 4953 hunc
667 4913 871 4969 morem
908 4899 960 4951 in
993 4907 1260 4966 postrema
1295 4901 1664 4969 persecotione
1692 4909 1962 4954 servatum
1989 4935 1994 4939 -

373 4968 404 5025 τι
430 4972 684 5026 Romanis
716 4968 879 5023 fuisse
907 4969 1142 5023 declarat
1180 4969 1272 5022 lib.
1297 4985 1369 5032 iv,
1401 4984 1519 5036 cap.
1547 4968 1636 5024 23.
1672 4969 1962 5026 Memorala

374 5051 551 5095 autem
575 5057 604 5094 a
636 5040 829 5095 Basilio
857 5041 1133 5094 calamitas
1166 5039 1266 5093 sub
1291 5038 1530 5094 Gallieno
1553 5042 1807 5109 contigit,
1837 5059 1960 5098 cum

375 5111 1024 5184 Scylltm‘Cappadociam.
1046 5122 1105 5184 et
1120 5111 1380 5184 finitimas
1399 5111 1641 5184 regiones
1668 5124 1960 5180 vastarent,

378 5125 1024 5237 scyttim‘uapgauocmm.
1046 5125 1098 5164 et
1128 5125 1380 5164 uoluntas
1399 5127 1641 5180 regiones
1668 5125 1960 5180 vastarent,

378 5186 453 5240 uti
477 5194 698 5239 testatur
765 5197 1056 5237 ozomeons
1079 5183 1166 5237 lib.
1199 5197 1256 5246 ιι,
1289 5196 1407 5250 cap.
1439 5181 1490 5237 6.
1511 5185 1681 5252 Atque
1709 5199 1772 5237 ex
1803 5188 1966 5241 tantis

379 5256 535 5311 malis
560 5270 809 5325 magnum
836 5255 935 5308 hoc
964 5255 1159 5308 bonum
1181 5254 1324 5306 eruit
1359 5261 1513 5319 Deus,
1544 5264 1601 5308 ut
1627 5254 1904 5311 christiani
1933 5273 1965 5312 a

378 5326 621 5381 barbaris
651 5325 863 5380 abducti
902 5326 1131 5380 victores
1158 5339 1285 5379 suos
1313 5334 1586 5394 caperent.
1617 5336 1671 5381 et
1702 5327 1769 5380 ad
1813 5326 1966 5382 Chri-

375 5408 518 5453 stum
550 5397 894 5452 adducerent.
917 5396 1068 5452 Unde
1097 5397 1398 5466 Basilinsin
1431 5395 1598 5465 Epist.
1635 5397 1758 5461 164,
1794 5399 1964 5466 prima

373 5470 587 5539 pictatis
614 5469 818 5522 semina
849 5468 988 5537 apud
1015 5466 1220 5539 Gothos
1249 5482 1279 5522 e
1305 5464 1641 5537 Cappadocia
1675 5464 1966 5538 pullulasse

372 5537 448 5595 ait
480 5555 638 5607 opera
675 5539 813 5592 beati
849 5537 1180 5609 Eutychetis.

370 5626 390 5672 t
446 5611 524 5681 (ὅ)
549 5611 605 5666 S.
641 5608 1209 5682 Basiliuﬁs‘in’super‘in
1252 5610 1389 5682 libro
1427 5611 1495 5665 de
1522 5611 1723 5682 Spiritu
1755 5625 1964 5678 sancto,

372 5679 513 5752 cap.'
540 5697 686 5747 xxix,
733 5699 784 5736 ιι.
835 5679 925 5742 72,
959 5695 1078 5750 pag.
1114 5680 1204 5743 60.
1242 5680 1373 5736 edit.
1404 5679 1762 5751 Benedictio,
1793 5686 1965 5740 Paris.

372 5754 554 5812 Sancti
587 5753 824 5824 Dionysii
869 5753 1093 5824 Romani
1126 5753 1446 5809 auctoritate
1479 5754 1644 5809 utitur
1670 5754 1734 5810 ad
1762 5756 1966 5814 confir-

373 5825 595 5881 mandas
628 5823 927 5899 praecipuas
957 5823 1234 5895 religionis
1257 5825 1538 5881 veritates.

2071 3352 2215 3396 runt.
2270 3340 2555 3414 Dionysius
2608 3358 2738 3398 vero
2789 3343 3068 3398 Romanus
3108 3356 3221 3396 rem
3264 3341 3396 3395 satis
3452 3356 3679 3411 gravem

2071 3437 2245 3504 duxit,
2271 3448 2327 3493 ut
2353 3438 2776 3496 Alexandrinum
2795 3483 2809 3506 ,
2847 3442 2991 3512 prius
3019 3441 3246 3496 concilio
3276 3439 3490 3508 habito,
3522 3456 3680 3496 com-

2071 3550 2293 3590 nionere
2321 3551 2427 3590 non
2458 3535 2720 3592 differret.

2143 3626 2400 3698 Epistolas
2430 3627 2574 3683 illius
2611 3643 2828 3684 causam
2868 3638 2923 3684 et
2962 3631 3300 3686 occasionem
3347 3627 3678 3685 Athanasius

2071 3721 2123 3777 in
2152 3721 2387 3791 Epistola
2419 3721 2483 3775 de
2521 3724 2766 3777 sententia
2795 3721 3052 3794 Dionysii,
3097 3740 3153 3776 ιι.
3197 3723 3298 3788 t5,
3347 3721 3570 3792 exponit
3618 3722 3678 3777 in

2071 3816 2213 3872 hunc
2266 3815 2486 3870 modum
2534 3814 2613 3887 (7)
2649 3832 2662 3868 :
2701 3833 2720 3867 ι
2752 3812 2888 3870 Cum
2935 3815 3224 3888 Dionysius
3273 3813 3679 3870 Alexandrinus

2068 3918 2253 3966 contra
2281 3907 2502 3964 Sabellii
2537 3908 2784 3964 haeresim
2816 3907 2883 3962 ad
2913 3908 3236 3964 Ammonem
3271 3917 3326 3964 et
3357 3907 3680 3977 Euphrano-

2069 4019 2184 4059 rem
2213 4003 2391 4058 studio
2420 4002 2698 4074 religionis
2722 4011 2995 4072 permotus
3013 4002 3340 4071 scripsisset,
3360 3999 3578 4072 quidam
3604 4017 3676 4057 ex

2067 4097 2310 4153 Ecclesia
2363 4097 2575 4162 fratres,
2623 4111 2770 4151 sana:
2818 4095 3036 4166 quidem
3087 4093 3349 4149 doctrina:
3390 4094 3668 4162 homines,

2069 4210 2175 4250 non
2201 4194 2456 4250 sciscitati
2488 4203 2665 4249 tamen
2696 4207 2818 4248 eum
2853 4191 3192 4263 (Dionysium
3217 4187 3676 4259 Alexandrinum)

2067 4303 2171 4357 qua
2199 4287 2265 4343 de
2293 4302 2453 4343 causa
2480 4284 2553 4340 ita
2579 4285 2904 4356 scripsisset,
2936 4283 3160 4338 Romam
3182 4280 3260 4356 (8)
3293 4281 3670 4348 secontulere,

2143 4472 2218 4544 (ί)
2249 4471 2535 4535 Athanas.,
2567 4469 2736 4542 Epist.
2762 4468 2826 4521 de
2852 4467 3100 4544 Synodis,
3131 4482 3192 4544 [ι.
3227 4467 3318 4532 45,
3347 4465 3672 4544 editLPata-

2071 4536 2226 4604 vinas,
2253 4554 2382 4597 tom.
2413 4558 2451 4606 ι,
2480 4536 2624 4610 part.
2653 4556 2713 4604 ιι,
2745 4555 2865 4610 pag.
2897 4536 3023 4594 665.
3044 4541 3109 4593 A.
3131 4537 3438 4602 B.;etedit.
3464 4536 3670 4605 Paris,

1994 4624 2042 4683 ι)
2069 4613 2456 4678 Montfaucon.,
2485 4624 2613 4668 tom.
2646 4629 2683 4678 ι,
2713 4627 2838 4683 pag.
2864 4611 2989 4666 737.

2141 4684 2511 4758 (5)_Basnage,
2565 4679 2748 4738 Annal.
2788 4679 3239 4758 '_Rolit.__l'3cclcs.,
3293 4689 3427 4735 torn.
3481 4694 3540 4743 ιι,
3600 4681 3671 4738 ad

2066 4753 2348 4820 ann.'259,
2378 4753 2571 4816 nfvm.
2603 4771 2720 4823 pag.
2753 4754 2878 4817 600,
2917 4753 3066 4807 nullo
3113 4753 3278 4806 citato
3319 4761 3536 4823 auctore
3575 4762 3675 4823 aut

2065 4830 2287 4898 antiquo
2312 4821 2660 4881 monumento
2677 4821 2789 4898 'pro
2821 4827 2921 4879 hoc
2946 4823 3084 4878 libro
3119 4823 3352 4894 Dionysii
3383 4823 3446 4877 de
3471 4821 3676 4888 duplici

2068 4898 2289 4954 Hazresi.
2325 4899 2486 4954 Forte
2513 4900 2557 4951 is
2585 4898 2722 4952 liber
2749 4899 2820 4952 nil
2847 4894 2991 4950 aliud
3020 4904 3122 4959 est,
3162 4909 3322 4964 qnam
3344 4893 3568 4963 epistola
3597 4895 3670 4950 ad

2125 4916 2289 4954 daresi.
2325 4912 2486 4954 r‘orte
2513 4913 2557 4951 ιε
2585 4912 2722 4952 liuor
2749 4912 2820 4952 ml
2847 4912 2991 4950 atluu
3020 4912 3122 4959 εει,
3162 4912 3322 4959 qnam
3344 4912 3442 4959 cpt!

2069 4971 2380 5041 Dionysium
2414 4969 2871 5041 Alexandrinum,
2891 4968 2942 5020 in
2971 4982 3073 5041 qua
3102 4964 3373 5041 duplicem
3412 4965 3667 5041 haeresim

2067 5053 2121 5098 et
2146 5035 2531 5108 tri'theitarum,
2565 5049 2620 5096 et
2659 5039 2878 5096 Sabellii
2903 5035 3202 5093 confutavit
3227 5035 3504 5090 Romanos
3533 5036 3668 5091 Dio-

2065 5128 2269 5168 DVSIUS.

2103 5131 2616 5257 Υῗὲῑιςδθικιιιειιιειςίιιε,
2647 5193 2780 5239 tom.
2814 5199 2852 5246 1,
2884 5177 3442 5257 Qpp.,_edit._l_’at_'isi,
3498 5176 3664 5246 i627,

2067 5249 2328 5326 pag‘ﬁ558
2365 5268 2418 5311 et
2448 5249 2687 5323 918;7et
2712 5257 2840 5309 edit.
2897 5249 3188 5326 Patavinae,
3222 5249 3379 5313 1777,
3422 5258 3552 5302 ιοιιι.
3579 5266 3666 5326 Δρ,

2067 5321 2206 5398 part.
2226 5343 2263 5389 ι,
2294 5330 2354 5382 de
2377 5321 2639 5383 Sententia
2654 5326 2910 5398 Dionysii,
2935 5339 3056 5394 pag.
3082 5321 3186 5378 198
3213 5330 3266 5376 et
3285 5335 3462 5392 seqq.,
3487 5336 3540 5375 ιι.
3573 5322 3665 5389 i3,

2067 5386 2124 5454 et
2151 5386 2286 5469 part.
2318 5416 2375 5464 ιι,
2409 5418 2460 5454 ιι.
2496 5401 2601 5464 ts,
2635 5415 2753 5469 pag.
2783 5386 2909 5452 6051

2143 5461 2221 5540 (7)
2256 5461 2538 5544 Athanas.,
2560 5461 2649 5544 ίᾱέ
2675 5461 2822 5526 ςεηι.
2850 5469 3089 5538 Dionys.,
3126 5481 3179 5519 ιι.
3218 5463 3304 5526 l3,
3334 5476 3453 5532 pag.
3483 5461 3589 5518 198
3611 5472 3668 5519 et

2069 5557 2245 5611 seqq.,
2275 5541 2362 5596 cit.
2397 5541 2524 5597 edit.
2554 5543 2734 5596 l’atav.

2145 5605 2225 5685 (8)
2253 5612 2490 5687 subinde
2517 5612 2688 5687 Julius
2709 5614 2749 5687 ι,
2780 5612 2951 5687 Epist.
2984 5627 3112 5687 t,_n.
3142 5606 3236 5687 ‘22.,
3261 5619 3391 5687 cum
3413 5605 3665 5686 euscbia-

2073 5677 2165 5741 nis
2187 5677 2330 5755 quod
2360 5700 2416 5759 se
2449 5685 2617 5740 inscio
2648 5677 2971 5759 Athanasius
3000 5677 3404 5759 alexandrinum
3446 5677 3665 5759 cpis’c‘o-

2073 5746 2217 5828 pum'
2249 5756 2683 5830 condemnasset,
2707 5754 3077 5830 (espostulavit
3123 5749 3207 5804 his
3228 5747 3424 5830 verbis
3453 5746 3524 5799 ί(
3555 5746 3666 5830 ραις

2073 5818 2254 5885 autem
2320 5827 2388 5884 de
2443 5818 2808 5885 alexandrina"
2841 5824 3069 5882 ecclesia
3130 5819 3470 5894 potissimum
3526 5818 3662 5878 nihil
