3888 6358
194 432 262 489 103
1048 422 1132 482 DE
1168 423 1437 483 SANCTO
1468 419 1783 480 DIONYSIO
1821 416 2104 476 ROMANO
2145 417 2530 477 PONTIFICE.

3353 422 3454 478 106

191 547 399 611 illumque
458 542 599 613 apud
662 542 1042 613 cognominem
1089 541 1396 614 Dionysium
1436 540 1736 595 Romanum
1764 540 1815 599 Α
1843 535 2054 590 videtur
2102 534 2319 590 Baronii
2366 534 2657 591 sententia.
2698 532 2881 591 Primo
2926 536 3070 593 enim
3120 534 3451 597 Athanasius

192 637 466 707 EpiscOpum
498 643 847 695 accusarunt.
880 654 899 687 ι
926 633 1065 705 quod
1093 633 1342 688 nimirum
1368 673 1384 697 ,
1412 643 1466 686 ut
1504 640 1558 687 et
1584 629 1752 687 Atha-

192 730 362 791 nasius,
410 727 538 782 ibid.
569 743 721 782 num.
773 726 831 793 4,
864 726 1042 796 prodit
1062 768 1075 791 ,
1110 726 1161 779 in
1187 724 1439 794 prtedicta
1469 722 1709 792 Epistola
1731 762 1746 788 ,

194 837 231 875 ιι.
257 822 302 886 ι,
330 811 546 874 dixisset
572 836 584 872 :
616 838 637 871 ‹
661 800 812 888 opus
838 828 893 872 et
916 832 1029 874 rem
1058 816 1254 873 factam
1276 830 1395 870 esse
1417 813 1607 869 Filium
1633 813 1746 881 Dei,

194 928 272 968 non
298 919 471 966 natura
498 910 803 981 proprium,
831 909 928 965 sed
956 909 1188 964 alienum
1218 924 1247 962 a
1269 908 1427 963 Patre
1452 903 1748 961 secundum

192 1004 521 1065 substantiam,
576 1000 752 1071 qualis
779 1011 889 1056 .est
935 1001 1174 1072 agricola
1218 1015 1249 1053 a
1277 1000 1383 1054 vite
1408 1038 1425 1063 ,
1458 1006 1513 1053 et
1538 996 1690 1052 faber
1718 1011 1751 1051 a

194 1094 381 1162 scapha:
403 1093 602 1149 etenim
623 1109 747 1148 cum
777 1093 950 1148 sitres
979 1091 1139 1157 facta,
1165 1106 1270 1147 non
1294 1098 1431 1155 erat,
1461 1098 1748 1158 antequam

196 1187 327 1242 ﬁeret.
355 1186 554 1252 Quibus
583 1184 782 1240 auditis
812 1204 858 1251 ι,
907 1185 1079 1254 inquit
1109 1182 1456 1249 Athanasius,
1480 1195 1634 1235 num.
1657 1180 1747 1245 15,

201 1279 489 1351 iDionysius
534 1279 724 1334 Roma:
769 1277 1058 1348 episcOpus
1098 1277 1318 1345 scripsit
1345 1273 1444 1348 (l).
1478 1284 1529 1329 et
1560 1282 1750 1329 contra

196 1374 370 1430 Sabellii
416 1383 735 1439 sectatores,
794 1380 847 1427 et
894 1380 1083 1427 contra
1130 1385 1243 1437 eos,
1274 1370 1363 1441 qui
1404 1367 1524 1438 ejus
1569 1375 1753 1424 essent

201 1468 436 1522 sententia:
490 1465 669 1539 (cujus
724 1465 1011 1536 Dionysius
1064 1462 1459 1519 Alexandrinus
1514 1471 1752 1516 assertor

197 1560 481 1629 putabatur).
534 1570 588 1614 et
621 1578 634 1615 :
665 1559 746 1615 0b
790 1573 948 1628 quam
978 1557 1138 1611 Arius
1171 1563 1356 1626 postea
1408 1555 1475 1609 ab
1509 1553 1749 1609 Ecclesia

196 1652 355 1720 ejectus
379 1661 475 1706 est.
502 1650 731 1721 Scripsit
759 1648 843 1720 (2)
883 1664 1098 1719 quoque
1140 1647 1208 1701 ad
1252 1647 1565 1718 Dionysium
1602 1644 1750 1717 (Ale-

198 1742 492 1809 xandrinum)
524 1741 764 1807 litteras,
796 1749 853 1795 ut
879 1741 1196 1809 cxplanaret
1220 1753 1304 1803 ea,
1351 1737 1419 1793 de
1460 1737 1654 1806 quibus
1682 1738 1751 1792 ab

198 1833 282 1887 illis
323 1814 588 1905 (fratribus
632 1828 797 1901 supra
845 1832 1181 1903 memoratis)
1214 1832 1743 1885 accusatus-fuerat.»

1854 626 2096 697 Dionysii
2154 626 2384 681 Romani
2437 637 2625 682 contra
2675 627 3005 683 sabellianns
3044 644 3185 697 Opus
3229 628 3464 700 simplici

1854 719 2019 774 verbo
2049 718 2241 792 ἐγρὰψι
2284 707 2569 789 designat;
2610 733 2675 774 ac
2711 719 2835 773 inde
2866 719 3089 790 adjicit:
3122 722 3380 778 iniu-red:
3411 723 3465 779 δέ

1853 814 1940 867 καί
1976 814 2221 884 Διονυσίῳ
2255 828 2270 865 :
2303 811 2393 867 ubi
2439 813 2719 882 particulas
2763 811 2817 868 δὲ
2858 817 2944 868 καί
2979 813 3465 885 distinctuuvquid

1853 912 2076 971 notant,
2124 904 2350 960 verbum
2382 907 2639 961 ἐπέστειλε
2658 949 2670 965 ,
2702 904 2990 974 Epistulam
3014 910 3217 979 scripsit
3247 912 3467 979 proprie

1852 1006 2031 1061 sonat,
2054 1010 2117 1051 ac
2130 996 2372 1066 subjecta
2395 1012 2500 1052 vox
2520 1000 2786 1069 Διονυσίῳ,
2808 999 2894 1053 cui
2915 999 3175 1069 inscripta
3199 1014 3315 1058 erat
3333 1003 3467 1075 Epi-

1854 1087 1987 1141 stola
2030 1087 2146 1155 illa,
2178 1087 2402 1142 indicat.
2439 1087 2557 1158 ipsa
2585 1088 2752 1144 etiam
2786 1089 2972 1145 decori
3004 1091 3163 1157 ratio,
3212 1092 3377 1149 immo
3408 1104 3467 1152 et

1853 1179 2079 1248 (equites
2112 1180 2440 1248 postulabat,
2474 1190 2534 1234 ut
2559 1195 2820 1237 romanus
2861 1181 3101 1251 pontifex
3132 1192 3292 1239 tanta:
3319 1187 3467 1242 sedis

1853 1271 2105 1339 antistiti,
2144 1273 2320 1343 qualis
2346 1283 2465 1328 erat
2491 1274 2898 1339 alexandrinus,
2935 1277 3067 1331 tanti
3100 1278 3299 1341 meriti,
3334 1287 3469 1334 tam-

1854 1379 1959 1434 que
1985 1378 2134 1419 arcta
2164 1381 2286 1420 cum
2310 1367 2551 1423 romanis
2576 1369 2898 1437 prmsulibus
2926 1370 3161 1425 amicitia
3191 1371 3467 1441 devincto,

1852 1458 2028 1526 qualis
2058 1468 2179 1512 erat
2212 1459 2532 1529 Dionysius,
2568 1476 2629 1515 ea
2650 1503 2664 1525 ,
2699 1477 2818 1532 qua:
2857 1463 3116 1519 adversus
3148 1466 3296 1520 ilium
3326 1467 3471 1522 dicta

1854 1548 2102 1615 fuerant,
2132 1560 2187 1606 et
2217 1567 2337 1621 qua:
2368 1552 2437 1608 de
2473 1553 2541 1611 iis
2584 1564 2730 1609 esset
2759 1557 3025 1611 sententia
3067 1572 3290 1614 romana
3312 1603 3325 1625 ,
3359 1561 3470 1628 pri-

1854 1641 1994 1694 vatis
2019 1642 2247 1709 litteris,
2284 1659 2390 1697 non
2423 1644 2640 1714 publico
2668 1646 2874 1715 scripto
2899 1658 3024 1703 nota
3062 1648 3285 1705 faceret.
3316 1642 3467 1707 Prte-

1855 1743 2005 1790 terea
2030 1736 2322 1807 Dionysius
2344 1737 2623 1794 Romanus
2650 1740 2699 1794 in
2729 1756 2895 1810 opere
2916 1754 3104 1797 contra
3138 1745 3469 1801 sabellianos

1856 1842 1961 1883 nou
2002 1844 2164 1882 unum
2205 1830 2536 1899 singularem
2581 1834 2926 1902 episcOpum,
2968 1835 3064 1890 sed
3110 1837 3291 1906 plures
3322 1838 3464 1894 allo-

198 1923 254 1979 De
279 1902 445 1981 iisdem
483 1926 680 1981 litteris
709 1926 854 1981 idem
876 1902 1226 1993 Athanasius,
1257 1924 1349 1980 lib.
1385 1924 1454 1979 de
1482 1923 1744 1994 Synodis,
1776 1902 1823 1961 Β
1850 1918 2051 1987 quitur.
2098 1919 2339 1991 Denique
2386 1925 2437 1975 in
2491 1924 2807 1995 Dionysium
2857 1902 3327 1996 εθιιῐὶοιιιτιηιιηι,
3371 1947 3471 1987 seu

198 2018 344 2085 p.45,
384 2019 493 2074 haec
540 2019 817 2075 memoria:
864 2018 1266 2073 commendavit
1297 2035 1309 2071 :
1341 2035 1359 2068 ι
1389 2015 1526 2071 Cum
1570 2023 1751 2070 autem

198 2110 371 2179 quidam
416 2110 478 2166 ad
531 2111 832 2166 Romanum
888 2100 1215 2182 Episcopum
1267 2110 1337 2165 de
1385 2109 1753 2165 Alexandrino

198 2204 490 2269 detulissent,
542 2205 687 2275 quod
740 2205 933 2260 Filium
981 2220 1094 2259 rem
1139 2204 1333 2259 factam
1370 2198 1432 2258 et
1468 2203 1613 2258 Patri
1642 2218 1749 2257 non

195 2296 657 2352 consubstantialem
702 2296 1035 2364 affirmaret,
1090 2297 1333 2351 Romana
1376 2295 1629 2367 Synodus
1668 2295 1749 2366 (5)

197 2405 284 2443 rem
308 2391 507 2461 indigne
533 2392 685 2455 tulit;
728 2392 1003 2447 Romanus
1046 2402 1227 2447 autem
1273 2391 1573 2461 Episcopus
1612 2392 1747 2445 serio

196 2483 275 2551 ptis
299 2486 355 2537 ad
380 2486 750 2557 cognominem
776 2502 932 2541 sumn
963 2487 1175 2552 litteris,
1199 2490 1440 2542 omnium
1465 2486 1553 2556 (ea
1577 2486 1645 2541 de
1663 2484 1747 2554 re)

194 2578 468 2631 sententiam
497 2589 681 2633 notam
707 2578 758 2632 ei
790 2579 932 2633 fecit.
968 2599 986 2632 ι

251 2667 573 2723 Athanasiana
597 2670 748 2723 verba
777 2672 1158 2738 expenduntur.
1196 2671 1375 2727 Potior
1404 2671 1619 2727 Baronii
1638 2688 1750 2726 sen-

199 2761 323 2812 tentia
357 2761 708 2833 distinguentis
748 2765 993 2833 scriptum
1034 2763 1271 2837 Dionysii
1311 2766 1532 2821 Romani
1570 2776 1751 2820 contra

194 2850 432 2909 Sabellium
460 2856 523 2908 ab
553 2846 784 2925 ejusdem
823 2856 1057 2928 Epistola
1098 2857 1351 2930 Dionysio
1394 2860 1750 2915 Alexandrino

192 2944 413 3015 inscripta.
439 2976 509 2986 —
552 2946 825 3017 Scriptum
881 2947 1013 3003 illud
1057 2948 1211 3019 cujus
1255 2948 1436 3019 priore
1478 2950 1601 3005 loco
1630 2966 1747 3006 me-

191 3036 314 3091 minit
341 3038 695 3105 Athanasius,
726 3039 795 3095 ab
832 3040 1071 3110 Epistola
1101 3041 1167 3097 ad
1208 3042 1554 3112 Dionysium,
1585 3058 1747 3115 quam

190 3133 346 3189 exinde
371 3135 456 3189 ille
482 3144 789 3200 memorat,
832 3135 1268 3206 diStinguendum
1314 3151 1437 3191 esse
1480 3136 1748 3192 Baronins

190 3236 337 3281 censet
365 3246 377 3282 :
407 3228 497 3283 alii
526 3228 598 3283 de
624 3228 726 3284 hac
753 3243 813 3282 re
833 3226 1079 3282 dubitant
1102 3225 1205 3300 (4).
1240 3228 1346 3284 Sed
1378 3230 1558 3300 potior
1587 3228 1744 3284 nobis

188 3444 234 3502 ac
260 3432 462 3499 primum
491 3434 769 3488 scribatur
799 3434 973 3499 nobis,
1010 3444 1064 3487 et
1097 3434 1220 3488 hinc
1251 3432 1393 3502 quod
1431 3432 1634 3501 justum
1663 3440 1749 3487 est

186 3500 524 3559 decernatur?»
563 3504 695 3558 Hch
740 3515 920 3558 autem
958 3500 1293 3558 consuetudo
1348 3500 1472 3557 num
1509 3503 1747 3559 DiOIWsii

186 3575 473 3655 temporibus
497 3574 781 3655 antiquior
801 3575 893 3655 sit,
919 3575 1258 3655 ignoramus;
1291 3574 1375 3627 hic
1402 3583 1549 3628 certe
1574 3574 1746 3655 A_tha-

184 3644 332 3697 nasins
379 3644 719 3701 alexandrini
768 3644 1329 3714 episcOpi‘delatores
1379 3659 1487 3699 non
1540 3645 1743 3711 culpat,

183 3714 295 3787 quod
318 3729 500 3787 nomen
529 3717 658 3787 ejus
684 3716 754 3771 ad
783 3730 1063 3770 romanum
1093 3716 1402 3787 pontificem
1428 3714 1743 3782 detulerint,

186 3783 255 3835 sed
282 3785 405 3851 quod
431 3783 577 3855 prius
604 3802 731 3855 quae
759 3802 882 3842 vera
910 3796 1054 3842 esset
1083 3786 1228 3842 illius
1262 3789 1531 3842 sententia
1557 3787 1743 3843 scisci-

184 3854 259 3907 tari
286 3854 659 3913 itetleiissetti.

237 3925 300 4006 (μ)
324 3925 794 4006 (immolatione);
822 3928 876 3986 δὲ
893 3934 1259 4006 -κ-αὶ-Διονυσιῷ
1287 3927 1514 4006 dulgent
1532 3934 1653 4006 περὶ
1677 3922 1745 3985 ὧν

184 3997 369 4071 {latitarit
416 4001 528 4056 κατ’
587 4004 792 4065 αὐτοῦς
855 4002 941 4055 ubi
998 3997 1314 4058 Pearsonius
1364 3997 1610 4063 δηλῶσαί
1649 4018 1746 4071 pro

181 4064 395 4145 ὃῃλώσειι,
424 4072 721 4145 legendum
765 4087 888 4145 esse
921 4070 1228 4145 Aconjectat;
1262 4073 1506 4142 adeoque
1552 4064 1746 4145 Diony-

181 4139 287 4190 sium
312 4139 605 4215 Romanum
634 4143 1007 4215 Alexandrino
1030 4139 1365 4209 scripsisse,
1404 4139 1462 4198 ut
1500 4160 1620 4215 qua:
1646 4139 1744 4200 ad-

183 4219 333 4282 Vcrsus
369 4212 539 4282 ipsum
586 4214 739 4269 dicta
795 4214 1034 4279 fuerant,
1062 4224 1189 4269 nota
1233 4216 1282 4271 ei
1321 4212 1538 4270 faceret}
1573 4216 1639 4271 Et
1683 4231 1746 4271 ea

179 4280 348 4352 quidem
389 4280 710 4352 conjectura
758 4301 881 4341 cum
938 4286 1215 4340 Athanasii
1264 4286 1574 4342 narratione
1614 4288 1748 4343 satis

178 4351 387 4428 gemeret,
420 4351 598 4427 eoqite
633 4356 757 4428 veri
790 4357 1003 4412 videtur
1028 4356 1274 4422 similior,
1302 4358 1444 4428 quod
1466 4357 1748 4427 ignorabat

178 4417 418 4494 omnem
468 4417 913 4493 Alexandrinus,
959 4443 1079 4497 qua:
1108 4417 1393 4483 adversum
1437 4417 1514 4484 se“
1541 4430 1746 4497 prolata

179 4504 337 4567 essent,
368 4512 464 4553 nec
489 4498 726 4553 aliunde
757 4500 859 4552 nisi
888 4500 1102 4567 scriptis
1127 4515 1193 4553 ex
1222 4500 1356 4555 urbe
1384 4499 1560 4553 missis
1583 4515 1747 4554 com-

180 4566 317 4683 gerite
354 4579 583 4634 poterat.
625 4568 746 4623 Sed
780 4570 907 4640 quia
943 4566 1049 4625 nun
1088 4571 1193 4625 alia
1230 4571 1299 4626 de
1339 4585 1499 4625 causa
1537 4573 1747 4625 curavit

214 4640 416 4683 iﬂll'silli
448 4640 745 4683 Romam":
782 4641 1139 4683 Alplzmdrinn
1205 4657 1326 4683 nitro
1355 4651 1543 4683 nnnlrn
1570 4642 1743 4683 incum

209 4634 416 4712 [ioiiytius
447 4640 745 4697 Romanus
774 4634 1172 4704 A'leundrino,
1205 4657 1327 4712 qua:
1355 4651 1545 4697 contra
1570 4642 1743 4710 ἰρειιιιι

178 4702 298 4757 una
318 4708 557 4776 fuerant,
608 4712 895 4776 indie-ire,
944 4714 1045 4767 nisi
1074 4702 1395 4768 utis'suam
1443 4702 1607 4780 super
1639 4715 1747 4769 illis

179 4787 367 4834 mentem
394 4797 453 4837 ac
478 4780 823 4837 sententiam
861 4785 1186 4851 explicaret,
1223 4784 1357 4839 nihil
1398 4793 1482 4840 est
1525 4784 1747 4852 periculi

179 4854 388 4925 utramvis
418 4854 723 4909 lectionem
762 4854 884 4919 quis
915 4866 1189 4925 sequatur.
1220 4855 1420 4910 Verum
1449 4854 1592 4925 quod
1626 4856 1749 4909 Dio-

179 4920 322 4997 nygius
360 4926 772 4997 Alexandrinus
802 4920 1007 4980 exinde
1048 4927 1325 4995 praestitit,
1365 4942 1427 4982 ea
1448 4920 1615 4996 (qua:
1646 4928 1749 4983 sibi

180 4992 341 5068 objecta
369 4996 580 5053 fuerant
609 4998 861 5064 diluens,
897 4992 1164 5067 vulgatam
1195 4999 1481 5053 lectionem
1512 4992 1746 5068 quodam

179 5061 299 5112 modo
322 5072 629 5124 mulirtnaf.

230 5130 599 5213 medianas”
628 5140 726 5194 tib.
761 5139 828 5193 de
848 5139 1073 5211 Synod.,
1094 5157 1148 5197 n.
1171 5140 1265 5207 45,
1297 5150 1441 5199 tomo
1464 5158 1501 5209 ι,
1526 5149 1665 5213 part.
1688 5157 1747 5209 ιι,

180 5215 271 5279 μσς
294 5206 405 5267 605.
432 5212 568 5267 edit.
588 5206 802 5279 Spatav.

232 5275 294 5341 ιδ)
326 5280 448 5357 lliuc
471 5275 1162 5357 comprobaturhactenus
1182 5294 1440 5341 conStans
1468 5301 1619 5351 usus,
1644 5302 1752 5357 quo

180 5350 343 5428 romani
372 5350 660 5428 pontifices
707 5354 785 5428 de
823 5354 983 5428 rebus
1018 5350 1180 5428 ad'se
1222 5357 1417 5413 delatis
1458 5350 1749 5428 nihilpro-

182 5419 384 5499 nuntiare
401 5427 517 5499 sine
541 5426 777 5499 synodo
804 5425 1072 5482 solebant.
1106 5427 1240 5483 Eum
1273 5445 1486 5499 quoque
1519 5419 1747 5497 morem,

183 5497 259 5564 {tuo
295 5497 469 5564 synodi
516 5497 756 5555 decreta
814 5500 1033 5553 nomine
1080 5516 1181 5554 suo
1230 5497 1447 5555 mittere
1507 5515 1570 5555 ac
1624 5514 1752 5556 nota

186 5554 515 5641 infere'iidem
562 5554 869 5641 pontiﬁces
898 5582 1324 5632 consueverant,
1368 5554 1561 5626 firmat
1584 5554 1755 5628 Atlia:

186 5640 351 5714 assius,
393 5655 511 5714 cum
546 5640 775 5714 litteras
821 5641 886 5714 ad
925 5641 1333 5696 alexandrinum
1380 5644 1695 5714 episcopum
1726 5659 1758 5701 e

188 5703 351 5779 539949
371 5711 557 5767 missas
595 5711 874 5779 Dionysio
906 5727 1056 5779 papae
1081 5714 1362 5767 adscribit.

238 5773 510 5902 (‘gVidesjs
533 5773 876 5844 Tillembnt,
904 5773 1198 5864 @fémoires,
1223 5794 1352 5839 tom.
1382 5799 1606 5868 tynpag.
1634 5786 1760 5870 lie,

238 5857 257 5897 l'
314 5887 326 5902 .
354 5850 539 5902 Datus-
585 5868 739 5902 nam
766 5891 786 5902 -
842 5851 971 5902 édtt-
1026 5855 1289 5902 Bruxell.:
1328 5854 1565 5902 lelmr-
1621 5856 1754 5902 "ul-

192 5850 326 5927 ’2'?)-
354 5850 539 5924 Denis,
585 5868 739 5927 papa
766 5891 787 5920 ,
815 5851 981 5927 _é_d_it._
1023 5855 1291 5922 Bruxell.;
1328 5850 1581 5927 Ceillier,’
1619 5850 1755 5913 Hist.

197 5913 343 5989 σωκ,
368 5913 610 5993 tantum.
642 5913 783 5999 [538;
812 5922 938 5990 327,
969 5925 1024 5982 in
1055 5936 1171 5984 net.
1202 5944 1255 5984 α.

574 6017 877 6086 Panos.
922 6014 1003 6082 ν.

1858 2010 2282 2066 Alexandrinum
2330 2014 2553 2070 minime
2601 2018 2861 2072 Convenit
2907 2019 3135 2076 subnexi
3186 2021 3475 2092 fragmenti

1856 2102 2161 2169 exordium,
2193 2104 2247 2158 in
2274 2120 2380 2175 quo
2416 2106 2704 2177 Dionysius
2734 2108 3009 2165 Romanus
3033 2120 3144 2167 tres
3178 2112 3418 2171 Deitates
3439 2131 3472 2170 a

1856 2193 2181 2263 quibusdam
2212 2195 2390 2251 induci
2419 2198 2698 2267 praefatus,
2722 2202 2903 2256 statim
2932 2194 3172 2274 adjungit
3201 2224 3213 2259 :
3244 2224 3263 2264 ί
3294 2208 3472 2262 Audio

1856 2286 2001 2340 enim
2032 2286 2294 2356 quosdam
2315 2330 2327 2348 .
2360 2290 2451 2359 qui
2481 2289 2727 2346 divinum
2758 2292 2994 2348 Verbum
3026 2296 3169 2365 apud
3199 2312 3297 2352 vos
3327 2313 3470 2368 prte-

1855 2376 2065 2441 dicant,
2099 2387 2155 2433 et
2183 2378 2412 2446 docent,
2449 2381 2610 2453 hujus
2638 2385 2909 2454 opinionis
2937 2389 3227 2458 magistros
3255 2403 3399 2445 esse.
3444 2410 3463 2444 ι

1854 2469 1969 2525 Non
1999 2472 2141 2526 enim
2175 2472 2221 2526 is
2250 2474 2485 2528 amicum
2515 2476 2666 2546 vagis
2696 2493 2759 2537 ac
2784 2479 3131 2548 generalibus
3159 2481 3471 2551 hojusmodi

1856 2561 2035 2617 verbis
2071 2558 2358 2634 arguebat,
2388 2567 2482 2620 sed
2521 2568 2789 2637 speciales
2824 2571 2924 2640 ipsi
2957 2571 3207 2628 mittebat
3241 2586 3467 2631 senten-

1856 2654 1958 2708 tias
1984 2668 2050 2709 ex
2075 2657 2296 2723 scriptis
2326 2656 2470 2713 illius
2498 2672 2807 2731 excerptas,
2838 2674 2893 2717 et
2924 2672 2983 2717 ut
3010 2679 3106 2720 eas
3127 2666 3470 2737 explauaret,

1854 2747 2199 2803 admonebat.

1925 2840 2177 2910 Epistolw
2193 2858 2228 2897 tt
2246 2841 2350 2915 (1),
2369 2860 2455 2899 seu
2487 2848 2657 2917 aperis
2674 2846 2911 2921 Dionysii
2926 2866 3076 2921 papae
3096 2852 3339 2909 adversus
3361 2855 3465 2912 Sa-

1854 2933 2102 2989 bellianos
2158 2932 2464 3005 Fragmenti
2509 2939 2709 2993 notitia.
2744 2971 2813 2979 —
2848 2940 3062 3011 Insigne
3108 2942 3468 3015 fragmentum

1854 3024 2113 3095 Epistolze
2179 3038 2366 3083 contra
2431 3030 2757 3085 sabellianos
2813 3047 2843 3085 a
2899 3032 3157 3105 Dionysio
3221 3037 3469 3095 Romano

1849 3129 2084 3173 exarata!
2123 3119 2383 3175 debemus
2433 3123 2765 3189 Athanasio,
2801 3138 2829 3176 a
2870 3139 2977 3194 quo
3017 3126 3071 3179 in
3120 3126 3365 3196 Epistola
3396 3131 3465 3187 de

1854 3211 2098 3268 Decretis
2130 3212 2352 3268 nicamae
2399 3214 2591 3292 synodi
2635 3232 2784 3270 num.
2812 3215 2903 3282 26,
2937 3218 3017 3271 sic
3058 3218 3309 3274 laudatur
3340 3220 3422 3294 (2)
3451 3240 3467 3276 :

485 3362 538 3378 Α,
573 3364 587 3378 Α
676 3362 688 3374 ο
962 3360 975 3378 _
1284 3376 1328 3378 η
1556 3360 1590 3378 ν
1615 3377 1622 3378 7
1647 3376 1658 3378 Α
1687 3377 1709 3378 η
1778 3293 1826 3358 C
1864 3322 1882 3356 ι
1922 3305 2205 3376 Dionysius
2225 3320 2440 3376 quoque
2466 3306 2655 3361 Romre
2675 3308 2978 3378 Episcopus
3006 3311 3251 3367 scribens
3276 3324 3468 3369 contra

188 3361 400 3431 scriptum
423 3362 538 3417 est?
562 3364 644 3416 An
676 3360 934 3430 ignoratis
960 3360 1099 3416 hanc
1126 3375 1248 3416 esse
1273 3360 1743 3427 consuetudinem,
1816 3399 1818 3402 μ

1850 3397 2199 3460 sabellianos,
2233 3397 2496 3452 adversus
2530 3399 2671 3462 illos,
2706 3400 2797 3467 qui
2832 3399 3029 3453 talia...
3066 3400 3297 3473 (scilicet
3327 3404 3468 3461 Ver-

1852 3489 1976 3544 bum
2007 3488 2204 3544 factum
2252 3498 2308 3543 ct
2350 3499 2596 3561 creatum
2626 3490 2770 3562 esse)
2812 3492 3015 3546 audent
3055 3492 3272 3562 dicere,
3326 3497 3469 3552 indi-

1848 3591 2043 3653 gnatur
2092 3581 2176 3635 his
2217 3582 2414 3637 verbis.
2461 3601 2481 3633 ι
2518 3582 2597 3637 Ex
2642 3597 2711 3637 eo
2761 3599 2929 3654 opere
2976 3596 3296 3656 excerptum
3346 3600 3466 3657 est,

1851 3676 1991 3745 quod
2017 3675 2158 3730 idem
2180 3675 2526 3741 Athanasius,
2553 3676 2785 3745 epistola
2809 3677 2879 3731 de
2908 3681 3177 3735 sententia
3204 3681 3466 3754 Dionysii,

1848 3782 1997 3822 num.
2028 3766 2118 3833 15,
2148 3778 2335 3821 contra
2366 3766 2733 3831 sabellianos,
2773 3779 2829 3824 et
2856 3784 2984 3833 eos,
3016 3770 3106 3841 qui
3138 3770 3259 3841 ejus
3281 3783 3467 3829 essent

1848 3860 2155 3919 sententiae,
2187 3857 2257 3913 ob
2284 3873 2445 3927 quam
2472 3859 2638 3914 Arius
2668 3859 2735 3913 ab
2764 3858 3007 3915 Ecclesia
3041 3851 3227 3931 postea
3259 3864 3467 3935 ejectus

1850 3960 1966 4019 est,
2018 3952 2281 4021 scriptum
2332 3950 2499 4019 dicit,
2548 3951 2799 4023 quodque
2839 3953 2907 4006 ab
2949 3954 3177 4022 epistola
3221 3956 3465 4026 ejusdem

1850 4045 2119 4114 pontillcis
2146 4044 2213 4099 ad
2246 4044 2561 4114 Dionysium
2610 4044 3037 4100 Alexandrinum
3088 4046 3251 4103 simul
3296 4049 3463 4105 missa

1850 4137 2295 4208 distinguendum
2344 4151 2501 4203 esse,
2550 4137 2605 4193 in
2645 4138 2943 4208 superioris
2992 4140 3241 4210 epistola:
3279 4143 3469 4198 notitia

1850 4230 2221 4298 probavimus.
2272 4229 2331 4284 In
2392 4228 2498 4283 hoc
2555 4244 2720 4298 opere
2772 4230 3055 4303 Dionysius
3102 4233 3463 4291 tritheitarum

1853 4322 2075 4393 dogma.
2123 4321 2208 4376 cui
2251 4320 2653 4377 Alexandrinos
2703 4322 2898 4391 praesul
2947 4322 3129 4379 favere
3162 4324 3462 4395 videbatur,

1848 4416 1923 4470 ita
1970 4414 2204 4481 refellit,
2240 4424 2379 4469 utet
2422 4414 2845 4471 sabellianorum
2896 4417 3253 4482 sententiam,
3303 4437 3463 4491 quam

1849 4506 2196 4577 impugnabat
2251 4506 2391 4561 idem
2450 4507 2723 4569 Antistes,
2770 4508 2932 4561 simul
2982 4508 3244 4565 confutet.
3280 4510 3465 4583 anue

1850 4599 2042 4669 agendi
2086 4599 2294 4653 ratione
2333 4598 2716 4654 defensoribus
2756 4598 3017 4655 Ecclesia:
3058 4617 3254 4672 magno
3294 4604 3465 4660 docu-

1768 4684 1825 4746 D
1854 4701 2035 4746 mento
2079 4691 2171 4746 fuit
2197 4730 2212 4757 ,
2246 4704 2357 4761 quo
2399 4700 2590 4745 contra
2635 4690 2873 4746 hatreses
2920 4707 2982 4745 ea
3034 4693 3317 4761 prudentia
3361 4695 3465 4751 sibi

1852 4780 2263 4845 decertandum,
2297 4794 2418 4835 esse
2449 4780 2671 4847 scirent,
2702 4789 2759 4835 ot
2782 4792 2834 4835 et
2862 4781 3139 4851 oppositas
3165 4800 3271 4838 non
3301 4785 3464 4841 modo

1853 4884 2139 4942 caverent,
2172 4889 2357 4931 verum
2388 4875 2550 4930 etiam
2578 4876 2738 4931 simul
2766 4876 3118 4933 debellat-ent.
3154 4878 3466 4951 Fragmenti

1855 4967 2018 5039 hujus
2063 4967 2237 5039 stylus
2275 4968 2559 5037 epistolam
2594 4968 2763 5036 sapit,
2798 4978 3054 5024 tractatus
3092 4986 3156 5026 ac
3194 4972 3468 5044 discepta-

1857 5061 2020 5118 tionis
2062 5061 2279 5119 fusioris
2319 5076 2471 5116 more
2506 5061 2900 5131 conscriptam,
2946 5062 3133 5133 quales
3184 5064 3469 5137 Dionysius

1857 5155 2258 5212 Alexandrinus
2290 5154 2532 5209 scribens
2563 5154 2630 5209 ad
2661 5153 2911 5225 Xystum,
2965 5157 3131 5213 fuisse
3161 5157 3320 5214 docet
3347 5141 3465 5228 cpi:-

1854 5250 2054 5313 stolas,
2107 5262 2241 5319 quas
2283 5246 2543 5302 adversus
2594 5255 2906 5301 nascentem
2951 5248 3182 5303 Sabellii
3214 5250 3462 5305 haeresim

1855 5343 2095 5397 mis’erat.
2136 5338 2228 5393 Vel
2256 5337 2321 5393 ad
2352 5353 2445 5393 eas
2468 5338 2836 5408 Pentapoleos
2858 5340 3116 5396 ecclesias
3136 5380 3148 5401 .
3178 5341 3231 5394 in
3260 5342 3462 5411 quibus

1856 5444 1973 5491 orta
2004 5443 2059 5488 et
2092 5441 2382 5502 propagata
2413 5440 2532 5486 erat
2556 5430 2775 5486 Sabellii
2805 5432 3049 5499 haeresis,
3083 5433 3162 5488 vel
3194 5433 3262 5489 ad
3292 5435 3465 5505 ipsam

1857 5524 2295 5589 alexnndriuam,
2343 5523 2431 5577 cui
2481 5534 2710 5593 praeerat
2758 5523 3075 5596 Dionysius.
3126 5527 3210 5581 vel
3252 5527 3317 5581 ad
3346 5529 3465 5597 ejus

1932 5638 2010 5711 (l)
2052 5636 2430 5715 llsec_epistola
2461 5635 2511 5715 in
2535 5634 3128 5715 nostraeditipuefactg
3155 5648 3243 5715 est
3267 5641 3456 5707 prima,

1861 5701 2375 5779 cum'epistola'qua:
2400 5709 2569 5776 prima
2595 5708 2831 5779 exhibita
2852 5705 3015 5761 fuerit
3040 5726 3067 5762 a
3104 5701 3163 5764 ἰ).
3203 5701 3464 5764 constan-

1868 5783 1964 5848 tio,
1999 5776 2174 5836 iuliac
2193 5776 2304 5849 ipsa
2334 5787 2480 5834 extet
2506 5780 2714 5840 notitia,
2743 5776 2904 5848 hujus
2933 5782 3088 5835 artic.
3118 5797 3152 5834 ιι
3180 5781 3348 5849 initio.

1936 5850 2018 5923 (ἢ)
2069 5847 2356 5923 Albanas,
2407 5859 2629 5923 tom.‘t,
2683 5859 2884 5923 parm,
2935 5850 3002 5905 de
3052 5850 3253 5907 Decret.
3308 5847 3459 5917 Nic.,

1868 5943 1922 5983 ιι.
1945 5917 2043 5993 ΞΒ,
2072 5936 2189 5995 pag.
2223 5919 2350 5991 182,
2381 5920 2510 5977 edit.
2541 5917 2832 5978 Patavina}.

3006 6012 3043 6076 Ῑι
