3888 6342
383 387 486 444 107

1293 374 1384 432 DE
1422 372 1690 432 SANCTO
1724 364 2046 429 'DlO‘NYSlO
2073 366 2362 424 ROMANO
2399 362 2785 423 PONTIFICE.
2854 403 2859 406 -

3584 355 3688 417 103

379 504 648 560 delatores
688 497 1038 569 probabiliter
1080 496 1243 551 missa
1272 504 1376 551 est.
1407 494 1486 550 Ad
1517 494 1724 548 initium
1756 490 1975 562 pontili-
2004 491 2056 551 Α
2085 487 2243 542 1008.
2308 485 2536 540 Easdem
2606 479 2858 538 falsitatis
2915 473 3188 533 convictas
3251 474 3434 532 videre
3493 484 3581 531 est
3635 475 3686 528 in

382 606 533 650 catus
562 592 796 662 Dionysii
825 606 926 652 una
952 605 1074 645 cum
1103 589 1382 657 superiore
1411 587 1622 641 videtur
1660 581 1941 638 referenda
1965 622 1978 645 ,

384 670 571 755 utpote
599 683 684 738 cui
710 684 1049 738 occasionem
1086 680 1236 735 dedit
1279 678 1582 742 accusatio,
1607 691 1763 746 quam
1794 673 1982 726 litterae

389 777 560 849 Xysto
599 790 750 846 papa:
792 774 968 828 missae
1008 779 1352 842 pepererunt.
1387 757 1656 822 Hactenus
1697 765 1986 835 perdoctus

385 872 449 927 P.
497 869 814 925 Coutantius
858 866 1155 922 monachus
1199 862 1570 918 bettedictinus
1615 874 1646 913 e
1691 871 1984 926 congrega-

388 966 531 1018 tione
558 963 615 1019 S.
647 961 836 1023 Mauri,
874 969 1020 1015 totno
1049 976 1067 1014 ι
1103 956 1451 1029 Epistolarum
1494 968 1820 1007 romanorum
1860 965 1986 1020 pon-

387 1058 602 1126 tiﬁcum,
639 1071 760 1126 pag.
793 1053 899 1108 27?.
918 1062 972 1108 et
1000 1067 1152 1125 seqq.

462 1149 728 1204 Editiones
767 1149 921 1218 hujus
965 1148 1191 1217 epistola:
1223 1143 1556 1215 Dionysium
1595 1139 1887 1212 fragmenti.
1919 1165 1986 1177 ~—

388 1244 772 1312 Fragtnentum
799 1240 1040 1309 epistola:
1063 1254 1159 1293 seu
1189 1238 1372 1307 operis
1399 1234 1709 1306 Dionysiani
1734 1231 1987 1284 adversus

383 1336 709 1391 sabellianos
755 1349 784 1387 a
831 1331 1118 1387 Coutautio
1165 1330 1400 1394 editum,
1448 1324 1740 1394 rcimpt-imi
1784 1319 1989 1376 curavit

383 1430 447 1484 P.
479 1428 681 1491 Mansi,
713 1436 860 1481 tonio
897 1441 915 1479 ι
957 1423 1188 1478 Collect.
1221 1422 1388 1490 ampl.
1420 1418 1699 1475 concilior.
1734 1428 1838 1467 una
1864 1426 1984 1466 cum

383 1521 853 1580 observationibus
879 1516 1226 1574 eruditissimi
1265 1515 1423 1583 hujus
1453 1509 1700 1566 monachi
1730 1505 1986 1560 benedic-

381 1618 500 1679 tini,
533 1631 560 1667 a
594 1631 712 1683 pag.
747 1610 1075 1666 1000-1016.
1108 1608 1257 1663 Idem
1291 1608 1644 1676 fragmentum
1687 1600 1988 1654 indefessus

383 1706 727 1768 Gallandius,
763 1714 910 1758 tomo
959 1718 1014 1756 ιιι
1071 1700 1408 1756 ιιίὺιὶυιιιεοςυ
1453 1712 1562 1750 sua:
1614 1694 1712 1749 SS.
1744 1701 1986 1746 veterum

384 1811 595 1871 patrum
649 1798 910 1860 inseruit,
969 1802 1128 1862 atque
1177 1793 1230 1844 in
1280 1806 1344 1845 eo
1395 1786 1604 1842 edendo
1645 1781 1987 1838 Coutantium

2089 578 2353 633 Blondclli
2403 573 2903 638 Pseudo-Isidoro,
2957 585 3074 641 pag.
3125 569 3255 637 349,
3288 583 3404 640 seq.
3446 579 3506 624 et
3553 566 3690 637 apud

2090 671 2500 733 Schelstratum,
2534 667 2795 736 Atiliilltil.
2830 665 3108 730 illustrat.,
3142 674 3270 717 tom.
3304 678 3360 717 ιι.

2162 763 2278 816 Alia
2307 778 2462 830 Opera
2488 759 2550 815 S.
2583 758 2832 830 Dionysio
2856 757 2988 811 male
3007 756 3363 826 adscripta.—
3386 752 3693 809 Ludovicus

2090 857 2319 912 JaCobus
2350 870 2378 906 a
2406 863 2592 908 sancto
2615 851 2815 906 Carolo
2847 850 2951 920 (1),
2987 850 3130 904 varia
3152 847 3404 917 opuscula
3437 848 3697 918 Dionysio

2093 952 2334 1004 Romano
2354 945 2610 1000 adscribit
2642 964 2654 998 :
2686 943 2933 998 nimirum
2963 957 3031 996 ex
3060 941 3376 1010 fragmentis
3403 936 3700 993 Commen-

2093 1045 2189 1099 titii
2220 1041 2533 1114 Luitprandi
2582 1039 2856 1095 licinensis
2902 1037 3086 1091 librant
3133 1037 3198 1088 de
3233 1035 3350 1089 Silu
3379 1033 3573 1098 Orbis;
3602 1032 3698 1087 sed

2091 1147 2172 1193 est
2197 1152 2352 1192 error
2384 1136 2516 1190 satis
2548 1132 2885 1197 manifestus,
2916 1127 3130 1200 quando
3151 1129 3253 1199 ipsi
3279 1129 3535 1183 tribuitur
3565 1127 3700 1181 liber

2091 1232 2158 1285 de
2186 1231 2286 1283 situ
2314 1228 2481 1291 orbis,
2513 1243 2635 1282 cum
2671 1237 2781 1280 toto
2811 1225 2950 1279 cudo
2976 1233 3031 1278 et
3051 1222 3286 1293 majore,
3316 1235 3480 1290 quam
3515 1217 3702 1272 szeculi

2093 1319 2375 1376 intervallo
2397 1318 2608 1373 dill‘erat
2633 1317 2700 1371 ab
2720 1316 2976 1386 episcopo
3006 1314 3109 1369 hoc
3135 1311 3387 1383 Diutiysio
3412 1309 3704 1380 Dionysius

2093 1413 2400 1482 Periegetcs
2441 1410 2720 1474 ethnicus,
2763 1407 2919 1477 cujus
2959 1420 3176 1460 carmen
3209 1417 3442 1474 grtecum
3490 1403 3704 1471 insigne

2094 1505 2251 1574 hujus
2277 1503 2582 1572 argumenti
2611 1501 2890 1555 habemus.
2923 1485 3178 1553 Similiter
3205 1493 3334 1549 ferri
3359 1509 3469 1548 non
3501 1500 3703 1561 potest,

2093 1597 2234 1667 quod
2286 1597 2354 1651 ab
2402 1596 2593 1650 eodem
2637 1601 2858 1647 auctore
2895 1610 2912 1643 ι
2949 1589 3384 1646 Comtnentarius
3438 1585 3705 1640 adversus

2092 1690 2302 1742 arianas
2334 1689 2565 1742 hereses
2589 1685 3029 1758 Dionysio'papw
3061 1679 3331 1744 tribuitur,
3363 1678 3525 1748 cujus
3561 1688 3702 1731 tem-

2097 1799 2226 1852 pore
2271 1780 2384 1836 Atii
2437 1779 2676 1834 hasretici
2727 1795 2921 1832 nomen
2973 1775 3209 1831 nondum
3265 1782 3384 1828 erat
3435 1771 3704 1836 auditum,

383 1866 450 1946 ἦ.
483 1891 544 1946 C.
577 1889 680 1944 sibi
723 1874 1057 1957 sequendum
1084 1883 1384 1937 constituit.
1423 1877 1760 1934 Christianus
1802 1871 1990 1927 Fride-
2019 1879 2067 1938 B
2096 1875 2239 1945 quod
2282 1875 2397 1928 ﬁeri
2449 1875 2676 1944 primum
2709 1875 2866 1943 empit
2897 1873 2966 1926 ab
2995 1885 3136 1924 anno
3166 1869 3290 1923 516.
3339 1867 3529 1937 Neque
3559 1886 3578 1920 ς
3612 1866 3710 1922 ad-

385 1985 529 2040 ricus
575 1982 834 2037 Raslcrns
876 1978 1147 2032 laudatum
1193 1973 1574 2042 Fragmentum
1616 1965 1990 2036 dionysianum

383 2091 558 2146 grtece
591 2082 796 2138 tantum
826 2069 1019 2124 additis
1061 2065 1377 2138 quibusdam
1409 2064 1462 2116 in
1488 2058 1773 2116 vernacula
1807 2056 1986 2124 lingua

382 2145 852 2224 observationibus
899 2177 964 2216 ex
1025 2156 1300 2212 Athanasii
1351 2152 1576 2224 epi~tola
1632 2151 1700 2203 de
1753 2145 1992 2201 Decretis

385 2258 580 2332 synodi
629 2257 847 2310 nicaenac
889 2254 1038 2320 juxta
1085 2249 1375 2303 editionem
1422 2239 1802 2298 Montl‘anconii
1844 2235 1992 2291 Pari—

385 2330 618 2408 siensem
662 2348 730 2404 de
769 2362 911 2401 anno
952 2342 1121 2411 1698,
1164 2341 1384 2396 exhibet
1424 2339 1475 2390 in
1524 2351 1616 2390 sua
1665 2330 1993 2387 Bibliotheca

386 2452 518 2500 vett.
549 2451 784 2512 patrum,
818 2448 965 2508 parte
996 2453 1055 2500 ll,
1085 2434 1300 2504 Lipsiaa,
1331 2432 1490 2494 i777,
1522 2427 1681 2492 iii-8°,
1715 2440 1833 2494 pag.
1862 2423 1992 2477 581-

390 2538 517 2594 584.
569 2534 808 2604 Denique
852 2530 1154 2585 indefessus
1206 2527 1263 2578 Ρ.
1318 2521 1623 2577 Dominicus
1673 2516 1988 2578 Schramm,

387 2639 534 2685 tomo
569 2643 620 2682 γι
667 2624 918 2695 Analysis
952 2618 1049 2675 SS.
1084 2619 1339 2679 Patrum,
1371 2628 1511 2667 anno
1547 2609 1704 2670 1784,
1736 2607 1991 2674 Angusta:

384 2719 786 2774 Vindelicorum
810 2715 1075 2783 impresso
1107 2709 1271 2762 latine
1303 2714 1508 2760 tantum
1545 2701 1824 2772 praelatum
1855 2696 1989 2750 Fra-

387 2821 665 2883 gmentum
694 2803 990 2875 reimprimi
1015 2801 1219 2857 curavit
1246 2816 1272 2851 a
1299 2814 1419 2868 pag.
1451 2793 1713 2850 415-417.

461 2905 699 2976 Epistola
725 2900 963 2970 Dionysii
994 2895 1215 2950 Romani
1243 2893 1309 2944 ad
1338 2890 1673 2944 Cwsaricnses
1698 2887 1752 2938 in
1779 2882 1991 2961 Coppa:

388 3000 537 3053 docia
573 2993 858 3062 deperdita.
893 3020 954 3030 —-
995 2989 1225 3042 Sanctus
1269 2982 1496 3037 Basilius
1543 2979 1699 3048 paulo
1744 2976 1992 3045 superius

386 3093 647 3159 allegatus
678 3088 924 3146 testatur,
963 3079 1272 3150 Dionysium
1305 3089 1493 3145 papam
1524 3086 1682 3125 unam
1715 3069 1781 3122 ad
1811 3068 1989 3121 eccle-

385 3185 521 3239 siam
549 3183 811 3237 Cazsarete
835 3177 888 3229 in
910 3171 1248 3242 Cappadocia
1275 3164 1657 3237 perscripsisse
1686 3160 1988 3229 epistolam,

388 3289 447 3332 ut
475 3292 591 3331 eam
623 3271 932 3328 consoletur
972 3267 1039 3320 de
1085 3263 1392 3318 incursione
1439 3258 1837 3318 Barbarorum,
1887 3267 1992 3320 qua
2023 3255 2066 3317 ρ

389 3377 579 3425 vexata
632 3366 834 3425 fuerat;
880 3359 1033 3428 cujus
1079 3355 1398 3428 αὐτογράφον
1448 3351 1500 3402 in
1551 3349 1691 3401 illius
1739 3344 1994 3399 Ecclesia:

390 3460 630 3518 archivio
656 3470 845 3526 magna
868 3467 995 3507 cura
1013 3450 1354 3504 adservatmn
1383 3445 1497 3513 ipse
1522 3441 1693 3495 oeulis
1722 3440 1831 3492 suis
1853 3437 1995 3491 vide-

386 3564 501 3618 rat;
537 3567 718 3607 verum
746 3544 1083 3616 sequioribus
1103 3537 1430 3608 temporibus
1445 3537 1700 3588 amissum
1720 3532 1989 3586 dolemus.

469 3643 727 3714 Epistola:
755 3639 875 3693 dote
920 3635 1112 3690 illustri
1165 3630 1402 3700 Dionysii
1449 3641 1601 3697 papae
1652 3623 1865 3677 nomine
1905 3636 1994 3674 or-

395 3749 536 3796 nata:
567 3731 1039 3791 circumferuntur.
1069 3725 1224 3779 Prior
1256 3723 1319 3775 ad
1352 3719 1626 3776 Urbanum
1658 3714 1987 3785 put-fectum,

393 3836 641 3888 hortatur
669 3842 811 3892 eum,
851 3843 870 3875 ι
906 3823 1174 3891 sapienter
1197 3816 1506 3886 disponere,
1539 3823 1592 3867 et
1613 3811 1854 3880 judicare
1876 3822 1994 3876 quae

394 3926 474 3979 illi
518 3920 803 3977 commissa
849 3923 992 3968 sunt.
1033 3930 1051 3962 ι
1089 3911 1217 3964 Data
1262 3917 1342 3962 est
1374 3923 1424 3960 iv
1466 3920 1632 3959 nonas
1677 3900 1990 3962 Februarii,

399 4017 692 4074 Aureliano
714 4021 767 4066 et
789 4012 954 4065 Basso
979 4007 1104 4059 viris
1126 4002 1436 4057 clarissimis
1458 3996 1783 4052 consulibus.
1806 3993 1994 4047 Poste-

396 4116 510 4170 rior
556 4113 760 4167 Severo
799 4103 1053 4159 scribitur
1084 4099 1339 4167 episcopo
1371 4113 1382 4146 :
1416 4093 1482 4146 de
1527 4090 1784 4146 Ecclesiis
1833 4103 1991 4157 paro-

399 4207 626 4268 chianis,
660 4211 720 4257 ut
745 4198 970 4267 singula:
997 4191 1224 4262 singttlis
1253 4187 1449 4242 dentur
1480 4182 1826 4255 ltresbyteris,
1860 4189 1914 4234 et
1941 4187 1999 4232 ut

399 4300 578 4355 nullus
608 4294 830 4349 alterius
865 4285 1135 4358 parochias
1185 4280 1476 4344 terminos,
1505 4275 1588 4329 vel
1621 4275 1709 4343 jus
1757 4271 1992 4325 invadat.

400 4393 535 4446 Data
592 4395 673 4443 est
719 4401 747 4436 v
788 4382 861 4436 id.
892 4376 1180 4448 septembr.
1226 4370 1450 4427 Claudio
1491 4378 1545 4424 et
1591 4367 1822 4420 Paterno
1869 4361 1998 4414 viris

402 4479 716 4540 clarissimis
761 4489 902 4530 coss.
941 4469 1192 4526 Subditas
1238 4480 1359 4520 esse
1409 4462 1663 4532 Dionysio
1705 4457 1995 4528 epiStolas,

403 4577 600 4632 docent
625 4582 678 4626 et
705 4568 874 4639 stylus
897 4606 909 4627 ,
946 4561 1199 4631 Dionysio
1231 4559 1348 4610 viro
1376 4553 1688 4609 doctissimo
1718 4549 1995 4616 indignus,

401 4671 457 4723 et
486 4661 880 4730 inscriptiones.
913 4656 1122 4707 Annum
1154 4665 1364 4713 ccuxt,
1390 4659 1649 4714 aperuere
1679 4639 2001 4694 Aurelianus
2025 4641 2079 4704 D

406 4769 458 4814 et
501 4759 728 4815 Bassus,
763 4763 870 4819 quo
903 4758 1146 4813 tempore
1189 4739 1468 4809 Dionysius
1506 4735 1569 4789 ad
1610 4737 1711 4788 l'ata
1745 4739 2003 4791 venerat;

409 4848 613 4906 Claudii
651 4843 865 4913 quidem
896 4849 948 4892 ct
978 4833 1195 4890 Paterni
1243 4830 1522 4885 consulatu
1559 4825 1837 4896 epistolam
1871 4822 2004 4876 scri-

407 4945 535 4999 bere
559 4937 839 5009 Dionysius
870 4933 1060 5001 poutit.
1093 4927 1173 4984 Ad
1207 4925 1464 4980 Severum
1497 4931 1671 4975 tamen
1704 4935 1806 4973 non
1834 4917 2003 4985 scrip-

406 5037 574 5096 sisse,
618 5046 683 5084 eo
724 5031 969 5088 constat,
1011 5019 1152 5091 quod
1184 5014 1508 5087 ignoraret-it
1549 5011 1784 5065 larvatus
1817 5018 2006 5062 auctor

407 5125 681 5198 epistola},
731 5115 947 5172 Paterni
992 5112 1253 5179 collegam
1299 5104 1582 5159 Claudium
1623 5102 2002 5172 imperatorem

405 5193 604 5281 fuisse,
649 5211 790 5284 quod
839 5221 1022 5263 verum
1059 5200 1368 5272 Dionysium
1414 5197 1613 5261 latere,
1662 5210 1765 5248 non
1808 5193 2002 5264 potuit.

408 5312 622 5367 Initium
673 5305 913 5374 epistolae
976 5295 1253 5366 impostori
1318 5289 1597 5346 lmneravit
1644 5287 1839 5341 Leonis
1893 5283 2004 5352 epi-

412 5407 547 5463 stola
577 5405 704 5456 ‘xxtv
736 5417 748 5452 :
792 5416 810 5448 ‹
849 5395 988 5448 Olim
1019 5401 1073 5445 et
1104 5391 1171 5444 ab
1193 5389 1344 5442 initio
1372 5395 1570 5440 tantam
1613 5382 1950 5452 percepimus
1977 5395 2006 5433 a

403 5500 466 5555 Β.
520 5497 683 5550 Petro
733 5487 1099 5558 apostolorum
1151 5479 1390 5549 principe
1444 5475 1708 5529 ﬁduciam.
1765 5492 1783 5523 ι
1832 5472 2005 5526 Locos

405 5592 564 5648 etiam
612 5581 837 5641 inseruit
881 5595 944 5634 ex
997 5573 1258 5644 Gregorio
1302 5572 1512 5640 Magno.
1547 5567 1907 5622 Consulantur
1955 5571 2010 5618 et

405 5684 528 5740 libri
552 5698 630 5743 tv,
654 5673 881 5748 epistola
905 5670 997 5734 5%,
1025 5677 1080 5723 et
1109 5664 1230 5720 libri
1259 5679 1355 5727 vn,
1384 5661 1606 5732 epidola
1640 5661 1762 5722 115.
1787 5658 1842 5713 S.
1868 5657 2004 5713 Gre-

407 5775 541 5846 gorii
566 5769 742 5840 Magni
771 5764 1140 5836 epistularum.
1166 5757 1354 5813 Amba:
1374 5753 1629 5812 extantin
1652 5754 1850 5808 noviss.
1883 5751 2005 5807 Col-

409 5837 1022 5924 loctioneiconciliorum
1055 5852 1195 5923 apud
1225 5849 1413 5917 Mausi,
1438 5858 1587 5906 tomo
1613 5863 1648 5915 ι,
1684 5861 1803 5919 pag.
1831 5837 2002 5902 1004-

2096 1982 2282 2022 versus
2303 1965 2527 2019 Paulum
2551 1967 2963 2020 Samosatenutn
2990 1960 3204 2029 scripsit
3233 1959 3523 2030 Dionysius
3545 1972 3708 2028 papa,

2098 2058 2170 2111 uti
2223 2056 2476 2127 praelatus
2520 2055 2754 2126 scriptor
2803 2064 2987 2124 putat,
3021 2052 3116 2108 sed
3152 2050 3439 2122 Dionysius
3486 2049 3713 2103 alexan—

2096 2150 2280 2204 drinus
2301 2149 2621 2219 Episcopus,
2642 2149 2778 2204 sicut
2809 2164 2838 2202 a
2866 2142 3136 2216 Caveo(2)
3158 2146 3267 2214 jam
3292 2141 3430 2198 bene
3456 2149 3710 2196 notatum

2099 2242 2278 2298 video.

2683 2325 2979 2367 ARTICULUS
3018 2325 3099 2364 111.

2362 2427 2590 2476 Doctrina
2613 2426 2667 2475 S.
2693 2425 2910 2487 Dionysii
2933 2424 3136 2473 Romani
3161 2422 3432 2473 Pontiﬁcis.

2415 2530 2442 2599 §
2484 2531 2521 2583 Ι.
2554 2560 2624 2571 -—
2660 2528 2738 2583 De
2761 2530 3075 2583 sanctissima
3105 2526 3369 2583 Trinitate.

2172 2647 2482 2716 llefnmntur
2511 2661 2541 2697 a
2575 2646 2636 2699 S.
2677 2643 2922 2714 Dionysio
2968 2643 3228 2696 Tritlieit/e
3265 2651 3311 2696 et
3358 2641 3713 2697 Marcioniue.

2100 2739 2223 2792 Tres
2271 2740 2459 2792 divina:
2503 2735 2745 2791 Persona:
2785 2748 2990 2806 propter
3031 2745 3228 2789 natura:
3260 2732 3523 2788 Unitatetn
3567 2735 3715 2788 inse-

2101 2834 2352 2898 purabiles
2375 2842 2590 2885 sntit.—
2616 2830 2782 2886 Sicuti
2813 2828 3140 2884 marcionitze
3169 2827 3570 2898 quodammodo
3594 2837 3713 2882 tres

2099 2926 2238 2978 Deos
2283 2925 2716 2988 constituebant,
2749 2922 2876 2976 dtttn
2910 2923 2960 2975 in
2993 2931 3100 2974 tres
3140 2922 3467 2976 substantias
3516 2919 3717 2975 alieni-

2098 3033 2294 3086 genas,
2328 3028 2382 3071 ct
2411 3019 2549 3072 inter
2581 3033 2638 3072 se
2664 3016 2884 3070 omnino
2913 3026 3222 3084 segregatos
3249 3023 3486 3069 sanetam
3522 3013 3720 3069 Unita-

2101 3121 2208 3163 tcm
2237 3110 2725 3177 dispartiebantur;
2753 3109 2877 3186 hinc
2904 3118 3127 3182 san-ctus
3156 3108 3440 3178 Dionysius
3468 3108 3720 3175 appellat

2101 3204 2396 3258 dot'ttinam
2431 3205 2568 3258 hanc
2598 3204 2798 3257 lutilem
2823 3219 2882 3258 ac
2907 3202 3219 3256 diabolicitn
3249 3221 3260 3255 :
3299 3220 3318 3252 ι
3354 3200 3485 3254 Nam
3515 3200 3716 3267 futilis,

2104 3295 2274 3363 inquit
2303 3293 2406 3366 (3),
2442 3293 2721 3348 Marcionis
2753 3293 3064 3348 doctrina...
3099 3293 3359 3348 diabolica
3387 3302 3490 3347 est.
3523 3311 3542 3342 ›
3571 3292 3720 3347 Sub-

2096 3387 2270 3455 jttngit
2317 3389 2544 3452 deinde,
2598 3389 2734 3443 hanc
2777 3403 2884 3442 non
2941 3403 3061 3442 esse
3107 3387 3405 3441 doctrinam
3454 3401 3720 3441 verorum

2100 3478 2295 3531 Clit-isti
2346 3479 2768 3548 discipulorum,
2817 3490 2870 3534 et
2920 3479 3371 3547 acquiescendutn
3409 3477 3718 3532 Salvatoris

2100 3569 2383 3639 princeplis
2415 3588 2426 3623 :
2465 3588 2482 3621 t
2521 3570 2583 3623 lli
2608 3571 2773 3637 enim,
2812 3589 2830 3622 ι
2864 3569 3112 3623 vidi-licet
3135 3568 3446 3632 Christiani,
3480 3587 3498 3620 ι
3531 3567 3720 3621 Trini-

2099 3673 2261 3718 tatem
2303 3664 2517 3736 quidem
2551 3681 2657 3719 non
2687 3666 2935 3734 ignorant
2966 3663 3015 3716 in
3049 3662 3227 3716 divina
3253 3661 3526 3730 Scriptura
3565 3677 3716 3730 pra:—

2100 3755 2299 3822 t'ticari;
2347 3769 2454 3812 tres
2497 3768 2675 3812 autem
2707 3773 2826 3813 eSSc
2857 3759 3024 3824 Deos,
3057 3773 3155 3811 nec
3193 3759 3245 3810 in
3279 3757 3486 3822 veteri,
3520 3771 3621 3811 nec
3654 3755 3716 3810 in

2101 3866 2239 3903 novo
2268 3851 2613 3904 Testamento
2642 3851 2845 3904 doceri.
2870 3851 3086 3920 Itaque,
3125 3869 3142 3900 ι
3180 3849 3457 3903 concludit
3483 3857 3716 3902 sanctus

2101 3943 2367 4008 Pontifex,
2403 3963 2421 3994 ι
2454 3945 2781 3999 admirabilis
2822 3943 3105 4010 divinaque
3139 3942 3320 3998 Unitas
3350 3943 3400 3996 in
3434 3953 3546 3996 tres
3570 3942 3717 3995 divi-

2101 4037 2295 4090 nitates
2343 4053 2446 4090 non
2489 4047 2568 4091 est
2599 4037 2920 4105 separanda.
2961 4055 2979 4088 ›
3016 4035 3204 4089 Tradit
3252 4035 3408 4104 paulo
3456 4034 3716 4103 superius

2099 4121 2240 4180 idem
2284 4136 2501 4181 sanctus
2544 4127 2844 4198 Dionysius,
2877 4127 3114 4181 divinum
3151 4126 3384 4181 Verbum
3419 4126 3528 4180 Deo
3558 4126 3718 4183 Patri

2101 4221 2308 4271 unitum
2340 4233 2460 4273 esse
2482 4261 2495 4282 ,
2531 4229 2583 4272 et
2611 4218 2864 4289 Spiritum
2903 4233 3148 4274 sanetum
3177 4218 3228 4271 iii
3267 4219 3374 4272 Deo
3405 4233 3630 4273 manere
3657 4227 3722 4274 et

2104 4310 2364 4375 habitare,
2385 4320 2439 4365 et
2460 4309 2771 4364 Trinitatem
2799 4311 2980 4365 reduci
3001 4322 3050 4364 et
3075 4310 3248 4381 eolligi
3266 4311 3317 4364 in
3344 4326 3508 4365 unum
3538 4311 3720 4368 Deum

2103 4403 2564 4471 oamipoteutem,
2623 4403 2904 4456 Dominum
2956 4389 3351 4457 universorum.
3405 4421 3422 4453 ι
3474 4400 3721 4460 Necesse

2104 4506 2187 4548 est
2229 4496 2402 4559 enim,
2451 4495 2687 4549 divinum
2733 4490 2971 4550 Verbum
3027 4495 3134 4550 Deo
3182 4496 3556 4550 universorum
3588 4511 3722 4552 esse

2107 4590 2333 4655 unitum,
2361 4601 2414 4643 et
2437 4587 2694 4659 Spiritum
2729 4600 2972 4644 sanetum
3003 4590 3056 4642 in
3086 4590 3195 4643 Deo
3223 4605 3444 4645 manere
3471 4605 3534 4645 ac
3563 4590 3724 4645 babi-

2109 4690 2242 4746 tare,
2268 4695 2329 4734 ac
2351 4680 2578 4750 denique
2601 4681 2832 4735 divinam
2858 4681 3173 4735 Trinitatem
3201 4682 3253 4734 in
3279 4698 3512 4736 unutn...
3541 4682 3720 4740 Deum

2111 4758 3032 4841 universorumomnipotentem...
3087 4773 3269 4827 reduci
3323 4783 3370 4827 et
3427 4773 3630 4842 colligi.
3695 4793 3715 4825 ι

2110 4866 2238 4928 Quae
2293 4865 2453 4917 verba
2504 4865 2846 4934 apertissime
2893 4864 3186 4918 ostendunt
3235 4880 3396 4918 unum
3447 4866 3616 4919 Deum
3665 4866 3723 4922 in

2110 4966 2220 5010 tres
2250 4955 2557 5010 distinctum
2593 4957 2890 5018 Personas;
2922 4956 3162 5024 adeoque
3200 4965 3309 5011 tres
3345 4955 3541 5011 divina:
3585 4957 3725 5012 Per-

2111 5064 2257 5103 sona:
2288 5066 2352 5103 ex
2379 5049 2536 5102 allata
2568 5050 2811 5104 doctrina
2839 5060 2965 5103 sunt
2993 5050 3234 5119 ejusdem
3263 5052 3536 5116 essentia),
3570 5049 3723 5120 ejus-

2112 5142 2339 5213 demque
2372 5151 2597 5198 natura}.

2182 5236 2290 5290 Nec
2347 5237 2448 5289 nisi
2507 5251 2785 5304 perperam
2833 5235 3145 5307 detorqueri
3211 5243 3430 5305 possent
3485 5236 3716 5291 recitata

2185 5350 2264 5428 (ι)
2291 5349 2650 5428 t._mtw._t_..c.,
2675 5350 2973 5428 nistrat/ioc.
2997 5352 3251 5419 pontiﬁc.,
3275 5337 3445 5428 li_b_._n,
3468 5365 3588 5421 pag.
3617 5350 3715 5406 ea.

2184 5420 2264 5490 ('2)
2292 5420 2450 5480 Cave.
2495 5420 2631 5474 Hist.
2667 5423 2906 5485 litterar.,
2937 5432 3065 5474 tom.
3092 5437 3128 5484 t,
3154 5439 3272 5492 pag.
3301 5423 3423 5477 1⁸55.

2184 5494 2263 5562 (ὅ)
2295 5493 2510 5561 DiOuys.
2539 5493 2721 5555 Rom.,
2750 5494 2888 5560 apud
2911 5493 2968 5547 S.
2995 5491 3278 5557 Albanas,
3306 5493 3480 5562 lib.ide
3507 5491 3712 5551 Deerat.

2111 5561 2338 5636 .Synod.,
2381 5573 2522 5636 _t_o_tn.
2558 5580 2596 5627 ι,
2649 5579 2766 5636 pag.
2802 5563 2900 5617 251
2938 5574 2992 5619 et
3029 5562 3157 5624 252,
3212 5565 3342 5636 edit.
3390 5561 3710 5636 Manliana,

2111 5633 2306 5694 Paris.
2336 5633 2494 5695 1698.
2519 5645 2572 5688 et
2600 5633 2740 5690 tom:
2762 5655 2800 5697 ι,
2827 5648 2964 5704 part.
2998 5651 3035 5696 ι,
3063 5649 3183 5703 pag.
3215 5633 3338 5702 182,
3366 5651 3420 5689 ιι.
3450 5633 3538 5698 26,
3573 5636 3709 5691 edit.

2110 5707 2401 5767 Patavina),
2440 5707 2615 5772 1777;
2659 5708 2786 5763 item
2831 5705 2974 5775 apud
3009 5705 3200 5766 Mansi.
3237 5715 3367 5762 tom.
3399 5723 3441 5774 1,
3482 5705 3710 5771 Concil.,

2111 5793 2234 5848 pag.
2267 5779 2400 5833 toll
2435 5786 2486 5834 et
2513 5791 2689 5848 seqq.;
2715 5790 2771 5834 et
2798 5777 2941 5848 apud
2972 5775 3248 5848 Galtand.,
3279 5788 3412 5835 tom.
3454 5792 3534 5846 in,
3566 5777 3710 5834 Bibl.

2114 5846 2234 5904 PP.
2293 5863 2415 5920 pag.
2447 5847 2553 5904 558
2581 5846 2642 5906 et
2661 5864 2814 5923 seqq.
