3888 6394
1438 514 2318 629 Μοηιτπινι

1405 733 1470 788 IN
1520 732 1864 790 SUBJECTA
1926 732 2374 788 FRAGMENTA.

411 874 460 927 1.
517 871 661 942 Opus
708 887 783 926 ex
843 886 973 942 quo,
1009 872 1264 944 descripta
1314 882 1435 928 sunt
1496 872 1792 942 fragmenta
1841 873 2116 943 subjecta,
2176 876 2506 931 Athanasius
2560 878 2654 933 lib.
2708 878 2776 934 de
2816 879 3053 949 Synod,
3103 896 3158 934 n.
3209 881 3320 948 44,
3373 882 3539 952 epist.

250 966 314 1022 de
349 965 556 1022 decretis
603 967 847 1023 Nicaeum
897 969 1124 1040 synodi,
1185 987 1237 1022 n.
1285 969 1374 1033 25,
1418 978 1471 1023 et
1514 970 1672 1037 epist.
1707 969 1774 1023 de
1825 970 2091 1024 sententia
2142 971 2382 1043 Dionysii
2435 973 2632 1038 passim
2670 972 2875 1027 laudat.
2934 973 3191 1041 Ejusdem
3241 977 3536 1030 meminere

253 1058 454 1113 Basilius
508 1059 599 1123 lib,
665 1060 737 1114 de
794 1061 1004 1126 Spiritu
1060 1073 1275 1127 sancto,
1342 1077 1460 1131 cap.
1532 1061 1640 1125 29,
1685 1071 1739 1116 et
1806 1061 2200 1133 Hieronymus,
2245 1064 2314 1118 de
2375 1065 2578 1133 Seript.
2642 1065 2806 1131 ecc|.,
2873 1081 2924 1120 c.
2988 1066 3082 1132 79,
3152 1065 3258 1121 Sed
3323 1065 3375 1120 hi
3430 1066 3538 1121 duo

251 1156 482 1210 Doctores
543 1173 647 1211 non
720 1171 830 1211 una
900 1158 1106 1212 ratione
1172 1157 1301 1211 illud
1365 1157 1619 1212 indicant.
1667 1156 2030 1228 Hieronymus
2101 1159 2256 1212 enim
2311 1162 2363 1212 in
2432 1158 2601 1214 libros
2653 1169 2887 1230 quatuor
2957 1160 3273 1215 distinctum
3339 1160 3536 1214 docet:

249 1250 454 1305 BiSilillS
508 1265 634 1305 vero
676 1249 927 1320 qumdam
979 1251 1120 1304 illius
1166 1250 1325 1304 verba
1370 1260 1640 1319 tamquam
1688 1267 1754 1305 ex
1802 1250 2039 1306 secunda
2094 1251 2161 1304 ad
2219 1251 2534 1322 Dionysium
2585 1253 2960 1322 cognominem
3009 1253 3240 1321 epistola
3304 1249 3530 1322 profert.

245 1344 319 1399 Re
373 1354 540 1398 autem
602 1359 728 1400 vera
799 1352 856 1398 et
929 1343 982 1397 in
1044 1344 1206 1398 libros
1281 1344 1594 1398 distinctum
1661 1358 1813 1411 esse,
1897 1355 1952 1399 et
2017 1343 2263 1413 epistolae
2339 1357 2534 1397 nomen
2609 1344 2660 1399 ci
2725 1359 3023 1414 congruere
3097 1360 3159 1399 ex
3237 1342 3539 1397 Athanasio

245 1445 484 1492 constat:
534 1437 623 1508 qui
672 1436 890 1506 quidem
944 1436 996 1489 in
1046 1435 1501 1504 eadem-epistola
1550 1435 1618 1490 de
1672 1437 1937 1491 sententia
1987 1436 2227 1506 Dionysii
2278 1445 2332 1490 et
2378 1452 2528 1490 num.
2575 1436 2663 1500 15,
2716 1435 2847 1488 dicit
2895 1451 2912 1491 :
2972 1454 2990 1485 ‹
3041 1435 3330 1506 Dionysius
3375 1450 3536 1505 quam

243 1533 456 1601 primum
514 1533 595 1586 sui
641 1531 907 1602 purgandi
964 1532 1133 1600 gratia
1200 1530 1362 1610 libros
1414 1529 1612 1594 edidit,
1659 1545 1794 1600 quos
1844 1529 2117 1598 inscripsit
2170 1522 2444 1584 Elcnchus
2492 1536 2547 1583 ct
2593 1528 2890 1599 Apologia,
2941 1549 2960 1580 ›
3005 1537 3059 1582 et
3109 1544 3256 1581 num.
3310 1527 3398 1593 14,
3469 1527 3538 1581 de

244 1629 428 1696 scripto
473 1629 660 1684 eodem
709 1630 789 1684 sic
836 1630 1071 1697 loquitur
1114 1645 1126 1681 :
1167 1646 1186 1678 ι
1221 1626 1519 1694 Epistolam
1568 1640 1717 1680 suam
1769 1625 1992 1680 Elenchi
2041 1633 2096 1679 et
2143 1623 2419 1693 Apologia:
2480 1623 2634 1677 titulo
2685 1621 2978 1691 inscripsit.
3018 1640 3036 1672 ›
3077 1620 3317 1690 Epistola
3378 1620 3539 1690 igitur

240 1730 345 1775 erat
403 1730 625 1789 quatuor
697 1722 748 1775 in
818 1707 1334 1781 lihros‘distiucta,
1400 1719 1642 1786 adquue
1697 1732 1797 1771 una
1862 1733 1930 1770 ex
1981 1716 2084 1780 iis,
2153 1731 2285 1784 quas
2346 1715 2630 1786 Dionysius
2698 1730 2726 1766 a
2792 1729 2850 1768 se
2903 1712 3076 1767 fusius
3137 1721 3189 1767 et
3259 1712 3538 1767 tractantis

239 1828 380 1868 more
412 1813 653 1878 dictatas,
685 1813 1182 1891 διδασκαλικώτερον
1225 1815 1592 1886 ὑφηγούμενος,
1625 1820 1774 1864 vocat

2002 1820 2029 1861 ε.
2062 1809 2114 1874 1,
2153 1807 2221 1859 ad
2247 1805 2402 1876 Xyst.
2436 1807 2477 1877 ).
2523 1807 2640 1861 Non
2682 1806 2750 1859 ab
2800 1821 2866 1860 eo
2904 1804 3123 1870 statim,
3172 1813 3230 1857 ut
3268 1803 3337 1858 de
3378 1818 3537 1858 accu-

240 1908 431 1962 satiOne
479 1922 572 1961 sua
621 1909 983 1963 εοιιιηιοιιίιιιε
1022 1908 1154 1971 fuit,
1217 1905 1378 1959 missa
1423 1915 1526 1959 est.
1585 1902 1715 1956 Nam
1759 1917 1825 1956 ne
1871 1899 2208 1956 accusationi
2259 1898 2450 1952 deesse
2505 1898 2813 1962 videretur,
2861 1897 2906 1950 si
2955 1895 3260 1950 rescribere
3291 1896 3535 1950 Romano

237 2000 437 2068 praesuli
485 2001 682 2055 diutius
721 2001 997 2066 differret,
1041 1999 1163 2053 huic
1208 1998 1490 2068 epistolam
1546 1996 1841 2065 prcemisit,
1890 2010 2050 2064 quam
2099 1993 2268 2058 infra,
2312 2008 2460 2046 num.
2521 1992 2589 2055 6,
2645 1992 2817 2062 ipsum
2862 1989 3179 2062 οἰοιιγθίηπι
3235 1990 3535 2046 Romanum

236 2093 498 2162 alloquens
525 2105 788 2148 memorat
817 2095 899 2148 his
919 2093 1129 2148 verbis:
1155 2095 1241 2147 καὶ
1268 2113 1351 2146 σοι
1377 2089 1443 2145 δι’
1467 2087 1615 2150 ἄλλης
1636 2092 1771 2145 Eme:

2001 2086 2164 2161 ραψα.
2196 2086 2457 2152 Quocirca
2491 2100 2596 2138 non
2631 2083 2801 2138 modo.
2823 2082 3084 2153 Epistula,
3115 2083 3215 2138 sed
3245 2092 3302 2138 et
3323 2085 3536 2154 epistola

236 2191 438 2244 secunda
479 2191 545 2243 ad
588 2191 896 2262 Dionysium
941 2191 1287 2261 cognominem
1333 2204 1439 2243 non
1489 2187 1630 2241 male
1681 2203 1709 2240 a
1753 2186 1951 2242 Basilio
1993 2184 2319 2256 appellatur.
2353 2183 2527 2238 Simul
2551 2184 2709 2237 etiam
2743 2194 2828 2237 est
2859 2183 3120 2238 Eleae/ms
3147 2192 3200 2237 et
3245 2182 3537 2252 Apologia;

233 2281 481 2337 Elenchus
509 2283 722 2352 quidem
753 2283 1186 2337 adversariorum
1216 2290 1270 2335 et
1296 2290 1668 2335 accusatorum
1700 2277 1976 2348 Dionysii,
2021 2276 2111 2347 qui
2139 2277 2200 2329 in
2231 2275 2333 2330 hoc
2371 2290 2537 2346 opere
2568 2283 2936 2344 cmrguuntur
2972 2287 3134 2344 atque
3160 2275 3528 2341 confutantur,

231 2376 468 2446 Apologia
494 2392 623 2431 vero
667 2377 835 2444 ipsius
875 2376 1106 2445 Dionysii
1149 2375 1238 2444 qui
1271 2376 1324 2428 iu
1360 2373 1553 2428 eodem
1585 2372 1653 2426 de
1682 2371 1912 2439 objectis
1941 2370 2223 2425 erroribus
2260 2383 2381 2422 sese
2423 2383 2650 2438 purgare
2702 2369 2912 2422 nititur.
2942 2369 3098 2435 Quod
3137 2385 3266 2424 cum
3303 2367 3532 2424 feliciter

229 2466 549 2535 praestiterit,
588 2466 918 2535 impudentis
961 2465 1239 2519 calumniae
1281 2464 1472 2520 merito
1516 2462 1691 2532 arguit
1717 2461 2045 2518 Athanasius
2077 2460 2346 2528 Arianos,
2372 2459 2516 2530 quod
2546 2474 2608 2514 ca
2640 2459 2789 2515 velut
2829 2461 3064 2534 Dionysii
3107 2463 3381 2517 venditare
3424 2474 3531 2515 non

229 2557 550 2618 erubuerint,
577 2573 696 2626 qua:
753 2557 846 2611 ille
886 2557 1058 2627 palam
1087 2567 1380 2625 aperteque
1413 2555 1679 2625 reiecerit.

381 2649 446 2706 ιι.
492 2650 599 2705 ista
633 2650 874 2722 Dionysii
915 2650 1157 2720 apol0gia
1200 2663 1264 2704 eo
1316 2648 1535 2718 majoris
1579 2656 1663 2702 est
1701 2647 1995 2712 momenti,
2037 2646 2180 2716 quod
2211 2647 2491 2716 specimini
2530 2646 2689 2701 nobis
2726 2646 2796 2700 sit
2839 2661 3063 2712 eorum,
3105 2662 3225 2715 qua:
3276 2645 3534 2702 fecissent

227 2743 382 2798 caeteri
433 2743 627 2799 Patres
690 2744 910 2798 Νίεωηο
974 2741 1204 2797 concilio
1253 2741 1597 2811 superiores,
1654 2739 1854 2809 quibus
1908 2739 2168 2794 nonnulla
2233 2739 2552 2795 exciderunt
2615 2739 2815 2794 arianac
2887 2739 3151 2808 impietati
3200 2741 3251 2794 in
3295 2741 3534 2811 speciem

226 2845 448 2904 dignata,
507 2840 556 2890 si
616 2851 712 2892 eos
773 2835 965 2890 similis
1024 2833 1317 2888 necessitas
1378 2832 1445 2886 ad
1520 2831 1897 2902 explicandam
1960 2833 2198 2902 apertius
2246 2841 2484 2888 mentem
2550 2849 2704 2889 suam
2749 2833 3122 2903 compulisset.
3183 2833 3312 2889 Inde
3384 2834 3529 2888 enim

225 2922 357 2979 facile
384 2925 672 2979 adducitur
712 2925 940 2994 quisque
974 2934 1030 2978 ut
1056 2923 1276 2987 credat,
1323 2923 1593 2977 neminem
1639 2937 1704 2976 ex
1754 2923 1830 2977 eis
1889 2922 2127 2977 futurum
2161 2921 2361 2988 fuisse,
2413 2924 2503 2994 qui
2551 2941 2656 2977 non
2705 2925 2928 2995 perinde
2986 2937 3146 2995 atque
3203 2926 3526 2996 Dionysius,

224 3019 433 3073 eamdem
464 3018 752 3088 perfidiam
783 3019 1114 3082 damnasset,
1163 3031 1229 3070 ex
1281 3015 1380 3070 hoc
1407 3030 1570 3085 opere
1613 3031 1734 3085 qua:
1764 3015 2152 3079 exscribenda,
2201 3029 2320 3082 quae
2368 3016 2823 3085 praetermittenda
2871 3017 3109 3072 duxerit.
3160 3017 3521 3085 Athanasius,

224 3125 347 3164 num.
410 3110 496 3176 H,
558 3111 780 3179 exponit
837 3111 888 3164 in
940 3110 1081 3164 hunc
1139 3108 1390 3162 modum:
1425 3108 1647 3163 «Verba
1697 3108 1814 3177 ejus
1859 3123 2016 3176 quam
2061 3106 2318 3177 plurima,
2363 3108 2559 3176 quibus
2605 3124 2693 3163 res
2748 3109 2802 3162 in
2857 3110 3210 3179 quaestionem
3259 3110 3521 3166 adductas

227 3201 486 3268 expendit,
527 3209 625 3255 aut
669 3217 734 3255 ex
779 3200 956 3254 allatis
999 3199 1296 3254 ratiociniis
1326 3199 1564 3270 colligit,
1611 3210 1702 3253 aut
1735 3200 2094 3268 interrogatos
2136 3199 2477 3254 adversarios
2529 3201 2770 3270 coarguit
2811 3201 2895 3255 vel
2943 3202 3344 3258 obtrectatores
3394 3220 3523 3260 suos

222 3294 542 3360 criminatur,
595 3293 672 3348 ob
721 3294 980 3348 librorum
1036 3295 1395 3364 prolixitatem
1447 3292 1729 3356 amittens,
1774 3307 1836 3346 ea
1876 3293 2047 3345 solum
2097 3307 2434 3362 proponam,
2491 3309 2612 3361 qua:
2655 3294 2722 3347 ad
2771 3295 3181 3350 criminationes
3233 3297 3522 3354 diluendas

223 3390 487 3443 necessaria
538 3387 898 3443 videbuntur.
938 3389 1045 3442 »1η
1093 3389 1158 3443 iis
1203 3403 1369 3453 vero,
1419 3403 1537 3457 quae
1583 3387 1866 3453 exscribit,
1919 3386 2177 3440 librormn
2221 3385 2468 3440 ordinem
2520 3385 2740 3440 minime
2801 3396 3015 3452 servat,
3073 3388 3169 3442 sed
3220 3399 3381 3458 prout
3432 3406 3522 3447 res

223 3488 423 3536 tractata:
465 3479 851 3551 postulabant,
894 3495 1037 3535 nunc
1081 3497 1243 3532 unum
1287 3492 1343 3534 et
1383 3463 1605 3534 alterum
1654 3479 2010 3548 fragmentum
2052 3494 2119 3533 ex
2165 3477 2303 3531 libro
2347 3479 2522 3546 primo
2555 3477 2794 3546 profert,
2829 3488 2937 3532 tum
2971 3480 3114 3534 aliud
3142 3497 3208 3535 ex
3242 3484 3515 3552 secundo,

220 3573 412 3628 subinde
437 3585 696 3644 quartqu
730 3587 917 3626 rursus
946 3589 1013 3626 ex
1061 3574 1266 3641 primo,
1302 3573 1385 3626 cui
1419 3573 1561 3627 aliud
1596 3589 1661 3626 ex
1694 3581 1883 3638 quarto
1915 3571 2178 3641 adjungit.
2211 3573 2280 3625 At
2306 3585 2427 3624 cum
2460 3572 2632 3625 nostri
2657 3573 2882 3625 instituti
2914 3573 2984 3627 sit
3013 3575 3196 3642 operis
3246 3576 3514 3645 ejusdem,

221 3674 372 3730 utpote
415 3668 479 3721 ad
536 3665 851 3719 Romanum
919 3664 1230 3735 pontificem
1297 3665 1516 3734 seripti,
1573 3664 1827 3733 reliquias
1896 3673 2145 3718 accurate
2171 3663 2461 3733 colligere,
2525 3665 2735 3733 singula
2815 3664 3120 3735 fragmenta
3193 3683 3260 3722 eo
3320 3671 3514 3726 ordine

219 3759 434 3815 exhibere
478 3763 659 3816 satius
712 3760 886 3814 visum
917 3768 1031 3820 est,
1069 3777 1224 3831 quem
1257 3771 1474 3814 serVnnt
1513 3760 1654 3814 inter
1683 3756 1922 3823 selibri,
1981 3773 2046 3811 ex
2092 3757 2286 3824 quibus
2334 3755 2608 3828 descripta
2657 3769 2804 3813 sunt.
2862 3759 3086 3813 lletnum
3131 3761 3176 3815 si
3229 3771 3508 3831 gestorum

220 3865 314 3920 qua:
355 3854 448 3908 hoc
491 3866 635 3923 opus
681 3861 1110 3920 prreeesstirnnt,
1142 3853 1338 3906 seriem
1380 3851 1786 3922 expendamus,
1816 3848 1881 3903 ad
1936 3859 2145 3916 tempus
2173 3847 2315 3900 circa
2345 3848 2485 3915 quod
2533 3848 2868 3902 elaboratum
2917 3857 3029 3912 est,
3065 3851 3297 3920 quodam
3349 3852 3510 3906 modo

220 3943 480 4014 pertingere
535 3942 748 3998 licebit.
804 3943 1007 4011 Nempe
1060 3945 1264 4013 aliquot
1316 3945 1554 4008 Dionysii
1587 3940 1936 3998 Alexandrini
1985 3940 2249 3994 adversus
2292 3939 2630 3995 Sabellianos
2679 3943 2953 4011 epistolae,
3026 3944 3199 4014 Xysto
3251 3947 3510 4015 pontifice

220 4034 444 4104 vulgatze,
512 4034 860 4090 accusationi
931 4035 1073 4090 illius
1122 4037 1460 4090 occasionem
1512 4036 1797 4090 dederont.
1845 4033 1974 4090 lude
2025 4032 2257 4103 permoti
2303 4033 2548 4088 nonnulli
2597 4034 2894 4102 Catholici,
2942 4036 3064 4106 ipso
3135 4037 3506 4097 Alexandrino

219 4129 409 4193 prasule
435 4126 600 4182 inscio
626 4172 641 4195 ,
676 4128 914 4182 Romam
965 4130 1353 4194 ςυιινοιςιι-ιιηι,
1382 4139 1436 4182 rt
1497 4145 1618 4198 qua:
1663 4127 1766 4181 sibi
1841 4127 1894 4181 in
1937 4128 2054 4196 ejus
2105 4130 2318 4199 scriptis
2365 4129 2725 4201 displicebant
2755 4130 2822 4184 ad
2853 4130 3157 4185 Romanum
3185 4133 3497 4202 pontificem

217 4216 496 4274 detulerunt.
529 4221 729 4275 Statim
762 4220 1044 4275 admonuit
1095 4223 1376 4292 Dionysius
1406 4221 1680 4275 Romanus
1715 4222 2045 4292 Dionysium
2063 4222 2513 4277 Alexandrinum.
2557 4224 2608 4278 Is
2637 4239 2765 4279 vero
2790 4225 2864 4279 illi
2913 4225 3227 4282 satisfacere
3260 4228 3494 4297 primum

217 4308 453 4377 brevibus,
510 4329 755 4384 moxque
789 4313 1166 4381 prolixioribus
1216 4315 1409 4368 litteris
1434 4354 1449 4378 ,
1481 4331 1634 4384 quam
1667 4315 1887 4384 primum
1912 4355 1926 4377 ,
1961 4325 2020 4369 ut
2071 4314 2395 4370 Athanasius
2426 4325 2614 4385 notat,
2667 4319 2891 4373 studuit.
2924 4319 3187 4386 Quocirca
3241 4321 3314 4374 uil
3361 4328 3509 4375 vetat

220 4406 457 4471 quominus
521 4407 663 4461 hanc
757 4405 997 4477 οἰσηιγειί
1064 4406 1364 4476 apologiam
1453 4406 1521 4460 ad
1569 4422 1770 4461 annum
1831 4407 1946 4461 262
2021 4408 2251 4462 attinere
2325 4423 2664 4475 censeamus.
2752 4409 2889 4468 Eam
2962 4426 3177 4483 quoque
3246 4410 3496 4469 eruditus

216 4493 544 4555 'Iillemontius
589 4499 661 4555 ad
720 4499 854 4554 anni
904 4498 1062 4570 hujus
1111 4500 1321 4555 exitum
1375 4498 1565 4556 referri
1615 4515 1776 4570 posse
1823 4501 2138 4558 arbitratur.
2189 4499 2498 4559 Consum.

1501 4678 2046 4753 EPISTULA)
2095 4681 2181 4752 Π

1022 4867 1252 4924 DIONYSII
1292 4882 1654 4924 ALEXANDRINI
1694 4879 1928 4922 EPISCOPI
1965 4879 2034 4923 AD
2075 4880 2353 4922 DIONYSIUI
2390 4879 2646 4922 ROIANUI
2667 4906 2680 4931 ,

792 5024 903 5080 Seu
933 5025 1118 5097 Operis
1162 5027 1305 5098 quod
1350 5028 1618 5084 Eleuchus
1668 5037 1722 5085 et
1770 5026 2030 5100 Apologia
2089 5029 2510 5096 inscribebatur,
2573 5029 2890 5101 fragmenta.

1710 5190 1782 5242 Ex
1809 5194 1965 5256 primo
1984 5188 2128 5249 libro,

265 5318 307 5374 1.
363 5318 472 5378 Non
501 5321 648 5379 enim
684 5327 812 5377 erat
855 5326 1085 5390 tempus,
1117 5320 1331 5391 quando
1359 5322 1499 5380 Deus
1526 5337 1632 5379 non
1665 5331 1781 5380 erat

1531 5337 1632 5379 non
1665 5331 1781 5380 erat
1960 5322 2012 5376 1.
2055 5323 2126 5375 Οὐ
2149 5321 2249 5399 γὰρ
2278 5317 2336 5382 ἦν
2361 5317 2444 5379 ὅτε
2464 5316 2499 5376 ’ὃ
2525 5321 2650 5383 Θεὸς
2677 5321 2770 5377 οὐκ
2794 5319 2852 5384 ἦν
2875 5325 3066 5398 Πατήρ.

212 5407 356 5468 Pater.

260 5502 310 5556 Et
326 5509 374 5558 tu
386 5512 722 5574 sequentibus
738 5509 926 5572 (inquit
938 5499 1253 5572 Athanasius)
1268 5509 1524 5572 profitetur
1537 5510 1780 5562 Christum
1947 5522 2023 5562 ιω
2040 5527 2152 5562 τοῦτο
2175 5517 2271 5562 ouo
2295 5511 2387 5576 (ait
2405 5510 2701 5560 Athanasius
2721 5511 2884 5559 statim
2901 5508 3046 5572 post)
3067 5520 3104 5559 ιν
3120 5521 3198 5567 τοῖς
3230 5517 3323 5566 ait.
3343 5516 3402 5557 an
3423 5517 3488 5556 et.

213 5599 376 5655 semper
411 5607 540 5657 ese,
566 5602 625 5645 ut
647 5604 775 5659 pote
803 5593 1011 5644 verbum
1032 5600 1084 5644 et
1101 5595 1393 5658 sapientiam
1417 5601 1470 5644 et
1490 5596 1740 5644 virtutem.

1417 5601 1470 5644 8f.
1490 5596 1740 5644 virtutem.
1885 5611 2043 5662 Χριστὸν
2069 5604 2173 5656 εἶναι,
2187 5610 2294 5661 λόγων
2319 5609 2422 5657 ὄντι,
2441 5609 2504 5648 ιιιὶ
2526 5609 2672 5660 min,
2691 5605 2756 5644 ui.
2771 5601 2936 5657 δύναμιν.

291 5715 339 5772 9.
383 5720 561 5795 Neque
609 5737 748 5779 vero
800 5722 942 5779 Deus
990 5737 1108 5782 cum
1173 5721 1289 5780 bare
1352 5737 1458 5780 non
1511 5724 1808 5796 peperisset

1985 5727 2043 5782 2·
2085 5732 2156 5786 οὐ
2178 5732 2280 5807 γὰρ
2313 5729 2376 5792 δὴ
2410 5731 2606 5787 τούτων
2634 5727 2814 5803 ἄγονος
2844 5726 2910 5783 ὧν
2953 5727 3077 5787 Θεὸς
3101 5764 3117 5792 ,
3145 5717 3255 5782 εἶτα
3296 5720 3503 5778 ἐπαιδο-
