3888 6336
390 296 492 351 119

1475 290 1760 349 DIONYSII
1801 284 2272 345 ALEXANDRINI
2314 287 2616 347 EPISCOPI

3598 292 3715 350 1ἱο

386 416 567 478 postea
595 406 787 462 Filium
815 407 1000 479 genuit
1025 426 1037 462 :
1070 417 1163 462 seu
1192 407 1317 478 quia
1343 406 1507 463 Filius
1537 420 1643 461 non
1676 419 1705 458 a
1737 417 1797 459 se
1828 403 1968 473 ipso,

2089 404 2352 463 ποιήσατο.
2386 401 2490 456 ἀλλ’
2516 398 2593 457 ὅτι
2638 406 2708 474 μὴ
2750 401 2875 478 παρ’
2905 402 3093 458 ἑαυτοῦ
3133 401 3158 458 ὁ
3187 402 3320 470 Υἱὸς.
3354 402 3459 460 ἀλλ’
3507 405 3561 459 ἐκ
3606 411 3710 461 τοῦ

383 515 573 557 verum
599 515 626 555 a
656 500 817 557 Patre
849 500 1011 555 habet
1036 514 1183 556 esse.

444 657 510 709 Et
531 665 643 727 post
662 670 814 724 pauca
830 658 896 709 de
915 660 1025 723 ipso
1041 658 1171 709 Filio
1191 658 1313 709 dicit
1344 672 1354 706 :

452 848 505 902 5.
555 844 689 902 Cum
734 847 805 902 sit
846 846 1105 916 splendor
1151 844 1287 899 lucis
1331 852 1588 909 aeternae,
1639 856 1865 913 prorsus
1920 850 1976 897 et

376 939 494 1008 ipse
563 950 798 994 reternus
868 946 973 992 est.
1028 936 1175 991 Luce
1229 936 1373 989 enim
1427 949 1644 1005 semper
1709 933 1977 989 existente

376 1029 723 1086 manifestum
756 1040 833 1085 est
869 1037 926 1084 et
955 1027 1300 1097 Splendorem
1334 1041 1554 1092 semper
1582 1027 1875 1081 exsistere:
1910 1038 1977 1079 eo

375 1124 577 1194 quippe
627 1123 720 1177 lux
760 1136 883 1177 esse
942 1108 1290 1190 intelligitur,
1348 1117 1490 1188 quod
1537 1117 1851 1187 splendeat,
1913 1129 1977 1169 ac

374 1216 493 1271 ﬁeri
535 1215 717 1284 nequit
765 1222 824 1269 ut
860 1215 947 1268 lux
1016 1228 1120 1267 nou
1166 1212 1364 1267 lucent.
1418 1210 1651 1264 Rursum
1709 1207 1855 1263 enim
1906 1206 1975 1260 ad

373 1308 618 1375 exempla
646 1305 948 1361 veniamus.
985 1304 1040 1359 Si
1072 1303 1155 1357 sol
1183 1312 1289 1367 est,
1323 1311 1409 1358 est
1437 1316 1650 1371 quoque
1681 1296 1938 1367 Splendor
1959 1340 1976 1361 ,

371 1412 449 1454 est
484 1410 539 1454 et
565 1398 711 1452 dies:
767 1382 1034 1452 horum'si
1064 1394 1199 1449 nihil
1230 1403 1334 1459 est,
1368 1393 1596 1447 multum
1625 1390 1779 1444 abest
1810 1396 1870 1442 ut
1893 1389 1978 1444 sol

373 1491 534 1545 adsit.
571 1489 722 1559 Quod
752 1491 799 1545 si
826 1491 907 1544 sol
950 1502 1186 1544 aeternus
1238 1496 1403 1553 esset,
1438 1486 1555 1541 dies
1582 1499 1798 1553 quoque
1826 1498 1983 1536 num-

366 1599 527 1655 quam
559 1583 835 1637 deﬁceret.
871 1581 1024 1636 Nunc
1055 1592 1233 1634 autem
1265 1578 1482 1652 (neque
1516 1577 1659 1633 enim
1689 1575 1762 1630 ita
1790 1589 1850 1629 se
1890 1588 1981 1628 res

2096 497 2291 572 Πατρὸς
2320 493 2437 567 ἔχει
2465 496 2523 551 τὸ
2546 489 2695 550 εἶναι.

2165 662 2241 701 Καὶ
2259 664 2338 711 κατ’
2359 663 2466 714 ιλιτι
2487 651 2676 714 (pergit
2696 652 2865 703 dicere
2883 652 3197 717 Athanasius)
3221 666 3329 705 «es...
3363 668 3446 721 «ιρι
3473 673 3544 709 υς
3580 670 3709 710 αὑτοῦ

2104 761 2207 797 φησιν

2148 842 2203 895 5.
2242 840 2584 916 ’Λπαύγασμα
2604 843 2658 899 δέ
2688 844 2755 899 ὧν
2776 848 2938 918 φωτὸς
2966 845 3153 911 ἀϊδίου,
3178 851 3383 912 πάντως
3414 853 3503 905 καὶ
3532 852 3712 913 αὐτὸς

2079 932 2247 997 ἁῒδιὸς
2292 937 2450 991 ἐστιν.
2503 932 2648 998 ὄντος
2670 940 2770 1014 γὰρ
2815 940 2894 993 ἀεὶ
2936 945 3029 995 τοῦ
3071 943 3257 1014 φωτὸς,
3282 940 3425 1001 δῆλον
3455 946 3527 1005 ὡς
3554 942 3711 1001 ἔστιν

2080 1030 2158 1081 ἀεὶ
2188 1029 2246 1083 τὸ
2279 1030 2631 1102 ἀπαύγασμα.
2670 1032 2838 1103 τούτῳ
2880 1034 3001 1107 γὰρ,
3052 1036 3138 1087 καὶ
3167 1030 3245 1089 ὅτι
3292 1042 3394 1106 φῶς
3441 1037 3579 1096 ἐστι.
3629 1045 3714 1108 τῷ

2077 1122 2419 1192 καταυγάζειν
2449 1130 2659 1185 νοεῖται.
2691 1126 2777 1176 καὶ
2806 1132 2910 1196 φῶς
2936 1126 2995 1178 ού
3022 1124 3238 1182 δύναται
3261 1133 3331 1198 μὴ
3367 1132 3588 1201 φωτίζον
3625 1125 3707 1184 εἶ-

2081 1233 2183 1265 ναι.
2217 1212 2367 1268 πάλιν
2400 1216 2501 1290 γὰρ
2530 1211 2752 1286 ἔλθωμεν
2776 1216 2863 1269 ἐπὶ
2902 1217 2967 1270 τὰ
3004 1215 3422 1291 παραδείγματα.
3464 1223 3511 1274 εἰ
3554 1219 3712 1276 ἔστιν

2084 1304 2241 1366 ἣλιος.
2272 1302 2413 1361 ἔστιν
2439 1307 2605 1378 ἡμέρα
2629 1320 2642 1335 ⁸
2679 1310 2723 1360 εἰ
2746 1310 2992 1364 τοιούτων
3023 1310 3176 1381 μηδὲν
3202 1312 3332 1368 ἐστι.
3365 1314 3497 1367 πολύ
3530 1335 3589 1385 γε
3626 1313 3718 1372 δεῖ

2085 1401 2171 1451 καὶ
2194 1406 2435 1469 παρεῖναι
2473 1400 2609 1457 ἥλιον
2660 1404 2704 1454 si
2743 1404 2835 1473 μὲν
2860 1398 2946 1457 οὖν
2974 1402 3137 1466 ἀΐδιος
3167 1404 3193 1459 ὁ
3224 1406 3379 1469 ἥλιος.
3418 1404 3712 1472 ἄπαυστος

2086 1482 2145 1541 ἂν
2172 1485 2231 1546 ἧν
2258 1492 2345 1542 καὶ
2380 1491 2411 1547 ἡ
2440 1492 2605 1564 ἡμέρα
2657 1496 2747 1544 νῦν
2776 1489 2830 1547 δὲ
2856 1533 2870 1557 ,
2900 1495 2958 1546 ού
2988 1496 3087 1567 γὰρ
3117 1493 3256 1550 ἔστιν
3277 1536 3291 1554 .
3322 1499 3615 1574 ἀρξαμένου
3648 1522 3709 1556 τε

2083 1578 2295 1653 ἤρξατο,
2348 1585 2435 1637 καὶ
2458 1585 2751 1655 παυομένου
2789 1584 3093 1640 παύεται.ὁ
3135 1585 3189 1641 δέ
3216 1610 3271 1659 ’γε
3315 1591 3441 1651 Θεὸς
3494 1592 3710 1647 αἰώνιόν

364 1672 566 1739 habet)
603 1674 721 1728 dies
749 1673 866 1728 sole
897 1672 1185 1740 incipiente
1213 1669 1398 1739 incipit
1418 1709 1431 1731 .
1463 1684 1526 1724 ac
1571 1667 1853 1722 desinente
1879 1664 1968 1719 de-

2089 1675 2197 1728 ἔστι
2226 1680 2351 1745 φῶς,
2382 1672 2500 1729 οὔτε
2532 1676 2832 1749 ἀρξάμενον,
2860 1673 2975 1731 οὔτε
3002 1676 3147 1741 λῆξόν
3178 1698 3323 1733 ποτε.
3355 1680 3541 1732 οὐκοῦν
3570 1682 3710 1733 αἰὼ-

367 1766 516 1820 sinit.
563 1765 703 1819 Deus
744 1772 924 1818 autem
967 1773 1171 1819 :eterna
1203 1764 1291 1815 lux
1321 1771 1426 1822 est,
1457 1775 1577 1825 quae
1607 1775 1781 1830 neque
1808 1759 1981 1813 incre-

363 1859 469 1928 pit,
534 1873 706 1927 neque
769 1857 988 1912 deficiet
1052 1867 1308 1925 unquam.
1385 1852 1488 1923 Ipsi
1543 1867 1672 1921 ergo
1724 1851 1985 1920 praelucet

367 1961 433 2003 ac
457 1949 743 2003 coexsistit
771 1956 1008 2002 :eternus
1037 1945 1319 2016 splendor,
1348 1946 1437 2014 qui
1467 1943 1584 1998 sine
1613 1941 1769 1996 initio
1811 1941 1981 1996 evis-

369 2047 490 2095 tens
534 2050 589 2094 et
636 2054 854 2107 semper
904 2039 1135 2109 genitus,
1187 2047 1314 2091 ante
1360 2050 1482 2090 eum
1526 2034 1747 2097 emicat,
1780 2024 1982 2102 quique

367 2144 454 2191 est
480 2151 541 2191 ea
571 2134 831 2203 sapientia
858 2174 871 2200 ,
904 2148 1024 2202 qua:
1053 2132 1223 2195 dicit,
1259 2131 1369 2201 Ego
1389 2146 1527 2184 erant
1556 2145 1656 2200 qua
1682 2127 1933 2199 gaudebat
1963 2142 1983 2181 :

370 2236 418 2280 et
458 2226 745 2280 delectabar
773 2224 1003 2295 quotidie
1044 2233 1165 2277 ante
1202 2222 1388 2293 facient
1414 2223 1524 2293 ejus
1570 2221 1711 2276 omni
1768 2230 1991 2291 tempore

369 2315 556 2385 (Prov.
585 2334 699 2386 vm,
726 2319 842 2387 50).

426 2450 490 2501 Et
508 2451 651 2515 paulo
672 2458 783 2516 post
804 2463 1089 2501 sermonem
1110 2451 1176 2501 de
1202 2453 1384 2501 eodem
1405 2453 1480 2501 sic
1514 2453 1830 2514 prosequitur
1861 2465 1872 2499 :

437 2583 491 2638 4.
522 2582 658 2637 Cum
690 2597 822 2655 ergo
852 2592 1091 2639 aeternus
1114 2582 1184 2637 sit
1214 2583 1392 2648 Pater,
1426 2590 1661 2637 aeternus
1687 2591 1769 2637 est
1792 2593 1847 2637 et
1873 2582 1967 2639 Fi-

380 2673 527 2741 lius,
574 2676 757 2729 lumen
790 2674 859 2729 de
878 2673 1103 2729 lumine.
1149 2673 1249 2730 Ubi
1302 2672 1446 2728 enim
1497 2681 1581 2728 est
1626 2674 1857 2743 genitor,
1891 2682 1977 2729 est

376 2776 434 2823 et
480 2767 677 2835 proles.
712 2767 769 2822 Si
812 2775 991 2821 autem
1047 2766 1231 2837 proles
1284 2782 1391 2821 non
1433 2777 1551 2832 est,
1603 2765 1875 2837 quomodo
1924 2774 1981 2823 et

374 2857 533 2927 cujus
576 2866 757 2927 potest
797 2872 921 2912 esse
970 2858 1226 2928 genitor?
1272 2859 1433 2927 Atqui
1488 2857 1648 2912 ambo
1704 2867 1871 2925 sunt,
1928 2868 1983 2914 et

376 2966 597 3019 semper
622 2960 770 3005 sunt.
807 2951 939 3006 Cum
972 2949 1137 3021 igitur
1166 2950 1306 3006 Deus
1345 2951 1416 3005 sit
1461 2951 1549 3005 lux
1575 2993 1588 3015 ,
1622 2950 1870 3006 Christus
1897 2960 1983 3007 est

370 3047 651 3111 splendor.
696 3045 831 3103 Cum
883 3056 1063 3103 autem
1111 3047 1346 3116 Spiritus
1385 3047 1494 3112 sit,
1525 3045 1754 3116 Spiritus
1797 3046 1979 3112 enim,

368 3140 584 3210 inquit,
636 3150 709 3194 est
740 3139 875 3194 Deus
919 3138 1098 3211 (Joan.
1130 3155 1183 3193 tv
1209 3180 1223 3203 ,
1272 3138 1404 3207 21);
1446 3147 1814 3207 congruenter
1863 3152 1982 3191 rur-

365 3246 486 3285 sum
522 3228 775 3285 Christus
802 3244 969 3301 vapor
1005 3228 1245 3284 dicitur:
1286 3228 1379 3282 Est
1410 3228 1543 3283 enim
1566 3269 1581 3294 ,
1632 3227 1837 3298 inquit,
1885 3243 1978 3281 va-

355 3338 452 3393 por
478 3321 674 3376 virtutis
700 3320 798 3375 Dei
832 3320 1028 3391 (Sap.,
1058 3336 1159 3385 vn,
1190 3320 1262 3375 ‘25
1284 3321 1325 3389 ).

420 3478 733 3540 Rursumque
755 3478 874 3527 dicit
897 3491 909 3525 :

447 3607 502 3662 5.
535 3605 695 3662 Solus
727 3613 907 3659 autem
939 3603 1108 3659 Filius
1152 3618 1371 3681 semper
1415 3603 1751 3659 coexsistens
1786 3604 1970 3669 Patri,

371 3706 427 3754 et
453 3697 647 3767 plenus
678 3712 746 3751 eo
789 3696 879 3765 qui
935 3704 1058 3760 est,
1101 3695 1216 3765 ipse
1265 3696 1425 3751 etiam
1468 3704 1585 3762 est,
1617 3710 1738 3751 cum
1791 3695 1863 3751 sit
1906 3710 1973 3749 ex

376 3790 532 3849 Patre
562 3789 665 3861 (ex
694 3789 882 3845 Athan.
909 3829 923 3857 ,
953 3788 1078 3843 ibid.
1102 3831 1116 3856 ,
1162 3805 1216 3842 n.
1252 3789 1366 3861 l7).

2085 1787 2185 1820 νιον
2215 1766 2507 1840 πρόκειται.
2535 1771 2622 1821 καὶ
2652 1770 2887 1823 σύνεστιν
2924 1769 3065 1840 αύτῷ
3094 1770 3153 1823 τὸ
3175 1770 3505 1840 ἀπαύγασμα
3535 1767 3708 1843 ἄναρ-

2086 1880 2187 1932 χον
2219 1863 2303 1915 καί
2351 1862 2592 1936 ἁειγενές.
2638 1862 3035 1933 προφαινόμενον
3074 1864 3256 1922 αὐτοϋ,
3302 1858 3429 1933 ὅπερ
3473 1861 3619 1917 εστὶν
3672 1866 3707 1923 ἡ

2082 1952 2305 2027 λέγουσα
2331 1958 2505 2029 σοφία,
2537 1953 2661 2026 Ἐ’γώ
2704 1953 2837 2026 ἤμην
2932 1958 3255 2033 προσέχαιρε
3276 1972 3290 1986 ⁸
3338 1956 3450 2009 καθ’
3498 1958 3705 2033 ἡμέραν

2086 2041 2140 2099 δὲ
2172 2046 2508 2121 εύφραινὸμην
2538 2047 2588 2101 ἄν
2619 2050 2885 2122 προσώπῳ
2912 2050 3073 2107 αὐτοῦ
3098 2050 3147 2103 ἐν
3174 2052 3328 2105 παντὶ
3360 2057 3547 2124 καιρῷ.

2160 2457 2346 2507 natasti;
2363 2460 2487 2511 tum
2510 2461 2588 2509 μετ’
2608 2460 2712 2511 ὀλίγα
2730 2446 2910 2510 (inquit
2921 2446 3338 2511 Athanasius),upt
3353 2464 3419 2499 us
3437 2461 3554 2502 ιέηῶ
3568 2462 3707 2515 λεγειν·

2161 2583 2213 2636 4.
2256 2580 2436 2642 "Ou-ro;-
2485 2574 2572 2633 οὖν
2619 2580 2822 2632 αἰωνίου
2870 2584 2961 2633 τοῦ
3010 2581 3239 2653 Πατρὸς,
3284 2581 3485 2643 αἰώνιος
3512 2581 3539 2637 ὃ
3578 2584 3703 2647 Υἱός

2083 2680 2215 2743 ἔστι,
2248 2684 2349 2749 φῶς
2378 2678 2433 2730 ἐκ
2463 2675 2625 2747 φωτὸς
2656 2671 2722 2726 ὧν
2747 2690 2760 2703 ·
2786 2668 2927 2733 ἔντος
2954 2675 3054 2746 γὰρ
3083 2675 3287 2745 γονέως,
3319 2671 3433 2728 ἔστι
3462 2677 3549 2728 καὶ
3575 2678 3702 2731 τίκ-

2083 2786 2183 2823 νον·
2220 2771 2263 2822 εἰ
2289 2765 2342 2822 δέ
2371 2772 2442 2839 μή
2471 2767 2638 2821 τέκνον
2666 2761 2762 2825 εἴη,
2793 2772 2902 2825 πῶς
2932 2768 3019 2817 καὶ
3039 2768 3173 2825 τίνος
3200 2760 3329 2819 εἶναι
3354 2762 3573 2821 δύναται
3603 2789 3700 2838 ’γον

2084 2865 2235 2926 νεύς;
2264 2860 2369 2915 ἀλλ’
2398 2862 2525 2913 εἰσὶν
2555 2855 2726 2932 ἄμφω,
2751 2860 2837 2912 καὶ
2861 2860 2987 2911 εἰσὶν
3017 2861 3114 2913 ἀεὶ.

2148 2960 2239 3005 Εἶτα.
2260 2965 2368 3003 πάλιν
2392 2964 2611 3015 προστίθησι
2634 2966 2751 3000 ταῦτα
2773 2948 3092 3012 (Athanasius
3116 2951 3203 3017 ait)
3235 2967 3247 3001 :

2152 3038 2321 3098 Φωτός
2348 3036 2438 3108 μὲν
2469 3027 2560 3088 οὖν
2587 3030 2731 3095 ὄντος
2754 3039 2848 3087 τοῦ
2870 3040 3020 3091 Θεοῦ.
3054 3034 3079 3088 ὁ
3103 3038 3327 3107 Χριστὸς
3356 3038 3495 3091 ἔστιν
3517 3036 3700 3092 ἀπε-ύ-

2081 3150 2279 3204 γασμα.
2300 3128 2594 3198 πνεύματος
2622 3123 2676 3179 δὲ
2705 3120 2868 3185 ὄντος·
2897 3130 3123 3198 Πνεῦμα,
3146 3129 3270 3200 γὰρ.
3298 3131 3469 3202 φησὶν,
3494 3128 3653 3191 item.~

2084 3221 2341 3292 ἀναλόγως
2368 3217 2517 3271 πάλιν
2559 3215 2585 3270 ὁ
2624 3218 2847 3289 Χριστὸς
2886 3218 3047 3287 ἀτμὸς
3083 3217 3302 3289 λέγεται’
3327 3218 3528 3291 ’Λτμὸς,
3560 3221 3692 3293 γάρ,

2085 3318 2254 3389 φησὶν,
2285 3313 2399 3368 ἐστι
2426 3320 2522 3372 τῆς
2550 3315 2643 3365 τοῦ
2672 3314 2803 3364 Θεοῦ
2833 3307 3120 3380 δυνάμεως.

2148 3485 2224 3526 Καὶ
2247 3486 2284 3523 ιι
2303 3485 2370 3521 τοῦ
2392 3478 2558 3533 δωτιρου
2583 3468 2761 3530 (inquit
2782 3465 3098 3530 Athanasius)
3118 3480 3225 3518 πάλιν
3244 3484 3331 3532 φησί

2149 3600 2204 3654 5.
2245 3601 2404 3660 Μόνος
2431 3595 2485 3653 δὲ
2517 3596 2541 3652 ὁ
2570 3596 2684 3657 Υἱὸς
2711 3596 2791 3650 ἀεὶ
2820 3597 2985 3649 συνὼν
3005 3602 3080 3668 τῷ
3100 3598 3281 3667 Πατρί,
3314 3598 3400 3650 καὶ
3420 3603 3512 3653 τοῦ
3534 3596 3689 3662 ὄντος

2078 3693 2450 3766 πληρούμενος.
2495 3690 2582 3741 καὶ
2608 3687 2760 3746 αύτός
2792 3683 2960 3750 ἔστιν,
2993 3684 3060 3739 ὢν
3104 3688 3158 3740 ἐκ
3188 3692 3281 3742 τοῦ
3310 3689 3527 3760 Πατρός.
3559 3688 3693 3745 Haec

2078 3791 2309 3837 exettata
2341 3786 2467 3833 sunt
2506 3776 2646 3830 serie
2672 3780 2927 3829 continua
2968 3789 2998 3827 a
3036 3774 3099 3831 S.
3134 3776 3415 3830 Athanasio
3460 3779 3515 3831 in
3556 3777 3694 3848 Epi-

2079 3871 2212 3926 stola
2242 3870 2307 3924 de
2335 3867 2600 3925 Sententia
2625 3864 2884 3936 Dionysii,
2921 3882 3067 3922 num.
3101 3867 3189 3934 15,
3216 3881 3267 3938 p.
3300 3867 3427 3936 253,
3462 3868 3545 3923 ed.
3577 3868 3687 3925 Be-

2080 3965 2332 4021 nedictin.

1673 4096 1748 4147 Ex
1767 4070 1941 4149 eodem
1971 4099 2097 4151 libro
2122 4100 2279 4163 primo
2302 4096 2394 4161 (ι).

442 4204 497 4258 6.
555 4200 824 4257 Caeterum
872 4200 961 4255 ubi
1004 4215 1096 4255 res
1142 4200 1311 4256 factas
1357 4209 1413 4256 et
1456 4200 1671 4271 Opillcia
1721 4202 1965 4272 qundam

2145 4203 2194 4258 6.
2241 4204 2366 4263 Πλὴν
2412 4204 2511 4275 ἐγὼ
2559 4204 2745 4275 γενητά
2789 4224 2903 4258 τινα
2950 4209 3115 4278 φήσας
3158 4210 3395 4274 νοεῖσθαι,
3438 4218 3539 4264 τῶν
3583 4215 3680 4283 μὲν

375 4291 771 4350 consideranda
822 4292 972 4359 dixi,
1026 4290 1337 4358 huiusmodi
1385 4306 1567 4345 rerum
1602 4292 1747 4347 velut
1798 4298 1973 4349 minus

373 4384 701 4440 idonearnm
739 4383 938 4437 cursim
988 4382 1186 4452 protuli
1234 4382 1517 4451 exempla,
1549 4383 1763 4451 quando
1806 4383 1920 4439 dixi
1958 4403 1972 4439 :

373 4476 560 4549 Neque
593 4476 770 4545 planta
803 4474 853 4530 id
886 4483 970 4531 est
995 4474 1136 4545 quod
1169 4474 1437 4545 agricola.
1473 4489 1646 4546 neque
1671 4476 1870 4543 scapha
1920 4474 1974 4531 id

367 4569 511 4642 quod
542 4569 755 4622 navium
784 4568 937 4622 faber
967 4571 1056 4635 (ex
1101 4566 1291 4620 Athan.
1318 4608 1332 4632 ,
1368 4565 1497 4620 ibid.
1524 4607 1539 4632 ,
1589 4584 1641 4620 η.
1688 4567 1814 4632 l8).
1867 4567 1972 4623 De-

364 4662 493 4718 inde
547 4661 805 4732 congruis
864 4669 915 4715 et
971 4669 1178 4713 natura:
1231 4660 1309 4714 rei
1384 4659 1971 4715 accommodatioribus

370 4756 545 4826 magis
594 4769 712 4809 sum
760 4754 1110 4819 immoratus,
1166 4766 1229 4806 ac
1285 4752 1526 4822 pluribus
1577 4754 1809 4824 explicui
1850 4770 1971 4825 quae

366 4848 578 4904 veriora
633 4856 828 4914 erant,
864 4845 1028 4902 variis
1072 4843 1391 4915 excogitatis
1426 4846 1796 4916 argumentis,
1848 4863 1971 4918 quae

2074 4297 2318 4351 τοιούτων
2345 4298 2413 4355 ὡς
2451 4296 2800 4371 ἁχρειοτέρων
2828 4295 2879 4359 ἐξ
2906 4296 3185 4373 ἐπιδρομῆς
3226 4294 3367 4355 εἷπον
3392 4300 3677 4379 παραδείγ-

2077 4410 2216 4458 ματα
2238 4404 2251 4417 ⁶
2281 4390 2392 4443 ἐπεὶ
2421 4393 2546 4459 μήτε
2569 4391 2627 4443 τὸ
2649 4392 2803 4458 φυτὸν
2830 4388 2946 4464 ἔφην
2974 4389 3253 4461 (adderem
3278 4396 3337 4449 τὸ
3365 4396 3492 4451 αὐτὸ
3523 4392 3679 4463 εἶναι)

2076 4485 2150 4550 τῷ
2177 4487 2404 4553 γεωργῷ,
2437 4484 2564 4552 μήτε
2615 4488 2689 4553 τῷ
2730 4491 2977 4556 ναυπηγῷ
3023 4486 3082 4539 τὸ
3133 4487 3348 4559 animos.
3396 4481 3518 4543 Εἶτα
3570 4498 3681 4553 τοῖς

2077 4570 2356 4643 ἱκνουμένοι
2410 4577 2496 4627 καὶ
2548 4579 2987 4650 προσφυεστέροις
3040 4576 3369 4651 ἐνδιέτριψαο
3403 4584 3489 4635 καὶ
3528 4583 3682 4638 πλέον

2077 4662 2321 4730 διεξῆλθον
2350 4671 2467 4739 περὶ
2494 4676 2593 4723 τῶν
2625 4671 2989 4744 ἀληθεστέρων,
3025 4672 3229 4727 ποικίλα
3252 4678 3677 4751 προσεπεξευρών

2068 4763 2339 4830 τεκμήρια,
2370 4759 2501 4837 ἅπερ
2534 4766 2618 4814 καὶ
2663 4784 2746 4817 σοι
2776 4761 2839 4817 δι’
2872 4760 3021 4825 ἄλλης
3051 4765 3321 4827 ἐπιστολῆς
3348 4765 3552 4843 ἔγραψα
3579 4786 3592 4798 ⁸
3622 4773 3675 4826 ἐν

2069 4845 2141 4909 οἷς
2170 4850 2373 4924 ἠλεγξα,
2407 4848 2541 4905 καὶό
2572 4855 2915 4930 προφέρουσιν
2947 4853 3173 4929 ἔγκλημα
3195 4856 3308 4913 κατ’
3335 4858 3459 4929 ἐμοῦ
3480 4858 3675 4930 ψεῦδος

1774 4982 2265 5043 ΟΟΜΜΕΝΤΔΒῙΙ.

436 5124 517 5193 (l)
552 5121 821 5193 Quorsum
844 5120 1137 5193 Dionysius
1160 5119 1453 5193 sequentia
1501 5120 1553 5175 in
1596 5120 1831 5177 medium
1875 5132 1957 5179 at-

372 5192 574 5259 tulerit,
603 5191 925 5247 Athannsins
952 5191 1022 5263 ita
1053 5191 1332 5263 declarat:
1358 5191 1689 5247 Accusatores
1709 5210 1850 5259 suos,
1868 5196 1957 5263 qui

367 5280 485 5318 eum
530 5263 899 5317 mentiebantur
945 5262 1173 5327 dixisse,
1209 5260 1406 5315 Filium
1447 5279 1601 5317 unum
1641 5279 1817 5317 eorum
1850 5260 1958 5320 esse

360 5350 478 5404 quia
504 5336 644 5405 facta
688 5344 833 5396 sunt,
871 5343 920 5387 et
955 5349 1276 5405 nequaquam
1306 5349 1417 5386 esse
1448 5330 1594 5388 Patri
1617 5335 1955 5390 consubstan-

360 5403 565 5467 tialem,
617 5406 800 5457 iterum
838 5406 891 5457 in
955 5403 1085 5457 libro
1137 5404 1300 5471 primo
1362 5406 1592 5474 coarguit
1648 5406 1727 5459 his
1772 5408 1955 5461 verbis.

364 5474 520 5532 Unde
566 5475 733 5546 liquet
777 5489 840 5529 ea
884 5475 935 5527 in
976 5477 1258 5546 superiore
1301 5474 1536 5546 Dionysii
1592 5479 1797 5532 romani
1840 5479 1956 5545 eni-

366 5548 506 5600 stoia
535 5545 809 5601 confutata
841 5560 999 5610 esse,
1031 5560 1150 5613 qua:
1190 5545 1557 5600 Alexandrino
1600 5547 1807 5613 objecta
1840 5548 1953 5603 l‘ue-

364 5629 509 5671 rant.
542 5617 579 5671 li
612 5620 793 5682 enim,
826 5617 911 5685 qui
946 5613 1220 5669 Dominum
1257 5620 1448 5686 factum
1473 5634 1603 5682 esse,
1639 5619 1769 5671 sicut
1795 5636 1952 5673 unum

360 5703 544 5760 eorum
595 5704 710 5756 quae
743 5696 901 5760 facta
939 5698 1091 5752 sunt,
1145 5688 1469 5760 existimant,
1520 5690 1572 5745 in
1624 5689 1748 5758 illa,
1791 5708 1846 5745 n.
1875 5690 1947 5760 2,

355 5756 711 5817 refelluntur.
741 5756 875 5816 lllud
922 5771 1141 5830 quoque
1193 5758 1522 5830 notandum,
1571 5775 1691 5817 eam
1734 5756 1949 5833 ﬁdem,

2058 5139 2161 5203 qua
2212 5124 2424 5203 Patrem
2475 5137 2529 5184 et
2569 5128 2766 5203 Filium
2811 5132 2968 5203 unius
3019 5132 3367 5203 substantize,
3408 5153 3503 5195 seu
3543 5158 3671 5197 con-

2058 5197 2420 5283 substantiales
2454 5200 2771 5283 credimus,_
2808 5202 3050 5258 fidelium
3082 5208 3277 5261 animis
3324 5197 3394 5262 ita
3437 5224 3665 5283 semper

2061 5265 2227 5348 fuisse
2252 5268 2490 5348 insitam,
2519 5280 2576 5325 ut
2605 5286 2725 5348 cum
2746 5265 2860 5329 hoc
2890 5290 3091 5348 negare
3120 5286 3395 5345 putaretur
3419 5265 3663 5340 Alexarti:

2061 5337 2253 5393 drinus
2279 5341 2535 5405 antistes,
2564 5346 2745 5399 statim
2788 5360 2817 5398 a
2869 5337 3152 5403 catholicis
3198 5350 3327 5403 viris
3370 5351 3434 5404 ad
3483 5337 3669 5411 roma-

2061 5423 2188 5462 num
2239 5410 2546 5483 pontiﬁcem
2606 5413 2765 5471 fuerit
2810 5416 3053 5481 delatus,
3104 5433 3205 5473 nec
3251 5419 3343 5476 ille
3390 5410 3671 5483 dismlerit

2061 5492 2184 5535 sese
2224 5482 2644 5555 ab__hujnsmodi
2694 5486 2954 5555 opinione
3002 5487 3395 5545 alienissimum
3436 5482 3672 5551 demon;

2059 5560 2254 5635 strare.
2285 5552 2393 5635 Nec
2422 5554 2551 5609 illud
2582 5552 2786 5635 minori
2805 5559 3189 5635 observatione
3220 5561 3436 5635 dignum
3457 5603 3475 5630 ,
3520 5570 3667 5635 quod

2059 5636 2166 5702 non
2196 5633 2400 5678 tantum
2431 5640 2544 5702 rem
2576 5630 2737 5702 verlm
2766 5628 3038 5702 ὁμοούσιον
3063 5628 3416 5701 signiﬁcatam
3439 5628 3466 5697 ,⁷
3488 5628 3583 5691 sed
3610 5649 3670 5696 et

2060 5692 2349 5774 ipsuutmet
2373 5697 2599 5774 Verbum
2629 5692 2811 5774 aliquo
2841 5704 3001 5774 modo
3032 5692 3181 5772 rejici
3222 5702 3408 5774 ﬁdeles
3436 5692 3667 5766 tutante

2056 5769 2321 5823 nicmnum
2367 5769 2651 5825 concilium
2682 5769 2837 5827 annis
2890 5769 3105 5844 indigne
3158 5773 3400 5831 tulerint.
3454 5775 3658 5837 (Σοῦς-ι’.
