3888 6356
180 363 258 422 1:5
1082 361 1171 419 AD
1209 358 1588 420 DIONYSIUM
1627 358 1968 420 ROMANUM
2006 362 2464 424 FRAGMENTA.
3356 375 3462 432 ηε

182 477 315 530 virtus
363 483 416 532 et
455 475 678 540 vitium,
757 475 1003 532 factores
1041 484 1434 548 nuncupantur,
1482 475 1714 548 quematl

1923 486 1940 533 5
1964 491 2180 543 ποιῆσαι
2204 489 2390 562 κρίσιν,
2416 488 2626 547 ἐποίησε
2653 486 2707 545 δέ
2732 491 2966 564 ἀνομίαν.
2991 490 3259 563 (Adducta
3281 488 3398 547 haec
3426 506 3458 549 a

186 568 361 626 modum
389 567 520 623 dixit
569 568 760 624 Deus:
798 568 1082 637 Expecmi
1124 578 1178 623 ut
1215 574 1407 642 faceret
1441 569 1699 644 judicium
1725 612 1741 638 ,
1850 572 1913 628 S.
1946 574 2250 645 Athanasio,
2285 578 2376 634 ubi
2401 595 2585 652 supra,
2617 598 2672 637 η.
2704 599 2800 651 xx,
2835 600 2888 656 p.
2913 585 3071 655 257.)

186 663 275 734 fecit
297 673 451 717 autem
479 663 806 732 iniquitatem
839 663 859 736 (
881 662 994 718 Isa.
1018 707 1031 728 ,
1061 663 1115 730 5,
1159 661 1239 733 7).
3022 734 3024 737 ν

186 755 302 808 Δᾶὰῆ
320 756 624 818 Athanasius,
651 770 704 807 n.
730 755 813 818 2|,
835 757 1140 822 Dionysium,
1173 755 1316 819 Quod
1342 757 1496 807 Deum
1522 753 1705 807 Christi
1720 757 1953 821 factorem
1975 754 2200 819 dixisset,
2225 759 2734 825 reprehendentibus,
2752 764 2959 836 diversa,
2974 777 3214 831 responsa
3235 765 3457 826 dedisse,

1394 841 1579 903 quibus
1594 851 1650 888 se
1678 846 1935 902 purgaret,
1962 839 2153 889 dicens.

244 953 314 1007 ll.
352 951 529 1022 Neque
565 952 644 1006 sic
687 949 1194 1021 reprehendendum
1226 965 1348 1006 esse
1379 949 1481 1004 hoc
1503 949 1740 1014 dictum;

1922 949 2005 1003 11.
2046 948 2171 1010 Μηδ’
2198 949 2361 1014 οὕτως
2392 953 2694 1026 ἐπιλήψιμον
2722 950 2848 1008 εἶναι
2871 955 2956 1010 τὸν
2982 955 3128 1024 λόγον
3159 969 3172 983 ⁸
3207 957 3457 1030 εἰρηκέναι

187 1059 235 1100 se
273 1044 398 1097 enim
444 1042 664 1097 factoris
716 1043 939 1098 nomine
977 1057 1132 1097 usum
1181 1055 1303 1098 esse
1343 1041 1475 1096 dicit
1523 1051 1722 1110 proptet

1920 1064 1945 1119 ρ
1983 1047 2193 1103 ποιητήν
2241 1067 2361 1116 φησι
2416 1043 2501 1100 διὰ
2537 1050 2628 1104 τήν
2655 1047 2850 1122 σάρκα,
2887 1047 2944 1104 ἣν
2979 1045 3212 1109 ἀνέλαϐε,
3247 1051 3455 1119 γενητήν

188 1149 369 1190 carnem
405 1149 562 1204 quam
621 1134 852 1188 verbum
931 1143 1331 1202 assumpserat,
1389 1147 1510 1202 qua:
1563 1132 1723 1201 utiqttt

1920 1158 2010 1190 σαν
2039 1140 2216 1202 αὐτὴν,
2250 1139 2275 1193 6
2300 1141 2462 1213 Λόγος
2515 1142 2572 1194 Εἰ
2597 1138 2650 1196 δέ
2676 1143 2901 1215 καὶπερὶ
2925 1147 3015 1195 τοῦ
3047 1140 3196 1214 λόγου
3231 1161 3309 1201 τις
3335 1141 3455 1194 ὐπο-

189 1226 302 1282 [acta
327 1236 419 1282 est.
452 1227 606 1295 Quod
651 1230 694 1283 si
724 1228 848 1298 quis
881 1226 1008 1281 illud
1042 1227 1110 1281 de
1133 1226 1311 1282 Verbo
1341 1227 1545 1281 dictum
1581 1225 1724 1280 fuisse

1921 1236 2022 1290 iam
2059 1239 2214 1288 τοῦτο
2250 1232 2506 1305 λελέχθαι,
2540 1237 2628 1287 καὶ
2666 1233 2830 1294 οὕτως
2866 1231 3084 1309 ἔπρεπεν
3130 1235 3322 1294 αὐτοὺς
3349 1234 3456 1307 ἀφι-

188 1323 470 1390 suspicetur,
528 1331 583 1376 et
646 1321 697 1376 id
747 1337 962 1391 quoque
1003 1332 1211 1376 remota
1261 1321 1608 1376 contentione
1651 1335 1718 1374 an

1916 1328 2077 1386 ιείκως
2115 1327 2358 1379 ἀκοῦσαι.
2389 1330 2454 1388 ὡς
2490 1328 2590 1400 γὰρ
2619 1327 2677 1378 οῦ
2722 1328 2918 1396 ποίημα
2959 1332 3122 1398 φρονῶ
3157 1326 3240 1380 τὸν
3270 1325 3451 1397 Λόγον,

191 1413 405 1468 diendum
451 1421 586 1467 erat.
654 1412 805 1468 Sicut
873 1414 1020 1467 enim
1067 1411 1303 1468 Verbum
1371 1428 1483 1469 retn
1547 1411 1726 1465 factan‘

1922 1421 1936 1470 ί
1974 1420 2032 1471 οὐ
2060 1425 2292 1484 ποιητήν,
2323 1420 2448 1473 ἀλλά
2477 1421 2682 1493 πατέρα
2724 1421 2806 1472 τὸν
2851 1420 2971 1474 Θεὸν
3002 1421 3160 1474 αὐτοῦ
3192 1419 3340 1490 λέγω.
3371 1422 3457 1472 καί

190 1521 286 1561 esse
327 1521 424 1559 non
455 1506 661 1570 sentio;
714 1506 788 1560 ita
818 1521 918 1562 nec
956 1506 1121 1560 Deum
1165 1504 1464 1572 factorem,
1511 1504 1606 1561 sed
1654 1519 1725 1574 pa

1921 1533 1943 1563 ν
1979 1513 2030 1575 ἐξ
2069 1509 2349 1586 ἐπιδρομῆς
2388 1509 2516 1565 εἴπω
2565 1517 2777 1568 ποιητήν
2826 1511 2912 1564 τὸν
2958 1510 3079 1564 Θεὸν
3126 1507 3456 1582 διηγούμενος

189 1608 299 1652 trem
322 1598 433 1666 ejus
464 1597 606 1653 dico.
664 1598 771 1654 Sed
824 1607 879 1653 et
920 1600 965 1652 si
1009 1599 1228 1670 quando
1270 1599 1356 1656 de.
1384 1599 1521 1656 Filio
1565 1600 1713 1654 disse

1917 1607 1970 1679 ρί
1995 1607 2086 1657 τοῦ
2116 1602 2234 1656 Υίοῦ
2253 1643 2267 1664 ,
2299 1602 2424 1656 ἀλλὰ
2458 1606 2545 1658 καὶ
2573 1601 2735 1661 οῦτως
2763 1602 3179 1673 ἀπολογήσασθαι
3217 1599 3452 1656 δυνατόν.

188 1705 320 1753 rens,
361 1689 746 1747 obiter.Deum
799 1689 1060 1746 factorem
1101 1692 1308 1759 dixero,
1365 1706 1540 1761 neque
1567 1689 1723 1746 deien

1918 1700 2068 1759 ιιητάς
2093 1700 2194 1772 γὰρ
2219 1703 2318 1751 τῶν
2344 1694 2483 1750 ἰδίων
2503 1696 2660 1767 λόγων
2688 1694 2924 1752 Ἐλλήνων
2949 1697 3040 1765 μέν
3065 1695 3112 1748 οί
3138 1698 3283 1765 σοφοί
3309 1707 3453 1766 φασι,

187 1782 312 1837 sione
343 1791 517 1837 careat
557 1782 676 1837 bmc
703 1781 924 1839 locutio.
970 1783 1102 1839 Nam
1134 1785 1406 1854 sapientes
1431 1783 1572 1854 apud
1597 1783 1718 1839 Grec

1923 1795 2020 1846 ίτοι
2063 1791 2294 1866 πατέρας
2335 1789 2554 1848 ἑαυτοὺς
2593 1784 2742 1848 ὄντας
2780 1795 2879 1841 τῶν
2920 1785 3057 1839 ἰδίων
3101 1786 3281 1858 λόγων.
3321 1787 3352 1843 ἠ
3401 1784 3455 1840 δέ

188 1888 261 1929 eos
286 1874 526 1930 librorum
555 1891 775 1931 suorum
800 1877 1033 1933 factores
1053 1892 1115 1932 se
1155 1888 1501 1945 nuncupant,
1533 1885 1723 1932 tamets

1923 1907 1954 1938 α
1995 1890 2165 1960 Γραφή
2210 1887 2296 1937 καὶ
2344 1890 2442 1936 τῶν
2491 1882 2592 1936 ἀπὸ
2619 1877 2858 1953 -καρδίας
2909 1880 3194 1950 κινημάτων
3240 1882 3458 1939 ποιήτάς

190 1964 320 2019 iidem
379 1966 638 2021 librorum
689 1982 912 2023 suorum
971 1979 1153 2039 patres
1217 1977 1363 2024 sunt.
1418 1969 1607 2023 Divina
1658 1984 1725 2022 au

1924 1981 1986 2034 ἃς
2011 1973 2316 2049 διαγορεύει,
2350 1976 2569 2036 ποιητὰς
2597 1973 2756 2046 νόμου
2784 1975 2871 2027 καὶ
2904 1975 3125 2049 κρίσεως
3145 1972 3234 2026 καί
3265 1966 3456 2026 δικαιο-

191 2064 272 2110 tetn
296 2056 556 2128 Scriptura
594 2071 836 2116 motuum
867 2061 956 2132 qui
997 2077 1064 2117 ex
1095 2060 1259 2117 corde
1307 2059 1576 2131 prodeunt
1599 2103 1613 2123 .
1646 2075 1726 2113 nos

737 2076 836 2115 tum
867 2061 956 2132 qui
997 2077 1064 2117 ex
1095 2060 1259 2117 corde
1307 2059 1576 2131 prodeunt
1599 2103 1613 2123 .
1646 2075 1748 2115 nos
1851 2068 2009 2128 σύνης
2031 2065 2272 2140 λέγουσα.

190 2147 380 2205 factores
430 2160 614 2219 vocat,
670 2168 794 2208 cum
849 2168 949 2209 nos
1003 2152 1240 2210 factores
1284 2153 1418 2226 legis
1458 2165 1513 2210 et
1555 2151 1746 2224 judicii

191 2249 232 2295 et
264 2241 465 2311 iustitia:
508 2239 657 2300 dicit.

1397 2367 1474 2418 Ex
1499 2367 1678 2418 eodem
1703 2365 1832 2416 libro
1854 2364 2090 2416 secundo.

247 2471 320 2527 12.
352 2470 413 2526 In
455 2475 714 2546 principio
760 2485 871 2530 erat
929 2474 1149 2530 Verbum
1184 2475 1261 2548 (6)
1293 2491 1308 2531 :
1336 2475 1430 2530 sed
1475 2489 1581 2529 non
1629 2483 1748 2529 erat

1929 2470 2010 2526 12.
2050 2469 2126 2525 Ἐν
2156 2470 2302 2545 ἀρχῇ
2331 2465 2388 2527 ἧν
2416 2465 2621 2537 όΛόγος
2647 2479 2661 2496 ·
2695 2463 2798 2518 ἀλλ’
2829 2463 2918 2516 οὐκ
2946 2457 3003 2520 ἦν
3029 2457 3176 2532 λόγος
3202 2457 3229 2514 6
3255 2458 3342 2514 τὸν
3365 2459 3464 2513 Λό-

193 2564 384 2622 Verbum
409 2569 554 2639 quod
587 2569 818 2624 Verbum
850 2570 1162 2640 produxerit
1194 2571 1282 2642 (ea:
1321 2570 1515 2624 Athan.
1536 2611 1552 2636 ,
1588 2568 1714 2623 ibid.

1934 2587 1936 2608 ι
1963 2565 2240 2639 προέμενος
2259 2579 2271 2592 ⁸
2293 2557 2406 2624 Ἦν,
2431 2561 2552 2634 γὰρ,
2589 2555 2615 2610 6
2637 2556 2797 2628 Λόγος
2838 2554 2968 2628 πρὸς
2995 2553 3082 2606 τὸν
3111 2551 3236 2605 Θεὸν
3266 2566 3280 2580 ’
3314 2553 3469 2624 σοφία

194 2674 236 2714 1t.
273 2658 359 2729 25)
405 2679 418 2713 :
453 2659 681 2715 Verbum
721 2664 866 2717 enim
892 2673 1002 2716 erat
1033 2663 1174 2733 apud
1207 2641 1382 2716 Deum
1426 2661 1607 2734 (Joan.
1630 2703 1645 2728 ,
1676 2658 1726 2730 t)

1929 2661 2119 2729 γένηται
2146 2655 2172 2709 6
2199 2656 2400 2730 Κύριος·
2433 2653 2524 2706 οὐκ
2551 2647 2610 2709 ἦν
2634 2643 2720 2703 οῦν
2747 2649 2901 2719 σοφία
2930 2645 2956 2699 6
2984 2649 3078 2702 τὴν
3100 2645 3280 2714 σοφίαν
3309 2641 3464 2702 ἀνείς·

196 2747 409 2804 Dominus
455 2751 721 2822 sapientia
777 2762 859 2807 est
901 2771 916 2807 :
961 2768 1070 2808 non
1118 2760 1238 2807 erat
1289 2753 1446 2823 igitur
1490 2752 1731 2822 sapienti:

1934 2755 1998 2814 ὠ,
2030 2751 2152 2825 γὰρ,
2193 2748 2344 2819 ἤμην.
2369 2748 2545 2843 Ϊησὶν,
2583 2740 3015 2818 ᾖπροσέχαιρεν.
3049 2737 3416 2843 ἁλήθειὸἷὶστιν
3443 2735 3469 2789 6

195 2838 266 2908 qui
304 2843 612 2909 sapientiam
666 2845 953 2914 produxit;
1002 2844 1116 2917 Ego
1167 2845 1313 2900 enim
1340 2861 1509 2910 erant,
1544 2844 1716 2915 inquit

1930 2841 2121 2902 Ιισαιῖός⁹
2173 2827 2451 2912 Εὐλόγηῖος
2493 2833 2569 2897 δέ,
2620 2831 2850 2908 φησίν,ό
2896 2830 3019 2891 Θεὸς
3071 2838 3163 2889 τῆς
3216 2827 3465 2886 ἀληθείας.

196 2949 274 3000 qua
295 2935 628 2990 delectabatur
667 2936 852 3010 (Prov.
881 2954 1007 3004 vut,
1048 2937 1222 3008 .30).
1253 2936 1470 2992 Veritas
1489 2945 1573 2992 est
1595 2935 1753 2992 Chri-
1861 2933 2105 3005 (Profert
2139 2930 2256 2986 hate
2283 2929 2346 2986 S.
2388 2926 2730 2992 Athanasius,
2776 2925 2866 2980 ubi
2898 2937 3098 2993 supra,
3128 2937 3182 2976 η.
3235 2934 3326 2974 ιιι
3349 2961 3364 2987 ,
3413 2933 3469 2988 p.

197 3033 286 3081 stus
313 3043 326 3082 :
353 3025 659 3084 Benedictus
689 3038 892 3096 autem,
925 3029 1003 3085 ait
1037 3027 1180 3083 Deus
1210 3027 1472 3084 veritatis.
1873 3026 2016 3096 260.)

1536 3161 1615 3213 Ex
1631 3163 1790 3213 tertio
1816 3160 1962 3213 libro.

251 3292 322 3350 13.
366 3293 480 3349 Vita
524 3308 602 3347 ex
656 3293 764 3348 vita
815 3292 993 3363 genita
1043 3298 1165 3357 est,
1215 3289 1673 3360 quemadmodum
1711 3299 1786 3358 et

1936 3289 2012 3344 ιδ.
2056 3293 2168 3348 2.ωή
2204 3290 2258 3343 in
2301 3293 2434 3353 ζωῆς
2462 3289 2691 3360 ίγεννήθη
2715 3301 2728 3315 '
2755 3288 2844 3340 καὶ
2890 3287 3069 3360 ὥσπερ
3098 3282 3336 3352 ποταμὸς
3367 3283 3471 3336 ἀπὸ

200 3381 317 3440 fonte
359 3385 551 3442 ﬂumen
599 3385 903 3452 emanavit,
957 3394 1014 3440 et
1071 3399 1137 3440 ex
1196 3383 1495 3439 inextinao
1551 3383 1735 3438 lutnint

1934 3391 2034 3453 νγῆς
2061 3378 2276 3457 ἴρρευσε
2298 3395 2313 3408 ⁸
2346 3384 2432 3435 καὶ
2461 3381 2562 3435 ἀπὸ
2588 3380 2853 3435 ἀσϐέστου
2880 3378 3111 3452 λαμπρὸν
3136 3382 3238 3448 φῶς
3263 3375 3469 3446 ἀνήφθη.

206 3478 499 3546 splendidum
539 3479 730 3536 lumen
761 3491 1052 3534 accensum
1083 3484 1167 3534 est
1192 3475 1293 3550 (ea:
1317 3475 1511 3533 Athan.
1536 3515 1555 3545 ,
1583 3475 1711 3532 ibid.
1744 3518 1759 3544 ,
1947 3473 2327 3547 (Adducuntur
2364 3473 2481 3529 hanc
2507 3489 2536 3527 a
2566 3472 2629 3529 S.
2661 3473 2944 3528 Athanasio
2967 3469 3072 3540 Ep.
3115 3469 3179 3524 de
3207 3467 3474 3525 Sententia

205 3585 244 3622 η.
288 3571 394 3643 ts).

1879 3566 2138 3639 Dionysii,
2171 3584 2226 3624 n.
2259 3583 2414 3624 xvnt.
2444 3583 2495 3639 p.
2530 3566 2683 3638 256.)

1530 3731 1606 3784 Ex
1623 3731 1748 3782 libro
1769 3736 1963 3795 quarto.

254 3843 326 3898 lt.
356 3843 495 3900 Sicut
541 3855 706 3898 mens
752 3850 938 3897 nostra
975 3849 1183 3898 eructat
1222 3855 1252 3895 a
1302 3840 1480 3909 seipsa
1530 3840 1756 3895 verbum

1938 3839 2022 3894 14.
2053 3839 2141 3901 Ὠς
2166 3841 2268 3915 γὰρ
2300 3838 2324 3893 6
2351 3840 2596 3916 ἡμέτερος
2623 3843 2740 3898 νοῦς
2767 3839 3031 3914 ἐρεύγεται
3057 3839 3149 3910 μέν
3179 3838 3261 3909 ἀφ’
3286 3838 3473 3893 ἑαυτοῦ

205 3937 458 4004 (Albanam,
497 3939 628 3992 ibid.
652 3980 668 4003 ,
714 3955 770 3991 rt.
797 3935 903 4007 25)
927 3979 942 4002 ,
991 3948 1046 3990 ιιι
1078 3937 1150 3990 ait
1180 3935 1448 4004 Propheta
1485 3951 1497 3986 :
1533 3931 1740 3987 Eructa-

1940 3933 2132 4004 ιλόγον,
2165 3934 2232 3992 ὡς
2278 3927 2415 3986 εἶπεν
2461 3931 2486 3986 6
2525 3935 2806 4007 προφήτης.
2835 3930 3162 4004 Ἐξηρεύξατο
3207 3933 3236 3989 ἡ
3286 3931 3475 4008 καρδία

201 4029 253 4080 sit
293 4046 368 4084 cor
415 4048 578 4085 meum
633 4033 850 4084 uerbum
890 4030 1075 4082 bonum
1129 4027 1283 4100 (Psal
1322 4042 1482 4092 thv,
1509 4023 1578 4097 Ξ)
1604 4065 1620 4092 ,
1649 4033 1736 4080 est

1936 4051 1962 4081 υ
1992 4027 2136 4100 λόγον
2161 4027 2363 4100 ἀγαθόν’
2389 4029 2476 4080 καί
2502 4024 2616 4080 ἔστι
2643 4027 2733 4094 μέν
2761 4024 3001 4099 ἑκάτερος
3029 4025 3199 4099 ἔτερος
3229 4029 3471 4103 θατέρου,

201 4133 279 4187 que
301 4136 567 4192 utrumque
594 4122 837 4177 alterum
886 4121 956 4174 ab
998 4119 1212 4186 altero,
1271 4118 1547 4189 proprium
1587 4125 1643 4172 et
1689 4116 1736 4171 al

1941 4143 1986 4174 ον
2017 4125 2102 4175 καί
2127 4127 2216 4175 τοῦ
2247 4121 2422 4174 λοιποῦ
2448 4121 2837 4194 κεχωρισμένον
2867 4117 3093 4189 εἰληχὼς
3118 4120 3294 4184 τόπον,
3326 4120 3352 4174 6
3384 4124 3476 4192 μέν

201 4210 333 4268 altero
365 4216 712 4272 disetinctum
760 4214 1013 4269 obtinens
1044 4213 1221 4268 locum
1245 4253 1260 4276 ,
1290 4227 1414 4268 cum
1459 4211 1591 4266 illud
1639 4210 1736 4281 qui

1942 4223 2004 4289 τῇ
2032 4211 2239 4288 καρδίᾳ.
2273 4209 2384 4266 όδέ
2426 4213 2511 4265 έπί
2555 4219 2647 4270 τῆς
2689 4212 2920 4283 γλώττης
2952 4214 3038 4264 καί
3079 4217 3168 4264 τοῦ
3216 4212 3477 4283 στόματος

199 4302 291 4359 dem
327 4307 372 4362 in
414 4309 612 4375 corde,
677 4307 819 4362 istud
869 4322 997 4362 vero
1038 4309 1093 4362 in
1147 4307 1324 4376 lingua
1370 4315 1426 4360 et
1474 4318 1569 4360 ore
1604 4318 1734 4359 com

1944 4311 2011 4357 ὧν
2036 4325 2090 4358 τε
2118 4308 2205 4358 καί
2233 4304 2544 4375 κινούμενος’
2579 4304 2637 4356 οὐ
2688 4307 2785 4374 μήν
2831 4299 3163 4360 διεστήκασιν
3181 4343 3194 4359 ,
3219 4301 3335 4356 οὐδὲ
3382 4327 3477 4358 κα-

199 4410 396 4456 moretur
437 4414 492 4458 et
533 4411 829 4457 moveatur
879 4417 893 4454 :
937 4414 1112 4469 neque
1157 4409 1336 4453 tamen
1380 4397 1522 4452 inter
1567 4412 1626 4452 se
1670 4395 1734 4450 dit

1941 4398 2030 4460 ταξ
2059 4395 2275 4454 ἀλλήλων
2304 4397 2595 4470 στέρονται.
2629 4392 2744 4448 οὐδέ
2794 4396 2935 4448 ἐστιν
2977 4390 3092 4446 οὔτε
3137 4391 3162 4445 6
3206 4400 3324 4453 νοῦς
3359 4392 3476 4448 ἅλο-

199 4503 340 4562 stant,
383 4506 551 4552 autse
579 4494 829 4551 invicem
871 4494 1188 4563 privamur;
1241 4504 1418 4562 neque
1458 4505 1613 4546 mens
1639 4490 1758 4546 sine

200 4586 329 4642 verbo
367 4600 479 4652 est,
525 4605 710 4661 neque
760 4586 982 4642 verbum
1032 4585 1151 4640 sine
1193 4595 1377 4640 mente
1409 4600 1424 4637 :
1455 4583 1549 4639 sed
1603 4598 1735 4638 men:

1940 4589 2005 4655 τῷ
2038 4583 2226 4652 φανείς,
2245 4584 2328 4634 καί
2347 4580 2373 4635 6
2393 4580 2536 4652 λόγος
2554 4578 2777 4635 δείκνυσι
2791 4581 2876 4634 τὸν
2895 4586 3033 4638 νοῦν.
3051 4581 3100 4633 έν
3116 4580 3256 4652 αὐτῷ
3271 4580 3475 4653 γενόμε-

199 4680 378 4735 verbum
425 4682 552 4738 facit
590 4691 650 4737 et
705 4681 763 4735 in
791 4680 910 4750 ipso
956 4687 1217 4749 apparet,
1247 4692 1311 4732 ac
1341 4675 1564 4732 verbum
1605 4676 1732 4731 exbi

1941 4696 1966 4726 ’.
1996 4678 2084 4728 καὶ
2111 4673 2137 4728 6
2167 4676 2257 4746 μὲν
2279 4679 2397 4734 νοῦς
2422 4675 2560 4728 ἐστιν
2599 4668 2698 4727 οἷον
2726 4673 2874 4747 λόγος
2905 4673 3209 4745 ἐγκείμενος·
3244 4671 3270 4726 6
3301 4670 3354 4726 δέ
3393 4671 3476 4726 λό-

198 4769 268 4826 bet
303 4785 521 4830 mentem
569 4775 624 4831 in
677 4787 791 4844 qua
841 4772 1039 4826 factum
1081 4780 1185 4826 est.
1235 4771 1299 4826 Et
1351 4786 1506 4826 mens
1531 4769 1733 4841 quiden

1943 4790 1952 4823 π
1979 4774 2096 4829 νοῦς
2124 4766 2402 4844 προπηδῶν
2428 4783 2442 4798 ⁶
2475 4769 2564 4822 καί
2611 4769 2918 4838 μεθίσταται
3083 4766 3109 4822 6
3146 4773 3263 4828 νοῦς
3294 4768 3366 4827 είς
3392 4766 3478 4822 τὸν

199 4873 262 4918 est
303 4869 438 4934 quasi
487 4868 723 4924 verbum
783 4866 1118 4932 immanens,
1161 4865 1384 4920 verbum
1434 4878 1566 4918 vero
1604 4878 1734 4918 men

1940 4883 2028 4927 γον,
2052 4862 2080 4918 6
2119 4861 2172 4917 δέ
2217 4863 2364 4936 λόγος
2392 4862 2477 4917 τὸν
2502 4867 2617 4916 νοῦν
2646 4864 2717 4923 εἰς
2755 4865 2876 4923 τοὺς
2914 4864 3174 4938 ἀκροατὰς
3218 4863 3475 4935 έγκυκλεῖ,

199 4958 460 5022 prosiliens.
514 4958 673 5015 Mens
737 4958 789 5012 in
841 4956 1065 5012 verbum
1112 4957 1348 5011 transit:
1385 4954 1610 5011 verbum
1662 4968 1734 5008 aut

1942 4959 1952 5008 ἱ
1980 4954 2143 5016 οὕτως
2168 4953 2194 5009 6
2220 4961 2340 5016 νοῦς
2364 4951 2449 5010 διὰ
2476 4960 2568 5009 τοῦ
2593 4954 2744 5029 λόγου
2775 4962 2890 5014 ταῖς
2915 4961 3015 5008 τῶν
3045 4955 3334 5010 ἀκουόντων
3377 4953 3477 5025 ψυ-

200 5051 281 5100 tem
319 5063 538 5107 mentem
587 5053 646 5107 in
683 5051 1109 5106 circumstantes
1155 5048 1433 5103 auditores
1481 5047 1731 5102 transmit

1942 5054 1994 5108 Ic;
2037 5045 2338 5122 ἐνιδρύεται.
2393 5051 2666 5104 σωεισιών
2712 5055 2785 5120 τῷ
2831 5045 2996 5120 λόγῳ·
3026 5049 3113 5100 καί
3159 5045 3298 5102 ἔστιν
3329 5045 3477 5117 ὁμέν

200 5137 479 5214 titzsicque
538 5159 700 5200 mens
747 5157 848 5212 per
903 5143 1126 5198 verbum
1183 5141 1238 5196 in
1289 5139 1596 5195 auditorum
1641 5139 1730 5194 ani

1940 5138 1968 5194 ν
1991 5145 2164 5216 πατὴρ
2190 5140 2216 5196 6
2241 5146 2356 5202 νοῦς
2376 5147 2466 5196 τοῦ
2497 5141 2672 5215 λόγου,
2703 5137 2770 5194 ὢν
2797 5141 2870 5212 ἐφ’
2900 5139 3087 5194 ἑαυτοῦ
3113 5155 3127 5169 ⁸
3157 5140 3184 5194 6
3219 5139 3273 5194 δέ
3323 5140 3475 5194 καθά·

200 5230 280 5284 tttis
313 5232 526 5304 insidet,
573 5235 747 5292 simul
790 5235 1034 5304 ingressa
1085 5249 1208 5289 cum
1254 5232 1443 5289 verbo.
1489 5234 1569 5288 Ac
1607 5249 1735 5290 men

1939 5256 1964 5310 ρ
2003 5235 2112 5294 υίὸς
2153 5233 2179 5288 6
2220 5235 2366 5308 λόγος
2417 5240 2507 5290 τοῦ
2536 5240 2656 5298 νοῦ,
2686 5235 2790 5310 πρὸ
2835 5235 3024 5288 ἐκείνου
3071 5235 3162 5306 μέν
3200 5230 3474 5297 ἀδύνατον,

201 5323 377 5390 quidem
420 5339 500 5386 est
527 5329 688 5402 quasi
720 5337 878 5400 pater
927 5326 1078 5382 verbi
1155 5327 1209 5382 in
1257 5327 1438 5399 seipsa
1488 5327 1729 5382 existens

1941 5326 1970 5378 λ’
1996 5326 2111 5382 οὐδὲ
2143 5323 2321 5392 ἔξωθέν
2344 5330 2516 5397 ποθεν,
2541 5329 2636 5384 σὺν
2663 5328 2834 5400 ἐκείνῳ
2858 5326 3141 5401 γενόμενος,
3168 5323 3476 5397 βλαστήσας

1567 5440 2070 5498 COMMENTARII.

255 5558 320 5629 (l)
364 5563 628 5619 Librorum
681 5579 899 5618 suorum
956 5571 1126 5632 patres
1168 5569 1308 5616 sunt.
1361 5561 1442 5616 Ea
1490 5568 1673 5632 mente
1725 5575 1756 5613 a
1865 5561 2148 5632 sequentia
2215 5562 2436 5630 retulit,
2486 5562 2552 5618 iis
2613 5561 2911 5618 Sabellinm
2971 5558 3238 5632 simulet
3283 5556 3474 5632 Arium

203 5626 434 5704 git-tuente
488 5634 796 5693 Alexatttlr.
860 5626 1013 5704 initio
1069 5634 1437 5704 Strontattttn
1468 5630 1602 5704 dit-ti
1633 5639 1758 5685 sunt
1867 5626 2140 5704 profligari
2193 5626 2480 5698 observat,
2532 5634 2753 5703 ipseque
2785 5632 2980 5685 i.sdem
3022 5629 3238 5704 sultj‘icit
3282 5628 3476 5704 expla-

203 5698 292 5753 libri
303 5705 466 5779 animt:
487 5707 651 5762 liberi.
674 5705 868 5779 ψυχῆς
882 5703 1078 5778 ἔγγονοι
1108 5705 1152 5779 οἱ
1171 5702 1586 5779 λόγοιηδιιὺίηάθ
1605 5717 1733 5758 VCI'O

1934 5696 2146 5763 tionem
2169 5746 2184 5775 ,
2217 5719 2376 5775 quam
2406 5696 2746 5762 consuluisse
2789 5716 2974 5772 operm
3014 5700 3242 5779 pretium
3287 5696 3469 5752 fuerit.

209 5784 252 5823 lt.
287 5775 355 5860 ,ιε
374 5816 388 5838 ,
417 5768 706 5860 ρὶοηγεὶυὲ
733 5768 968 5860 ἰῧῖρευὶᾑ
999 5776 1206 5858 planius
1229 5768 1484 5846 explicat.
1699 5843 1714 5860 ‘
2170 5768 2181 5775 ⁷
2235 5768 2250 5775 ’
2829 5768 2845 5772 ⁷
3015 5768 3026 5771 ⁷
3056 5768 3362 5823 Consum.

279 5839 335 5898 In
360 5839 601 5919 principio
625 5889 644 5918 ,
702 5839 835 5905 etcf
871 5839 1232 5917 Athanasius,
1278 5839 1561 5917 o'ostquam
1602 5843 1769 5903 verba

1861 4511 1952 4560 γος
2004 4485 2121 4542 οὔτε
2152 4484 2304 4550 ἄνους
2330 4488 2356 4542 6
2384 4489 2550 4563 λόγος·
2586 4488 2690 4542 ἀλλ’
2717 4486 2801 4562 ὅγε
2840 4494 2958 4547 νοῦς
2981 4488 3226 4542 ποιεῖ-τὸν
3253 4487 3398 4561 λόγον
3426 4491 3478 4543 ἐν
