3888 6346
193 389 274 449 ηρ
607 384 999 449 CONCILIUM
1030 382 1368 447 ROMANUM
1409 376 1478 440 IN
1515 379 1747 440 CAUSA

1864 379 2078 440 ΟΝΥὸιί
2119 376 2597 440 ALEXANDRINI
2635 377 2972 442 HABI’I'UM.

716 528 1058 587 EPISTOLA
1097 527 1186 583 IV.

3360 385 3468 447 I30

1865 497 2280 554 Carsarieusium
2313 498 2683 568 captivitatem
2722 499 3015 570 contigisse
3041 498 3353 571 conjectura
3383 510 3471 558 est

1692 576 1694 578 ’
1784 601 1838 663 Α
1865 601 1985 661 post
2036 605 2235 646 annum
2279 589 2421 656 260,
2466 605 2572 660 quo
2618 590 2931 646 Valerianus
2973 607 3002 645 a
3045 592 3222 648 Persis
3259 592 3471 649 deletus

253 661 324 720 Ab
346 661 574 718 Eusebio
601 662 697 718 lib.
725 679 805 719 vn
833 663 971 719 Hist.
995 707 1007 728 .
1031 680 1146 736 cap.
1178 665 1212 721 9
1233 675 1569 723 memoratur
1599 666 1755 738 Epis-

200 755 282 810 IOIJ
306 755 533 827 Dionysii
557 755 918 812 Alexandrini
946 756 1012 812 ad
1033 758 1341 830 Dionysium
1368 760 1670 814 Remanum
1693 758 1763 816 de

204 847 409 904 aniano
434 867 446 901 :
477 864 577 905 nec
604 848 674 905 de
702 849 934 919 epistola
969 853 1068 906 ista
1095 852 1385 923 quidquam
1416 853 1638 908 aliunde
1662 867 1761 908 no-

198 945 364 998 rimus.
385 941 554 997 Porro
575 941 852 997 anianus
881 943 992 1010 ille,
1019 943 1088 999 de
1133 959 1270 1014 quo,
1296 959 1391 1000 seu
1414 945 1570 1016 cujus
1591 944 1762 1014 gratia

199 1038 368 1103 scripta
419 1043 572 1098 erat,
629 1032 872 1089 creditur
919 1033 1172 1105 Cypriani
1229 1049 1552 1099 successor,
1606 1035 1764 1104 cujus

200 1127 396 1199 Optatos
459 1127 551 1182 lib.
601 1143 620 1182 ι
675 1128 922 1182 meminit
967 1127 1050 1182 his
1095 1127 1313 1183 verbis:
1351 1147 1370 1180 ε
1407 1127 1543 1182 Erat
1591 1127 1764 1184 altare

197 1216 298 1274 loco
331 1234 455 1283 suo,
502 1217 557 1273 in
596 1234 705 1289 quo
753 1217 960 1289 paciﬁci
1007 1220 1249 1288 episcopi
1301 1228 1450 1275 retro
1500 1220 1763 1289 temporis

201 1311 479 1367 obtulerunt
498 1353 514 1378 ,
582 1311 882 1383 Cyprianus
903 1353 919 1377 ,
943 1311 1216 1368 Lucianus
1236 1323 1291 1368 et
1311 1314 1512 1369 czeteri.
1546 1333 1565 1366 ι
1610 1313 1762 1369 Ideo.

201 1415 286 1472 que
311 1404 556 1472 scriptam
582 1418 688 1458 non
714 1403 990 1458 immerito
1019 1405 1294 1459 existimat
1313 1407 1395 1474 vir
1416 1404 1680 1469 eruditus,
1705 1413 1763 1458 ut

200 1495 316 1550 inter
344 1495 595 1563 Stephani
647 1496 1007 1568 Cyprianique
1035 1511 1384 1553 successores
1429 1513 1530 1567 pax
1560 1498 1760 1552 illibata

201 1600 490 1645 servantur.
538 1588 1002 1657 Quemadmodum
1050 1590 1194 1644 enim
1239 1598 1396 1644 antea
1443 1588 1604 1643 simul
1642 1603 1762 1643 sus-

199 1681 356 1736 citavit
400 1681 537 1737 Deus
577 1691 634 1736 et
673 1681 979 1750 Victorem,
1021 1691 1082 1737 ut
1137 1684 1281 1737 circa
1334 1669 1482 1737 diem
1539 1681 1762 1737 Pascha:

199 1774 515 1845 apostolicam
571 1782 812 1830 tueretur
856 1774 1237 1837 traditionem,
1279 1786 1335 1830 et
1364 1774 1629 1830 frenatum
1656 1817 1672 1841 ,
1703 1783 1763 1830 ut

198 1881 356 1938 pacem
384 1867 520 1922 inter
567 1865 896 1923 dissidentes
938 1866 1197 1922 ecclesias
1240 1880 1632 1936 componeret;
1682 1866 1757 1921 ita

1865 694 2164 755 ‘captusqne
2191 695 2291 738 cst.
2346 683 2557 738 Exinde
2599 685 2743 739 enim
2795 685 3145 742 barbarorum
3194 687 3467 742 incursio-

1865 779 2026 835 nibus
2076 779 2266 832 vicinze
2305 777 2673 831 Romanorum
2725 778 3016 847 provincia:
3057 788 3239 849 patere
3286 795 3469 850 cmpe-

1864 879 2009 925 runt.
2066 867 2395 923 Nominatim
2437 881 2568 923 vero
2622 866 2888 939 Scythas,
2930 867 3036 923 hoc
3080 879 3164 924 est
3199 869 3464 938 Gotthos,

1864 961 2007 1017 circa
2063 976 2265 1016 annum
2321 958 2466 1024 264,
2513 960 2567 1014 in
2597 957 2951 1029 Cappadociae
2977 960 3226 1016 civitates
3270 977 3488 1028 excur-V

1863 1055 2035 1127 risse,
2095 1052 2328 1121 indeque
2378 1051 2563 1121 plures
2626 1053 2868 1122 captivos
2937 1067 3123 1108 secum
3178 1053 3468 1112 abduxisse

1864 1144 2260 1215 Philostorgius
2306 1142 2401 1197 lib.
2434 1159 2473 1196 ll
2498 1183 2514 1211 ,
2561 1156 2685 1212 cap.
2716 1145 2750 1200 5
2774 1186 2789 1210 ,
2845 1143 3030 1200 tradit.

2446 1258 2448 1260 ν
2625 1236 2713 1292 VI.

1937 1333 2092 1403 Apud
2123 1331 2415 1388 Eusebium
2447 1330 2541 1386 lib.
2571 1347 2676 1399 vn,
2721 1345 2841 1401 cap.
2887 1331 2987 1401 30,
3032 1333 3244 1388 concilii
3277 1333 3469 1390 Antio-

1865 1426 2021 1481 cheni
2052 1415 2250 1495 legitur
2299 1423 2528 1494 epistola
2567 1441 2586 1475 ι
2625 1423 2887 1495 Dionysio
2916 1423 3196 1496 (romano)
3228 1424 3468 1480 Maximo

1865 1517 1986 1588 (qui
2027 1518 2285 1589 Dienysio
2324 1515 2691 1570 Alexandrino
2731 1516 3103 1586 successerat)
3131 1526 3185 1575 et
3213 1517 3468 1571 omnibus

1866 1610 2188 1678 ubicumque
2235 1609 2288 1662 iu
2352 1609 2488 1662 orbe
2551 1618 2816 1662 terrarum
2881 1608 3106 1678 collegis
3148 1609 3464 1680 episcopis,

1863 1690 2239 1772 presbyteris,
2291 1695 2573 1766 diaconis,
2631 1712 2689 1754 et
2750 1700 3018 1755 universze
3061 1699 3322 1756 Ecclesiae
3371 1716 3465 1756 ca-

1865 1790 2083 1845 tholicae
2131 1809 2150 1842 ι
2209 1791 2502 1861 inscripta,
2562 1807 2665 1862 qua
2706 1791 2909 1847 Paulus
2954 1791 3356 1849 Samosatam-is
3399 1793 3469 1850 ab

1865 1883 2182 1953 episcOpaiu
2208 1883 2501 1953 depulsus,
2529 1892 2586 1937 et
2630 1885 2684 1938 in
2713 1885 2833 1953 ejus
2878 1884 3054 1939 locum
3092 1884 3334 1940 Domnus
3354 1884 3468 1940 suf-

198 1970 365 2014 etnon
420 1959 539 2014 sine
581 1959 674 2013 Dei
737 1969 868 2014 nutu
913 1957 1108 2020 eodem
1151 1968 1391 2028 tempore
1449 1957 1760 2028 Stephanus

1867 1973 2036 2030 fectus
2059 1977 2418 2030 renuntiatur.
2460 1975 2606 2031 Pene
2632 1977 2849 2046 quidem
2893 1986 3002 2031 tota
3035 1976 3368 2031 describitur
3397 1975 3467 2030 ab

196 2065 396 2107 romanae
444 2049 701 2106 Ecclesiae
745 2060 799 2106 et
856 2048 1145 2122 Dionysius
1196 2050 1565 2105 alexandrinum
1614 2066 1756 2120 prae-

196 2143 413 2208 fuerunt;
456 2142 553 2198 sed
598 2151 656 2197 ut
683 2142 775 2197 ille
804 2141 1000 2197 divinae
1043 2144 1188 2198 circa
1217 2142 1544 2212 baptismum
1592 2144 1760 2200 tradi-

198 2236 330 2291 tionis
356 2234 582 2304 vindex,
610 2235 699 2292 hic
729 2239 878 2307 pacis
909 2236 1293 2293 ecclesiasticae
1336 2249 1620 2309 sequester
1665 2254 1758 2296 es-

196 2337 278 2384 set.
322 2330 443 2397 Qua
489 2339 671 2384 autem
717 2329 786 2386 de
835 2329 935 2385 hac
983 2332 1211 2401 epistola
1255 2331 1652 2402 conjiciuntur.
1700 2343 1760 2390 ut

198 2420 251 2474 ad
299 2421 438 2477 initia
487 2421 832 2494 pontificatus
875 2424 1116 2497 Dionysii
1162 2424 1396 2482 Romani
1450 2428 1754 2497 referatur,

193 2517 444 2588 postulant.

916 2615 982 2671 V.

250 2705 463 2777 Dionysii
491 2706 722 2762 Romani
750 2708 992 2780 episcopi
1021 2708 1089 2764 ad
1118 2709 1508 2767 Ctesarieusem
1545 2711 1598 2766 in
1622 2712 1758 2783 Cap-

196 2798 377 2866 padocia
399 2801 702 2857 Ecclesiam
730 2801 1075 2857 desideratur
1099 2803 1329 2873 epistola
1355 2846 1369 2869 ,
1412 2821 1574 2875 quam
1604 2805 1756 2860 Basi-

192 2892 270 2947 lius
292 2895 521 2964 ejusdem
551 2896 789 2951 civitatis
810 2897 1097 2966 episcopus
1125 2896 1390 2952 Caesareae
1417 2908 1752 2954 asservatam

191 2997 320 3057 atque
342 2990 447 3058 ipsa
496 2990 764 3060 majorum
814 2990 1076 3044 memoria
1111 2991 1384 3046 celebrem
1416 3005 1542 3047 esse
1586 3001 1751 3046 testa-

193 3088 261 3133 tur
284 3080 453 3145 (Basil.
478 3124 498 3149 ,
527 3099 614 3152 cp.
646 3082 792 3146 220,
834 3092 879 3135 et
910 3078 1126 3139 Damae.
1147 3124 1163 3148 ,
1204 3099 1286 3153 ep.
1313 3083 1352 3137 2
1374 3125 1389 3150 ,
1423 3100 1477 3138 η.
1512 3085 1594 3152 5).
1625 3085 1752 3140 Dio-

192 3184 342 3240 nysius
381 3187 497 3227 cum
551 3173 657 3228 hac
706 3172 961 3240 epistola,
1018 3191 1120 3244 qua
1161 3173 1527 3231 C:esarienses
1551 3190 1751 3231 conso-

189 3260 362 3316 labatur
386 3264 652 3330 afﬂictos,
689 3265 898 3335 legatos
924 3265 1187 3322 mittebat
1207 3267 1301 3338 qui
1332 3267 1527 3323 fratres
1555 3283 1751 3324 eorum

1864 2066 2134 2133 Eusebio;
2182 2066 2278 2123 sed
2317 2081 2441 2122 cum
2493 2077 2692 2137 praeter
2732 2068 3144 2139 inscriptionem
3188 2067 3322 2124 nihil
3365 2067 3467 2124 ha-

1861 2161 1990 2218 beat
2025 2162 2261 2231 speciale
2282 2202 2298 2228 ,
2330 2161 2476 2233 quod
2505 2173 2597 2216 aut
2634 2161 2701 2216 ad
2735 2162 3048 2234 Dionysium
3072 2204 3086 2227 ,
3119 2169 3213 2216 aut
3253 2163 3318 2218 ad
3347 2161 3466 2233 ejus

1864 2253 2050 2309 sedem
2099 2254 2358 2318 attineat,
2392 2268 2511 2308 eam
2553 2253 2789 2308 indicare
2822 2255 2954 2308 satis
2990 2251 3274 2308 habemus.
3318 2250 3467 2309 Cott-

1861 2346 2046 2401 eilium
2091 2353 2275 2399 autem
2301 2344 2697 2400 Antiochenum
2720 2387 2735 2412 ,
2787 2343 2930 2400 unde
2961 2345 3159 2414 scripta
3201 2353 3324 2413 est,
3358 2345 3469 2401 Eu-

1865 2438 2081 2502 sebius,
2113 2437 2210 2492 lih.
2263 2453 2334 2504 ιι,
2393 2452 2444 2492 c.
2499 2437 2602 2503 ‘29,
2655 2435 2988 2492 celebratum
3039 2435 3215 2491 dicite
3261 2449 3470 2507 tempo-

1863 2529 2014 2585 ribus
2036 2530 2315 2584 Aureliani
2340 2529 2686 2599 imperatoris
2714 2549 2734 2583 ›
2769 2548 2781 2582 :
2805 2531 2893 2600 qui
2922 2530 3140 2600 quidem
3167 2545 3312 2586 anno
3335 2530 3464 2599 270,

1863 2624 2007 2679 circa
2057 2638 2302 2679 mensem
2347 2623 2570 2692 aprilein
2625 2623 2850 2678 Claudio
2896 2621 2939 2677 Il
2986 2625 3266 2680 successit.
3313 2624 3468 2681 Unde

1861 2731 1969 2772 non
2020 2715 2181 2786 longe
2232 2724 2361 2771 ante
2431 2714 2672 2786 Dionysii
2746 2715 2916 2770 ttOslri
2968 2715 3207 2782 obitum,
3249 2708 3344 2770 aut
3397 2731 3465 2772 eo

1861 2810 2026 2866 etiam
2083 2818 2328 2874 mortuo,
2375 2807 2470 2865 sed
2521 2824 2642 2864 cum
2690 2809 2882 2863 mortis
2924 2807 3043 2878 ejus
3071 2808 3316 2862 nuntium
3356 2809 3470 2864 Au-

1863 2900 2116 2956 tiochiam
2172 2899 2412 2955 nondum
2453 2900 2822 2970 pervenisset,
2855 2899 3165 2968 conscripta
3202 2899 3464 2955 creditur.

2609 2992 2718 3047 VII.

1937 3085 2194 3159 Dionysio
2228 3101 2384 3157 papae
2420 3085 2660 3142 Isidorus
2706 3084 2973 3142 Mercator
3016 3086 3152 3142 duas
3180 3089 3464 3158 supposuit

1861 3179 2148 3250 epistolas,
2195 3195 2355 3234 unam
2395 3180 2463 3233 ad
2508 3177 2783 3236 Urbanum
2829 3178 3150 3250 prafectum
3176 3221 3192 3245 ,
3233 3179 3464 3237 alteram

1859 3273 1926 3327 ad
1956 3273 2214 3328 Severum
2242 3274 2556 3344 episcopum
2575 3316 2591 3341 ,
2623 3288 2724 3330 suo
2763 3273 2886 3330 loco
2908 3289 3032 3329 cum
3065 3273 3292 3345 reliquis
3318 3275 3463 3345 cjus-

190 3365 212 3404 a
249 3355 534 3425 captivitate
595 3355 912 3427 redemptos
977 3357 1294 3415 liberarent.
1355 3359 1508 3416 Hanc
1568 3372 1750 3418 autem
1778 3381 1823 3443 ρ
1858 3366 1982 3422 dem
2023 3365 2234 3437 opiﬁcis
2279 3365 2540 3422 edendas.

193 3541 3458 3624 ω

664 3707 1802 3866 CONCILIUM
1889 3715 2924 3868 ROMANUM

616 4009 691 4066 IN
729 4007 958 4071 CAUSA
989 4010 1280 4069 DIONYSII
1320 4010 1817 4082 ALEXANDRINI,
1863 4016 1949 4072 DE
1991 4016 2542 4080 SABELLIANISMO
2581 4019 2940 4082 ACCUSATI.

1016 4212 1250 4254 nasrruu
1277 4212 1416 4254 anno
1438 4213 1630 4254 ccum
1649 4240 1662 4265 ,
1691 4212 1937 4256 reasons;
1980 4216 2207 4258 nioarsu
2244 4218 2391 4260 nam
2417 4205 2514 4277 (1).

1505 4359 2146 4413 -οθαώιῶβιῶοιέμ-

233 4501 482 4562 Coacitimu
513 4515 817 4560 romanum.
842 4499 958 4556 Hoc
982 4499 1271 4555 concilium
1303 4507 1527 4555 auctore
1556 4500 1754 4573 Diony-
1780 4499 1832 4561 D
1861 4514 1987 4557 num
2013 4501 2079 4556 ad
2102 4500 2389 4557 concilium
2412 4501 2544 4558 citat
2571 4511 2625 4559 et
2643 4501 2769 4575 quid
2811 4504 2879 4560 de
2911 4513 3095 4561 natura
3126 4521 3191 4564 ac
3222 4508 3459 4568 ineﬂ'abil

179 4595 240 4651 sio
259 4615 373 4669 papa
417 4599 762 4656 celebratum
807 4603 892 4651 est
937 4593 1142 4660 Romae,
1193 4610 1334 4649 anno
1382 4594 1592 4648 Domini
1643 4594 1752 4652 263

180 4687 286 4744 hanc
307 4694 368 4746 ob
415 4708 636 4749 causam
674 4711 689 4746 :
725 4705 848 4745 cum
893 4689 1223 4755 Sabelliaua,
1264 4689 1504 4756 haeresis,
1532 4699 1753 4745 auctore

177 4784 366 4844 Sabellio
393 4792 583 4846 oborta
615 4804 684 4845 ac
732 4798 1016 4857 propagata
1042 4829 1056 4852 ,
1089 4786 1492 4857 gloriosissima:
1534 4795 1588 4840 et
1617 4786 1751 4840 adeo

177 4882 319 4934 nudae
358 4881 603 4937 Trinitati
654 4893 1021 4952 persOnurum
1063 4878 1461 4933 distinctionem
1492 4877 1747 4944 auferret,

177 4966 413 5044 Dionysius
434 4972 846 5031 Alexandrinus
868 4973 947 5025 sui
975 4971 1136 5025 otticii
1155 4984 1275 5024 esse
1299 4980 1444 5024 ratus
1476 4969 1749 5026 hominem

176 5059 390 5134 Libycum
420 5066 520 5120 sibi
554 5064 842 5121 subditum
872 5063 1142 5125 refellere,
1177 5061 1226 5115 in
1259 5076 1379 5116 eum
1423 5061 1750 5116 lucubratio-

177 5172 252 5212 nes
277 5163 512 5231 quasdam
567 5158 839 5229 scripsit,
873 5157 1064 5227 quibus
1094 5153 1534 5224 sinistrojudicio
1558 5155 1752 5210 Penta-

177 5254 521 5326 politanornm,
575 5272 689 5311 non
737 5269 1087 5325 personarum
1142 5261 1383 5316 tantum,
1437 5251 1530 5305 sed
1586 5254 1747 5307 etiam

179 5355 339 5403 natum
362 5351 550 5405 diviuzc
580 5348 991 5404 distinctionem
1013 5361 1076 5401 ac
1096 5345 1463 5399 diversitatem
1482 5353 1741 5400 tueretur.

179 5433 513 5508 Pentapolitani
547 5443 719 5514 igitur
760 5437 1010 5493 eumdem
1055 5436 1368 5507 Dionysium
1425 5435 1746 5491 Alexandri-

181 5542 293 5592 num.
325 5537 461 5602 quasi
512 5536 582 5591 de
637 5533 750 5588 fide
778 5542 833 5586 et
880 5531 1268 5586 Triuitateunn
1303 5539 1448 5584 reete
1498 5535 1740 5597 sentiret,

182 5625 286 5689 apud
323 5628 624 5701 Dionysium
680 5627 994 5697 pontificem
1036 5633 1312 5679 accusant.
1357 5623 1599 5679 Pontifex
1647 5625 1747 5681 hoc

186 5716 500 5792 episcoporum
527 5729 815 5779 conventu
843 5718 1064 5785 indicto,
1087 5717 1400 5789 Dionysium
1425 5716 1745 5774 Alexandri-

236 5829 299 5904 (l)
323 5832 513 5894 Dubius
545 5843 634 5893 est
659 5846 861 5890 annus.

1856 4594 2265 4665 gloriosissima:
2315 4593 2595 4650 Trinitatis
2651 4597 2949 4652 substantia
3007 4608 3241 4665 sentiat,
3296 4620 3458 4660 unam

1857 4689 2194 4752 eamdemve,
2221 4704 2289 4743 an
2315 4705 2442 4744 vero
2474 4688 2742 4745 diversam
2777 4691 2834 4746 in
2865 4693 3036 4748 tribus
3060 4697 3306 4765 personis
3331 4696 3459 4751 sub-

1857 4784 2133 4838 sistentem
2161 4781 2396 4837 divinam
2428 4792 2673 4837 naturam
2705 4799 2829 4841 esse
2853 4786 3061 4854 credat,
3103 4795 3305 4858 scripto
3338 4806 3461 4860 pro-

1857 4875 1996 4930 fiteri
2043 4875 2280 4929 mandat.
2336 4874 2635 4944 Episcopus
2686 4877 3084 4933 Alexandrinus
3128 4883 3461 4940 calumniosc

1855 4976 2136 5023 accutatns
2156 5009 2172 5034 ,
2203 4967 2470 5036 pontificis
2493 4967 2715 5024 decreto
2746 4979 2916 5039 paret,
2948 4972 3227 5041 epistolam
3263 4974 3458 5029 mentis

1854 5077 1966 5116 suae
2018 5061 2273 5124 indicem,
2307 5068 2362 5115 et
2393 5061 2636 5116 criminis
2681 5062 2876 5132 objecti
2931 5065 3308 5135 purgatricem,
3337 5081 3458 5136 quas

1855 5162 2000 5208 extat
2021 5154 2156 5223 apud
2180 5153 2465 5207 Baronium
2487 5155 2589 5209 hoc
2615 5170 2779 5222 anno,
2806 5144 2957 5210 num.
2983 5158 3074 5224 54,
3093 5174 3214 5213 cum
3231 5172 3458 5228 quatuor

1854 5246 2202 5317 apologeticis
2231 5246 2380 5301 libris
2405 5264 2502 5318 pro
2523 5249 2605 5304 sui
2637 5248 2956 5306 defensione
2981 5251 3300 5319 conscriptis
3329 5267 3456 5320 pro-

1856 5339 2064 5408 pediem
2096 5338 2407 5402 afferendis.
2441 5341 2624 5395 mittit.
2665 5341 2871 5407 Qunbus
2901 5342 3125 5408 habitis,
3160 5348 3282 5397 cuin
3315 5343 3458 5398 Pen~

1853 5433 2269 5503 tapolitanornm
2309 5437 2698 5500 accusantium,
2727 5445 2782 5492 et
2814 5436 3050 5507 Dionysii
3080 5450 3199 5491 sese
3225 5435 3460 5506 purgan-

1855 5527 1922 5581 tis
1976 5543 2135 5582 causa
2182 5527 2270 5580 diu
2316 5528 2653 5598 multumque
2705 5530 2944 5584 discussa
2988 5529 3198 5595 fuisset,
3251 5529 3454 5598 praevio

1853 5631 2066 5675 maturo
2093 5618 2322 5674 Consilio
2341 5661 2357 5686 ,
2389 5621 2677 5689 Di0nysius
2703 5619 3100 5676 Alexandrinus
3127 5620 3412 5686 episeopus
3432 5658 3449 5684 ,

1852 5715 2092 5770 omnium
2137 5715 2538 5784 episc0p0rnm,
2596 5714 2684 5783 qni
2739 5712 2864 5768 huic
2910 5711 3140 5767 concilio
3192 5708 3452 5764 interfue-

1852 5819 2001 5879 runt,
2034 5809 2300 5865 sententia
2328 5820 2393 5862 ac
2428 5805 2635 5877 judicio
2663 5805 2732 5861 ab
2763 5810 3144 5860 accusatorum
3171 5799 3446 5858 calumnia
