3888 6336
382 346 474 400 151

1014 339 1387 401 CONClLIUM
1426 339 1771 405 ROMANUM
1809 346 1879 406 ΙΝ
1917 349 2143 413 CAUSA
2189 352 2481 416 DIONYSII
2519 361 3016 424 ALEXANDRINI.

3589 372 3696 429 152

377 467 513 514 teste
539 455 848 523 Athanasio,
891 455 946 511 in
988 456 1082 512 illo
1110 461 1499 516 commentario
1529 478 1686 532 quem
1734 464 1800 521 de
1848 483 1970 523 scn-
1997 473 2048 531 Α
2074 471 2220 527 lutus
2249 486 2331 530 est
2373 477 2531 547 (Vide
2582 480 2808 550 Barou.,
2853 498 3000 541 anno
3027 483 3170 555 265,
3201 502 3352 548 num.
3381 486 3456 546 50
3475 528 3494 558 ,
3523 503 3698 560 usque

376 547 541 604 tentia
570 547 811 620 Dionysii
843 547 1100 606 adversus
1141 549 1369 606 Arianos
1398 555 1752 625 conscripsit,
1793 557 1952 614 abso-

2054 565 2120 620 ad
2153 565 2270 638 50).

1043 725 1937 814 ALEXANDRIN/E
2015 736 2452 826 SYNODI
2505 746 3027 836 DIONYSII

1613 908 1707 966 EX
1748 909 2042 972 LIBELLO
2080 917 2434 980 SYNODICO.

452 1045 701 1119 Synodus
726 1044 904 1100 divina
933 1050 989 1099 et
1013 1052 1197 1119 sancta
1222 1044 1564 1115 particularis
1590 1088 1606 1112 ,
1635 1047 1980 1105 Alexandriae

383 1141 610 1196 collecta
642 1155 672 1192 a
720 1137 1033 1192 cottlessore
1084 1138 1359 1208 Dionysio,
1416 1138 1657 1209 ejusdem
1713 1143 1983 1212 archiepi-

385 1248 579 1301 SCOpO:
605 1247 723 1302 quze
746 1229 1039 1286 Sabellium
1061 1229 1358 1284 divinitatis
1389 1229 1665 1286 inimicum
1692 1233 1981 1290 abdicavit.

454 1326 704 1396 Synodus
753 1324 932 1378 divina
987 1333 1041 1378 et
1089 1333 1269 1378 sancta
1327 1324 1666 1393 provincialis
1695 1365 1710 1388 ,
1758 1327 1982 1382 collecta

384 1419 726 1474 Alexandria:
771 1418 840 1472 ab
866 1417 1056 1472 eodem
1089 1417 1347 1489 Dionysio
1374 1433 1390 1472 :
1423 1435 1543 1487 quae
1593 1420 1897 1485 damnavit,
1930 1429 1985 1476 et

386 1522 505 1582 post
535 1523 765 1566 mortem
795 1509 1065 1564 abdicavit
1095 1510 1450 1579 Nepotianum
1473 1512 1784 1582 episcopum
1812 1512 1985 1586 Egy-

385 1602 459 1672 pti
487 1612 542 1656 et
569 1601 886 1658 Corinthum
921 1619 935 1653 :
967 1611 1238 1671 tamquam
1270 1612 1661 1666 asseverantes,
1697 1619 1869 1672 eoque
1898 1619 1986 1660 er-

385 1695 496 1748 rori
531 1695 790 1764 plurimos
831 1695 966 1749 alios
995 1695 1365 1760 involventes,
1399 1695 1449 1749 in
1484 1703 1695 1750 terrena
1733 1695 1980 1751 Hierusa-

2134 1705 2154 1758 ὲ
2203 1706 2440 1774 πλεῖαδα,
2475 1712 2859 1779 ἐξαπατῶντας.

386 1775 490 1841 lém
542 1784 739 1841 Christi
773 1801 893 1842 esse
941 1801 1163 1856 regnum
1191 1827 1207 1853 ,
1247 1797 1302 1842 et
1331 1787 1690 1842 millenarium
1719 1803 1984 1844 annorum

385 1879 644 1936 docentes
674 1899 687 1935 :
717 1889 1050 1950 etpratterea
1079 1881 1237 1934 boum
1262 1881 1526 1936 sacriﬁcia
1563 1889 1619 1936 et
1641 1883 1819 1936 ovium
1843 1897 1989 1939 mac-

390 1974 618 2030 tationes
642 1983 910 2043 tamquam
941 1972 1209 2040 legitimas
1236 1974 1536 2045 exigentes.

2157 1059 2366 1124 Σύνοδος
2403 1068 2511 1121 θεία
2540 1071 2624 1125 καὶ
2669 1070 2780 1149 ἱερά
2819 1079 3022 1150 μερική,
3063 1078 3116 1132 ἐν
3145 1075 3492 1158 ’Δλεξανδρείᾳ
3539 1101 3698 1138 συνα-

2086 1153 2366 1226 θροισθεῖσα
2415 1160 2517 1215 ὐπό
2563 1172 2652 1219 τοῦ
2694 1167 3002 1242 ὁμολογήτω
3051 1176 3338 1234 Διονυσίου.
3367 1182 3459 1232 τοῦ
3501 1179 3702 1239 ταύτης

2087 1244 2364 1324 ἀρχιερέως,
2399 1254 2776 1333 ἀποκηρυξασα
2803 1263 2890 1314 τὸν
2916 1264 3183 1320 Σαϐιλλὶου
3209 1269 3295 1322 τὸν
3321 1271 3569 1324 ἀντίθεον.

2159 1341 2370 1404 Σύνοδος
2424 1347 2532 1401 θεία
2584 1354 2671 1404 καὶ
2728 1352 2839 1428 ἱερὰ
2886 1362 3106 1421 rantur},
3160 1363 3589 1436 συναθροίοθεισα
3651 1365 3703 1416 ἐν

2089 1427 2451 1509 Ἀλεξανδρεία,
2484 1439 2586 1492 ὑπὸ
2616 1448 2705 1496 τοῦ
2751 1450 3106 1524 προηργηένου
3152 1455 3440 1520 Διονυσίου,
3483 1476 3705 1510 κατασι-

2093 1521 2304 1577 κάσασα
2355 1531 2442 1580 καὶ
2488 1531 2862 1607 ἀποκήρυξασα
2905 1542 3036 1609 μετά
3082 1542 3292 1598 θάνατον
3321 1585 3334 1600 .
3391 1546 3706 1600 Narrat-tantos

2092 1612 2370 1670 ἐπίσκοπον
2407 1621 2688 1692 Αἰγύπτου,
2716 1627 2786 1680 τὰ
2806 1631 3046 1704 Κήρινθον
3071 1647 3086 1661 ⁸
3118 1636 3185 1694 ὡς
3209 1631 3706 1708 διαϐεϐαιουμένους

2904 1721 2954 1774 ἐν
3007 1730 3069 1793 τῇ
3115 1725 3320 1797 ἐπινείῳ
3362 1726 3708 1801 Ἰερουσαλήμ

2087 1801 2181 1848 τοῦ
2207 1804 2434 1871 Χριστοῦ
2477 1797 2601 1857 εἶναι
2637 1813 2726 1865 τήν
2767 1809 3051 1879 βασιλείαν,
3096 1804 3184 1868 uari.
3226 1823 3315 1875 τὴν
3369 1816 3711 1893 χιλιετηρὶδα

2088 1882 2488 1958 δογματίζοντας
2555 1896 2685 1972 πρὸς
2714 1901 2916 1960 τούτοις
2963 1900 3250 1972 βουδυσίας
3296 1882 3708 1980 καξνμηλοέφα-

2088 1982 2204 2054 yria:
2233 1984 2669 2055 νομοθετοῦντας-οι

1031 2111 1363 2168 EPISTULA
1390 2111 1413 2167 Ι
1439 2112 1515 2183 (l)
1559 2112 1846 2170 DIONYSII
1883 2112 2087 2170 PAPE
2126 2116 2220 2172 AD
2256 2116 2587 2176 URBANUM
2630 2123 3088 2187 PRAEFECTUM.

395 2224 650 2286 Hortatur
698 2241 811 2280 eum
837 2225 1048 2295 diligere
1080 2237 1125 2280 et
1170 2227 1412 2292 scrutari,
1460 2236 1514 2280 ut
1540 2228 1917 2282 rationabiliter
1940 2237 1988 2283 et

457 2318 708 2390 sapienter
756 2317 998 2388 disponat
1050 2327 1096 2372 et
1122 2319 1326 2388 judicet
1368 2337 1430 2374 ea
1457 2336 1572 2390 qua
1614 2320 1694 2375 illi
1721 2321 1990 2375 commissa

461 2421 598 2466 sunt.

493 2543 775 2615 Dionysius
815 2544 1083 2614 episcopus
1113 2542 1324 2600 Urbano
1359 2545 1598 2617 prafecto
1643 2547 1878 2603 salutem.

459 2699 734 2756 Summum
766 2699 967 2755 bonum
998 2709 1083 2756 est
1110 2716 1292 2756 amare
1341 2712 1585 2758 amantes
1613 2718 1705 2768 se;
1741 2712 1796 2758 et
1824 2717 1989 2758 econ-

389 2803 468 2848 tra
497 2835 511 2857 ,
544 2792 696 2863 pejus
723 2793 921 2847 malum
952 2809 1058 2848 non
1091 2804 1203 2860 est,
1227 2811 1386 2864 quam
1414 2805 1472 2850 ut
1501 2796 1646 2851 cives
1668 2796 1875 2851 civibus
1908 2798 1992 2851 irt-

388 2887 621 2941 videant.
655 2885 864 2942 Gratias
894 2886 1158 2957 siquidem
1188 2891 1395 2957 agimus
1419 2898 1522 2942 tua
1545 2889 1823 2953 charitati,
1844 2889 1987 2958 quod

391 2978 576 3031 lideles
601 2977 772 3031 sancti
803 2977 944 3031 Petri
991 2978 1130 3034 bene
1169 2980 1403 3047 suscipis
1445 2989 1498 3034 et
1539 2979 1781 3050 adjuvas.
1839 2980 1988 3036 Unde

387 3069 526 3124 scias
557 3077 608 3122 te
637 3085 667 3122 a
718 3069 873 3123 nobis
915 3071 1220 3139 nostrisque
1259 3071 1442 3141 diligi,
1473 3082 1528 3126 et
1559 3074 1632 3127 tui
1665 3084 1988 3144 tuorumque

387 3176 494 3214 non
526 3160 793 3215 modicam
819 3175 1003 3214 curam
1031 3161 1252 3217 habere.
1276 3163 1616 3233 Quapropter
1639 3174 1784 3219 tuam
1817 3165 1990 3220 horta-

387 3269 508 3307 mur
534 3253 896 3316 dilectionem,
934 3263 990 3308 ut
1021 3253 1218 3308 bonum
1250 3255 1391 3324 quod
1418 3257 1626 3327 accpisti
1645 3256 1747 3330 (2),
1775 3273 1990 3328 semper

389 3345 614 3414 implere
651 3359 756 3399 non
787 3343 1038 3411 dill'eras,
1071 3346 1192 3410 quia
1242 3361 1346 3401 non
1374 3348 1619 3402 laudatur
1651 3349 1860 3404 initium
1891 3350 1986 3405 sed

389 3436 528 3491 linis.
560 3435 886 3504 Sapientiam
911 3437 1071 3490 etiam
1113 3448 1164 3491 te
1194 3436 1472 3493 hortamur
1499 3439 1723 3509 diligere
1753 3450 1809 3496 et
1834 3457 1988 3496 scru-

388 3529 487 3582 tari
518 3537 576 3583 ut
599 3528 990 3583 rationabiliter
1020 3538 1074 3584 et
1104 3532 1380 3600 sapienter
1405 3532 1660 3602 disponas
1689 3543 1744 3588 et
1779 3534 1986 3603 judices

388 3631 448 3670 ca
499 3631 619 3685 quas
672 3615 763 3669 tibi
812 3617 1097 3671 commissa
1141 3627 1268 3672 sunt
1315 3619 1530 3675 dicente
1602 3621 1827 3676 Domino
1886 3640 1985 3693 per

387 3706 701 3775 prOphetam
729 3725 741 3760 :
774 3705 1087 3773 Erudimini,
1121 3711 1208 3779 qui
1231 3711 1476 3779 iudicatis
1495 3714 1873 3785 terram(Psal.
1901 3717 1980 3788 ιι).

386 3797 532 3852 Time
564 3815 681 3868 ergo
712 3798 897 3864 Deum,
923 3811 967 3852 et
995 3802 1236 3854 mandata
1278 3804 1387 3870 ejus
1413 3821 1558 3858 serva
1583 3805 1835 3874 (Eadem,
1863 3808 1981 3878 xu).

386 3889 453 3943 Et
482 3889 639 3960 dilige
665 3907 778 3943 eum
805 3891 921 3944 totis
956 3892 1227 3946 visceribus
1245 3934 1259 3957 ,
1287 3904 1334 3947 et
1363 3897 1650 3963 proximum
1683 3909 1826 3952 tuum
1855 3901 1986 3955 sicut

387 3984 604 4052 teipsum
645 3982 862 4053 (Mam,
913 3987 1030 4054 xu).
1071 3983 1214 4039 Deus
1260 3986 1537 4046 altissimus
1565 3994 1752 4048 creavit
1781 3997 1985 4066 sapien—

387 4074 509 4126 tiam
550 4076 603 4127 in
649 4073 850 4144 Spiritu
877 4087 1054 4130 sancto
1103 4075 1355 4146 (Eccles.,
1382 4079 1445 4151 ι),
1478 4093 1524 4136 et
1553 4086 1675 4138 vidit
1701 4127 1716 4150 ,
1764 4099 1810 4141 et
1841 4089 1987 4142 dinu-

386 4166 617 4227 meravit,
649 4173 695 4218 et
733 4183 937 4221 mensus
975 4179 1068 4221 est.
1107 4167 1170 4221 Et
1216 4169 1400 4236 effudit
1432 4173 1577 4227 illam
1625 4193 1780 4246 super
1814 4181 1986 4237 omnia

387 4273 541 4326 Opera
591 4274 720 4322 sua,
773 4267 819 4311 et
873 4274 1023 4324 super
1055 4274 1256 4312 omnem
1285 4277 1516 4326 carnem,
1563 4272 1589 4300 α
1620 4267 1795 4321 datum
1838 4287 1985 4326 suum

389 4348 602 4416 prabuit
681 4349 826 4402 illam
901 4350 1228 4422 diligentibus
1302 4370 1355 4408 se
1413 4357 1565 4410 timor
1621 4356 1828 4413 Domini
1875 4365 1988 4434 glo-

386 4442 558 4507 riatio,
612 4452 658 4494 et
709 4441 919 4510 latitia,
950 4454 995 4496 et
1047 4461 1237 4498 corona
1265 4448 1615 4504 exultationis.
1649 4449 1825 4506 Timor
1869 4453 1982 4510 Do—
2009 4424 2063 4484 D

387 4533 512 4585 mini
562 4531 827 4586 delectabit
875 4549 984 4597 cor,
1008 4544 1054 4587 et
1100 4535 1238 4589 dabit
1270 4539 1500 4593 latitiam
1548 4551 1595 4594 et
1640 4545 1883 4611 gaudium
1931 4548 1986 4601 in

388 4624 704 4694 longitudine
732 4624 950 4691 dierum,
979 4626 1171 4680 timenti
1187 4625 1353 4682 Deum
1376 4631 1501 4685 bene
1523 4633 1616 4686 erit
1645 4635 1697 4686 in
1723 4639 1982 4705 extremis,

385 4725 432 4768 et
459 4714 622 4768 indie
649 4714 988 4784 defunctionis
1013 4733 1118 4771 sua
1148 4717 1485 4775 benedicetur.
1517 4721 1734 4779 Dilectio
1759 4724 1858 4780 Dei
1885 4728 1981 4782 ho-

386 4807 628 4861 norabilis
679 4809 951 4878 sapientia.
988 4807 1185 4876 Quibus
1223 4821 1392 4867 autem
1434 4819 1732 4886 apparuerit
1772 4821 1824 4873 in
1873 4821 1983 4876 visu

386 4899 607 4970 diligunt
629 4898 794 4953 eumb
820 4901 872 4954 in
917 4901 1130 4969 visione,
1176 4913 1222 4957 et
1257 4905 1310 4958 in
1357 4908 1615 4978 agnitione
1669 4914 1984 4984 magnalium

384 5007 610 5045 suorum.
643 4990 858 5046 Initium
878 4995 1144 5063 sapientia
1169 4996 1320 5050 timor
1348 4996 1575 5054 Domini.
1608 5000 1676 5055 Et
1712 5020 1827 5058 cum
1844 5007 1980 5076 ﬁde-

386 5079 516 5136 libus
562 5083 616 5134 in
656 5084 808 5137 vulva
851 5093 1149 5140 concreatus
1185 5095 1281 5154 est,
1309 5098 1355 5142 et
1395 5107 1510 5145 cum
1565 5093 1732 5148 electis
1780 5097 1982 5165 feminis

384 5174 638 5242 graditur,
692 5184 738 5228 et
784 5192 897 5229 cum
934 5177 1091 5248 justis
1130 5178 1365 5247 ﬁdelibus
1397 5192 1418 5221 ε
1461 5186 1772 5256 agnoscitur.
1809 5187 1982 5245 Timor

385 5264 592 5321 Domini
620 5268 846 5324 scientia
882 5270 1211 5341 religiositas.
1245 5273 1572 5346 Religiositas
1626 5281 1902 5350 custodiet,
1936 5291 1984 5338 et

458 5401 538 5476 (l)
562 5403 690 5461 Haec
716 5415 772 5463 et
794 5421 1026 5479 sequens
1054 5409 1254 5480 pariter
1279 5413 1555 5472 imbiberat.

1598 5597 1894 5662 LECTION
1898 5604 1985 5665 ES

441 5701 476 5801 ἓ
495 5699 998 5816 agmeundnm
1016 5700 1186 5758 datum
1206 5715 1351 5761 suum
1367 5714 1421 5762 et
1442 5711 1654 5778 prebet,
1675 5716 1818 5772 Labb.

446 5829 471 5861 σ
495 5801 970 5891 mamma
994 5828 1142 5884 Labb.

2084 2232 2389 2301 justiﬁcabit
2419 2251 2526 2301 cor,
2551 2236 2927 2307 jucunditatem
2953 2254 3104 2309 atque
3140 2248 3388 2316 gaudium
3411 2249 3572 2305 dabit.
3598 2249 3669 2306 Ti

2095 2325 2248 2376 menti
2295 2324 2460 2380 Deum
2497 2329 2620 2384 bene
2665 2333 2760 2386 erit
2797 2343 2843 2388 et
2881 2336 2934 2389 in
2973 2337 3148 2392 diebus
3178 2343 3634 2398 consummationis
3669 2339 3703 2382 σί

2098 2415 2240 2470 illius
2293 2417 2635 2477 benedicetur.
2697 2423 2975 2482 Plenitudo
3032 2424 3298 2501 sapientia
3358 2445 3460 2501 est,
3528 2438 3711 2494 timere

2097 2506 2281 2573 Deum,
2311 2519 2358 2563 et
2382 2512 2646 2582 plenitudo
2689 2531 2722 2568 a
2746 2519 2994 2587 fructibus
3017 2521 3180 2576 illius.
3211 2522 3410 2579 Corona
3435 2526 3713 2595 sapientia

2096 2601 2246 2655 timor
2275 2599 2505 2670 Domini,
2529 2607 2731 2672 replens
2754 2626 2929 2678 pacem
2958 2622 3004 2666 et
3024 2614 3206 2668 salutis
3233 2616 3459 2685 fructum
3490 2635 3504 2672 :
3535 2630 3586 2674 et
3624 2620 3710 2673 vi-

2097 2693 2170 2745 dit
2198 2702 2243 2746 et
2267 2695 2606 2751 dinumeravit
2631 2715 2764 2755 eam.
2806 2701 3036 2772 Utraque
3069 2716 3241 2760 autem
3265 2719 3387 2762 sunt
3411 2710 3547 2764 dona
3576 2709 3702 2779 Dei,

2092 2787 2300 2840 scientia
2323 2797 2370 2842 et
2399 2790 2705 2846 intellectus.
2754 2794 3023 2864 Sapientia
3062 2803 3429 2868 compartietur
3465 2803 3707 2872 pruden-

2094 2878 2178 2931 tia:
2209 2888 2254 2943 ο,
2288 2889 2334 2933 et
2362 2881 2580 2951 gloriam
2606 2887 2879 2940 tenentium
2925 2906 2980 2943 se
3024 2893 3236 2945 exultat.
3285 2893 3460 2948 Radix
3485 2897 3707 2965 sapien-

2094 2971 2176 3024 tia
2200 2981 2293 3035 est,
2341 2973 2516 3027 timere
2542 2973 2707 3030 Deum
2737 2993 2754 3030 :
2783 2981 2916 3033 rami
2960 2983 3094 3036 enim
3144 2983 3288 3038 illius
3337 2988 3575 3057 longavi.
3627 2986 3708 3041 'ln

2093 3062 2343 3118 thesauris
2385 3068 2669 3136 sapientia,
2701 3071 2985 3129 intellectus
3021 3085 3068 3130 et
3105 3077 3330 3132 scientia
3356 3080 3708 3151 religiositas;

2091 3155 2342 3209 execratio
2363 3166 2527 3210 autem
2560 3162 2902 3228 peccatoribus
2923 3207 2936 3229 ,
2964 3167 3237 3234 sapientia.
3273 3166 3451 3223 Timor
3488 3168 3708 3226 Domini

2093 3247 2290 3316 repellit
2310 3261 2570 3318 peccatum
2600 3270 2618 3306 :
2643 3271 2762 3308 nam
2800 3258 2887 3327 qui
2924 3259 3034 3314 sine
3059 3262 3240 3315 timore
3263 3273 3354 3326 est,
3380 3279 3481 3319 non
3510 3265 3706 3334 poterit

2082 3337 2381 3410 justi/icari.
2412 3343 2694 3402 Iracundia
2717 3351 2849 3404 enim
2884 3354 3220 3410 animositatis
3247 3356 3407 3422 illius,
3439 3357 3706 3412 subuersio

2090 3432 2228 3485 illius
2254 3445 2346 3489 est.
2383 3435 2553 3508 Usque
2596 3441 2649 3494 in
2693 3451 2890 3513 tempus
2911 3448 3173 3501 sustinebit
3201 3452 3418 3517 patiens,
3443 3460 3489 3505 et
3520 3462 3706 3521 postea

2089 3527 2306 3582 redditio
2344 3530 2706 3600 jucunditatis.
2759 3533 2937 3590 Bonus
2980 3554 3154 3592 sensus
3183 3557 3340 3612 usque
3383 3541 3452 3595 ad
3498 3550 3705 3614 tempus

2090 3621 2358 3676 abscondet
2401 3625 2553 3679 verba
2582 3626 2754 3696 illius,
2805 3641 2854 3682 et
2900 3631 3036 3684 labia
3081 3634 3356 3688 multorum
3387 3635 3704 3691 enarrabunt

2088 3726 2290 3764 sensum
2321 3713 2477 3768 illius.
2512 3713 2580 3771 In
2609 3718 2859 3774 thesauris
2885 3723 3172 3791 sapientia,
3204 3725 3513 3795 signiﬁcatio
3539 3727 3704 3781 disci-

2091 3802 2288 3870 plina:
2323 3810 2574 3862 execratio
2604 3821 2770 3865 autem
2817 3816 3091 3882 peccaturi,
3139 3817 3336 3871 cultura
3388 3816 3506 3873 Dei.
3561 3817 3700 3888 Fili,

2089 3897 2453 3965 concupiscens
2501 3903 2825 3972 sapientiam,
2872 3922 3115 3962 conserva
3153 3911 3433 3981 justitiam,
3462 3921 3509 3965 et
3554 3910 3701 3967 Deus

2087 3988 2328 4052 prabebit
2353 3991 2497 4044 illam
2529 3994 2639 4061 tibi,
2670 3997 2924 4066 sapientia
2955 4001 3092 4053 enim
3117 4011 3166 4054 et
3201 4002 3499 4068 disciplina,
3543 4003 3700 4057 timor

2089 4076 2301 4134 Domini
2325 4097 2344 4136 :
2370 4093 2415 4136 et
2439 4086 2578 4156 quod
2604 4086 2973 4157 beneplacitum
3003 4102 3077 4145 est
3101 4092 3200 4158 illi,
3233 4093 3362 4162 ﬁdes
3388 4080 3702 4149 etﬂmansue-

2090 4172 2232 4238 tudo,
2259 4186 2306 4228 et
2349 4177 2574 4247 implebit
2617 4181 2886 4236 thesauros
2915 4185 3046 4250 ejus.
3097 4183 3384 4240 Contumax
3407 4204 3507 4240 non
3528 4188 3620 4250 sis.
3650 4195 3700 4242 et

2089 4263 2400 4322 incredibilis
2419 4269 2588 4324 timori
2616 4269 2856 4335 Domini,
2879 4284 2924 4327 et
2954 4291 3016 4328 ne
3038 4278 3311 4331 accesseris
3341 4278 3410 4330 ad
3449 4295 3563 4332 eum
3594 4277 3697 4332 du-

2090 4355 2213 4422 plici
2240 4359 2409 4411 corde.
2444 4358 2528 4414 Ne
2552 4363 2710 4431 fueris
2733 4364 3000 4434 hypocrita
3031 4368 3080 4420 in
3104 4379 3375 4438 conspectu
3407 4368 3693 4439 hominum,

2090 4457 2133 4502 et
2163 4466 2264 4504 non
2293 4453 2655 4510 scandahzeris
2699 4456 2846 4512 labiis
2870 4460 2987 4513 tuis.
3017 4460 3232 4515 Attende
3257 4462 3309 4514 in
3337 4461 3463 4525 illis,
3488 4478 3552 4516 ne
3583 4465 3694 4532 for-

2091 4555 2137 4600 te
2166 4547 2341 4615 cadas,
2385 4560 2430 4602 et
2477 4568 2638 4621 ponas
2667 4553 2968 4608 scandalum
3009 4557 3198 4610 anima
3239 4566 3363 4620 tua,
3394 4566 3439 4609 et
3461 4554 3696 4610 adducas

2088 4637 2529 4697 inhonorationem
2552 4644 2675 4710 tibi,
2705 4655 2753 4698 et
2779 4647 2958 4700 revelet
2998 4646 3140 4702 Deus
3167 4650 3412 4704 absconsa
3435 4657 3546 4703 tua.
3587 4647 3697 4705 Pro

2087 4727 2213 4793 lide,
2242 4729 2422 4797 frater,
2452 4733 2754 4804 etjustitia,
2786 4753 2849 4793 ac
2875 4754 2973 4809 pro
3001 4739 3175 4794 salute
3204 4741 3411 4794 anima:
3442 4749 3546 4795 tua:
3572 4755 3696 4796 cer-

2087 4827 2136 4872 ta
2168 4835 2404 4891 semper,
2435 4835 2490 4880 et
2517 4842 2614 4897 pro
2638 4829 2906 4899 adjutorio
2943 4829 3185 4898 fratrum,
3224 4832 3447 4887 viriliter
3473 4847 3594 4903 age,
3622 4840 3683 4888 ut

2088 4926 2116 4965 a
2162 4911 2390 4970 Domino
2445 4921 2675 4990 recipias
2727 4926 3239 4980 remunerationem.
3279 4925 3550 4995 Scriptum
3608 4933 3696 4982 est

2089 5005 2231 5060 enim
2253 5005 2344 5074 :,F
2347 5008 2425 5077 ili,
2449 5025 2693 5066 conserva
2719 5023 2936 5086 tempus,
2966 5025 3011 5070 et
3037 5016 3202 5070 devita
3228 5032 3260 5069 a
3281 5017 3416 5070 malo
3439 5013 3689 5089 (Eccles.,

2086 5100 2186 5170 tv).
2221 5097 2327 5155 Pro
2355 5104 2531 5158 anima
2558 5115 2646 5159 tua
2679 5123 2780 5161 non
2808 5108 3140 5180 confundaris
3165 5109 3330 5162 dicere
3368 5123 3561 5162 verum.
3593 5107 3692 5163 Est

2087 5193 2221 5247 enim
2247 5197 2478 5267 confusio
2503 5198 2758 5255 adducens
2778 5212 3063 5271 peccatum,
3092 5209 3231 5256 etest
3259 5199 3490 5269 confusio
3514 5198 3688 5254 addu-

2088 5302 2204 5341 cens
2227 5287 2442 5358 gloriam
2471 5301 2518 5346 et
2558 5293 2798 5365 gratiam.
2831 5292 2915 5349 Ne
2962 5295 3186 5366 accipias
3228 5293 3412 5364 faciem
3440 5293 3689 5350 adversus

2173 5426 2251 5508 (2)
2278 5428 2432 5508 Idem
2452 5445 2534 5488 est
2559 5435 2803 5506 epistola:
2834 5445 3019 5496 textus
3045 5452 3169 5496 cum
3204 5438 3262 5494 2.
3291 5435 3488 5497 Felicis
3510 5453 3584 5508 tv,
3617 5437 3689 5498 si-

2095 5499 2292 5555 militer
2315 5499 2634 5564 adulterata.

2042 5607 2456 5674 VARIANTES.

2147 5725 2176 5796 ct
2193 5726 2563 5796 Cpnsolationis,
2588 5734 2734 5788 Labb.

2517 5790 2572 5850 et
2605 5799 2917 5856 intellectum
2943 5802 3224 5870 prudentis
3259 5807 3503 5871 sapientis
3548 5819 3683 5863 coma

2071 5853 2328 5917 partietur,
2354 5855 2498 5908 Labb.
