3888 6392
224 413 297 470 l'a')
836 409 1199 468 CONCILIUM
1239 408 1576 469 ROMANUM
1617 409 1684 467 IN
1725 407 1948 468 CAUSA
1994 408 2298 468 DIONYSII
2338 411 2826 469 ALEXANDRINI.

3375 418 3478 472 134

226 530 363 598 {aciein
398 536 550 591 tuam,
592 543 687 581 nec
738 529 989 584 adversus
1016 531 1230 584 animant
1258 541 1395 584 tuam
1424 532 1765 586 mendacium.
1797 533 1846 593 Λ
1875 532 2005 586 sicut
2033 532 2112 586 leo
2145 533 2196 586 in
2226 533 2375 585 domo
2403 543 2508 598 tua,
2539 542 2761 587 evertens
2783 532 3077 588 domesticos
3096 541 3208 588 tuos
3233 542 3278 587 et
3300 549 3478 602 ορμη-

227 621 316 674 Non
338 623 596 674 reverearis
625 621 922 689 proximum
945 624 1138 675 tuumiu
1161 639 1280 676 casu
1308 635 1415 689 tuo,
1441 639 1530 676 nec
1555 624 1773 677 retineas

225 713 385 767 rerbum
430 713 482 765 in
526 723 752 781 tempore
781 714 986 767 salutis.
1019 712 1134 768 Non
1163 715 1443 769 abscondas
1469 717 1776 787 sapientiam

226 818 330 859 tuam
357 807 406 859 in
438 806 616 860 decore
651 810 787 877 ejus.
837 805 908 859 In
959 805 1129 876 lingua
1180 808 1316 861 enim
1360 809 1652 878 agnoscitur
1700 824 1777 863 sa-

227 898 396 969 pientia,
426 909 472 952 et
499 916 695 964 sensus,
725 908 773 953 et
794 900 1012 954 scientia
1030 941 1045 964 ,
1073 908 1119 953 et
1160 901 1393 955 doctrina
1429 902 1483 955 in
1513 902 1675 956 verbis
1696 918 1778 956 ue-

227 991 356 1044 ritatis
378 999 425 1056 ³,
454 1000 498 1044 et
525 993 816 1059 ﬁrmentum
862 992 915 1044 in
941 991 1168 1062 aperibus
1191 992 1428 1054 iustitia.
1483 992 1606 1047 Non
1653 1009 1776 1048 con-

229 1082 410 1136 tradicas
435 1083 628 1136 veritati
657 1085 764 1137 ullo
785 1085 953 1152 modo,
971 1095 1016 1139 et
1041 1085 1104 1139 de
1131 1084 1396 1140 mendacio
1422 1088 1778 1140 ineruditionis

231 1185 306 1228 tua:
329 1176 648 1244 confundere.
677 1175 800 1230 Non
819 1178 1147 1248 confundaris
1176 1179 1407 1248 conﬁteri
1435 1188 1644 1249 peccata
1673 1189 1782 1245 tua,

233 1277 335 1320 etne
357 1267 588 1338 subjicias
631 1279 680 1323 te
722 1271 917 1322 homini
968 1286 1060 1336 pro
1106 1280 1331 1339 peccato.
1384 1270 1510 1324 Noti
1557 1270 1789 1324 resistere

234 1371 374 1413 contra
402 1364 581 1430 faciem
605 1364 820 1430 potentis
837 1405 850 1428 ,
893 1379 983 1416 nec
1009 1365 1201 1418 coneris
1229 1375 1407 1418 contra
1441 1364 1598 1418 ictum
1622 1365 1788 1433 ﬂuvii.

235 1451 316 1506 l’ro
329 1455 522 1523 justitia
548 1455 820 1526 agonizare
845 1472 934 1525 pro
955 1457 1128 1509 anima
1145 1466 1230 1510 tua
1257 1469 1302 1510 et
1322 1457 1561 1527 usquead
1582 1465 1793 1510 mortem

235 1556 338 1597 certa
366 1561 452 1615 pro
479 1546 714 1614 justitia,
743 1556 793 1599 et
820 1545 957 1600 Deus
999 1548 1306 1617 expugnabit
1351 1564 1443 1617 pro
1480 1559 1527 1601 te
1566 1547 1798 1600 inimicos

237 1645 337 1697 tuos,
363 1646 406 1688 et
427 1653 510 1690 eos
529 1646 712 1691 evertet
759 1638 986 1692 viriliter.
1023 1637 1152 1691 Noli
1177 1639 1362 1693 citatus
1408 1656 1513 1694 esse
1537 1641 1588 1692 in
1617 1640 1798 1710 lingua

238 1737 318 1781 tua.
341 1738 383 1781 et
409 1729 620 1787 inutilis.
650 1740 697 1784 et
727 1733 962 1786 remissus
1005 1732 1058 1784 in
1088 1734 1327 1800 operibus
1373 1732 1494 1786 tuis.
1539 1731 1667 1785 Noli
1693 1748 1799 1786 esse

1879 643 2016 680 mens
2063 627 2313 697 subjectos
2357 626 2468 681 tibi.
2515 625 2635 680 Non
2680 629 2744 680 sit
2795 639 3025 696 porrecta
3068 641 3246 680 manus
3289 639 3376 679 tua
3415 627 3481 679 ad

1879 720 2252 789 accipiendum,
2282 729 2326 772 et
2347 721 2414 772 ad
2433 720 2660 772 dandum
2682 720 2913 773 collecta.
2941 719 3029 773 llis
3056 718 3220 773 fultus
3247 718 3487 787 Scriptu-

1880 827 2062 866 rarum
2091 811 2523 873 auctoritatibus,
2552 827 2766 880 semper
2793 812 2861 865 ita
2884 821 3082 876 rectus,
3105 821 3158 865 et
3180 827 3206 863 a
3236 810 3317 864 via
3341 809 3487 864 veri-

1885 908 2007 957 tatis
2037 920 2103 958 ne
2133 905 2416 969 avertaris,
2444 914 2499 957 ut
2524 906 2748 973 gratiam
2779 903 2871 957 Dei
2893 919 3106 972 semper
3138 904 3404 973 acquiras.
3434 909 3491 957 et

1886 996 2150 1051 bonorum
2179 997 2453 1051 hominum
2481 997 2711 1052 amicitia
2745 1011 2957 1065 semper
2983 993 3207 1052 fruaris:
3235 1005 3491 1067 tantoque

1891 1097 1976 1142 tua
2008 1089 2213 1142 f..cilius
2241 1089 2306 1143 ab
2333 1104 2515 1142 amore
2543 1089 2700 1157 hujus
2728 1089 2908 1141 saeculi
2939 1104 3091 1142 mens
3121 1095 3298 1147 exeat,
3322 1103 3491 1156 quan-

1891 1188 1946 1234 to
1975 1181 2354 1250 etimpellitnr,
2387 1181 2514 1235 dntn
2545 1191 2785 1235 vocatur.
2819 1179 2950 1233 Nam
2983 1196 3079 1235 vos
3117 1191 3171 1235 et
3204 1193 3494 1248 praesentes

1843 1344 1847 1348 .
1895 1271 2077 1326 videre
2104 1273 2370 1341 cupiums,
2404 1283 2460 1326 et
2507 1272 2821 1328 absentibus
2871 1272 3122 1342 colloqui,
3173 1274 3362 1327 saltem
3406 1287 3498 1341 per

1897 1363 2198 1430 epistolam,
2222 1362 2610 1418 desideramus.
2639 1362 2792 1418 Unde
2819 1374 3087 1432 optamus,
3115 1372 3171 1416 ut
3195 1378 3288 1416 vos
3314 1362 3500 1415 beatus

1899 1456 2090 1510 Petrus
2129 1456 2494 1524 apostolorum
2529 1457 2782 1526 princeps
2814 1457 2877 1510 ad
2921 1471 3013 1509 sua
3065 1455 3245 1508 limina
3277 1453 3383 1507 felit
3401 1454 3504 1509 iter

1905 1549 2179 1617 perducat,
2216 1557 2480 1616 quatenus
2527 1550 2580 1602 in
2632 1548 3018 1616 omnipotentis
3045 1546 3252 1616 gratia,
3304 1546 3503 1616 perfrui

1907 1651 2080 1693 vestra
2116 1639 2396 1708 praesentia
2427 1654 2752 1694 mereamur.
2791 1639 2920 1694 Data
2948 1655 2998 1693 tv
3031 1654 3198 1692 nouas
3231 1636 3502 1703 februarii,

1903 1732 2196 1787 Aureliano
2227 1740 2281 1786 et
2310 1732 2474 1785 Basso
2508 1732 2634 1786 viris
2661 1730 2974 1787 clarissimis
2995 1729 3304 1786 consulibus
3331 1729 3458 1801 (1)..

885 1868 1217 1926 El’lSTOLA
1255 1869 1300 1926 li
1341 1868 1635 1925 DIONYSII
1676 1867 1880 1924 PAPIE
1922 1869 2014 1925 AD
2053 1868 2379 1924 SEVERUM
2422 1865 2824 1924 EPISCOPUM.

241 1982 300 2038 De
335 1982 562 2039 Ecclesiis
598 1985 962 2056 parochianis,
1008 1994 1062 2038 ut
1103 1985 1307 2056 singula
1351 1983 1570 2054 singulis
1611 1983 1797 2037 dentur
1825 1986 1873 2046 B
1901 1983 2041 2038 cium
2063 2024 2077 2047 ,
2135 1996 2258 2036 cum
2307 1982 2471 2037 fuerit
2523 1995 2661 2036 unus
2695 1980 2763 2034 ad
2789 1995 2946 2051 quem
2976 1979 3147 2050 possit
3184 1994 3462 2037 recurrere
3484 1978 3512 2019 ι’

300 2078 610 2148 presbyteris,
638 2088 684 2130 et
713 2087 766 2132 ut
790 2078 972 2133 nullus
1012 2076 1226 2132 alterius
1261 2078 1521 2148 parocbice
1565 2076 1806 2131 terminos

299 2171 364 2223 sel
385 2172 461 2236 ius
485 2169 714 2224 inuadat.

356 2282 624 2357 Dionysius
650 2286 916 2355 episcopus
948 2284 1115 2341 Sevon
1141 2286 1392 2357 episcopo
1421 2284 1660 2339 salutem.

299 2395 415 2450 Olim
444 2405 499 2450 et
522 2397 592 2450 ab
619 2397 776 2451 initio
818 2395 904 2468 (S.
936 2395 1039 2451 Leo
1060 2438 1074 2462 ,
1110 2413 1194 2465 ep.
1225 2396 1318 2467 24)
1365 2403 1566 2451 tanta'm
1619 2409 1808 2465 perce-

244 2486 388 2555 pimus
409 2503 436 2541 a
463 2488 624 2542 beato
655 2488 817 2544 Petro
851 2489 1220 2557 apostolorum
1250 2489 1494 2558 principe
1523 2487 1805 2552 ﬁduciam,

245 2587 290 2631 ut
313 2577 590 2636 habeamus
614 2581 989 2636 auctoritatem
1023 2582 1311 2636 universali
1340 2581 1596 2635 Ecclesia:
1615 2623 1630 2646 ,
1659 2579 1812 2634 auxi—

245 2671 378 2728 liante
403 2675 657 2741 Domino,
701 2677 988 2731 subvenire
1019 2694 1030 2729 :
1061 2685 1115 2730 et
1141 2675 1400 2746 quidquid
1444 2675 1697 2728 nocivum
1730 2681 1815 2728 est

249 2766 531 2822 auctoritate
563 2769 856 2837 apostolica
887 2770 1159 2836 corrigere
1188 2777 1242 2821 et
1267 2765 1579 2820 emendare.
1607 2765 1687 2819 Ad
1715 2765 1816 2819 hoc

251 2857 365 2910 enim
403 2857 698 2925 divinavit.)
742 2860 1162 2928 dispensationis
1215 2859 1457 2929 provisio
1502 2858 1819 2928 gradnsct

244 2948 451 3008 diversos
495 2953 779 3008 constituit
822 2953 1063 3007 ordincs-
1083 2967 1205 3007 esse
1245 2951 1558 3017 distinctos,
1601 2960 1659 3004 ut
1688 2948 1816 3003 dum

245 3050 568 3107 reverentiam
607 3048 849 3102 minores
894 3043 1195 3114 potioribus
1235 3041 1582 3103 exhiberem,
1620 3051 1673 3093 et
1718 3054 1818 3108 po-

242 3145 384 3199 tiores
412 3144 709 3198 minoribus
739 3139 1086 3193 dilectionem
1115 3134 1520 3204 impendereut,
1550 3147 1655 3186 una
1685 3146 1820 3185 con-

245 3235 411 3289 cordia:
443 3233 597 3289 fieret
639 3247 704 3286 ex
751 3229 1065 3284 diversitate
1113 3225 1408 3286 contextio,
1442 3232 1498 3278 et
1527 3231 1676 3278 recte
1700 3220 1824 3274 offi-

244 3327 417 3381 ciorum
445 3333 802 3396 generaretur
832 3318 1225 3375 administratio
1248 3315 1604 3386 singulorum.
1640 3311 1824 3382 Neque

1907 2074 2250 2144 praepositus.

1982 2186 2057 2241 De
2105 2184 2365 2240 Ecclesiis
2409 2199 2538 2256 ergo
2583 2185 2927 2255 parochianis
2980 2197 3026 2252 ε,
3065 2187 3206 2243 unde
3256 2171 3516 2258 apostoli-

1909 2291 2028 2332 cam
2061 2275 2244 2331 sedem
2294 2278 2578 2331 consulere
2622 2277 2856 2344 voluisti,
2896 2278 3126 2347 qualiter
3175 2281 3283 2332 sint
3330 2289 3516 2333 custo-

1912 2368 2122 2424 dieuda:
2139 2367 2324 2440 ρει-(5)
2343 2369 2745 2424 Cordubensem
2766 2369 3124 2438 provinciam,
3138 2385 3200 2424 ac
3214 2369 3520 2425 dividenda:

1915 2460 2314 2526 sacerdotibus,
2337 2460 2468 2513 nihil
2503 2469 2605 2515 tua:
2632 2460 2880 2514 charitati
2912 2460 3104 2515 melius
3131 2461 3286 2516 nobis
3309 2459 3522 2515 videtur

1923 2555 2215 2621 intimare,
2257 2570 2417 2624 quam
2463 2563 2518 2609 ut
2563 2554 2839 2624 sequaris,
2874 2555 3017 2623 quod
3057 2568 3155 2608 nos
3198 2555 3251 2608 in
3299 2569 3520 2609 romana

1922 2645 2171 2700 Ecclesia
2218 2661 2388 2714 nuper
2430 2647 2602 2716 egisse
2653 2647 3017 2715 cognoscitur.
3072 2645 3345 2700 Ecclesiae
3393 2660 3524 2698 vero

1919 2739 2153 2808 singulas
2172 2738 2395 2808 singulis
2413 2739 2739 2809 presbyteris
2755 2737 3018 2801 dedimus,
3041 2738 3322 2807 parochias
3341 2747 3391 2792 et
3409 2753 3522 2793 ccc-

1924 2835 2146 2889 meteria
2190 2835 2268 2887 eis
2304 2833 2585 2887 divisimus
2616 2832 2713 2902 (4),
2743 2843 2797 2887 et
2825 2834 3216 2902 unicuiquejus
3249 2835 3527 2904 proprium

1930 2925 2131 2978 habere
2153 2925 2458 2990 statuimus,
2492 2925 2561 2976 ita
2595 2924 2862 2990 videlicet,
2887 2933 2944 2977 ut
2973 2924 3156 2977 nullus
3184 2925 3406 2979 alterius
3430 2939 3527 2994 pa-

1925 3020 2124 3074 rochias
2160 3032 2363 3085 terras,
2396 3021 2687 3084 terminos,
2721 3031 2814 3073 aut
2850 3021 2938 3088 jus
2972 3020 3217 3085 invadat,
3251 3021 3344 3075 sed
3388 3037 3527 3077 unus

1926 3117 2151 3186 quisque
2179 3116 2290 3170 suis
2314 3116 2556 3170 terminis
2581 3115 2667 3186 (S.
2694 3115 2796 3168 Leo
2820 3133 2856 3180 I,
2882 3132 2965 3185 ep.
2992 3116 3085 3186 89)
3109 3118 3180 3171 sit
3216 3127 3525 3184 COntentns,

1927 3217 1982 3262 et
2014 3208 2193 3262 taliter
2230 3209 2516 3262 ecclesiam
2550 3220 2602 3261 et
2633 3208 2844 3277 plebem
2888 3208 2978 3261 tibi
3021 3208 3369 3263 commissam
3401 3225 3528 3265 cus-

1933 3298 2100 3352 todiat
2125 3341 2139 3364 ,
2171 3310 2229 3353 ut
2255 3311 2380 3355 ante
2421 3299 2661 3353 tribunal
2705 3301 3146 3370 teternijudicis,
3180 3316 3244 3356 ex
3279 3303 3530 3358 omnibus

245 3418 362 3471 enim
394 3376 715 3472 un'iversitas
745 3414 846 3469 alia
894 3419 1104 3491 poterat
1129 3410 1340 3464 ratione
1368 3405 1685 3470 subsistere,
1720 3403 1821 3457 nisi
1849 3376 1894 3438 C
1928 3391 2027 3445 Sibi
2057 3393 2360 3445 CommiSSiS
2386 3393 2647 3446 Γθιίθηθιη
2673 3391 2881 3490 redditi:
2908 3401 2963 3446 ει
2990 3407 3093 3447 ηοη
3120 3393 3404 3462 Ιίιάίείυῐη,
3435 3395 3530 3449 8θά

244 3508 517 3579 hujusniodi
560 3523 794 3587 magnus
846 3520 965 3560 eam
1006 3501 1326 3579 dill‘erentiie
1376 3497 1511 3553 ordo
1557 3505 1822 3552 servaret.

246 3601 355 3668 Quia
390 3619 512 3657 vero
538 3611 795 3658 creatura
835 3599 887 3652 in
919 3612 1019 3651 una
1047 3595 1344 3664 eademque
1385 3591 1696 3662 aequalitate
1725 3605 1823 3659 gu-

246 3692 434 3751 bernari
464 3697 548 3752 vel
573 3697 764 3750 vivere
789 3708 894 3747 non
927 3701 1132 3761 potest,
1162 3688 1462 3743 cmlestium
1511 3685 1826 3738 militiarum

248 3791 496 3858 exemplar
537 3805 642 3844 nos
694 3787 918 3842 instruit
950 3803 961 3837 :
995 3785 1121 3853 quia
1148 3783 1274 3837 dum
1318 3782 1427 3836 sint
1466 3778 1676 3848 angeli,
1721 3777 1830 3829 sint

247 3883 558 3951 archangeli,
597 3883 774 3951 liquet
803 3880 925 3949 quia
960 3894 1064 3932 non
1094 3876 1328 3946 aequales
1356 3881 1500 3938 sunt,
1521 3871 1616 3927 sed
1650 3871 1701 3924 in
1732 3885 1830 3939 ι)οδ

249 3981 411 4028 testate
435 3973 729 4036 etordinc,
757 3973 898 4027 sient
923 3969 1083 4035 nosti,
1107 3968 1287 4022 differt
1309 3965 1445 4020 alter
1466 3965 1533 4017 ab
1554 3962 1747 4016 altero.
1775 3960 1832 4016 Si

247 4082 352 4135 ergo
370 4067 504 4122 inter
529 4083 652 4130 eos,
679 4065 776 4136 qui
800 4064 917 4117 sine
936 4071 1154 4132 peceato
1180 4067 1324 4124 sunt,
1347 4057 1448 4111 ista
1471 4063 1683 4110 constat
1713 4067 1835 4108 esse

246 4158 523 4224 distinctio,
585 4159 718 4229 quis
766 4155 1048 4209 hominum
1087 4151 1285 4207 abnuat
1331 4148 1456 4203 huic
1502 4161 1561 4201 se
1605 4146 1836 4200 libenter

246 4249 554 4320 dispasitioui
582 4245 960 4306 submittere?
986 4245 1122 4299 Hinc
1146 4242 1348 4298 etenim
1377 4255 1478 4310 pax
1509 4247 1564 4293 et
1593 4237 1834 4291 Charitas

241 4356 395 4397 mutua
423 4361 480 4400 se
511 4345 637 4399 vice
685 4339 1152 4410 complectuntur,
1185 4347 1240 4390 et
1283 4341 1465 4388 manet
1509 4334 1661 4384 firma
1705 4344 1836 4383 con-

239 4437 409 4493 cordia:
439 4442 489 4492 in
512 4440 740 4493 alterna
766 4443 825 4489 et
850 4433 957 4487 Deo
983 4432 1173 4500 placita
1196 4426 1483 4483 dilectione
1512 4423 1836 4480 sinceritas:

240 4533 339 4598 quia
377 4530 824 4603 unumquodque
869 4535 996 4581 tunc
1038 4522 1322 4579 salubriter
1367 4518 1672 4587 completur
1717 4513 1841 4570 effi-

297 4668 617 4772 (l)Ann.27l
635 4667 702 4720 .A
717 4674 734 4718 t
749 4661 799 4718 si
817 4657 1197 4715 scribasFusco
1211 4657 1445 4712 etBasso
1456 4654 1559 4708 erit
1573 4650 1836 4734 annﬁr‘iS.

298 4740 343 4772 to
395 4742 429 4772 ρ
481 4740 631 4772 Πηιη
718 4751 814 4772 an,
852 4731 921 4772 ἐλίίᾶ
974 4732 1092 4772 lit-nt
1139 4727 1676 4772 mrilnmdamlevuer
1705 4725 1836 4772 dun-

297 4724 365 4809 (ἓξ
395 4742 452 4794 S.
481 4740 817 4810 Greg.,iep.
851 4731 943 4796 52,
974 4732 1114 4796 l.rtv,
1139 4727 1455 4801 quibusdam
1481 4724 1676 4779 leviter
1705 4725 1844 4776 dun-

240 4820 360 4866 lual
381 4809 764 4868 (inmanitatis.
861 4874 891 4876 Η
996 4875 1002 4876 ί
1033 4875 1038 4876 γ
1199 4870 1217 4876 _
1251 4870 1261 4876 _
1601 4866 1658 4876 ,μ
1807 4863 1838 4876 ..

299 4885 365 4953 (5)
388 4866 640 4938 Corduba
675 4874 898 4953 Hispali
923 4870 1565 4953 spirit-.etaufoittempore
1601 4866 1840 4953 Dionysii

390 4969 530 5011 anno
552 4968 693 5009 vero
725 4942 842 5004 cic.
868 4946 990 5014 790,
1027 4946 1125 5000 sub
1150 4942 1347 4997 Mauris
1369 4950 1528 5010 caput
1555 4949 1671 4993 erat
1695 4942 1843 5008 regni

241 5023 492 5082 histianici.

300 5046 668 5171 litibus“
698 5109 828 5147 vero
857 5088 1090 5171 σξηαυιίξε
1117 5085 1332 5171 aliis!!!“
1359 5077 1844 5171 νεξεθαίενίξέἕξίὲἐο

243 5150 627 5244 πιδεξῷαἶνᾶἧὶὶη
645 5177 696 5222 et
712 5150 1011 5218 caemeter'ia
1025 5161 1094 5212 eis
1109 5150 1392 5244 divisionis.
1405 5155 1475 5207 Ha
1486 5172 1497 5205 ι
1504 5150 1551 5235 io
1567 5150 1848 5244 parochia:

837 5251 943 5288 non
981 5235 1267 5304 pritnum__a
1300 5220 1586 5295 Dionysio,
1780 5220 1848 5273 ab

248 5293 722 5370 Esaiae-factam
766 5321 920 5378 esse,
940 5293 1088 5378 patet
1115 5317 1181 5378 ea
1203 5300 1270 5378 iis
1289 5314 1407 5378 qua;
1421 5293 1850 5378 supra-dirimus

250 5364 713 5443 alienissima.
739 5364 998 5448 ejusdem
1020 5371 1268 5448 Evaristi,
1285 5364 1467 5448 verbis
1488 5383 1502 5448 _:
1525 5364 1633 5448 ic
1652 5364 1846 5448 titulos.

447 5436 668 5514 curii—iii
698 5436 1095 5523 persecutione.
1117 5442 1389 5523 Valeriani
1413 5436 1849 5523 publicoedictog

253 5507 424 5605 dedit;
442 5507 686 5602 s'a'iia'in
698 5507 869 5581 notis
887 5519 953 5574 ad
975 5517 1134 5573 vitam
1151 5514 1284 5572 Sixti
1304 5507 1531 5584 egimus,
1551 5507 1852 5578 presbyteri

1929 3482 2151 3552 gloriam
2186 3498 2281 3550 pro
2311 3482 2424 3537 suis
2452 3482 2659 3537 actibus
2689 3481 2939 3552 accipin.
2973 3483 3126 3538 llanc
3157 3500 3372 3555 quoque
3401 3502 3531 3540 uor-

1935 3593 2109 3645 mam,
2151 3577 2432 3633 carissime
2453 3620 2467 3642 ,
2504 3588 2554 3631 te
2593 3588 2647 3632 et
2687 3593 2877 3632 omnes
2904 3579 3189 3649 episcopos
3221 3582 3372 3650 sequi
3404 3595 3535 3634 con-

1934 3671 2115 3724 venit:
2152 3680 2205 3723 et
2232 3670 2374 3739 quod
2410 3669 2504 3724 tibi
2537 3651 2810 3730 scribitur,
2833 3671 3085 3724 omnibus
3106 3671 3536 3741 quibuscumque

1937 3762 2207 3832 potueris,
2240 3774 2424 3817 notum
2467 3762 2630 3815 facias
2653 3804 2665 3827 ,
2704 3771 2759 3814 ut
2786 3778 2892 3814 non
2931 3763 3214 3829 specialis,
3246 3765 3340 3818 sed
3371 3778 3537 3832 gene-

1938 3855 2064 3910 ralis
2094 3855 2185 3908 fiat
2209 3854 2308 3908 ista
2343 3854 2652 3924 prteceptio.
2673 3852 2909 3908 Crimina
2938 3869 3089 3920 vero,
3121 3872 3240 3924 qua:
3263 3858 3532 3927 episcopis

1938 3949 2235 4018 impingere
2261 3948 2414 4011 dicis,
2451 3963 2545 4017 per
2570 3947 2705 4000 alios
2738 3961 2844 4000 non
2875 3947 3026 4002 sinas
3054 3950 3163 4002 ullo
3192 3965 3280 4004 mo
3303 3953 3351 4000 lo
3383 3950 3499 4005 fieri
3523 3992 3539 4015 ,

1940 4043 2040 4096 nisi
2073 4057 2169 4111 per
2196 4041 2339 4108 ipsas
2370 4038 2458 4107 qui
2499 4037 2724 4094 crimina
2765 4037 3052 4094 intendunt
3084 4058 3098 4094 :
3129 4042 3177 4093 si
3223 4049 3399 4095 tamen
3437 4044 3539 4112 ipsi

1941 4133 2085 4203 digni
2130 4141 2184 4186 et
2216 4129 2725 4201 irrcprchensibiles
2753 4132 3132 4202 apparuerint,
3177 4143 3231 4186 et
3272 4132 3406 4186 actis
3448 4134 3545 4188 do-

1943 4225 2150 4280 cucrint
2174 4222 2396 4294 publicis
2425 4222 2571 4278 omni
2588 4221 2664 4291 (ὃ)
2679 4237 2738 4277 se
2758 4237 2942 4277 carere
2968 4223 3271 4292 suspicione
3289 4235 3344 4278 et
3367 4225 3546 4280 inimi-

1942 4319 2087 4386 citia,
2123 4329 2175 4374 et
2204 4317 2729 4388 irreprehensibilem
2776 4318 2933 4373 fidem
2974 4320 3547 4391 conversationemque

1943 4413 2162 4467 ducere.
2211 4410 2423 4466 Nemini
2469 4411 2612 4466 enim
2644 4410 2711 4465 de
2754 4425 2812 4464 se
2860 4411 3142 4478 confesso,
3178 4411 3325 4467 credi
3372 4424 3550 4484 potest

1945 4525 2107 4579 super
2144 4507 2348 4563 crimen
2379 4506 2636 4570 alienum,
2675 4505 2928 4574 quoniam
2970 4505 3089 4576 ejus
3137 4507 3421 4576 omnisque
3469 4508 3547 4563 rei

1945 4646 2014 4702 ab
2033 4645 2290 4700 Ecclesiis
2314 4642 2684 4712 reelgarentur
2702 4685 2716 4708 ,
2744 4652 2798 4696 et
2826 4642 3241 4699 christianornm
3269 4646 3322 4700 in
3345 4661 3550 4702 caeme-

1948 4720 2096 4773 teriis
2121 4726 2418 4770 conventus
2463 4722 2792 4774 vetarentur,
2835 4715 3243 4781 parochiarnm,
3281 4717 3553 4772 Ecclesia-

1947 4804 2089 4854 rum,
2150 4797 2203 4839 et
2257 4786 2692 4858 coetueteriorum
2733 4785 2986 4858 (conlusio
3040 4789 3157 4842 sine
3211 4788 3372 4843 dubio
3425 4806 3555 4858 pace

1949 4858 2244 4917 Ecclesiae,
2277 4869 2532 4909 cont-essu
2567 4855 2800 4909 vicissim
2844 4857 3010 4910 libera
3045 4859 3296 4913 facultate
3322 4855 3556 4917 adeundi

1949 4929 2293 5002 cmmeteria,
2347 4925 2628 5002 UiOnysius
2682 4943 2935 5002 romanus
2986 4931 3223 4997 pontifex
3271 4934 3558 5002 parochias

1951 4999 2283 5074 presbyteris
2331 5014 2428 5074 per
2483 4997 2701 5074 exilium
2753 4999 2834 5053 vel
2891 5003 3210 5070 martyrium
3261 4997 3555 5074 spoliatas,

1951 5069 2083 5127 alias
2113 5069 2231 5123 aliis
2260 5069 2574 5138 assignavit,
2606 5080 2851 5138 tempore
2880 5069 3272 5140 perstacntionis
3294 5069 3554 5130 confusas

1953 5145 2146 5198 iterum
2190 5141 2404 5204 divisit,
2447 5155 2511 5194 ac
2537 5156 2634 5209 pro
2664 5145 2873 5196 ratione
2899 5141 3210 5210 distribuit,
3243 5149 3559 5202 ctenieteria

1954 5213 2212 5284 singulis,
2262 5212 2418 5288 quod
2444 5221 2571 5267 ante
2600 5228 2724 5288 eum
2778 5211 3034 5288 iecerant
3063 5216 3280 5288 quidam
3327 5229 3560 5285 anteqne

1953 5283 2222 5359 cessores,
2244 5283 2478 5359 vicissim
2500 5285 2835 5359 ignisignavit
2858 5285 3004 5356 (vide
3025 5283 3402 5359 Baron.,anno
3428 5283 3561 5357 270,

1956 5373 2104 5413 num.
2136 5357 2249 5424 17).
2279 5354 2478 5410 Seven.
2513 5355 2717 5412 BINIUS.

2029 5427 2109 5501 (5)
2151 5429 2318 5482 Cone.
2352 5427 2519 5495 Are|.,
2551 5433 2600 5494 1,
2631 5444 2684 5483 c.
2727 5429 2817 5497 l3,
2853 5429 2941 5498 15,
2979 5445 3032 5501 q.
3069 5432 3119 5487 5.
3159 5429 3374 5488 Nemini
3422 5447 3562 5505 prte-

1956 5509 2222 5571 lerquam.

1477 5639 1865 5702 LECTIONES
1925 5637 2339 5696 VARIANTES.

306 5806 751 5933 must"
780 5795 941 5855 ωδ·

1880 5781 1938 5843 ι)
2031 5782 2056 5813 °
2092 5777 2463 5831 Parocbialibus
2481 5777 2599 5833 Lab.
