3888 6336
379 354 484 411 135

1407 355 1496 414 DE
1535 358 1594 417 S.
1635 353 1880 418 FELICE
1917 357 2207 427 ROMANO
2247 360 2627 423 PONTIFICE.

3562 370 3669 427 156

375 469 642 527 confessio
695 468 1007 543 (professio,
1048 470 1119 527 ita
1165 473 1219 529 in
1261 473 1391 548 ms.)
1438 477 1734 545 periculosa
1778 488 1864 535 est
1906 489 1961 534 et
1985 486 2039 542 Λ
2065 481 2303 553 mitiget,
2355 484 2535 554 pigros
2573 490 2834 550 exacuat,
2889 483 3106 540 desides
3145 484 3411 542 hortando
3472 498 3496 527 ε
3543 502 3670 544 suc-

373 563 571 637 (lladr.
603 566 726 619 coll.
760 569 852 631 64,
876 576 922 620 et
942 583 1028 622 an.
1062 579 1378 638 interpretat.
1405 573 1664 627 constitut.
1697 573 1782 639 12,
1814 574 1891 627 tit.
1922 589 1960 640 ι,
2059 574 2293 637 tendat,
2343 576 2729 646 refugientibus
2779 577 3037 645 suadeat,
3082 580 3290 648 asperis
3337 579 3667 646 blandiatur,

373 656 463 711 lib.
514 673 591 722 Ix,
641 657 756 710 cod.
799 655 1056 713 Theodos.
1104 661 1158 722 5,
1189 678 1241 731 q.
1273 661 1330 728 4,
1361 661 1552 734 Alieni)
1603 664 1808 719 admitti
1856 681 1962 722 non

372 746 558 805 debet.
588 748 845 828 Similiter
871 751 1030 805 alieni
1060 757 1264 809 erroris
1303 757 1508 810 socium
1529 797 1545 823 ,
1579 757 1667 810 vel
1694 773 1724 812 a
1759 757 1840 812 sui
1869 774 1964 813 vo-

373 840 608 896 luntarie
639 841 901 912 propositi
927 844 1139 899 tramite
1166 847 1527 914 recedentem,
1559 858 1650 904 aut
1677 832 1843 906 sacris
1871 868 1966 923 pa-

372 940 514 986 trum
552 931 753 1002 regulis
783 943 840 988 et
862 934 1335 992 constitutionibus
1365 939 1772 1009 impedientem,
1795 945 1968 999 susci-

373 1038 503 1093 pere
551 1039 655 1080 non
705 1029 1032 1096 possumus,
1071 1043 1172 1084 nec
1218 1029 1512 1100 debemus,
1563 1050 1666 1091 nec
1708 1017 1969 1107 impetere

373 1127 521 1172 recte
549 1118 837 1174 crudeutes
857 1162 872 1184 ,
901 1121 989 1175 vel
1021 1133 1331 1179 sanctorum
1363 1136 1573 1195 patrum
1604 1132 1970 1188 sanctionibus

373 1212 812 1288 obtemperantes
861 1215 1222 1285 permittimus
1266 1237 1280 1273 :
1329 1223 1452 1288 quia
1510 1204 1735 1278 infames
1783 1239 1972 1281 omnes

372 1309 493 1359 csSe
533 1320 850 1371 censemus,
883 1309 974 1377 qui
1014 1323 1167 1364 suam
1203 1321 1295 1366 aut
1322 1312 1683 1369 Christianam
1717 1318 1971 1385 primari-

373 1406 562 1453 cantur
595 1398 791 1470 legem,
811 1408 904 1455 aut
933 1403 1282 1470 apostolicam
1310 1405 1398 1459 vel
1419 1407 1718 1476 regularem
1743 1409 1972 1464 libenter

373 1497 706 1559 pOslpmtuttl.
758 1497 1154 1548 auctoritatem.
1206 1494 1332 1550 Haec
1382 1494 1462 1568 (l)
1531 1500 1710 1569 itaque
1740 1539 1756 1562 .
1807 1499 1973 1556 frater

373 1579 712 1642 charissime.
747 1589 864 1650 quae
897 1599 993 1652 pro
1019 1583 1214 1640 an‘ectu
1263 1588 1612 1643 sacerdotalis
1642 1591 1877 1646 nominis
1917 1602 1973 1649 et

373 1670 596 1725 honoris
621 1669 1014 1740 impendimus,
1049 1673 1141 1727 tibi
1181 1675 1391 1743 tuisque
1427 1678 1692 1745 subditis,
1717 1690 1772 1736 et
1797 1683 1973 1738 omni-

372 1762 473 1817 bus
501 1764 763 1828 tenenda,
812 1776 865 1820 et
907 1764 1029 1827 aliis
1072 1768 1401 1834 nuntianda,
1441 1781 1601 1841 atque
1633 1775 1968 1843 praedicanda

375 1854 690 1909 mandamus
711 1898 724 1920 ,
760 1856 954 1926 quibus
985 1868 1035 1911 et
1069 1859 1244 1928 pietas
1271 1860 1336 1913 ad
1371 1862 1654 1917 utilitatem
1679 1905 1693 1928 ,
1723 1874 1778 1918 ct
1806 1858 1876 1919 sit
1902 1865 1971 1920 ad

372 1946 604 2003 fructum
645 1949 880 2006 dilectio.
914 1948 1067 2006 Unde
1096 1951 1458 2022 abjurgando,
1496 1955 1798 2023 hortando,
1844 1972 1972 2012 sua-

377 2035 573 2104 dendo,
623 2039 968 2106 blandiendo,
1016 2042 1346 2098 consolando
1374 2053 1422 2110 ⁸,
1460 2046 1737 2115 prodesse,
1783 2049 1976 2119 quibus

376 2143 679 2198 possumus,
707 2132 1039 2187 festinemus.
1061 2132 1265 2204 Lingua
1294 2143 1477 2190 nostra
1501 2138 1656 2191 bonis
1679 2139 1974 2194 fomentum

372 2220 472 2286 sit,
557 2221 736 2290 pravis
802 2222 1044 2278 aculeus.
1095 2223 1336 2280 Timidos
1385 2225 1413 2264 δ
1471 2229 1752 2298 retundat,
1810 2231 1978 2286 iratos

445 2358 527 2435 (_l)
559 2359 615 2417 S.
646 2359 832 2432 Greg.,
873 2362 1037 2435 epist.
1082 2362 1206 2424 113.
1241 2363 1335 2418 lib.
1365 2379 1459 2431 vn,
1502 2364 1657 2435 cujus
1697 2365 1858 2421 verba
1903 2380 1967 2426 ac

370 2431 567 2504 Stylum
601 2431 892 2504 neino’non
917 2432 1098 2488 statim
1128 2444 1408 2504 agnoscet.

446 2498 525 2644 (ἓξ
556 2504 658 2556 An.
685 2501 811 2559 269.

446 2574 499 2643 (5
560 2572 701 2644 Idem
755 2575 810 2626 lii

443 2572 523 2644 (5)
560 2572 701 2645 Idem
755 2574 1035 2645 Dionysius
1069 2589 1209 2645 papa
1256 2586 1390 2632 teste
1430 2587 1621 2634 sancto
1669 2578 1965 2634 Athanasio

368 2641 461 2698 lib.
495 2641 562 2699 de
589 2642 824 2700 decretis
848 2641 1039 2716 synodi
1059 2641 1290 2703 Nic’azna:
1332 2649 1590 2706 adversus
1625 2649 1966 2706 Sabelli-anus

2069 665 2386 736 desperatos
2412 667 2747 732 consolatur,
2794 677 2853 722 ut
2901 669 3028 738 quia
3067 668 3321 725 doctores
3349 670 3378 708 ά
3409 671 3670 739 dicimur,

2069 761 2208 814 viam
2237 761 2425 816 salutis
2450 760 2821 831 gradientibus
2846 761 3212 817 ostendamus.
3248 762 3432 817 Simus
3460 765 3514 818 in
3549 778 3676 818 cus-

2071 853 2213 907 todia
2231 853 2538 924 vigilantes,
2561 852 2763 907 aditum
2792 861 2979 908 contra
3009 852 3186 908 hostio
3210 853 3432 911 insidias
3453 854 3672 910 soiliciti

2073 945 2400 999 muniamus.
2429 944 2497 998 Et
2550 946 2596 999 si
2649 944 2865 1014 quando
2897 944 3158 1014 perditam
3183 955 3206 983 ο
3236 961 3392 1001 ovem
3422 946 3493 1002 de
3521 961 3673 1001 com-

2074 1037 2254 1091 missis
2281 1037 2531 1107 gregibus
2554 1052 2709 1093 error
2737 1036 3040 1103 abduxerit,
3071 1045 3186 1092 toto
3215 1038 3359 1094 illam
3390 1040 3586 1094 annisu
3607 1039 3676 1094 ad

2073 1130 2255 1185 caulas
2277 1130 2576 1186 dominicas
2605 1147 2865 1188 revocare
2893 1131 3287 1188 contendamus
3309 1174 3326 1197 ,
3358 1142 3416 1187 nt
3442 1133 3512 1187 de
3549 1147 3677 1203 pas-

2078 1222 2210 1277 toris
2252 1223 2468 1278 nomine
2506 1223 2648 1292 quod
2699 1222 2993 1285 habemus.
3039 1239 3143 1278 ιιοιι
3175 1223 3534 1294 supplicium,
3581 1223 3679 1279 sed

2079 1315 2358 1384 praemium
2404 1329 2819 1385 consequamur.
2853 1315 2988 1383 Quia
3023 1330 3153 1387 ergo
3203 1317 3255 1370 in
3297 1317 3381 1370 his
3425 1317 3680 1373 omnibus

2076 1405 2275 1460 divina:
2323 1407 2510 1475 gratiae
2561 1407 2890 1475 adiutorium
2945 1421 3081 1477 opus
3129 1415 3244 1469 est,
3290 1408 3682 1478 omnipotentis

2079 1496 2173 1552 Dei
2193 1536 2208 1559 ,
2236 1497 2468 1550 assiduis
2515 1497 2765 1567 precibus
2793 1498 3135 1553 clementiam
3184 1514 3476 1553 exoremus
3497 1540 3512 1563 ,
3544 1513 3682 1570 qua-

2079 1596 2237 1642 tenus
2275 1586 2342 1641 ad
2375 1587 2491 1642 haec
2521 1589 2676 1644 nobis
2719 1589 3024 1659 operanda,
3071 1599 3127 1644 et
3169 1591 3304 1646 velle
3343 1590 3576 1655 tribuat,
3621 1599 3686 1644 et.

2076 1697 2235 1752 posse
2264 1681 2559 1747 concedat,
2587 1692 2747 1750 atque
2775 1683 2826 1736 in
2865 1697 2929 1736 ea
2971 1697 3068 1736 nos
3097 1683 3215 1746 via,
3261 1698 3382 1737 cum
3416 1682 3683 1738 fructibus

2078 1773 2203 1828 honi
2241 1774 2420 1843 Operis
2442 1815 2456 1837 ,
2488 1790 2646 1844 quam
2677 1789 2738 1830 se
2770 1785 2952 1844 pastor
2982 1783 3256 1845 pastorum
3293 1790 3417 1830 esse
3447 1784 3685 1830 testatus

2076 1875 2190 1932 est,
2235 1867 2447 1936 dirigat,
2504 1876 2562 1921 ut
2601 1866 2719 1922 sine
2759 1881 2866 1936 quo
2916 1868 3047 1922 nihil
3089 1882 3250 1938 agere
3289 1881 3575 1937 possumus
3631 1864 3683 1933 ί,

2079 1972 2175 2027 per
2219 1957 2396 2027 ipsum
2445 1958 2673 2029 implore
2720 1959 2900 2013 omnia
2951 1958 3249 2014 valeamus.
3293 1958 3425 2013 Data
3481 1973 3513 2010 v
3554 1956 3686 2012 ldus

2079 2051 2505 2123 septembris(2)
2551 2050 2774 2108 Claudio
2813 2062 2869 2107 et
2914 2049 3150 2109 Paterno
3187 2052 3323 2110 viris
3361 2051 3684 2109 clarissimis

2080 2141 2392 2198 consutibus
2421 2140 2522 2213 (3).

2073 2367 2334 2441 ili-ignem
2386 2369 2603 2441 scripsit
2631 2368 2913 2439 epistolam
2940 2368 2994 2426 in
3035 2383 3140 2441 qus
3191 2368 3438 2425 unitatem
3480 2367 3582 2425 Dei
3629 2371 3688 2425 in

2070 2437 2323 2511 {mutate
2348 2450 2395 2494 et
2420 2437 2725 2494 Trinitatem
2755 2444 2808 2495 in
2836 2442 3034 2495 unitate
3049 2437 3268 2511 egregie.
3295 2441 3684 2498 conformavit.

2073 2509 2284 2566 Utinam
2324 2527 2387 2566 ea
2431 2527 2572 2566 nunc
2611 2514 2828 2566 adesset
2865 2513 2934 2567 ad
2974 2509 3304 2568 refellendos
3332 2527 3505 2569 novos
3534 2521 3691 2568 vete-

2071 2596 2270 2652 resque
2300 2581 2535 2639 Arianos
2552 2594 2607 2639 et
2627 2583 2987 2640 Sabellianos.

1563 2785 1946 2845 LECTIONES
1986 2786 2409 2845 VARIANTES.

437 2899 464 2929 α
497 2897 975 2951 Consulendo'Labb.

431 2959 460 2999 ι)
486 2961 735 3022 Tumidos,
763 2961 910 3012 Labb.

433 3027 456 3054 ο
483 3021 732 3085 Hortatur,
757 3022 902 3074 Labb.

448 3352 687 3465 ns:
738 3352 893 3469 s.
978 3353 1616 3474 ramus:
1703 3353 2502 3473 nonanno
2561 3351 3609 3498 PONTIPICE,

2136 2902 2164 2943 ἀ
2196 2902 2435 2956 Dcctores
2459 2903 2575 2954 Lab.

2140 2970 2164 3027 ξ
2190 2967 2288 3016 Per
2306 2969 2471 3027 devia,
2499 2965 2613 3017 Lab.

2140 3025 2163 3065 ί
2203 3028 2394 3080 Facere
2418 3025 2539 3080 nihil
2561 3029 2881 3093 asstrgimus,
2911 3030 3024 3081 Lab.

3011 3224 3038 3232 ο
3049 3224 3087 3232 -
3105 3220 3214 3232 ..ι-⁷
3219 3220 3284 3232 *αι-σί
3267 3220 3276 3221 ί
3289 3220 3428 3232 σόα-ί
3433 3220 3625 3232 *ο-Ἢ
3505 3220 3510 3222 '
3577 3220 3625 3222 —

1693 3550 1974 3608 NOTlTlA
2013 3547 2398 3608 HISTORICA.

1695 3703 2354 3735 ...ρ-

441 3850 595 3909 Felix
631 3849 697 3921 ﬁt
743 3846 1020 3918 Pontifex,
1053 3843 1316 3901 Romanus
1362 3861 1498 3899 anno
1539 3843 1668 3908 269,
1693 3842 1775 3897 die
1799 3840 1869 3897 28
1896 3840 1972 3895 vel
1996 3839 2044 3905 C
2075 3846 2292 3907 straret,
2342 3836 2632 3894 Sabellium
2661 3837 2983 3897 confutaret.
3037 3839 3227 3898 Eidem
3257 3843 3421 3899 ritum
3449 3843 3689 3901 faciendi

364 3948 427 4004 3|
466 3942 768 3999 decembris;
821 3969 892 3982 --
931 3938 1086 3993 Felix
1137 3937 1304 4009 patria
1349 3936 1625 3992 Romanus
1673 3935 1974 3991 Constantii

364 4039 507 4095 filius
535 4036 626 4092 die
648 4033 720 4090 28
756 4034 839 4088 vel
874 4043 1149 4103 postremo
1173 4031 1299 4085 anni
1327 4029 1456 4094 269,
1505 4031 1557 4083 in
1606 4028 1841 4099 Dionysii
1888 4027 1965 4081 lo-

365 4146 487 4188 cum
533 4128 857 4183 substitutus
898 4133 983 4182 est
1019 4123 1122 4196 (l).
1164 4123 1260 4178 llic
1291 4123 1545 4178 insistens
1563 4121 1974 4192 praedecessoris

365 4225 452 4280 sui
495 4220 739 4292 vestigiis
783 4218 916 4274 nihil
965 4216 1237 4287 antiquius
1279 4216 1486 4280 habuit,
1535 4230 1693 4286 quam
1740 4214 1974 4269 hmreses

365 4320 706 4388 insurgentes
753 4313 805 4368 in
860 4310 1155 4367 Ecclesiam
1226 4307 1533 4380 proﬂigare.
1610 4305 1971 4376 Quamobrem

367 4426 489 4467 cum
537 4421 728 4463 recens
784 4413 933 4460 esset
976 4402 1168 4456 vulnus
1198 4416 1227 4455 a
1258 4399 1808 4455 Paulo-Samosateno
1837 4395 1975 4451 infli-

369 4515 513 4561 ctum
537 4499 821 4557 catholica
849 4497 1088 4561 veritati,
1139 4494 1368 4551 necdum
1400 4494 1626 4549 obducta
1655 4492 1874 4548 cicatrix
1906 4490 1974 4546 de

363 4611 551 4654 errore
581 4595 823 4660 Sabeliii,
855 4593 972 4664 ipse
1016 4591 1085 4646 de
1113 4589 1234 4646 Filii
1269 4590 1362 4644 Dei
1407 4587 1707 4650 divinitate,
1734 4601 1796 4641 ac
1827 4585 1972 4654 pari-

365 4701 450 4748 ter
477 4690 832 4754 humanitate,
880 4684 1195 4754 naturisque
1241 4682 1447 4737 duabus
1496 4680 1548 4734 in
1600 4695 1704 4734 una
1737 4679 1973 4732 Persona

364 4781 633 4838 distinctis
687 4777 755 4833 ad
814 4776 1104 4832 Maximum
1175 4774 1484 4850 episcopum
1559 4769 1972 4826 alexandrinum

369 4873 618 4945 Dionysii
670 4883 1043 4927 successorem
1074 4866 1291 4933 scripsit
1318 4864 1624 4935 epistolam,
1675 4880 1776 4932 qua
1808 4860 1971 4915 veluti
1997 4864 2051 4924 Ι)

363 4965 584 5031 ancipiti
604 4962 783 5031 gladio
801 4973 1083 5030 utramque
1103 4957 1352 5012 haeresim
1376 4971 1480 5010 uno
1498 4956 1603 5010 ictu
1619 4953 1928 5009 conluderet
1950 4967 1966 5016 ;

365 5069 425 5116 ut
448 5059 574 5115 dum
604 5062 655 5113 in
680 5057 900 5113 Christo
931 5064 1176 5110 naturam
1209 5060 1533 5106 monstraret
1559 5050 1792 5103 divinam
1828 5046 1968 5101 indi-

366 5153 480 5208 vise
509 5149 830 5207 humanitati
860 5148 1226 5218 coniunctam,
1257 5143 1412 5199 Pauli
1439 5142 1685 5198 ha'resim
1715 5141 1972 5197 condem-

365 5254 525 5301 naret
576 5262 590 5298 :
633 5242 761 5298 dum
795 5255 925 5295 vero
955 5239 1244 5293 humanam
1275 5237 1327 5290 in
1360 5238 1550 5291 eodem
1577 5235 1897 5306 praedicaret
1941 5249 1972 5287 a

365 5335 552 5392 divina
583 5349 706 5390 esse
733 5341 941 5388 natura;
971 5332 1296 5402 proprietate
1325 5328 1650 5392 distinctam,
1697 5337 1752 5382 et
1778 5327 1972 5380 divina:

362 5426 682 5483 substantia:
711 5426 764 5479 in
795 5424 968 5479 tribus
1013 5422 1262 5493 personis
1307 5418 1707 5475 subsistentiam
1740 5419 1966 5473 demon-

438 5562 517 5634 (Ι)
545 5559 744 5617 Euseb.
773 5557 910 5613 Hist.
939 5556 1116 5634 cretes.
1139 5597 1153 5618 .
1185 5555 1432 5634 libavit.
1482 5567 1614 5634 cap.‘
1763 5563 1816 5634 et
1859 5551 1964 5634 3?;

362 5623 577 5707 Pagius,
609 5635 901 5707 adgnitum
935 5629 1146 5707 τηε-ιι.
1288 5625 1439 5679 l’Art.
1464 5623 1531 5707 με
1557 5623 1756 5707 uériﬁer
1780 5623 1851 5678 ιε.
1881 5625 1968 5676 da.

364 5695 607 5841 riggpag.
635 5703 776 5772 ἓως
819 5700 1134 5766 Saccarelli,
1183 5697 1321 5752 Hist.
1352 5695 1516 5770 μοι,
1554 5706 1684 5750 tom.
1730 5709 1806 5762 tv,
1839 5709 1962 5765 pag.

2073 3931 2338 3987 sacrificia
2365 3947 2522 4002 supra
2551 3933 2826 4003 sepulchra
2855 3944 2944 3987 aut
2969 3936 3238 3991 memorias
3288 3946 3570 4006 martyrum
3603 3936 3687 4009 (2)

2149 4069 2229 4143 (2)
2257 4071 2443 4143 Bona._
2481 4069 2577 4126 lib.
2609 4069 2808 4143 t._Rer.
2839 4071 3192 4143 Aliturg.,cap.
3228 4072 3313 4132 l9.
3338 4071 3366 4143 §
3387 4071 3440 4126 5.
3476 4072 3554 4127 De
3575 4072 3688 4128 Fe-

2075 4140 2180 4198 lice
2213 4144 2386 4209 primo
2415 4141 2637 4197 Summo
2663 4140 2928 4197 Pontilire
2958 4140 3150 4197 scribit
3190 4140 3506 4197 Anastasius
3537 4160 3550 4194 :
3588 4143 3691 4200 Hic

2075 4212 2354 4269 constituit
2403 4227 2562 4281 supra
2607 4213 2893 4284 sepulchra
2939 4223 3031 4266 aut
3060 4214 3352 4268 memorias
3384 4222 3687 4284 martyrum

2077 4284 2273 4338 mi~sas
2301 4284 2586 4350 celebrari,
2613 4285 2735 4352 quia
2771 4283 3017 4338 fortassis
3059 4284 3128 4338 de
3155 4284 3256 4338 hoc
3282 4285 3453 4354 legem
3487 4284 3686 4353 edidit,

2077 4369 2145 4410 ne
2170 4355 2325 4409 aliter
2356 4354 2470 4408 ﬁeri
2502 4365 2704 4422 posset.
2737 4354 2874 4410 Hinc
2903 4355 3326 4410 existimaverim
3360 4366 3539 4409 ortum
3571 4372 3690 4411 mo-

2077 4440 2191 4497 rem
2243 4425 2597 4497 consecrandi
2648 4425 3008 4497 altariagcum
3062 4425 3682 4497 reliquiis,martyrum.

2077 4493 2361 4566 Baronius,
2389 4497 2453 4549 ad
2481 4511 2678 4549 annum
2705 4495 2948 4566 275.§2.
2969 4497 3159 4550 scribit
3185 4493 3202 4549 ἐ
3244 4515 3262 4548 ι
3300 4493 3576 4562 Eiusmodi
3604 4500 3690 4553 in-

2079 4565 2409 4637 stittuionem
2441 4569 2596 4637 lonue
2618 4575 2743 4621 ante
2769 4566 2966 4622 Felicis
2989 4576 3138 4637 papa:
3171 4577 3411 4634 tempora
3439 4566 3688 4626 Ecclesia

2076 4635 2176 4689 sibi
2208 4635 2508 4691 vindicat...
2538 4636 2740 4693 Felicis
2763 4652 2893 4706 ergo
2935 4635 3212 4692 decretum
3244 4637 3572 4694 stabilivisse
3601 4641 3689 4694 vi-

2077 4706 2253 4773 detur,
2298 4707 2438 4778 quod
2470 4708 2673 4778 absque
2713 4710 2915 4776 scripto
2945 4723 3184 4772 canone,
3221 4708 3510 4764 traditione
3561 4721 3686 4766 tan-

2080 4787 2191 4830 tum
2247 4777 2563 4842 simpliciter
2588 4777 2932 4844 servaretur.
2986 4799 3006 4831 ι
3065 4780 3119 4833 In
3173 4781 3274 4834 hac
3304 4782 3571 4834 sententia
3600 4792 3689 4836 est

2079 4852 2240 4901 etiam
2275 4846 2671 4913 Tillemontius.
2722 4850 2986 4904 Ca-terum
3041 4854 3092 4904 in
3127 4849 3270 4905 hunc
3300 4851 3474 4918 ipsum
3517 4853 3686 4907 ritum

2074 4919 2236 4993 verba
2282 4918 2695 4993 _.~\poca_lypseos
2723 4934 2842 4993 cap.
2882 4936 2933 4975 vt
2981 4941 2995 4974 :
3030 4940 3048 4973 ι
3089 4921 3404 4993 Quarevidi
3433 4938 3686 4993 sumptus

2076 4989 2260 5044 Altare
2282 4989 2373 5062 Dei
2393 4990 2600 5043 animas
2618 4990 3017 5062 interfectorum
3037 5001 3258 5062 propter
3270 4992 3505 5046 Verbum
3526 4989 3643 5056 συί,
3659 5013 3679 5045 ι

2077 5071 2298 5135 nutante
2330 5060 2509 5135 Bertt_0
2538 5063 2588 5114 itt
2618 5059 2754 5135 Hist.
2783 5063 2984 5130 (σείει,
3011 5059 3149 5116 tum.
3176 5079 3236 5129 tt,
3272 5079 3304 5130 p
3354 5065 3483 5135 33.3.
3512 5063 3540 5135 ἑ
3570 5080 3682 5130 xtx,

2078 5132 2616 5204 Dissert._de_R.vm.
2652 5131 2932 5199 Episcop..
2985 5149 3111 5189 saec.
3163 5150 3244 5200 tn,
3292 5131 3564 5204 colligitur
3607 5152 3682 5190 ex

2076 5202 2383 5263 Ambrosio,
2418 5201 2518 5270 Ep.
2559 5201 2650 5266 ἦ,
2701 5205 2832 5258 alias
2859 5205 2948 5268 54,
2977 5220 3030 5260 ιιι
3054 5207 3170 5259 ait:
3207 5224 3225 5256 ι
3260 5201 3565 5260 Suet-edant
3598 5206 3683 5261 vi-

2077 5274 2255 5326 ctima:
2301 5272 2670 5341 triumphales,
2703 5277 2788 5328 ubi
2832 5273 3078 5330 Christus
3108 5277 3280 5330 hostia
3311 5285 3427 5337 est;
3461 5276 3558 5330 sed
3591 5276 3682 5332 ille

2076 5356 2240 5417 super
2267 5343 2583 5417 altare,g_qui
2629 5359 2724 5417 pro
2767 5345 3073 5401 hominibus
3101 5362 3292 5417 passus
3320 5356 3424 5408 est,
3461 5348 3548 5401 isti
3578 5348 3682 5403 sub

2073 5414 2251 5504 altari,
2285 5412 2375 5482 qui
2426 5412 2569 5493 illius
2602 5412 2859 5497 redempti
2913 5431 3035 5504 sunt
3073 5412 3353 5504 passione.
3384 5435 3406 5470 ι
3441 5418 3572 5471 Vide
3625 5428 3682 5473 et

2075 5483 2394 5540 Sermonem
2427 5484 2565 5540 inter
2606 5483 2952 5550 augustianos
2979 5487 3047 5542 de
3073 5483 3195 5552 $5.,
3242 5505 3386 5542 num.
3425 5504 3497 5546 ιιι.
3537 5504 3680 5544 nunc

2073 5555 2129 5609 in
2160 5553 2517 5628 appendicem
2551 5557 2827 5625 rejectmn.
2860 5557 3153 5614 Continuat
3201 5560 3368 5628 ipsius
3399 5561 3535 5614 ritus
3586 5574 3682 5614 ve-

2073 5635 2325 5680 tustatem
2373 5627 2935 5700 prisca__romanornm
2983 5628 3293 5700 pontificum
3338 5630 3680 5687 censuetudo

2071 5709 2283 5769 sacrum
2314 5697 2598 5769 peragendi
2631 5714 2791 5769 supra
2822 5697 3102 5756 beatorum
3132 5702 3503 5769 apostolorum
3532 5700 3678 5758 Petri

2071 5775 2128 5823 et
2153 5762 2732 5838 Pauli—sepulchrum}
2773 5772 2916 5830 unde
2961 5762 3326 5835 Hieronymus
3371 5762 3497 5854 adv.
3527 5771 3678 5846 Vigi-
