3888 6340
199 329 285 388 157

1231 334 1319 394 DE
1345 336 1402 394 S.
1444 333 1692 395 FELICE
1723 336 2008 401 ROMANO
2046 340 2296 399 PONTIF
2300 343 2433 400 ICE.

3410 342 3535 414 153’

192 458 439 520 acceptum
458 447 627 506 refert
650 450 792 506 liber
815 451 1170 522 Pontiﬁcalis.
1197 454 1331 511 Cum
1350 471 1524 512 annos
1550 458 1791 538 quinque
1815 465 1869 520 Α
1899 458 2058 529 eique
2083 460 2450 516 Bttcherianus
2471 459 2783 534 Catalogus.
2813 465 2951 523 alter
2975 468 3174 540 regina:
3191 469 3515 540 Succorum.

190 543 440 598 catholica:
469 543 740 600 Ecclesia:
777 546 1113 616 praefuisset,
1167 560 1370 620 martyr
1408 549 1648 606 decessit
1689 567 1792 605 sa:-

189 636 344 691 viente
369 652 507 692 nona
534 637 813 693 adversus
842 639 1174 696 christianos
1199 643 1599 711 persecutione,
1629 647 1788 714 quam

190 727 418 783 Aurelius
440 743 586 784 anno
612 728 728 784 272
755 745 996 786 exorsus
1011 731 1189 788 fuerat
1216 733 1321 803 (t).

257 820 396 876 Felix
423 823 632 892 quando
663 833 712 876 et
741 825 996 894 quamdiu
1015 826 1238 880 sederit?
1265 858 1336 867 ——
1362 827 1597 885 Felicem
1627 832 1786 901 quin-

200 929 286 983 que
311 914 458 969 annis
500 914 806 970 Ecclesiatn
833 916 1167 987 gubernasse
1196 917 1467 976 Eusebius
1494 921 1658 978 tradit
1684 923 1786 994 (2),

202 1071 399 1146 lantium
426 1081 740 1146 sanctorum
787 1073 1137 1145 reliquiarum
1181 1083 1616 1146 contemptorem
1663 1079 1782 1134 ait:

205 1162 220 1192 ‹
250 1141 372 1197 Male
392 1142 514 1218 facit
539 1158 673 1218 ergo
702 1141 960 1218 romanus
985 1147 1296 1218 episcopus.
1320 1141 1419 1217 qui
1443 1163 1604 1218 super
1634 1165 1783 1205 mor-

203 1225 386 1268 tuorum
418 1215 704 1269 hominum
724 1215 870 1270 Petri
920 1227 976 1272 et
1022 1215 1631 1276 Paulisecuiidum’nos
1661 1237 1782 1277 ossa

199 1285 497 1359 veneranda,
547 1288 844 1359 secundum
893 1297 948 1344 te
998 1289 1158 1343 vilem
1208 1291 1589 1359 pulvisculum.
1623 1293 1783 1348 oﬂ'ert

201 1356 403 1411 Domino
431 1357 714 1422 sacrilicia,
748 1368 802 1413 et
833 1361 1067 1413 tumulos
1095 1356 1282 1415 eorum
1315 1361 1516 1416 Christi
1547 1363 1780 1419 arbitra-

199 1437 272 1480 tur
305 1428 521 1482 altaria?
557 1447 576 1479 ι
629 1428 853 1483 Faciunt
881 1446 1093 1502 quoque
1147 1448 1266 1485 eam
1302 1433 1352 1485 in
1385 1448 1499 1488 rem
1528 1447 1778 1491 accurata

198 1499 272 1554 illa
296 1511 578 1571 martyrum
622 1499 969 1556 monumenta
997 1499 1062 1556 ad
1094 1503 1265 1557 instar
1292 1505 1479 1563 sacelli
1526 1507 1779 1563 altarisve

197 1569 439 1640 exposita,
470 1586 590 1640 quae
613 1574 664 1624 in
699 1571 865 1626 Roma
895 1574 1246 1629 subterranea
1276 1574 1533 1630 describit
1579 1577 1778 1633 Paulus

193 1639 558 1714 Aringbtusnc
583 1642 859 1703 Boldetus.
892 1645 960 1698 de
984 1644 1346 1710 Cmmeteriis,
1373 1646 1464 1701 lib.
1501 1663 1540 1712 ι,
1570 1663 1688 1714 cap.
1716 1649 1767 1704 8.

193 1712 518 1766 —Vetustum
569 1725 748 1768 autem
799 1715 944 1770 illmn
994 1732 1224 1780 morem,
1281 1717 1479 1772 nedum
1531 1712 1770 1775 fidelium

192 1783 378 1850 pietati.
402 1784 495 1862 sed
523 1785 684 1838 etiam
716 1788 984 1862 nascentis
1011 1787 1268 1843 Ecclesia:
1294 1791 1581 1860 angustiis,
1615 1801 1773 1862 atque

190 1855 960 1930 persecutionumtemporibus
984 1874 1306 1929 cnngruum,
1329 1855 1392 1914 εἰ
1405 1855 1768 1930 opportunum

189 1927 423 1993 proximis
453 1927 667 1980 saeculis
695 1929 1013 1993 obtinuisse,
1064 1927 1458 1986 demonstrant
1485 1927 1596 1988 PP.
1649 1949 1768 1988 ser-

189 1997 580 2072 utonrsltabiti
594 1996 663 2072 ad
697 2011 990 2070 martyrum
1039 2017 1298 2072 mensas;
1328 2018 1464 2072 quas
1497 2003 1638 2059 inter
1667 2006 1772 2060 115

187 2067 440 2145 Augustini
461 2068 528 2122 de
553 2069 814 2145 Diversm,
831 2067 1120 2139 inscriptus
1141 2074 1209 2125 ad
1233 2067 1469 2145 Mensam
1494 2075 1768 2145 Cypriani,

187 2138 231 2218 inn
275 2143 541 2218 quo_h:ec
593 2141 902 2218 habentur:
943 2138 1151 2218 (‘SiClll
1201 2143 1392 2218 nostis,
1446 2138 1770 2218 quicumque

186 2207 536 2286 Carthaginem
569 2213 762 2277 nostis,
803 2214 866 2286 ⁸ἰιι
896 2213 1084 2269 eodem
1115 2217 1259 2276 loco.
1294 2207 1388 2270 ubi
1417 2207 1639 2286 piopter
1670 2207 1769 2274 tio-

186 2296 288 2334 nien
315 2279 502 2337 Christi
530 2286 751 2357 sanguis
795 2282 945 2340 fusus
970 2297 1055 2340 est
1094 2287 1384 2357 Cypriani,
1417 2279 1623 2344 'nte'usa
1659 2291 1767 2345 Deo

185 2361 461 2431 constructa
489 2366 592 2408 est.
641 2355 844 2410 Tamen
889 2372 1072 2431 mensa
1118 2355 1318 2413 dicitur
1345 2361 1625 2431 Cypriani.
1660 2377 1768 2416 non

185 2425 532 2501 quiaihidetn
582 2436 968 2501 est‘uuiquatn
1017 2430 1321 2500 Cyprianus
1368 2425 1642 2501 epulatus,
1674 2436 1771 2488 sed

187 2497 290 2563 quia
314 2496 381 2568 ibi
409 2511 489 2550 est
522 2497 864 2562 immolatus;
899 2509 953 2552 et
981 2496 1114 2568 quia
1140 2502 1254 2567 ipse
1279 2496 1647 2558 immolatione
1675 2518 1770 2558 sua

186 2566 374 2645 paravit
397 2568 534 2622 hanc
565 2584 842 2645 mensam,
862 2566 1049 2645 non_iu
1080 2566 1185 2642 qua
1209 2583 1413 2642 pascat.
1439 2575 1556 2628 sive
1583 2590 1774 2645 pasca—

187 2646 275 2713 tu_r,
291 2639 375 2692 sed
404 2640 452 2692 in
483 2654 586 2713 qua
613 2640 939 2695 sacrificium
971 2639 1270 2713 Deoicui'et
1299 2646 1414 2712 ipse
1437 2639 1649 2700 oblatus
1667 2655 1772 2713 est,

186 2708 426 2764 oﬂ'eratur.
455 2731 474 2762 ι
503 2708 625 2766 ιιυα
655 2722 905 2781 speetant
1010 2708 1218 2769 Paulini
1245 2708 1434 2771 versus
1453 2716 1634 2771 Natat.
1671 2733 1723 2772 tx
1754 2708 1766 2771 Ξ

260 2800 486 2866 Spectant
509 2801 576 2850 de
591 2804 795 2866 superis
817 2803 991 2853 altaria
1009 2812 1109 2855 tota
1135 2804 1389 2866 fenestris,

261 2865 352 2932 θυι)
365 2866 546 2926 quibus
567 2865 702 2915 intus
719 2867 906 2932 habent
929 2877 1210 2917 sanctorum
1229 2865 1431 2932 corpora
1451 2871 1626 2920 sedem
1651 2887 1661 2918 :

257 2924 462 2989 Nauajue
491 2936 545 2976 et
563 2928 823 2989 apostolici
846 2930 1046 2978 cineres
1068 2933 1162 2979 sub
1185 2924 1353 2981 ραιιὶιέ
1375 2945 1547 2982 mensa

257 2988 486 3052 Deposui.
510 2988 742 3050 placitum
761 2990 953 3042 Christo
975 2994 1211 3052 spirantis
1233 2995 1435 3044 odorem

256 3049 467 3100 Pulveris
490 3049 626 3101 inter
645 3060 814 3102 sancta
836 3054 962 3102 sacri
983 3049 1216 3103 libamina
1236 3055 1464 3107 reddunt.

182 3133 469 3191 Prudentius
494 3138 648 3203 item,
675 3137 880 3209 hymno
904 3154 980 3205 xi,
1005 3144 1125 3215 περὶ
1147 3151 1290 3213 Στεφ.
1319 3159 1334 3194 :

256 3232 443 3299 Talibus
461 3231 716 3299 Hippolyti
736 3245 918 3299 corpus
933 3236 1187 3284 mandatur
1211 3238 1416 3299 opertis,

306 3296 512 3357 Propter
533 3296 620 3345 ubi
639 3298 864 3359 apposita
888 3305 967 3348 est
983 3311 1065 3346 ara
1089 3296 1256 3347 dicata
1273 3297 1402 3350 Deo.

254 3356 338 3425 illa
357 3356 656 3425 sacramenti
673 3356 918 3425 donatrix
935 3373 1122 3418 mensa,
1149 3362 1426 3425 eademque

308 3420 595 3485 Custosrtida
625 3423 702 3470 sui
724 3423 950 3485 martyris
973 3425 1213 3484 apposita,

253 3483 495 3550 Servatad
520 3485 702 3533 aeterni
724 3483 878 3550 speul
894 3483 1102 3550 vindicis
1118 3498 1228 3550 ossa
1253 3486 1506 3550 sepulcro,

305 3545 458 3596 Pascit
485 3547 606 3594 item
629 3547 816 3595 sanctis
838 3545 1124 3610 Tybricolas
1145 3549 1225 3610 dal
1241 3545 1370 3599 ibus.

180 3625 240 3681 Ex
271 3641 466 3684 vetusta
501 3629 605 3684 hac
633 3630 1030 3704 consuetudine
1056 3633 1248 3686 altaria
1280 3650 1440 3704 supra
1475 3638 1766 3692 memOrias

177 3711 432 3774 martyrum
486 3702 848 3756 construendi
903 3704 1065 3757 condi
1123 3719 1305 3760 sacras
1350 3702 1614 3774 reliquias
1665 3713 1764 3765 Sub

181 3769 336 3825 iisdem
360 3774 624 3828 altaribus
654 3775 722 3828 ab
753 3775 1011 3844 episcopo
1039 3789 1394 3832 consecrante
1421 3769 1765 3836 atiitnadter-

179 3850 274 3895 tunt
299 3846 569 3916 νεικείειιο
591 3860 712 3915 cap.
740 3846 831 3902 l9.
853 3847 1252 3903 eruditissimus
1274 3849 1566 3904 cardinalis
1588 3849 1760 3916 Bana,

180 3922 220 3986 et
242 3916 294 3965 ad
322 3914 552 3972 Felicem
582 3917 623 3980 ι,
651 3914 970 3971 Enmtanuel
996 3933 1024 3971 a
1050 3918 1409 3986 Schelstrate,
1439 3914 1762 3981 Franciscus

180 3981 356 4052 Pagius,
388 3997 440 4041 et
465 3989 744 4042 Antonius
773 3988 1066 4043 Sandinus.

238 4058 302 4134 tl)
328 4058 776 4134 NonauLdicunt
806 4059 1072 4134 Eusebius
1104 4070 1158 4114 et
1187 4061 1546 4134 Hieronymus
1577 4081 1760 4134 perse-

179 4132 404 4184 cutionem
430 4132 481 4185 in
511 4130 820 4207 Chronico.
848 4128 974 4207 item
997 4131 1244 4207 Orosius,
1280 4135 1373 4207 lib.
1392 4128 1490 4198 ⁷ιιιι,
1517 4128 1641 4207 cap.
1665 4137 1756 4193 25.

178 4200 468 4279 Quidani,_ut
494 4214 582 4256 est
600 4206 743 4272 apud
778 4203 1088 4279 Darpiiiurn,
1110 4205 1174 4258 ad
1194 4221 1320 4279 ann.
1347 4206 1473 4272 27⁸5,
1507 4206 1535 4279 §
1559 4200 1612 4270 4',
1638 4226 1756 4264 eam

177 4283 276 4325 esse
299 4275 540 4338 credunt,
590 4290 757 4349 quam
787 4275 845 4329 S.
875 4274 1005 4339 Leo,
1041 4277 1219 4332 Serm.
1253 4278 1341 4343 74,
1377 4294 1494 4349 cap.
1513 4274 1581 4339 '6.
1633 4281 1759 4336 facit

177 4351 406 4422 octavam
439 4356 493 4400 et
539 4346 1100 4422 celebrem__propter
1152 4346 1756 4422 innumera'martyrmn

177 4413 326 4494 millia.
354 4409 700 4494 Laclantius._
726 4422 789 4471 de
816 4409 1069 4494 Mortibus
1099 4436 1500 4488 persecutorum,
1518 4409 1636 4494 cap".
1664 4440 1716 4478 Vt
1741 4445 1752 4478 :

181 4485 541 4554 «Aurelianus,
576 4508 596 4540 ι
655 4489 750 4555 ait,
807 4509 823 4540 ι
864 4492 953 4558 qui
1001 4485 1149 4545 esset
1187 4502 1376 4548 natura
1420 4485 1652 4549 vesanus
1703 4507 1756 4551 et

177 4568 397 4628 preceps,
427 4563 684 4631 quantivis
705 4562 1072 4630 Captivitatem
1102 4563 1366 4619 Valeriani
1392 4568 1748 4633 meminisset,

177 4637 332 4703 [uincti
351 4633 550 4687 oblitus
573 4633 804 4687 sceleris
829 4636 946 4700 ejus
972 4643 1026 4689 et
1049 4651 1247 4703 poenae,
1279 4639 1412 4692 iram
1445 4638 1536 4692 Ι)ιεί
1561 4641 1726 4694 crude

175 4695 288 4753 libus
312 4701 460 4778 factis
494 4705 799 4778 lacessivit.
827 4695 906 4759 »Ν
934 4722 981 4760 ιιι
1011 4695 1260 4761 intentato
1292 4712 1453 4778 igitur
1473 4712 1750 4765 titlttllaXul

175 4775 438 4836 persecutio
483 4778 554 4829 ab
601 4777 922 4840 Aureliano,
956 4788 1011 4831 ut
1041 4779 1211 4833 visum
1241 4775 1538 4837 Duilwello.
1573 4784 1666 4836 sed
1698 4791 1753 4837 et

176 4848 420 4920 executioni
451 4849 726 4920 mandata,
757 4849 832 4901 uti
857 4849 1112 4917 loquitur,
1139 4863 1194 4904 et
1227 4852 1412 4920 prohat
1445 4855 1634 4920 Pagius
1683 4855 1748 4908 ad

173 4925 277 4989 ann.
302 4916 417 4981 9.71,
453 4917 481 4989 §
513 4921 568 4973 9.
609 4919 736 4972 Ideo
788 4916 964 4973 autem
1000 4916 1285 4987 Eusebius,
1335 4925 1427 4977 lib.
1484 4916 1572 4977 viu
1613 4923 1747 4978 Hist.

174 4986 294 5063 ςςςιτ,
322 5004 433 5057 cap.
459 4986 524 5054 fi,
560 4993 752 5045 serihit
781 4991 1050 5046 diabolum
1077 4995 1236 5047 veluti
1275 4986 1469 5049 Somno
1515 5000 1744 5063 s0pitum

173 5053 396 5111 Ecclesia"
415 5053 602 5130 pacem
626 5079 732 5115 non
759 5065 1106 5130 pet-turbasse
1128 5066 1194 5119 ab
1220 5066 1362 5120 Decii
1395 5078 1448 5121 et
1480 5053 1745 5121 Valeriani

177 5131 471 5204 temporibus
488 5149 665 5201 usque
685 5133 749 5186 ad
773 5135 1179 5199 Diocletianum,
1203 5139 1379 5204 (quia,
1408 5158 1424 5189 ι
1449 5140 1585 5192 utait
1606 5141 1744 5193 idem

174 5196 353 5272 μίξεως,
384 5202 410 5272 §
440 5219 499 5265 ll,
537 5223 556 5255 ι
576 5196 911 5272 ’ρετδεευιίο
938 5208 1003 5260 ab
1037 5196 1327 5264 Atireliano
1357 5196 1586 5265 excitata
1622 5212 1742 5266 brc-

174 5269 358 5323 vissitna
386 5269 509 5351 i'uit,
543 5269 672 5330 cum
703 5286 923 5351 eeontra
959 5289 1063 5332 tam
1096 5281 1258 5344 Decii,
1288 5296 1446 5351 quam
1475 5282 1744 5336 Valeriani

175 5346 546 5420 persecutiones
577 5349 854 5420 diuturna:
897 5349 1110 5406 fuerant
1140 5368 1152 5402 :
1186 5354 1254 5405 oh
1286 5346 1444 5420 quam
1474 5353 1544 5406 eti
1565 5371 1633 5407 ιιιι
1666 5371 1748 5408 ra-

177 5413 346 5468 tionem
373 5415 692 5472 Numeriani
723 5430 778 5473 et
809 5419 1110 5476 Maximiani
1143 5413 1385 5478 Herculei
1416 5426 1743 5479 mentionem

175 5486 420 5561 nonfacit.
443 5491 534 5561 qui
562 5500 747 5544 tamen
766 5504 891 5545 ante
915 5496 1338 5559 persecutionem
1367 5495 1744 5551 Diocletianum

178 5551 774 5635 Ecclesiam'vexarunt,
805 5563 880 5635 uti
1006 5564 1291 5618 annalibus
1321 5568 1507 5635 liquet.
1551 5586 1568 5618 ›

236 5628 305 5696 t2)
337 5631 742 5706 ΕυμειιηηΗὶδι.
768 5634 890 5706 eccl.
918 5634 1014 5688 lib.
1043 5637 1137 5699 vti,
1165 5651 1284 5706 cap.
1317 5628 1420 5692 52':
1452 5639 1593 5706 «Qua
1620 5647 1756 5695 tem—

176 5710 523 5781 pestate_cum
557 5703 996 5781 Felix_quinque
1041 5707 1197 5781 anuis
1233 5703 1525 5764 'romauani
1566 5714 1759 5781 guber-

178 5775 1098 5850 nasset_Eeclesiam,__Eutychianus
1119 5780 1171 5832 iu
1200 5781 1317 5850 ejus
1347 5783 1518 5838 locum
1547 5775 1759 5839 succes-

177 5842 250 5896 sit.
284 5863 300 5896 ι
332 5845 456 5919 Pag.
488 5847 605 5904 250
630 5847 765 5904 edit.
823 5842 1195 5908 Taurineusis.

605 5942 893 6007 Panos.
943 5945 1020 6007 V.

1895 567 1994 607 nec
2032 569 2137 608 non
2175 553 2532 622 Fossatensis,
2577 574 2640 615 ac
2668 559 2804 616 liber
2829 561 3159 621 Pontilicalis
3195 571 3510 636 concinunt,

1893 651 2158 712 quatenus
2168 660 2290 701 eum
2309 649 2638 718 temporibus
2657 651 2897 708 «Claudii
2912 664 2961 709 et
2981 653 3257 713 Aureliani
3273 675 3300 713 a
3322 675 3519 716 consu-

1891 735 2002 792 latu
2016 734 2223 793 Claudii
2238 750 2290 816 et
2304 739 2518 797 Paterui
2535 758 2704 814 usque
2722 745 2776 800 in
2790 749 3135 804 consulatum
3156 753 3430 808 Aureliani
3466 754 3511 809 ll

1891 830 2270 900 etCapitoliui,
2293 851 2311 882 ι
2338 832 2538 889 hocest
2552 819 2782 891 ah'auno
2809 840 2917 895 269
2946 840 3014 895 ad
3040 841 3178 906 274,
3198 845 3512 913 pontilicent

1891 919 2059 976 fuisse
2092 923 2311 979 docent.
2339 925 2415 980 Ex
2449 925 2554 982 hoc
2584 943 2856 986 consensu
2887 931 3111 990 minime
3127 936 3511 1008 ambigendum

1893 1014 2131 1081 videtur,
2175 1019 2303 1087 quin
2336 1019 2454 1089 ipso
2484 1036 2628 1078 anno
2657 1039 2766 1093 quo
2794 1026 2980 1082 vivere
3006 1027 3168 1083 desiit
3200 1029 3511 1102 Dionysius,

1889 1108 2132 1179 adeoque
2147 1111 2348 1179 post26
2361 1114 2665 1172 decembris
2680 1115 2826 1173 diem
2856 1122 2981 1174 anni
3005 1120 3132 1185 269,
3157 1122 3307 1179 Felix
3330 1126 3508 1182 eidem

1886 1202 2229 1257 successerit.
2249 1207 2315 1259 At
2329 1221 2438 1274 quo
2451 1207 2538 1262 die
2553 1209 2632 1264 vel
2651 1225 2837 1266 mense
2853 1211 2991 1266 idem
3009 1228 3145 1285 papa
3163 1215 3378 1284 obierit,
3395 1235 3500 1273 non

1887 1291 1959 1345 ita
1987 1291 2146 1350 facile
2171 1305 2256 1349 est
2276 1298 2590 1354 eorumdem
2620 1301 2868 1358 codicum
2897 1307 3218 1362 auctoritate
3245 1309 3490 1366 delinire.

1885 1384 1938 1440 Si
1973 1386 2118 1442 enim
2152 1388 2546 1447 Buclterianum
2582 1396 2932 1452 consulamus
2977 1401 3278 1469 catalogum
3305 1444 3320 1469 ,
3347 1405 3506 1458 annis

1883 1483 2120 1552 quinque
2148 1487 2425 1542 mensibus
2473 1490 2722 1546 undecim
2775 1493 2968 1548 diebus
3024 1494 3205 1564 viginti
3266 1499 3505 1568 quinque

1882 1574 2260 1635 Pontiﬁcatum
2313 1582 2482 1651 gessit
2536 1600 2550 1639 :
2607 1586 2853 1656 adeoque
2897 1603 3002 1642 non
3049 1588 3115 1643 ad
3161 1592 3499 1647 consulatum

1879 1669 2156 1725 Aureliani
2198 1673 2240 1728 Il
2265 1684 2317 1728 et
2349 1672 2888 1744 Capitoliui'tantum,
2938 1682 3032 1734 sed
3073 1681 3139 1735 ad
3159 1683 3499 1738 consulatum

1875 1761 2152 1817 Aureliani
2185 1764 2254 1820 Ill
2300 1776 2365 1821 et'
2385 1767 2702 1836 Marcellini,
2752 1771 2855 1834 hoc
2898 1783 2982 1828 est
3011 1773 3078 1828 ad
3136 1791 3336 1831 annum
3388 1777 3498 1834 275

1803 1845 1850 1906 Β
1882 1853 2132 1911 Pontifex
2161 1857 2324 1913 fuisse
2352 1859 2613 1916 dicendus
2628 1876 2795 1920 esset.
2831 1865 2888 1919 lu
2918 1868 3107 1923 codice
3130 1869 3331 1940 reginae
3357 1871 3498 1926 Sue-

1875 1960 2094 2014 corum,
2130 1949 2440 2008 Fossatensi
2473 1970 2535 2009 ac
2565 1956 2703 2010 libro
2734 1957 3032 2014 Pontificali
3082 1965 3238 2017 annis
3264 1971 3500 2040 quatuor

1875 2041 2152 2096 mensibus
2186 2043 2360 2098 tribus
2388 2045 2582 2101 diebus
2615 2049 2800 2119 viginti
2857 2053 3093 2124 quinque
3142 2054 3372 2122 sedisse,
3431 2075 3496 2112 ac

1868 2150 1928 2190 ιιι
1958 2134 2216 2192 kalendas
2236 2138 2376 2208 juuii
2407 2142 2459 2194 in
2490 2147 2807 2199 cmmeterio
2833 2161 2931 2201 suo
2965 2148 3049 2201 via
3077 2150 3291 2204 Aurelia
3315 2153 3496 2221 sepul-

1885 2238 1969 2280 tus
2015 2243 2135 2283 esse
2165 2231 2439 2286 scribitur.
2477 2233 2785 2290 Etiamnum
2817 2239 2868 2292 iu
2904 2239 3167 2307 Ecclesia,
3197 2243 3495 2299 secundum

1879 2321 2259 2394 Martyrologia
2311 2326 2490 2392 Bedtc,
2539 2329 2742 2385 Adonis
2765 2375 2777 2394 ,
2815 2332 3045 2388 Usuardi
3074 2350 3138 2390 ac
3169 2336 3493 2402 llornanum,

1877 2412 1934 2468 S.
1968 2413 2163 2470 Felicis
2190 2416 2346 2486 Papre
2377 2430 2433 2473 et
2459 2419 2712 2493 Martyris
2755 2423 2951 2480 festum
2985 2443 3042 2482 ιιι
3070 2426 3334 2484 kalendas
3355 2431 3496 2501 junii

1873 2507 2198 2564 celebratur.
2229 2510 2285 2564 lu
2307 2511 2648 2569 Bucheriano
2676 2530 2854 2573 autem
2884 2520 3250 2591 Depositiouis
3280 2526 3496 2596 episco-

1878 2615 2068 2669 porum
2100 2619 2445 2658 romanorum
2477 2607 2715 2662 iudiculo
2745 2609 2844 2682 (t),
2870 2623 3089 2668 notatur
3121 2615 3291 2683 ipsius
3319 2617 3490 2687 depo~

1875 2684 2001 2739 sitio
2031 2687 2190 2741 tertio
2216 2686 2479 2744 kalendas
2523 2692 2755 2760 januarii
2790 2698 2839 2748 iu
2886 2696 3114 2752 Callisti.
3169 2699 3302 2767 Qua:
3331 2684 3493 2757 lectio

1874 2778 1942 2831 ad
1974 2783 2309 2848 superiorem
2353 2785 2598 2840 revticari
2643 2788 2928 2844 commode
2982 2803 3187 2859 posset,
3237 2808 3358 2849 cum
3391 2796 3495 2851 hoc

1873 2869 2110 2927 librariis
2140 2873 2296 2930 facile
2323 2877 2555 2941 accidat,
2603 2888 2660 2932 ut
2706 2896 2758 2933 ιιι
2808 2879 3066 2939 kalendas
3104 2886 3363 2953 ianuarii,
3394 2904 3493 2959 pro

1871 2977 1932 3015 ιιι
1978 2961 2238 3020 kalendas
2279 2969 2414 3037 junii
2468 2971 2726 3025 scribant.
2764 2973 2870 3029 Sed
2904 2973 3009 3029 non
3057 2978 3185 3033 item
3240 2983 3493 3050 superior

1873 3057 2123 3124 componi
2170 3073 2290 3111 cum
2343 3062 2637 3128 prtemissis
2699 3075 2917 3135 potest;
2971 3085 3094 3124 cum
3143 3071 3212 3124 ab
3257 3083 3491 3130 exeunte

1875 3160 2067 3202 mense
2113 3147 2412 3216 decembri,
2466 3169 2573 3223 quo
2601 3153 2837 3212 Felicem
2865 3159 3173 3217 ordinatum
3202 3180 3325 3221 esse
3354 3183 3495 3223 con-

1795 3218 1840 3280 (ἶ
1872 3240 2096 3308 stat,_ad
2126 3239 2198 3295 29
2229 3241 2370 3297 diem
2403 3218 2551 3310 maii,
2584 3263 2800 3304 menses
2827 3251 3108 3307 dumtaxat
3133 3259 3367 3328 quinque
3394 3275 3492 3315 so-

1873 3331 1966 3385 lidi
2022 3332 2438 3404 interjiciautur.
2481 3341 2748 3396 Antonius
2778 3343 2972 3416 Pagius
3002 3349 3052 3401 in
3084 3348 3482 3408 Bucherianum

1870 3425 2173 3496 catalogum
2205 3428 2488 3499 irrepsisse
2518 3442 2665 3502 putat
2695 3436 2847 3490 armis
2870 3453 2915 3504 v,
2964 3454 3063 3508 pro
3108 3445 3258 3498 annis
3301 3461 3372 3509 IV,
3397 3456 3485 3500 at-

1870 3531 1974 3586 que
2026 3520 2129 3574 hoc
2176 3532 2356 3575 errato
2401 3538 2467 3579 ex
2509 3526 2630 3581 aliis
2656 3527 2806 3584 libris
2833 3543 3101 3600 correcto,
3139 3539 3481 3615 retinendum

1868 3627 1990 3668 esse
2017 3615 2172 3668 annis
2201 3632 2274 3678 IV,
2327 3620 2603 3673 mensibus
2634 3638 2710 3686 xi,
2744 3623 2934 3680 diebus
2968 3645 3096 3682 xxv.
3149 3630 3213 3683 Et
3262 3648 3326 3686 ex
3379 3634 3484 3690 hoc

1867 3705 2112 3776 catalogo
2125 3708 2203 3761 sic
2221 3710 2508 3764 emendato
2534 3715 2807 3784 corrigere
2836 3719 3069 3773 vicissim
3098 3722 3224 3778 licet
3252 3737 3485 3781 caeteros

1865 3795 2055 3858 libros,
2107 3814 2228 3853 cum
2258 3803 2576 3873 antiquariis
2603 3807 2916 3865 inusitatum
2949 3829 3054 3867 non
3085 3817 3155 3871 sit
3204 3835 3259 3881 ιι,
3293 3835 3390 3888 pro
3421 3837 3479 3885 x,

1863 3889 2108 3962 adeoque
2138 3909 2190 3946 ιιι
2228 3896 2504 3951 mensibus
2536 3914 2631 3968 pro
2661 3916 2710 3953 xi
2744 3905 3020 3961 mensibus
3056 3910 3297 3980 pingere.
3329 3914 3478 3978 Qua-

1865 3995 2086 4054 proliter
2109 3987 2353 4042 laudatus
2382 3990 2574 4061 Pagius
2598 3992 2680 4065 (2)
2701 3994 2937 4053 Felicem
2964 4000 3054 4057 die
3077 4003 3147 4057 28
3170 4006 3480 4062 decembris

1864 4081 1989 4132 anni
2009 4079 2116 4136 269
2133 4082 2462 4149 ordinatum,
2495 4096 2548 4140 et
2578 4088 2664 4143 die
2694 4090 2766 4144 22
2794 4095 2994 4148 mensis
3016 4097 3320 4152 decembris
3350 4102 3481 4156 :mni

1860 4172 1968 4228 ετιρ
2021 4175 2128 4229 vita
2178 4177 2413 4232 functum
2461 4193 2665 4236 censet.
2721 4186 2785 4239 lit
2814 4187 2863 4242 ei
2911 4189 3123 4258 quidem
3155 4193 3480 4266 suffragatur

1861 4267 2233 4325 Bucherianus
2282 4273 2640 4342 depositionis
2695 4296 3038 4338 romanorum
3094 4290 3476 4359 episcoliorum

1858 4360 2152 4431 ludiculus,
2187 4366 2229 4418 si
2259 4382 2315 4420 ιιι
2346 4365 2606 4425 kalendas
2633 4373 2862 4441 jamtarii
2897 4396 2991 4447 pro
3021 4397 3070 4434 XI
3104 4381 3366 4441 kalendas
3393 4388 3476 4456 ja-

1859 4457 2053 4520 nuarii,
2087 4458 2258 4527 lapsu,
2295 4470 2351 4513 ut
2382 4461 2637 4530 diximus,
2670 4468 2900 4523 librariis
2933 4471 3205 4543 fatuiliari,
3265 4479 3315 4532 iu
3345 4497 3473 4537 eum

1859 4549 2145 4618 irrepsisse
2178 4553 2488 4624 largiamur.
2529 4559 2793 4616 Pra-terca
2828 4565 3059 4622 Felicem
3093 4571 3157 4625 ad
3191 4573 3318 4626 anni
3359 4574 3469 4632 274

1858 4660 2100 4699 mensem
2133 4647 2477 4706 decembrem
2507 4654 2729 4723 vixisse,
2782 4665 3081 4717 successori
3107 4667 3223 4736 ejus
3256 4678 3470 4742 temptts

1855 4739 2185 4809 assignatum
2219 4747 2526 4810 persuadet.

1926 4833 2067 4887 Num
2096 4837 2154 4888 S.
2193 4837 2345 4892 Felix.
2372 4852 2662 4912 nmrtyr.—
2693 4845 2835 4901 Idem
2859 4864 2989 4920 papa
3023 4858 3277 4926 martyris
3306 4859 3462 4918 titulo

1854 4927 1921 4982 ab
1952 4929 2213 4996 ephesina
2245 4935 2476 5004 synodo,
2511 4935 2716 5008 Cyrillo
2747 4942 2974 5010 aliisque
3005 4947 3328 5014 decoratur.
3352 4955 3463 5013 Nec

1853 5021 2032 5075 obstat
2075 5025 2215 5092 quod
2255 5027 2394 5092 apud
2429 5027 2749 5084 Bucherium
2796 5036 2845 5088 in
2888 5038 3127 5096 lndiculo
3171 5046 3334 5102 citato
3367 5054 3466 5108 sub

1851 5114 2006 5168 titulo
2042 5114 2391 5184 Depositionis
2419 5119 2798 5191 Episwpormn
2830 5145 3178 5200 reccnsetur;
3214 5156 3333 5194 cum
3363 5146 3465 5199 sub

1849 5206 2038 5261 eodem
2073 5209 2228 5262 titulo
2253 5211 2494 5282 legamus
2521 5226 2573 5268 et
2599 5216 2849 5282 Lucium.
2887 5242 3047 5295 quem
3081 5237 3338 5290 martvrio
3368 5253 3462 5290 co-

1849 5309 2099 5352 ronatum
2133 5301 2296 5355 fuisse
2327 5302 2583 5375 Cypriani
2619 5310 2928 5367 testimonio
2961 5295 3316 5378 indubitatum
3357 5339 3462 5383 est.

1850 5389 2101 5446 ProfeCIo
2127 5393 2182 5448 S.
2212 5393 2410 5450 Felicis
2437 5389 2774 5471 martyrium,
2795 5417 3052 5473 printer-ca
3077 5416 3302 5486 catalogi
3331 5433 3464 5483 pra:-

1851 5484 2206 5546 stantissimi.
2270 5487 2404 5542 liber
2456 5492 2814 5562 Pontilicalis,
2873 5500 3208 5572 llomanum,
3257 5509 3469 5578 aliaque

1857 5578 2241 5648 martyrologia
2296 5589 2583 5637 testantur.
2632 5587 2794 5643 Recte
2843 5591 3045 5648 idcirco
3091 5599 3472 5667 sapienterque

1943 5715 2021 5786 (ι)
2055 5716 2208 5784 Apud
2240 5719 2591 5776 Schelcstrat.
2629 5736 2681 5779 ct
2710 5727 2962 5784 Bruchcr.
2997 5732 3048 5785 in
3083 5732 3328 5789 Doctrina
3351 5743 3475 5786 tem-

1871 5805 2072 5855 porum.
2102 5804 2222 5858 pag.
2245 5789 2371 5846 269.

1952 5858 2030 5929 (2)
2064 5859 2190 5931 l’ag.
2218 5905 2231 5929 ,
2262 5862 2390 5919 Crit.
2427 5867 2490 5920 ad
2523 5884 2650 5924 ann.
2683 5871 2806 5932 274,
2843 5887 2893 5923 ιι.
2929 5874 2980 5926 2.
