3888 6336
413 315 520 375 1⁸⁵59

1353 368 1359 383 ,
1448 310 1541 369 DE
1579 310 1638 370 S.
1679 304 1927 368 FELICE
1959 301 2248 361 ROMANO
2284 298 2671 362 PONTIFICE.

3614 308 3717 365 “0

406 431 656 503 Papirius
684 428 756 487 ita
784 429 1023 487 Felicem
1071 428 1404 502 alloquitur:
1460 447 1479 480 ι
1512 427 1609 482 Vir
1663 423 1809 481 fuisti
1866 420 1971 477 ﬁde
1995 462 2009 487 ,
2042 420 2089 480 A
2118 413 2301 482 fuerit,
2335 426 2393 473 ut
2429 417 2683 488 qualibet
2710 430 2834 485 res,
2863 429 2984 487 qua:
3024 415 3095 473 de
3119 416 3347 475 diversis
3375 417 3625 476 ecclesiis
3650 421 3719 474 ad

407 524 543 590 vita,
568 523 795 579 scientia
825 522 1004 578 clarus
1026 564 1041 587 ,
1072 531 1128 578 et
1164 521 1422 593 martyrio
1449 516 1728 574 subeundo
1754 514 1976 569 idoneus
1998 553 2011 575 ,

408 627 467 672 ut
490 624 722 671 eventus
745 610 1043 675 docuit..ld
1078 616 1221 669 enim
1264 612 1364 668 sub
1393 609 1684 666 Aureliano
1704 648 1721 675 ,
1748 605 1891 678 quod
1919 620 2016 661 ne-

406 706 521 775 gari
547 721 653 760 non
688 713 886 775 potest,
917 706 1130 769 severo,
1155 701 1476 766 truculento,
1521 708 1685 770 utque
1712 697 1881 753 Flavii
1900 696 2010 752 Vo-

406 801 543 873 pisci
574 799 743 855 verbo
770 810 912 863 utar,
943 795 1291 868 sanguinario
1333 794 1609 865 principe,
1644 804 1699 849 et
1729 790 2013 847 christiani

410 894 649 949 nominis
669 888 1020 948 acerbissimo
1042 889 1198 945 hoste
1226 904 1321 959 pro
1344 887 1560 944 Christo
1578 885 2014 943 constantissime

410 987 648 1050 subiisti,
676 994 735 1040 ut
762 982 991 1039 decebat
1019 981 1322 1037 Constantii
1348 978 1544 1046 tilium,
1572 978 1678 1035 hoc
1704 978 1846 1035 enim
1878 974 2014 1046 patri

401 1090 497 1135 tuo
516 1094 709 1134 nomen
732 1087 870 1133 erat.
893 1075 1081 1148 Itaque
1104 1068 1212 1131 non
1227 1074 1502 1131 immerito
1515 1072 1753 1147 Cyrillus
1778 1072 2013 1127 Alexan-

407 1172 617 1237 drinus,
646 1178 702 1225 et
724 1168 1043 1225 Vincentius
1070 1167 1373 1224 Lirinensis
1393 1209 1408 1232 ,
1450 1166 1543 1239 qui
1584 1167 1685 1223 sub
1720 1163 2013 1225 leestino

416 1267 591 1337 primo
619 1265 827 1330 vixere,
878 1274 930 1319 te
972 1272 1217 1320 sanctum
1264 1269 1558 1334 martyrem
1600 1259 1896 1331 appellant.
1944 1257 2015 1313 Et

413 1359 553 1413 alius
583 1359 676 1414 ille
724 1358 1012 1429 episcopus
1038 1367 1091 1412 te
1132 1356 1465 1428 producebat
1494 1364 1705 1420 testem,
1735 1353 2014 1409 Romana:-

408 1465 512 1521 que
543 1450 800 1505 Ecclesia:
837 1448 1115 1504 doctorem
1157 1446 1468 1519 appellabat
1492 1446 1710 1501 dicens:
1743 1442 2015 1500 Sententia

416 1541 607 1598 Felicis
636 1542 947 1596 sanctissimi
977 1542 1206 1612 episcopi
1236 1551 1282 1594 et
1328 1541 1567 1611 martyris
1595 1538 1794 1593 romani
1820 1537 1883 1591 de
1915 1534 2012 1588 In-

416 1636 713 1690 carnatione
763 1634 912 1689 Verbi
939 1644 984 1689 et
1020 1633 1172 1688 Fide.
1214 1651 1234 1685 »
1279 1631 1459 1687 lnnuit
1504 1632 1589 1687 his
1624 1630 1804 1686 verbis
1835 1629 2006 1699 Papy-

413 1732 526 1785 rius
570 1729 626 1785 S.
676 1728 874 1784 Felicis
921 1727 1205 1799 epistolam
1247 1726 1314 1781 ad
1362 1724 1649 1781 Maximum
1698 1727 2011 1792 episcopum

2117 508 2265 578 ipsos
2294 510 2667 573 referebantur
2685 552 2700 577 ,
2729 523 2850 564 cum
2882 508 3107 581 synodis
3134 512 3602 567 communicarent
3623 553 3637 575 ,
3666 522 3723 567 et.

2118 601 2316 657 exinde
2352 617 2610 673 responsa
2661 602 2768 657 illis
2809 602 3020 670 darent,
3061 619 3291 676 cumque
3322 621 3529 661 morem
3564 621 3722 661 eum-

2120 695 2242 749 dem
2274 695 2589 751 decessores
2642 696 2784 750 illius
2829 710 2927 765 per
2957 696 3107 766 plura
3147 698 3341 752 saecula
3380 699 3584 753 imitari
3615 713 3724 753 non

2118 785 2456 853 destiterint;
2491 786 2612 857 quis
2657 787 2831 857 ipsum
2880 804 2994 845 rem
3038 788 3344 859 neglexisse
3382 789 3722 857 crediderit,

2118 893 2273 948 quam
2303 878 2645 948 imperatoris
2671 879 2870 935 ethnici
2895 880 3156 950 judicium
3189 881 3283 935 toti
3315 882 3576 938 Ecclesiae
3605 891 3718 936 tam

2116 970 2248 1025 utile
2269 1012 2285 1037 ,
2316 971 2745 1042 nominatimque
2773 987 3013 1027 romanae
3041 984 3149 1026 tam
3174 973 3470 1043 gloriosum
3504 973 3730 1030 deside-

2116 1062 2308 1117 rabat?
2333 1060 2485 1118 Tunc
2514 1074 2815 1132 opportuna
2844 1061 3012 1120 Felici
3043 1063 3165 1119 data
3194 1074 3279 1121 est
3306 1066 3525 1121 occasio
3551 1106 3567 1133 ,
3618 1081 3725 1137 qua

2117 1154 2315 1210 Christi
2362 1164 2731 1225 propugnaret
2773 1157 3035 1212 Deitatem
3062 1172 3125 1212 ac
3165 1157 3424 1214 refutaret
3457 1158 3686 1213 Paulum
3708 1198 3725 1223 ,

2117 1249 2209 1319 qui
2238 1253 2474 1303 Artema:
2500 1264 2765 1305 revocans
2794 1249 3128 1319 impietatem
3162 1250 3289 1318 Deo,
3327 1263 3383 1306 ut
3410 1251 3730 1307 antiocbeni

2117 1353 2299 1411 patres
2347 1340 2676 1411 loquuntur,
2728 1342 2919 1396 bellum
2962 1343 3237 1410 indicebat,
3295 1346 3732 1417 ἀντιτασσόμενον

2119 1439 2274 1492 αὐτὸν
2295 1444 2369 1510 τῷ
2385 1445 2495 1512 θεῷ
2517 1454 2531 1503 ;
2556 1438 2679 1506 quia
2695 1435 2932 1493 divinam
2956 1436 3175 1493 Christo
3204 1452 3451 1494 naturam
3474 1439 3733 1511 negabat.

2119 1528 2387 1599 Quidquid
2415 1544 2477 1584 ea
2502 1530 2792 1585 occasione
2813 1530 3001 1586 aliisve
3029 1533 3245 1603 scripsit
3270 1532 3440 1597 Felix,
3463 1534 3535 1587 ita
3561 1534 3736 1587 inter-

2117 1624 2208 1690 iit,
2250 1634 2309 1677 ut
2354 1624 2443 1679 vix
2483 1625 2755 1680 modicum
2790 1624 3147 1696 fragmentum
3180 1628 3399 1683 nomine
3440 1628 3612 1696 ipsius
3642 1629 3733 1681 in-

2118 1720 2376 1788 scriptum
2399 1719 2469 1774 ad
2493 1734 2591 1773 nos
2616 1721 2944 1789 pervenerit.
2976 1720 3126 1775 Hunc
3148 1732 3326 1776 tamen
3349 1722 3568 1789 scriptis
3584 1722 3739 1776 celei

415 1820 848 1880 Alexandrinum
894 1830 1082 1876 contra
1113 1821 1363 1875 lia-resim
1406 1818 1629 1874 Sabellii
1657 1826 1709 1872 et
1737 1815 1888 1871 Pauli
1914 1815 2013 1872 Sa»-
2042 1814 2091 1875 Β
2119 1810 2266 1865 hrem
2316 1810 2621 1874 exstitisse,
2669 1811 2770 1868 hoc
2807 1829 2913 1866 non
2954 1812 3056 1866 levi
3098 1824 3414 1884 argumento
3445 1824 3552 1880 est,
3585 1814 3735 1884 quod

411 1915 699 1970 mosateni.

487 2007 655 2063 Felici
684 2006 889 2064 reddita
912 2008 1147 2076 Epistola
1178 2007 1437 2079 encyclica
1475 2009 1585 2079 ejus
1607 2004 1856 2060 decessori
1890 2001 2014 2058 υἱο-

413 2103 559 2173 nysio
588 2100 649 2156 ab
677 2104 985 2156 antiochena
1026 2102 1240 2173 synado-
1275 2102 1545 2171 inscripta.
1568 2130 1639 2140 —-
1665 2098 2011 2166 Compertum

415 2205 499 2249 est
530 2209 597 2248 ex
631 2195 865 2250 Eusebio
894 2194 996 2268 (l),
1031 2195 1346 2249 nominatim
1378 2195 1633 2265 Dionysio
1658 2208 1893 2247 romamc
1920 2207 2014 2245 ur-

384 2287 500 2341 »bis
528 2287 787 2356 episcopo
830 2288 1143 2356 inscriptam
1180 2303 1301 2343 esse
1326 2286 1653 2357 encyclicam
1706 2283 2014 2339 antiocbeni

414 2378 627 2432 concilii
652 2377 957 2449 epistolam,
982 2395 1081 2454 qua
1110 2378 1178 2433 de
1210 2376 1376 2433 Paulo
1399 2375 1766 2433 Samosateusi
1795 2378 1865 2431 ob
1894 2393 2014 2447 pcr-

404 2483 627 2524 versam
658 2470 959 2524 doctrinam
988 2485 1051 2525 ac
1074 2485 1265 2539 pravos
1289 2486 1468 2526 mores
1484 2485 1512 2524 a
1535 2470 1665 2525 sede
1687 2470 2013 2524 antiochena

417 2562 655 2630 dejecto,
713 2572 768 2616 et
801 2563 1029 2617 Domino
1059 2563 1110 2615 in
1146 2566 1267 2632 ejus
1294 2563 1466 2618 locum
1500 2563 1723 2618 suffecto
1751 2563 2013 2617 admone-

411 2664 582 2708 retur.
619 2672 639 2704 ί
674 2652 825 2721 Quod
866 2653 1103 2723 quidem,
1142 2674 1160 2705 ι
1189 2656 1361 2724 inquit
1399 2656 1649 2725 Synodus
1681 2653 1778 2726 (2),
1812 2655 2014 2709 idcirco

413 2746 568 2800 vobis
596 2745 964 2815 significamus
986 2788 999 2808 ,
1036 2757 1093 2799 ut
1133 2746 1200 2801 ad
1243 2762 1364 2803 eum
1391 2746 1705 2818 (Domnum)
1738 2748 2010 2814 scrihatis,

412 2850 467 2895 et
493 2841 560 2895 ab
586 2855 652 2894 eo
676 2841 1188 2896 communicatorias
1214 2841 1421 2895 litteras
1439 2841 1736 2909 accipiatis.
1764 2840 1861 2894 llic
1885 2856 2015 2895 vero

412 2933 660 3002 (Paulus)
695 2931 761 2986 ad
799 2935 1075 2987 Artemam
1119 2932 1355 2993 scribat,
1398 2941 1454 2986 et
1493 2930 1566 2996 ii,
1614 2932 1703 3000 qui
1735 2931 2013 2986 Artemam

411 3035 710 3087 sectantur,
755 3040 877 3079 cum
924 3026 1018 3080 illo
1046 3028 1467 3080 communicent.
1526 3022 1652 3077 Haec
1677 3033 1857 3077 autem
1887 3024 2002 3093 epi-

412 3117 548 3171 stola
579 3130 699 3171 cum
732 3116 1017 3188 Dionysio,
1053 3126 1227 3171 morte
1260 3116 1660 3171 interveniente
1682 3156 1697 3181 ,
1732 3115 1870 3169 tradi
1909 3131 2014 3169 non

410 3211 711 3280 potuisset,
766 3210 959 3263 saltem
1019 3210 1323 3263 successori
1370 3209 1507 3278 ejus,
1559 3206 2015 3278 quemadmodum

411 3302 661 3367 subinde,
677 3302 891 3372 quoties
916 3301 1146 3370 idipsum
1175 3300 1423 3371 contigit,
1440 3314 1656 3370 semper
1678 3300 1875 3354 factum
1893 3313 2017 3355 esse

413 3403 645 3459 constat,
679 3394 888 3448 reddita
922 3404 1024 3448 est.

486 3487 752 3540 Aureliani
785 3485 1121 3557 Imperatoris
1139 3486 1396 3557 judicium
1424 3484 1670 3538 Romamn
1694 3490 1801 3538 seai
1826 3486 2018 3553 glorio—

411 3600 621 3638 sum.-—
651 3582 870 3637 interim
896 3581 1112 3641 Paulus.
1141 3582 1353 3635 tametsi
1380 3578 1579 3635 celebri
1610 3579 1747 3635 adeo
1770 3580 1981 3651 synodo
2001 3622 2013 3644 ,

415 3692 576 3745 quam
629 3676 899 3746 octoginta
957 3674 1229 3743 episcopis
1276 3674 1585 3729 urllSlillSSB
1624 3672 1861 3727 Hilarius
1911 3683 2021 3727 tra-

417 3770 493 3824 dit
524 3768 626 3842 (5),
670 3768 1095 3831 condemnatus,
1130 3782 1160 3818 e
1186 3766 1348 3820 domo
1379 3766 1743 3820 antiochcnsis
1772 3765 2019 3819 ecclesiae

421 3863 698 3929 recedere,
734 3877 961 3931 eamque
994 3861 1200 3915 Domno
1230 3858 1528 3914 concedere
1559 3859 1646 3913 diu
1674 3859 2017 3913 detrectavit.

418 3958 705 4026 Quocirca,
743 3976 761 4006 ‹
791 3955 1165 4023 interpellatus
1195 3954 1489 4023 imperator
1535 3953 1855 4008 Aurelianus
1875 3995 1889 4019 ,
1918 3951 2025 4006 Eu-

418 4052 553 4108 sebii
583 4050 854 4106 sententia
890 4048 971 4121 (4)
1002 4049 1104 4102 hoc
1136 4048 1409 4116 negotium
1432 4046 1735 4101 rectissime
1763 4044 2025 4113 dijudica-

421 4146 519 4211 vit,
546 4143 613 4198 iis
641 4143 861 4197 domum
895 4139 1029 4195 tradi
1062 4138 1385 4209 praecipiens
1413 4137 1612 4208 quibus
1655 4136 1818 4189 italici
1848 4134 2024 4189 chris-

425 4239 582 4293 tiana:
610 4235 888 4307 religionis
909 4234 1182 4288 antistites
1209 4243 1263 4287 et
1292 4246 1551 4286 romanus
1578 4232 1865 4300 episcopus
1888 4229 2025 4284 scri-

426 4336 635 4389 berent.
667 4331 779 4386 iiac
821 4339 999 4384 autem
1043 4330 1096 4383 in
1126 4343 1287 4383 causa
1322 4325 1659 4397 interpellari
1705 4324 1889 4394 nequit
1920 4324 2030 4376 Au-

429 4426 666 4481 relianus
689 4466 702 4489 ,
733 4420 838 4477 nisi
879 4429 1159 4491 postquam
1185 4421 1252 4486 is,
1286 4418 1522 4474 Zenobia
1548 4415 1787 4472 Orientis
1812 4415 2029 4470 domina

428 4529 485 4575 ct
525 4517 673 4573 Pauli
703 4525 926 4587 patrona
955 4514 1185 4578 devicta,
1224 4512 1567 4569 Antiochiam
1598 4511 1847 4581 recepit:
1888 4508 2030 4580 quod

2118 1917 2240 1956 cum
2270 1904 2698 1972 Apollinaristm,
2733 1916 2790 1958 nt
2821 1917 3125 1959 commenta
3146 1920 3239 1959 Sua
3267 1907 3585 1960 auctoritate
3615 1905 3737 1960 ido-

2118 2010 2221 2050 nea
2256 1997 2393 2058 tueri
2424 1995 2740 2051 viderentur
2762 2039 2776 2062 ,
2824 1998 2967 2051 varia
3002 2013 3164 2063 opera
3200 2014 3304 2051 non
3335 1999 3584 2053 obscuris
3612 1999 3738 2069 qui-

2116 2088 2366 2153 busdam,
2395 2088 2493 2142 sed
2519 2089 2904 2159 insignioribus
2931 2091 3184 2145 Ecetesiac
3217 2093 3570 2160 scriptoribus
3597 2107 3735 2162 sup-

2118 2194 2321 2247 ponere
2337 2180 2647 2248 studerent;
2678 2182 2835 2250 hujus
2856 2186 3017 2237 etiant
3046 2183 3205 2253 Papae
3229 2188 3446 2239 nomine
3469 2185 3735 2239 nonnulla

2118 2270 2218 2323 sibi
2247 2270 2605 2343 contingenda
2632 2274 2923 2329 duxerunt.
2964 2275 3152 2345 Neque
3181 2280 3341 2332 etiam
3368 2279 3738 2347 neglexerunt

2119 2364 2360 2431 Cplicsini
2386 2376 2567 2433 patres
2588 2367 2833 2437 ejusdem
2863 2371 3180 2423 auctoritate
3203 2364 3363 2426 ﬁdem
3389 2374 3550 2428 tueri.
3587 2372 3737 2427 Sane

2118 2458 2260 2511 inter
2291 2456 2508 2511 Patrum
2542 2463 2851 2515 testimonia
2885 2462 3243 2533 fragmentum
3270 2465 3493 2519 laudant
3522 2463 3604 2536 (1)
3634 2466 3739 2519 Fe-

2119 2551 2229 2603 licis
2256 2554 2567 2607 sanctissimi
2602 2551 2847 2624 Episcopi
2875 2553 3076 2618 Romae,
3111 2567 3158 2609 et
3185 2556 3431 2629 Martyris
3456 2559 3525 2611 ad
3552 2557 3736 2611 Maxi-

2119 2659 2261 2694 mum
2310 2642 2630 2713 Episwpum
2657 2656 2725 2698 ‘et
2757 2647 2962 2701 (Iterum
3008 2648 3434 2713 Alexandrinum,
3485 2651 3631 2719 quod
3682 2660 3741 2705 et

2117 2734 2359 2805 Cyrillus
2412 2737 2762 2807 Ap010gctico
2792 2739 3058 2794 adversus
3090 2741 3391 2796 Orientales
3428 2744 3493 2796 ad
3521 2742 3733 2797 Anatlt.

2120 2827 2207 2878 Vl.
2242 2829 2502 2895 inseruit,
2556 2839 2610 2883 et
2656 2829 2852 2886 Marius
2900 2830 3161 2887 Mercator
3206 2832 3283 2904 (Ξ)
3327 2835 3593 2889 latinitate
3635 2832 3740 2890 do-

2121 2922 2286 2975 navit.

2194 3013 2445 3084 Ejusdem
2492 3018 2763 3087 fragmcnti
2806 3019 3070 3072 sinceritas
3117 3020 3423 3081 adstruitur.
3465 3020 3582 3075 Non
3640 3021 3740 3076 de-

2121 3117 2245 3159 sunt
2278 3117 2455 3162 tamen
2488 3110 2577 3176 qui
2602 3112 2955 3180 fragmentum
2991 3115 3091 3166 hoc
3117 3112 3281 3167 Felici
3310 3123 3497 3167 nostro
3522 3114 3739 3183 abjudi-

2046 3204 2091 3269 ρ
2125 3208 2333 3265 cantes,
2374 3201 2505 3255 illud
2551 3201 2739 3265 Felici,
2772 3207 2861 3273 qui
2889 3222 2917 3258 a
2950 3205 3270 3261 Constantio
3300 3210 3632 3277 imperatore
3682 3208 3741 3263 in

2124 3291 2321 3346 Liberii
2351 3293 2527 3347 locum
2558 3297 2879 3367 subrogatus
2899 3310 3001 3361 est,
3026 3299 3369 3354 tribuendum
3399 3308 3605 3370 putent.
3635 3299 3742 3355 Ve-

2122 3402 2237 3439 rum
2264 3387 2395 3439 levis
2416 3398 2497 3441 est
2515 3389 2735 3443 omnino
2756 3392 2914 3455 ratio,
2942 3406 3059 3460 qua:
3081 3406 3176 3445 eos
3199 3392 3250 3444 in
3278 3391 3589 3460 hujusmndi
3616 3392 3742 3462 opi-

2123 3482 2339 3535 nionem
2364 3481 2608 3546 adduxit.
2628 3483 2741 3538 lloc
2763 3485 2961 3555 quippe
2976 3500 3084 3539 uno
3114 3485 3359 3540 nituntur
3382 3496 3736 3556 argumento.

2122 3578 2263 3647 quod
2298 3577 2656 3648 fragmentum
2699 3580 2842 3633 istud
2885 3581 2935 3633 in
2968 3580 3231 3648 ephesino
3272 3580 3536 3645 concilio,
3586 3590 3646 3633 ut
3686 3589 3747 3635 et

2123 3672 2265 3742 apud
2294 3671 2552 3743 Cyrillum
2582 3674 2707 3727 Julii
2739 3691 2891 3745 papa:
2921 3677 3235 3730 testimonio
3261 3684 3646 3746 postponatur.
3684 3675 3746 3732 Si

2125 3776 2302 3818 autent
2334 3764 2541 3819 valeret
2562 3766 2662 3819 ista
2697 3767 2854 3827 ratio,
2885 3766 3028 3821 Julio
3058 3784 3120 3822 ac
3148 3768 3331 3823 Felice
3356 3768 3625 3823 dicendus
3653 3784 3747 3824 es-

2127 3870 2209 3912 set
2236 3859 2505 3927 posterior
2554 3858 2893 3930 Cyprianus;
2944 3862 3210 3928 siquidem
3264 3862 3309 3915 is
3354 3871 3477 3931 post
3507 3861 3637 3916 illos
3688 3862 3744 3917 in

2131 3950 2389 4018 pnedicto
2430 3952 2661 4005 concilio
2705 3954 2932 4017 citatur;
2963 3964 3017 4007 et
3045 3970 3260 4007 rursum
3287 3952 3471 4008 Felice
3502 3969 3566 4008 ac
3594 3953 3747 4009 Julio

2129 4043 2402 4110 antiquior
2456 4042 2763 4099 censendus
2814 4048 2952 4099 foret
2981 4046 3189 4099 Atticus
3234 4046 3538 4115 Episcopus
3579 4047 3641 4101 C.
3678 4047 3747 4102 P.

2129 4134 2330 4203 quippe
2356 4134 2443 4201 qui
2474 4136 2679 4190 eisdem
2708 4138 2759 4190 in
2785 4137 3003 4191 laudato
3025 4137 3212 4208 Cyrilli
3244 4140 3603 4208 prmponitur.
3634 4139 3749 4195 Sed

2131 4224 2451 4281 Vincentius
2497 4226 2799 4282 Lirinensis
2830 4228 2935 4299 (5),
2981 4240 3035 4283 et
3072 4229 3333 4301 Hypatius
3373 4228 3746 4298 Ephesiorum

2133 4320 2419 4398 cpiscopus
2470 4320 2522 4373 iu
2563 4320 2856 4389 collatione
2912 4338 3034 4377 cum
3086 4323 3393 4393 acephalis,
3426 4324 3513 4378 ubi
3546 4327 3748 4381 eadem

2135 4416 2440 4469 testimonia
2477 4427 2941 4483 commemorant,
2974 4418 3208 4475 Felicem
3238 4420 3416 4487 Julio,
3449 4431 3606 4491 prout
3630 4425 3753 4478 exi-

2137 4510 2214 4578 git
2244 4516 2544 4578 temporum
2574 4511 2727 4575 ordo,
2764 4522 3104 4583 pricponunt.
3144 4513 3411 4570 Praeterea
3443 4529 3606 4570 nemo
3634 4531 3751 4571 non

431 4610 647 4683 quidem
680 4608 780 4665 sub
805 4608 1010 4665 exitum
1058 4607 1182 4660 anni
1225 4604 1333 4660 27?.
1370 4603 1661 4676 contigisse
1701 4604 1897 4659 eruditi
1930 4620 2027 4659 uo-
2057 4604 2111 4665 D
2139 4602 2283 4658 videt
2332 4605 2607 4675 indignum
2648 4624 2868 4678 prorsus
2917 4609 3084 4665 fuisse
3119 4618 3265 4664 tanta
3299 4611 3553 4683 Synudo,
3588 4622 3651 4667 ut
3678 4614 3749 4668 ad

437 4718 573 4763 tant.

511 4802 642 4858 Tam
674 4799 888 4855 celebre
925 4795 1186 4865 judicium
1226 4794 1551 4863 postulabat,
1583 4802 1640 4848 ut
1678 4791 1829 4848 Felix
1878 4806 2035 4863 quam

444 4897 675 4968 primum
706 4908 827 4948 cum
860 4890 1071 4945 caeteris
1089 4887 1255 4943 Italia:
1283 4886 1553 4958 episcopis
1572 4888 1925 4953 conveniret;
1953 4885 2037 4940 in-

444 4991 616 5059 deque
639 5003 758 5043 cum
789 4986 853 5039 iis
882 4983 948 5039 ad
979 4984 1243 5038 Domuum
1273 4982 1567 5045 scriberet,
1598 4994 1716 5035 sese
1744 4989 1913 5035 ratam
1945 4980 2041 5035 ha-

445 5084 573 5139 bere
598 5083 740 5137 illius
769 5078 1165 5134 ordinationem
1193 5118 1208 5143 ,
1242 5084 1297 5130 et
1339 5072 1490 5139 Pauli
1530 5073 2038 5131 condemnationem

446 5180 787 5234 conlirmare.
837 5173 946 5229 Nec
975 5172 1117 5227 ullus
1146 5170 1357 5224 videtur
1395 5168 1670 5223 dubitandi
1704 5170 1875 5235 locus,
1909 5170 2037 5241 quin

449 5273 602 5330 Felix
629 5272 703 5334 id,
732 5268 875 5340 quod
909 5266 1148 5321 muneris
1174 5264 1255 5318 sui
1285 5270 1435 5328 erat,
1481 5276 1548 5316 eo
1580 5261 1630 5316 in
1663 5262 1878 5333 negotio
1902 5278 2039 5332 prte-

449 5363 819 5425 stiterit.Cum
842 5362 985 5418 enim
1014 5356 1390 5415 decessoribus
1410 5355 1527 5429 ejus
1557 5354 1606 5410 id
1631 5356 1796 5411 moris
1825 5372 2039 5428 semper

525 5508 603 5581 (ι)
644 5501 871 5581 Euseb-3
908 5499 1039 5581 llist.
1073 5497 1275 5581 eccles.
1297 5494 1386 5581 lib.
1421 5510 1490 5581 vn
1512 5535 1525 5559 ,
1552 5508 1669 5581 Clip:

522 5563 783 5654 (‘2)_Apu_d
814 5563 1038 5635 Euseb,
1073 5568 1190 5622 loco
1211 5568 1398 5654 citing,
1431 5574 1481 5619 ct
1525 5565 1665 5633 apud
1700 5563 1884 5631 Mausi,
1918 5566 2036 5622 Cul-

438 5636 562 5711 ieci.
588 5636 820 5711 [Coi-ted,
853 5657 980 5699 tom.
1020 5661 1056 5707 ι,
1087 5655 1204 5709 pag.
1236 5636 1393 5711 1100.

513 5726 591 5791 (5)
621 5710 877 5791 Hilarius,
900 5716 1016 5769 libr.
1043 5719 1110 5791 ‘de
1140 5710 1386 5781 Synodis,
1415 5726 1468 5764 n.
1498 5710 1589 5764 86.

519 5785 596 5868 (ι)
621 5793 841 5855 Euseb,
867 5788 985 5849 loco
1009 5785 1171 5839 citato

2142 4696 2517 4755 stabiliendam
2552 4699 2711 4754 fidem
2734 4743 2748 4765 ,
2788 4702 3019 4756 hominis
3061 4703 3127 4757 ab
3156 4705 3479 4763 Arianorum
3508 4705 3752 4761 factione

2144 4787 2197 4841 in
2240 4790 2487 4845 catholici
2527 4794 2780 4847 antistitis
2808 4794 2985 4849 locum
3025 4796 3213 4849 intrusi
3264 4799 3585 4853 auctoritate
3623 4812 3749 4855 ute-

2132 4889 2310 4935 retur.
2337 4881 2519 4951 Neque
2541 4900 2671 4939 vero
2700 4888 3007 4940 sanctissimi
3034 4890 3261 4960 episcopi
3302 4889 3483 4945 Roma:
3514 4902 3561 4946 et
3589 4890 3749 4947 Mar-

2146 4974 2271 5044 tyris
2296 4974 2500 5042 titulus,
2553 4994 2660 5048 quo
2688 4978 2915 5034 Felicem
2945 4980 3179 5053 Cyrillus
3205 4994 3261 5037 et
3285 4983 3532 5053 ephesini
3560 4996 3751 5056 patres

2145 5082 2431 5138 exornant,
2464 5075 2514 5128 in
2541 5075 2811 5129 hominem
2841 5076 3147 5146 hujnsmodi
3177 5082 3453 5137 convenit.
3488 5081 3606 5151 Ipsa
3650 5084 3749 5141 de-

2148 5165 2306 5233 nique
2329 5167 2629 5235 inscriptio,
2654 5183 2772 5237 qua:
2794 5166 3008 5225 Maximi
3030 5171 3377 5227 Alexandrini
3405 5188 3601 5229 nomen
3635 5192 3750 5245 pra:

2148 5270 2206 5309 se
2232 5255 2349 5319 fert,
2384 5258 2630 5314 dubitare
2660 5275 2758 5315 nos
2804 5277 2909 5316 non
2938 5264 3084 5331 sinit,
3120 5266 3249 5335 quin
3276 5265 3577 5321 subnexum
3605 5264 3750 5340 [rag—

2148 5362 2385 5407 mentum
2412 5355 2644 5426 Cyrillus
2686 5368 2739 5412 et
2766 5357 3024 5427 ephesina
3066 5362 3307 5432 synodus
3331 5363 3476 5417 velut
3499 5361 3701 5418 Felicis
3726 5363 3749 5418 Ι

2147 5448 2507 5505 testimonium
2541 5452 2824 5509 laudarint.
2859 5456 3069 5526 Quippe
3114 5459 3385 5530 encycliea
3419 5460 3610 5531 synodi
3643 5476 3745 5516 au-

2144 5540 2409 5595 tiocltena:
2430 5545 2677 5612 epistola,
2708 5547 2959 5618 Dionysio
2986 5549 3232 5604 Ποιητιηο
3255 5552 3413 5607 simul
3436 5560 3491 5608 et
3514 5552 3749 5610 Maximo

2323 5654 2544 5736 Cpncil._
2560 5660 2782 5730 Ephes.,
2809 5674 2913 5719 act.
2946 5682 2983 5725 t,
3011 5681 3128 5736 pag.
3163 5665 3289 5721 519..

2217 5726 2296 5867 (2;
2334 5727 2459 5810 Mar.
2495 5726 2740 5815 Mercaty
2770 5726 2893 5804 pag.
2924 5726 3026 5791 178
3053 5726 3108 5791 εἷ
3130 5736 3257 5805 240,
3292 5739 3422 5794 edit.
3457 5740 3644 5796 Baluz.

2217 5800 2270 5867 (3
2322 5798 2567 5858 Vincent.
2599 5802 2793 5867 Lmn.,
2820 5805 3153 5867 Commonit..
3177 5824 3295 5867 can.
3327 5810 3414 5867 49.

2213 5798 2291 5868 (5)
2322 5798 2567 5858 Vincent.
2599 5798 2793 5875 Lirinf,
2820 5798 3153 5879 Cbmmonit.,
3177 5798 3295 5883 cap.
3327 5810 3414 5867 49.
