3888 6346
166 319 239 374 lii
1186 314 1273 372 DE
1313 316 1372 375 S.
1412 312 1658 374 FELICE
1688 311 1756 368 Rt

1869 309 1981 368 .NO‘
1998 310 2382 369 PONTIFICE.
3340 311 3444 369 iii!

165 427 499 485 Aiexandrino
566 428 841 495 inscripta
870 472 883 496 ,
943 429 1088 484 hunc
1154 430 1437 485 Maximum
1506 425 1738 498 Dionysii
1770 426 1816 483 Α
1847 440 1963 479 rum
2009 425 2378 493 Alexandrim,
2409 424 2533 481 Julii
2561 426 2801 498 episcopi
2843 426 3050 489 Romae,
3082 426 3353 483 Ambrosii
3393 438 3449 481 et

167 521 485 577 Alexandrini
552 536 939 577 successorem
999 521 1161 576 Felici
1226 532 1413 578 nostro
1478 520 1738 591 :cqualesn
1844 517 2060 584 Basilii,
2098 518 2376 589 Gregorii,
2421 528 2475 572 et
2521 520 2741 573 alterius
2796 519 3038 591 Gregorii
3082 519 3443 590 Amphilochii

166 616 322 681 fuisse,
351 626 498 670 certo
527 630 629 669 nos
657 615 853 670 docet.
1847 599 2027 675 leonii,
2061 622 2113 666 et
2154 612 2315 667 Attici
2344 612 2939 681 Constantinopolitaui,
2970 613 3172 668 nullum
3203 614 3442 667 testimo-

223 709 429 764 Adrersa
456 709 730 780 Lequiem'i
763 710 941 782 opinio
970 709 1494 764 diluitur.—Verum
1527 708 1630 761 alia
1654 720 1741 761 ra-
1842 705 1988 759 nium
2036 721 2224 760 eorum
2274 706 2342 760 de
2392 721 2494 761 una
2556 718 2745 760 natura
2792 707 3031 776 protulit.
3073 727 3091 758 ι
3144 708 3418 777 Subjiciun

167 803 287 859 tione
311 783 523 859 Michael
552 785 806 873 Lequien
838 804 1011 860 doctis
1037 804 1088 858 in
1117 804 1505 858 Damascenum
1533 802 1739 856 disser-
1843 800 2118 870 acephali:
2156 819 2175 851 ‹
2209 799 2344 868 Quid
2376 816 2476 870 ego
2520 800 2865 871 suspicantini
2886 843 2899 862 .
2932 802 3054 869 quia
3094 818 3193 855 nos
3220 817 3313 855 cas
3347 804 3445 855 lal—

171 896 425 949 tationibus
451 894 582 949 nihil
613 895 729 964 jam
758 910 1049 961 superesse
1072 906 1278 963 censet,
1308 911 1403 950 cur
1430 894 1571 949 idem
1602 894 1739 965 frag-
1843 895 2106 949 saviums‘?
2144 913 2162 946 ›
2200 895 2469 963 Epistolas
2485 896 2707 961 scilicet,
2734 911 2865 965 quas
2886 896 3080 951 Felicis
3106 896 3447 966 aliorumque

168 997 376 1043 mentum
421 1002 525 1041 non
574 996 795 1041 tantum
822 987 988 1042 Felici
1026 996 1213 1041 nostro
1248 986 1535 1057 abrogare,
1570 984 1665 1040 sed
1689 993 1742 1039 et
1844 989 2061 1043 nomine
2109 987 2470 1058 proferebant.
2512 989 2715 1055 Quibus
2759 989 3018 1061 Hypatius
3063 988 3323 1043 satisfacit
3365 988 3447 1043 his

167 1080 403 1136 haereticis
440 1080 765 1137 adscribere
807 1080 1135 1151 dubitemus.
1193 1078 1296 1135 Ubi
1350 1080 1494 1134 enim
1558 1079 1740 1148 plures
1844 1081 2055 1136 verbis:
2094 1100 2112 1132 ‹
2150 1079 2258 1136 Vos
2288 1096 2393 1135 non
2421 1082 2794 1149 suspicamur,
2827 1082 2919 1137 sed
2948 1083 3198 1151 antiquos
3224 1081 3445 1137 lucreti-

168 1175 389 1244 epistolas
427 1174 552 1229 Julii
594 1175 763 1245 Papa:
820 1177 1043 1232 nomine
1072 1174 1140 1229 ab
1175 1174 1563 1240 apollinaristis
1605 1187 1737 1227 cou-
1843 1176 1940 1228 cos‘
1966 1172 2379 1241 apollinaristas.
2409 1192 2427 1225 ›
2451 1172 2585 1226 Tum
2608 1172 2798 1229 iisdem
2825 1173 3095 1229 hmreticis
3125 1174 3451 1228 instantibus

169 1268 293 1321 ﬁctas
316 1282 428 1321 esse
450 1267 725 1335 probavit,
758 1266 977 1323 tandem
1003 1266 1183 1322 subdit
1208 1265 1312 1337 (1),
1337 1266 1589 1336 epistola,
1620 1281 1739 1335 quae
1844 1278 1909 1318 ac
1934 1263 2271 1325 dicentibus,
2311 1283 2328 1314 ι
2364 1263 2660 1320 Possumus
2684 1267 2997 1333 ostendere,
3030 1267 3153 1337 quia
3184 1268 3245 1323 Β.
3274 1266 3453 1337 Cyril-

169 1358 254 1411 sub
278 1358 460 1413 Felicis
488 1358 723 1414 Romani
755 1361 977 1415 nomine
1000 1358 1294 1425 ferebatur,
1317 1376 1475 1413 unam
1500 1368 1741 1435 naturam
1845 1355 1929 1410 lus
1959 1371 2086 1411 usus
2111 1366 2195 1411 est
2217 1356 2335 1411 istis
2364 1358 2684 1413 testimoniis
2709 1358 2762 1412 in
2787 1360 2934 1414 libris
2961 1361 3224 1416 adversus
3261 1361 3454 1416 Diodo-

170 1461 378 1505 tum-tam
404 1449 566 1506 fuisse
595 1460 875 1507 testantur
901 1450 1163 1524 Hypatius
1204 1461 1259 1507 et
1288 1450 1605 1516 Liberatus;
1640 1465 1742 1506 nec
1844 1462 1964 1501 rum
2014 1456 2069 1501 et
2120 1447 2503 1516 Theodorum,
2550 1470 2568 1502 ι
2625 1452 2925 1521 respondet
2974 1452 3118 1507 idem
3152 1454 3449 1526 Hypatius:

171 1544 365 1613 proinde
387 1544 669 1601 dubitandi
703 1546 861 1603 locus
886 1555 1151 1618 superest.
1181 1547 1306 1617 quin
1339 1562 1404 1601 ex
1437 1546 1652 1612 eodem,
1678 1561 1742 1601 ac
1854 1556 1871 1587 τ
1906 1535 2063 1593 Modo
2093 1540 2328 1597 maxime
2353 1552 2408 1597 et
2432 1542 2555 1596 illos
2576 1544 2835 1599 adversus
2868 1543 3159 1600 Diodorum
3193 1558 3248 1601 et
3276 1547 3455 1601 Theo-

171 1648 381 1703 (χρίει-ω,
427 1654 559 1709 quas
605 1640 934 1701 memoravi,
981 1639 1129 1717 [Qnte
1154 1640 1436 1710 prodierit,
1472 1640 1530 1694 si
1562 1651 1740 1694 tamen
1849 1632 2037 1687 dorum
2068 1634 2232 1690 libros
2252 1636 2535 1707 ambiguos
2561 1635 2755 1701 facitis,
2783 1648 3056 1709 tamquam
3083 1640 3238 1694 ﬁctos
3262 1640 3453 1696 adver-

170 1730 235 1783 vir
258 1730 481 1785 eruditus
517 1731 761 1790 laudatis
800 1749 829 1786 a
861 1748 921 1788 se
952 1732 1167 1805 llypatii
1203 1748 1265 1787 ac
1297 1732 1535 1789 Liberali
1562 1732 1741 1788 verbis
1847 1740 1941 1780 SUS
1969 1736 2213 1782 ῐηοΐιηοε
2252 1728 2497 1798 Ρτοιίιῑυε
2525 1729 2794 1797 άῖοειιιθεν
2827 1731 2920 1802 (ιιιί
2952 1747 3057 1786 "0"
3089 1742 3340 1798 ιιοῑυηὶιιι
3371 1750 3460 1789 rc-

172 1836 290 1880 stare
318 1825 570 1891 voluerit,
601 1826 708 1896 ipsi
741 1827 1132 1892 testimonium,
1166 1825 1235 1880 ab
1266 1827 1532 1895 ephesino
1558 1825 1741 1881 conci-
1770 1826 1818 1887 B
1847 1818 2037 1875 fellere
2086 1820 2398 1877 falsitatem.
2435 1823 2493 1879 Si
2523 1824 2666 1880 enim
2697 1824 2961 1879 adversus
2992 1837 3235 1882 mortuos
3266 1828 3459 1897 prolati

173 1916 231 1971 lio
256 1933 312 1972 ac
331 1917 527 1988 Cyrino
555 1919 858 1985 prolatum,
883 1934 982 1989 pro
1007 1919 1243 1989 genuino
1267 1918 1464 1974 Felicis
1494 1918 1624 1974 [ωιιι
1650 1918 1744 1973 ad.
1847 1923 1973 1966 sunt
2000 1952 2016 1977 ,
2052 1913 2223 1968 multo
2269 1915 2440 1983 magis
2486 1916 2747 1971 adversus
2794 1915 3097 1973 Nestorium
3132 1928 3189 1975 et.
3236 1935 3330 1975 eos
3373 1919 3465 1990 qui

174 2010 452 2065 mittendum
503 2012 630 2067 erit.
675 2012 749 2067 Et
778 2012 848 2066 ad
882 2012 1169 2083 Hypatium
1198 2010 1415 2081 quidem
1446 2011 1589 2082 quod
1616 2012 1743 2065 atti—
1848 2015 2036 2058 contra
2066 2006 2301 2074 capitula
2344 2006 2461 2075 ejus
2493 2007 2851 2080 scripserunt,
2885 2012 3130 2080 proferre
3161 2012 3347 2067 habuit
3374 2030 3469 2069 ea-

174 2108 261 2163 net,
305 2100 486 2171 duplex
534 2103 831 2175 distinguit
879 2101 1074 2156 Felicis
1128 2102 1535 2163 testimonium.
1579 2119 1743 2158 unum
1848 2098 1972 2153 dem
2030 2099 2373 2157 testiumuia._
2411 2101 2521 2157 Sed
2576 2118 2719 2159 nunc
2788 2104 3001 2160 videtur
3060 2106 3182 2177 quia
3224 2106 3467 2163 hazretici

174 2192 394 2262 prolatum
421 2210 448 2246 a
472 2192 691 2266 Cyrillo
730 2195 784 2248 in
812 2194 1072 2264 ephesina
1104 2192 1314 2265 synodo
1345 2203 1399 2247 et
1421 2194 1574 2259 alibi,
1607 2194 1743 2249 alte-
1772 2206 1779 2209 '
1851 2191 2110 2246 falsantes
2140 2192 2466 2248 addiderunt
2496 2210 2583 2251 ea.
2618 2214 2637 2248 ›

174 2300 268 2339 rum
292 2302 408 2341 vero
448 2289 516 2341 ab
545 2288 833 2360 acepltalis
865 2290 915 2342 in
942 2288 1160 2356 scriptis
1188 2288 1481 2355 haereticis,
1512 2300 1604 2342 aut
1638 2290 1747 2344 hae—
1924 2282 2209 2338 Liberatus
2242 2300 2370 2339 vero
2416 2286 2649 2354 primum
2684 2288 2825 2345 hanc
2852 2306 2973 2345 eum
3002 2292 3278 2364 acephalis
3305 2296 3471 2351 colla-

172 2378 417 2433 reticormn
466 2395 635 2448 Opera
687 2381 960 2451 corruptis
986 2380 1263 2435 laudatum
1293 2397 1306 2432 :
1343 2392 1453 2434 tum
1488 2380 1593 2435 hoc
1623 2396 1747 2450 pos-
1852 2376 2056 2431 tionem
2084 2392 2207 2447 cap.
2238 2379 2292 2432 9.
2327 2392 2613 2447 memorat,
2644 2396 2707 2435 ac
2734 2383 2928 2439 deinde
2959 2400 3079 2456 cap.
3115 2387 3180 2441 l0
3210 2390 3471 2458 persuin-

176 2478 365 2524 tremum
385 2472 615 2539 rejicere
649 2484 941 2528 contentus
963 2473 1309 2544 utspurium,
1345 2474 1577 2543 primum
1604 2475 1748 2529 ultro
1850 2484 2006 2540 gens.
2057 2485 2178 2539 qua:
2230 2470 2476 2540 proxime
2527 2488 2595 2527 ex
2648 2472 2738 2527 illa
2795 2474 3216 2546 descripsimus,
3252 2480 3470 2535 subdit:

176 2582 225 2622 ac
248 2568 455 2625 libenter
502 2580 562 2626 ut
622 2572 919 2642 genuinum
957 2571 1225 2642 agnoscit.
1268 2570 1442 2626 Verba
1485 2571 1630 2626 illius
1655 2588 1749 2627 ex-

1869 2580 1877 2611 l
1917 2562 2153 2633 Cyrillus
2178 2575 2413 2632 quatttor
2440 2565 2607 2619 libros
2634 2566 2872 2635 scripsit,
2909 2579 3019 2624 tres
3061 2569 3319 2627 adversus
3349 2572 3476 2627 Dio-

177 2661 456 2730 pendamus.
1853 2653 2044 2708 dorum
2072 2663 2128 2709 et
2167 2653 2517 2711 Theodorum
2543 2699 2557 2721 ,
2588 2656 2741 2726 quasi
2769 2671 2956 2714 essent
2994 2660 3309 2717 .Ncstoriaui
3348 2665 3474 2736 dog-

234 2753 424 2827 Hypam
473 2755 833 2827 Εριιεείονωπ
878 2757 1125 2829 Ερίκορί
1155 2767 1203 2811 ει
1244 2756 1473 2813 Liberali
1526 2758 1749 2813 θίασοηί
1853 2744 2013 2799 matis
2053 2755 2305 2800 auctores
2331 2789 2344 2810 ,
2387 2756 2441 2801 et
2467 2748 2630 2802 alium
2664 2748 2729 2803 de
2762 2750 3138 2809 lncarnatione
3167 2756 3388 2822 librum,
3419 2759 3475 2814 in

184 2845 315 2902 Verba
342 2853 399 2903 de
432 2850 618 2905 eodem
646 2852 939 2921 fragmento
983 2866 1226 2919 expensa.
1258 2881 1330 2891 -—
1356 2851 1617 2920 Acepbali
1654 2865 1750 2905 seu

1869 2837 2048 2906 litibus
2096 2839 2447 2895 continentur
2494 2843 2844 2912 antiquorum
2900 2858 3111 2915 patrum
3158 2864 3411 2923 corrupta
3449 2875 3468 2906 ι

178 2939 409 2998 Severiaui
439 2944 492 2998 in
536 2944 878 3009 collatione,
910 2960 1028 3014 quae
1067 2944 1356 2998 Iustiniani
1410 2943 1751 3013 imperatoris

1869 2928 1951 2999 Lita
1982 2938 2137 2984 vetus
2166 2930 2341 2986 codex
2368 2934 2726 2997 corbeieusis,
2760 2937 2849 2989 ubi
2879 2938 2932 2990 in
2963 2941 3189 3008 vulgatis
3213 2946 3477 3001 mendose

174 3035 298 3103 ju-su
346 3039 391 3090 in
435 3041 589 3109 regia
642 3038 777 3093 urbe
820 3053 965 3093 anno
1020 3039 1125 3095 535
1170 3039 1351 3093 habita
1386 3049 1498 3107 est,
1533 3048 1752 3094 sanctos

1869 3021 2193 3094 mcorrupta)
2232 3041 2249 3073 σ
2288 3023 2613 3090 testimonia,
2647 3026 2699 3079 id
2730 3037 2813 3082 est
2840 3028 3036 3085 Fe'it’ia
3064 3032 3246 3103 Papa),
3282 3036 3475 3111 Diony-

177 3128 584 3185 Chalcedonensis
621 3131 840 3187 concilii
871 3140 1052 3200 patres
1088 3132 1534 3202 transgressionis
1562 3142 1751 3200 postu-

1869 3114 1923 3167 sii
1976 3115 2318 3205 Areopagitae
2358 3116 2762 3173 Corinthiorum
2811 3121 3084 3193 episcopi,
3140 3136 3194 3181 et
3224 3128 3473 3202 Gregorii

178 3219 283 3285 lant,
331 3242 348 3272 ι
381 3224 499 3294 quia
564 3223 649 3297 (2)
702 3225 862 3279 beato
902 3224 1102 3296 Cyrillo
1146 3232 1201 3279 et.
1252 3225 1411 3280 beato
1455 3224 1754 3279 Athanasio

1869 3207 2121 3264 mirabilis
2148 3213 2548 3286 θαυματούριγου
2581 3216 2967 3284 cognominati.
2994 3217 3197 3275 COutra
3227 3240 3367 3292 quos
3387 3242 3475 3281 ca-

176 3312 529 3371 Alexandrinae
561 3318 806 3372 civitatis
850 3317 1154 3388 Episcopis,
1188 3317 1368 3373 Felice
1396 3318 1557 3373 etiam
1586 3327 1639 3372 et
1660 3317 1753 3372 Ju-

176 3402 229 3458 lio
253 3404 501 3463 Romana:
531 3408 817 3476 Ecclesize,
866 3409 1131 3481 Gregorio
1172 3412 1302 3481 quin
1332 3412 1493 3465 etiam
1527 3411 1751 3465 mirabi-

176 3492 323 3551 bilium
366 3499 608 3565 factore;
641 3510 698 3555 et
731 3500 987 3571 Dionysio
1030 3503 1352 3573 Areopagita
1399 3519 1559 3558 unam
1592 3510 1753 3557 natu-

176 3604 263 3644 ram
302 3591 390 3648 Dei
424 3592 605 3648 Verbi
638 3592 1063 3649 decernentibus
1113 3607 1234 3664 post
1274 3596 1568 3651 unitionem
1595 3638 1610 3661 ,
1655 3595 1754 3650 hos

177 3697 330 3740 omnes
346 3688 679 3757 transgressi
709 3688 808 3755 illi,
832 3698 958 3759 post
978 3690 1274 3744 unitionem
1292 3698 1756 3758 pmsumpserunt

176 3774 281 3833 duas
299 3790 515 3835 naturas
533 3779 851 3850 praedicare.
886 3800 906 3833 ι
927 3778 1132 3847 Quibus
1148 3781 1441 3851 respondet
1456 3781 1717 3853 Hypatius
1738 3797 1752 3833 :

184 3869 267 3924 «ιιι
292 3881 493 3928 tantum
534 3873 687 3927 falsae
727 3883 858 3929 sunt
898 3873 1153 3944 Epistolas
1194 3875 1308 3929 sive
1347 3874 1755 3930 testiﬁcationes

178 3962 273 4033 illae,
299 3983 422 4037 quas
451 3967 663 4033 dicitis,
697 3979 757 4022 ut
797 3983 974 4037 neque
1003 3984 1163 4023 unam
1196 3985 1261 4022 ex
1291 3969 1399 4022 illis
1426 3968 1620 4024 beatus
1650 3968 1756 4039 Cy-

178 4059 297 4114 rillus
320 4061 557 4117 voluerit
602 4060 917 4127 recordari,
962 4076 1063 4116 nec
1090 4061 1145 4115 in
1177 4059 1467 4130 Epistolis,
1515 4076 1651 4130 quas
1689 4059 1759 4115 ad

177 4148 443 4209 Nestorium
469 4154 703 4224 scripsit,
726 4167 820 4207 aut
836 4153 890 4207 in
915 4154 997 4208 his
1021 4152 1101 4225 (5)
1129 4167 1262 4223 quas
1286 4160 1475 4208 contra
1498 4152 1756 4223 blasphe.

179 4244 406 4317 miasejus
426 4248 651 4317 prorulit
670 4247 1081 4303 testificationes
1095 4246 1149 4301 in
1168 4256 1353 4301 saneta
1368 4246 1577 4317 synodo
1590 4246 1758 4315 ephe-

178 4337 284 4405 sina,
310 4342 527 4409 quando
560 4342 794 4396 maxime
819 4339 1006 4395 debuit
1034 4338 1279 4410 proferre
1299 4354 1414 4405 eas,
1441 4338 1537 4394 sed
1572 4353 1672 4393 nec
1702 4339 1755 4392 in

178 4433 480 4500 expositione
516 4432 805 4488 duodecim
836 4431 1193 4502 capitulorum
1216 4430 1479 4486 adversus
1504 4428 1757 4485 Theodo-

179 4530 318 4577 retum
343 4534 401 4578 et
442 4524 789 4580 Andream...
824 4523 920 4579 sed
963 4538 1063 4579 nec
1092 4525 1354 4578 adversus
1380 4522 1643 4578 orientale
1673 4520 1754 4595 (4)

1861 3303 2045 3358 tholici
2080 3304 2319 3359 veritatis
2364 3304 2680 3362 defensores
2727 3308 2803 3363 sic
2852 3311 3126 3381 acepltalis
3168 3320 3471 3387 responde-

1860 3406 2017 3461 runt,
2050 3397 2169 3451 illos
2197 3396 2367 3451 libros
2399 3413 2507 3451 non
2539 3413 2661 3454 esse
2690 3400 2908 3471 Cyrilli,
2942 3407 3195 3474 quoniam
3231 3410 3478 3467 testimo~

1860 3488 1983 3554 niis,
2012 3504 2132 3558 qua:
2151 3491 2203 3543 in
2227 3490 2306 3571 eis
2329 3502 2517 3545 contra
2565 3505 2813 3551 mortuos
2833 3499 3078 3567 posuisse
3104 3501 3317 3569 dicitur,
3343 3520 3446 3561 con
3463 3537 3478 3549 ο

1862 3591 1942 3634 tra
1996 3581 2263 3637 viventem
2321 3582 2628 3639 Nestorium
2683 3603 2788 3641 non
2840 3599 2924 3644 est
2984 3607 3134 3659 usus,
3195 3612 3371 3664 neque
3417 3598 3475 3655 in

1861 3678 2129 3749 aliquibus
2157 3680 2432 3749 Epistolis.
2470 3681 2623 3738 Unde
2653 3683 2836 3738 dicunt
2857 3687 2976 3741 illos
3004 3689 3167 3745 libros
3214 3708 3314 3749 nec
3359 3694 3475 3751 dic-

1862 3781 2006 3826 tasse
2035 3771 2317 3844 Cyrillum,
2360 3789 2459 3829 nec
2486 3774 2778 3831 edidisse.)
2818 3778 2949 3832 Cum
2974 3780 3137 3851 igitur
3161 3783 3473 3843 Liberatum

1862 3878 1925 3916 ex
1959 3862 2171 3934 Hypatii
2203 3866 2470 3919 sententia
2497 3867 2643 3939 loqui
2668 3867 3014 3924 manifestum
3043 3874 3133 3941 sit,
3167 3892 3331 3932 unum
3348 3894 3475 3935 ceu-

1862 3956 1968 4011 seri
1998 3956 2161 4012 debet
2186 3956 2463 4027 utriusque
2499 3960 2887 4016 testiinonium.
2922 3962 3002 4017 Ex
3033 3981 3139 4034 quo
3166 3968 3471 4039 coniicitur,

1862 4047 2024 4102 unius
2063 4048 2413 4119 ejusdemque
2452 4049 2649 4104 Felicis
2693 4054 2912 4110 nomine
2956 4071 3078 4111 cum
3119 4061 3360 4129 geminas
3406 4079 3472 4119 ac

1863 4144 2135 4210 sinceras,
2174 4156 2283 4198 tum
2316 4144 2480 4199 falsas
2509 4155 2601 4200 aut
2640 4147 2971 4208 adulteratas
3000 4154 3301 4225 divulgatas
3328 4159 3469 4216 litte—

1862 4252 1986 4290 ras:
2020 4248 2074 4291 et
2102 4237 2362 4306 genuinas
2391 4238 2607 4308 quidem
2650 4241 2701 4295 in
2734 4243 2994 4311 ephesino
3023 4248 3272 4313 concilio,
3308 4251 3469 4310 falsas

1863 4340 2044 4384 autem
2087 4345 2181 4384 seu
2208 4342 2492 4402 corruptas
2522 4333 2591 4388 ab
2620 4335 2892 4404 acephalis
2921 4339 3085 4396 fuisse
3116 4342 3376 4400 laudatas.

1940 4423 2066 4479 Utut
2094 4426 2148 4478 in
2175 4425 2389 4479 dubium
2434 4430 2658 4482 revocari
2700 4432 2861 4499 possit
2911 4434 3021 4496 eius
3047 4435 3334 4508 integritas.
3369 4442 3469 4498 Ca—

1864 4518 2053 4572 tholica
2079 4529 2245 4573 tamen
2266 4530 2340 4573 est
2370 4522 2641 4577 sententia.
2676 4523 2856 4579 Omnis
2881 4542 2996 4582 vero
3012 4529 3261 4589 dubitatio
3289 4553 3354 4591 ea:
3375 4554 3462 4592 ve-

178 4617 457 4674 concilium.
498 4637 518 4671 ι
553 4618 692 4673 Tum
749 4617 1182 4673 testimoniorum
1209 4632 1238 4670 a
1270 4616 1471 4688 Cyrillo
1498 4616 1757 4685 ephesina
1787 4623 1837 4685 D
1866 4622 2024 4666 terum
2072 4614 2379 4666 auctoritate
2423 4616 2646 4669 sublata.
2676 4648 2747 4658 —
2777 4619 2905 4675 lude
2938 4632 3115 4680 tamen
3145 4631 3350 4686 moveri
3376 4648 3466 4689 me

177 4706 219 4762 in
242 4712 438 4783 synodo
469 4713 826 4783 prolatorum,
860 4711 1287 4781 nominatimque
1314 4709 1508 4766 Felicis
1533 4711 1758 4766 sinceri-

180 4812 312 4860 tatem
357 4815 575 4872 tuetur,
622 4817 785 4878 atque
825 4805 911 4859 his
939 4806 1164 4876 opponit
1204 4806 1260 4860 in
1297 4803 1442 4859 hunc
1493 4804 1754 4859 modum:

186 4894 298 4951 «Sed
323 4910 374 4953 et
403 4898 508 4955 hoc
535 4898 789 4959 dicimus,
814 4896 939 4967 quia
968 4895 1255 4952 duodecim
1270 4895 1631 4966 gloriosornm
1662 4911 1759 4967 pa-

181 4995 294 5042 trum
338 4991 647 5051 testimonia
693 4990 959 5045 adversus
1010 4988 1244 5044 Nestozii
1291 4988 1656 5058 blasphemias
1705 4989 1758 5044 in

180 5078 364 5150 Epheso
393 5085 452 5138 Β.
478 5083 716 5157 Cyr-illus
742 5082 1027 5152 proferens
1044 5126 1059 5148 ,
1086 5083 1140 5138 id
1170 5092 1255 5138 est
1279 5083 1451 5139 sancti
1470 5083 1614 5138 Petri
1643 5082 1761 5153 epi-

182 5177 301 5246 scopi
325 5178 663 5235 alexandrini
693 5188 751 5233 et
770 5177 1024 5248 martyris
1049 5219 1064 5244 ,
1096 5177 1271 5231 sancti
1296 5175 1493 5232 Felicis
1521 5178 1761 5246 episcopi

183 5272 357 5326 romani
396 5280 450 5329 et
476 5272 756 5356 martyris,
785 5270 1043 5343 Cypriani
1072 5271 1311 5341 episcopi
1332 5272 1760 5341 cmthagiueusis

183 5369 228 5414 et
259 5366 495 5437 martyris
519 5409 534 5434 ,
567 5365 630 5421 Β.
664 5362 950 5421 Athanasii
979 5373 1033 5418 et
1061 5363 1122 5419 Β.
1155 5362 1440 5434 Theophili
1481 5364 1761 5434 episcopo-

242 5482 306 5627 ξιξ
337 5484 407 5541 Le
430 5485 623 5555 Quien.
658 5484 948 5540 Dissertat.
980 5482 1292 5550 Damasen.,
1328 5500 1386 5544 η,
1420 5484 1449 5556 §
1482 5501 1575 5541 vn.

260 5556 287 5608 2
334 5558 517 5622 Lahm,
562 5558 795 5623 ConciL,
849 5566 981 5610 tom.
1030 5572 1116 5615 IV.
1154 5563 1284 5627 ‘pag.
1322 5556 1495 5621 i766,
1529 5568 1575 5612 et

260 5556 517 5629 2)7L:tblt.,
562 5558 795 5623 Concil.,
849 5566 981 5610 tom.
1030 5572 1116 5615 IV,
1154 5563 1284 5627 ‘pag.
1322 5556 1495 5629 i766,
1529 5568 1585 5612 et.
1617 5558 1758 5629 apud

190 5621 339 5697 lanii,
367 5621 571 5687 Called.
607 5621 845 5694 Cone-51.,
880 5637 1013 5682 tom.
1042 5621 1313 5697 vmjpsg.
1343 5628 1469 5684 820.

340 5700 408 5755 ita
436 5703 700 5776 intellige,
749 5698 912 5773 quasi
958 5716 1086 5755 mox
1125 5695 1394 5771 legeretur
1447 5701 1761 5771 testiﬁcatio-

221 5785 229 5820 ι
306 5813 317 5825 .

193 5784 317 5919 ’,ἴδ’
333 5845 433 5906 Hoc
461 5849 622 5907 estin
649 5844 997 5923 Apotogetico
1019 5842 1283 5901 adversus
1307 5841 1628 5903 Orientales.

1863 4704 2056 4773 fateor,
2090 4722 2157 4761 ne
2186 4707 2385 4763 Felicis
2410 4712 2695 4779 epistolam
2725 4716 2886 4771 etiam
2918 4718 2968 4774 in
2997 4723 3256 4792 ephesino
3283 4732 3467 4785 conci-

1862 4797 1958 4895 lio,
1978 4802 2586 4895 etaCyrillolaudatam
2610 4809 3011 4876 proiudubitata
3040 4815 3289 4886 habeam,
3318 4826 3463 4895 quod

1862 4891 2096 4964 Cyrillus
2120 4895 2171 4948 in
2202 4897 2427 4966 epistola
2459 4900 2524 4955 ad
2557 4901 2881 4960 Successum
2922 4918 2978 4964 et
2999 4911 3123 4967 alibi
3151 4931 3307 4971 unam
3329 4891 3465 4976 uerbi

1864 4999 2102 5043 natumut
2132 4990 2457 5046 incarnatam
2495 4997 2830 5064 proliteaIUr.
2863 5000 3048 5073 Neque
3074 5008 3216 5062 enim
3247 5010 3465 5071 aliunde

1865 5080 1931 5134 ad
1976 5080 2283 5152 hujus-modi
2329 5084 2717 5154 professionem
2773 5091 3036 5151 adductus
3075 5098 3307 5169 videtur,
3360 5109 3463 5164 nisi

1863 5175 2003 5242 quod
2032 5177 2255 5245 scripta,
2271 5193 2391 5246 qua:
2412 5180 2799 5249 apollinaristze
2814 5186 3083 5246 clarorum
3105 5195 3345 5254 virorum
3363 5218 3461 5257 no-

1865 5266 2098 5321 minibus
2128 5267 2502 5325 coniinxerant
2532 5315 2545 5335 ,
2577 5290 2762 5330 eorum
2796 5280 3127 5339 existimavit
3154 5303 3275 5344 esse
3319 5308 3459 5361 quo-

1862 5371 1982 5410 rum
2037 5360 2253 5413 nomina
2303 5375 2494 5429 praese
2534 5363 2756 5422 ferrent.
2793 5368 2927 5426 Hinc
2978 5384 3031 5428 et
3080 5360 3368 5436 Flavianus
3404 5386 3460 5441 in

1864 5450 2228 5519 confessione,
2259 5470 2421 5525 quam
2452 5457 2518 5511 ad
2552 5458 2914 5518 Theodosium
2943 5467 3319 5538 imperatorem
3352 5479 3457 5532 mi-

1862 5547 1931 5600 sit
1962 5564 1975 5600 :
2015 5565 2033 5597 ‹
2068 5546 2242 5603 Unum
2284 5550 2523 5619 quidem,
2554 5554 2725 5624 inquit
2758 5556 2855 5630 (1),
2882 5563 3029 5616 verbi
3062 5566 3151 5619 Dei
3187 5580 3451 5639 naturam,

1860 5636 2194 5704 incantatam
2227 5649 2404 5696 tamen
2442 5656 2496 5698 et
2528 5646 2929 5705 iuhutnauatant
2952 5695 2967 5719 ,
3014 5655 3191 5712 dicere
3223 5676 3326 5715 non
3356 5636 3454 5720 ne;

1860 5746 2069 5803 gamus,
2102 5751 2167 5790 eo
2196 5737 2337 5806 quod
2366 5753 2436 5792 ex
2462 5740 2721 5798 ambabus
2751 5760 2887 5801 unus
2902 5730 3068 5818 atque
3089 5750 3229 5805 idem
3256 5756 3325 5809 sit
3352 5758 3452 5813 Do-

1933 5844 2012 5915 (l)
2035 5845 2256 5906 Calced.
2279 5850 2513 5921 Concil.,
2544 5865 2681 5926 part.
2715 5872 2832 5928 cap.
2865 5874 2913 5924 ν,
2941 5867 2994 5914 et
3021 5859 3230 5919 liberat.
3253 5868 3449 5936 capit.
