3950 6350
463 323 487 377 1
498 322 566 378 45

1795 319 1852 375 S.
1899 314 2164 374 FELICIS
2204 315 2405 372 PAPzE

3654 312 3757 370 Ml

460 440 636 495 minus
668 445 853 495 noster
872 434 1030 493 Iesus
1060 433 1324 491 Christus.
1365 452 1383 486 ι
1422 434 1554 491 Utut
1577 442 1693 500 est,
1724 434 1769 489 si
1811 433 2049 489 hmretici
2078 432 2133 492 Α
2159 432 2331 487 meuis
2346 430 2459 486 suis
2481 443 2602 500 cap.
2629 430 2727 496 is,
2761 434 2891 484 tom.
2910 441 2991 482 tu.
3020 423 3376 484 Biblimheca:
3395 432 3636 484 veterum
3659 428 3759 484 Pa-

457 541 542 587 est
570 530 923 602 fragmentum
955 527 1087 584 illud
1115 527 1310 583 Frlicis
1336 529 1552 584 nomine
1576 527 1912 597 inscriptum,
1934 527 2051 598 ejus

456 636 562 691 est,
593 626 823 697 quicum
853 623 1150 681 catholicus
1171 622 1338 679 videri
1371 621 1603 687 aﬁ'ectet,
1631 636 1757 676 suas
1777 621 1845 676 ab
1868 620 2053 676 ortho-

454 720 594 775 doxa
627 719 731 775 ﬁde
760 733 920 776 voces
945 725 1242 772 mutuatur.
1274 714 1407 769 Illud
1438 724 1587 770 certe
1634 730 1755 769 cum
1814 713 2051 785 Cyl-illus

454 824 511 869 et
559 810 816 883 ephesina
862 810 1099 883 synodus
1155 805 1495 863 sanctissimo
1550 821 1683 877 papa
1732 816 1785 860 et
1812 815 2051 877 martyre

453 905 634 960 Felice
684 920 790 959 non
829 900 1408 974 indignumjudicarint
1436 941 1451 961 ,
1491 910 1653 969 atque
1703 908 1760 953 ut
1804 898 2046 969 ejusdem

452 997 651 1053 deinde
675 997 873 1054 Marius
900 994 1197 1062 Mercator,
1233 993 1548 1049 Vincentius
1579 992 1879 1048 Lirinensis
1904 1034 1919 1054 ,
1950 992 2046 1046 lli-

451 1092 628 1163 patius
673 1090 1026 1162 Ephesiorum
1074 1089 1380 1159 episcopus.
1432 1086 1634 1155 aliique
1672 1085 2049 1143 catholiciad-

448 1184 728 1247 miserint,
765 1182 1017 1254 quamdiu
1045 1179 1192 1236 aliud
1222 1196 1327 1234 non
1353 1178 1646 1241 constabit,
1674 1176 1923 1247 religioni
1949 1192 2044 1231 no-

448 1276 530 1331 bis
568 1285 651 1332 est
694 1276 821 1332 hinc
865 1275 993 1329 illud
1032 1273 1371 1329 submovere.
1408 1271 1554 1327 Sane
1587 1280 1643 1325 ut
1680 1271 2041 1325 orthodoxam

445 1371 673 1440 quisque
720 1368 961 1440 proferre
994 1375 1109 1421 tuto
1137 1366 1337 1429 valeat,
1369 1364 1514 1436 quod
1546 1373 1691 1419 tanta
1721 1363 2044 1418 auctoritate

445 1465 681 1521 fulcitur.

535 1558 674 1623 Quin
702 1566 749 1611 et
774 1572 837 1612 ea:
858 1554 1035 1609 eodem
1064 1557 1353 1625 fragmento
1366 1550 1682 1623 Apollinaris
1704 1549 1911 1605 lowresi:
1930 1564 2047 1619 pro-

439 1651 668 1722 ﬂigalttr.
700 1646 1115 1716 ——Apollinaris
1146 1646 1368 1700 haeresis
1390 1686 1407 1709 ,
1438 1660 1559 1715 qua:
1583 1658 1781 1713 corpus
1804 1642 2042 1696 hominis

2158 534 2296 579 trum
2327 523 2572 580 inseruit.

2226 619 2363 676 Tres
2393 618 2566 673 adhuc
2594 617 2758 674 Felici
2784 618 2805 673 l
2827 619 3170 690 assignantur
3196 619 3439 690 epistola:
3466 635 3495 675 a
3528 620 3761 690 pseudo-

2153 712 2380 769 lsidoro.
2432 712 2612 766 Prima
2667 712 2733 768 ad
2763 712 3054 769 Paternum
3086 714 3401 785 episcopum
3451 730 3551 771 sex
3583 716 3758 787 capita

2154 804 2435 860 continet:
2473 805 2533 859 1ο
2564 805 2718 874 Quod
2765 804 3005 863 fautores
3036 806 3376 863 inimicorum
3417 810 3487 864 ab
3528 823 3759 864 accusa-

2158 899 2302 952 tione
2327 897 2627 969 episcopali
2659 899 3101 955 submoveantur.
3136 899 3199 954 2°
3230 899 3310 956 Ne
3338 901 3572 971 majores
3593 919 3623 959 a
3653 903 3759 957 mi-

2151 1004 2341 1044 norum
2365 990 2799 1048 accusationibus
2828 995 3175 1063 impetantur.
3208 994 3272 1049 3°
3318 993 3396 1050 Ne
3427 996 3479 1049 in
3512 1011 3571 1051 re
3594 996 3759 1051 dubia

2151 1098 2255 1137 non
2268 1082 2693 1152 judiceturcerta
2708 1085 2996 1141 sententia.
3015 1085 3154 1143 4°Ut
3167 1086 3352 1143 clerici
3372 1102 3497 1142 suas
3515 1088 3760 1144 actiones

2148 1187 2462 1233 exerceant.
2527 1178 2591 1234 5°
2652 1178 2938 1246 Quomodo
3003 1179 3260 1249 primates
3316 1180 3369 1233 in
3442 1192 3758 1236 accusatum

2148 1270 2463 1341 episcOpum
2491 1286 2551 1327 se
2569 1286 2760 1343 gerere
2787 1272 3042 1328 debeant.
3064 1270 3127 1325 6°
3149 1271 3369 1328 Iudices
3397 1273 3659 1328 Ecclesia:
3690 1288 3759 1328 ne

2148 1363 2373 1419 absente
2403 1379 2491 1432 eo,
2519 1368 2676 1434 cujus
2726 1379 2887 1420 causa
2918 1365 3230 1429 ventilatur,
3275 1366 3598 1421 sententiam
3633 1381 3759 1437 pro-

2150 1453 2342 1510 ferant.
2374 1454 2506 1510 Data
2548 1464 2634 1510 est
2661 1455 2819 1510 nonis
2844 1454 2983 1525 junii
3020 1453 3249 1510 Claudio
3275 1464 3332 1510 et
3354 1456 3650 1511 Aureliano
3678 1457 3761 1511 vi.

2147 1548 2223 1603 ris
2255 1548 2464 1605 clariss.
2503 1563 2646 1604 coss.
2676 1579 2747 1589 —-
2769 1548 3017 1606 Secunda
3046 1549 3299 1619 epistola,
3331 1548 3401 1605 de
3432 1549 3759 1606 auctoritate

2145 1643 2291 1699 sedis
2315 1644 2653 1713 apostolicae,
2687 1654 2742 1700 et
2779 1644 2848 1700 de
2874 1645 3143 1717 episcrpis
3172 1648 3458 1708 accusatis.
3484 1646 3759 1702 universis

436 1743 616 1796 anima
661 1740 745 1795 vel
786 1747 969 1794 mente
1008 1737 1324 1793 destitutum
1351 1736 1595 1805 adeoque
1634 1733 1907 1789 hominem
1939 1734 2038 1788 i'li-
2065 1779 2115 1841 Β
2147 1755 2241 1809 per
2270 1738 2472 1794 Gallias
2497 1737 2769 1809 episcopis
2789 1738 3101 1795 censtitutis
3131 1739 3292 1793 misSa
3318 1749 3424 1795 est.
3453 1740 3584 1795 Data
3615 1750 3697 1794 est
3722 1754 3757 1791 ν

434 1834 733 1905 perfectum
760 1849 791 1887 a
822 1831 1039 1887 Christo
1068 1834 1404 1901 assump‘tum
1450 1830 1695 1894 volebat,
1748 1829 2037 1899 postremis

433 1926 594 1996 lmjus
616 1926 794 1981 verbis
826 1923 1161 1994 proﬂigatur.
1190 1922 1458 1989 Quocirca
1489 1921 1572 1976 vel
1594 1920 1721 1975 hinc
1749 1921 1988 1991 suspicio
2015 1964 2032 1986 ,

432 2034 505 2073 ne
534 2017 674 2072 forte
702 2017 831 2070 illud
856 2014 1243 2083 apolliuarista:
1271 2012 1501 2084 alicujus
1515 2014 1788 2083 opiﬁcium
1814 2014 1903 2081 sit,
1920 2030 2036 2068 om-

432 2110 564 2164 nino
614 2118 1019 2173 removeretur,
1064 2109 1108 2162 si
1157 2109 1535 2164 lizereticorum
1570 2108 1785 2162 illorum
1806 2120 1953 2163 artes
1970 2125 2034 2164 ac

428 2202 649 2257 fraudes
678 2202 927 2256 laterent.
959 2201 1064 2256 Sed
1094 2213 1151 2256 ut
1177 2202 1411 2269 prudens
1445 2197 1757 2257 observavit
1783 2203 2031 2257 laudatus

428 2295 655 2351 Michael
686 2294 1030 2365 Lequienius,
1057 2304 1112 2350 et
1136 2293 1471 2366 Epiphanius
1502 2293 1580 2365 (ι)
1603 2297 1878 2350 memoriae
1908 2311 2032 2365 pro-

425 2388 602 2452 didit,
654 2388 949 2455 przedicare
995 2402 1103 2441 non
1153 2386 1420 2441 dubitavit
1471 2385 1663 2440 Vitalis
1714 2386 2029 2456 Apollinarii

424 2480 743 2552 discipulus,
771 2482 975 2533 omnino
999 2482 1255 2551 perfectus
1286 2481 1438 2533 homo
1464 2479 1703 2532 Christus
1731 2480 1896 2532 extitit
1914 2520 1930 2544 ,
1964 2493 2029 2533 ac

426 2578 777 2633 nihilominus
826 2585 1064 2630 mentem
1091 2589 1121 2627 a
1158 2574 1375 2629 Christo
1402 2582 1706 2644 susceptam
1736 2588 1855 2628 esse
1886 2572 2028 2628 haud

424 2681 741 2728 cunctanter
767 2672 996 2741 negavit.
1022 2669 1175 2737 Quod
1205 2684 1315 2740 quo
1357 2679 1514 2739 pacto
1554 2678 1905 2739 componeret
1935 2685 2025 2724 ro-

427 2778 603 2839 gatus,
663 2764 945 2836 resipondit
993 2784 1006 2818 :
1052 2782 1071 2816 ι
1106 2762 1345 2819 Eatenus
1401 2762 1696 2833 perfectum
1751 2763 2026 2818 hominem

427 2860 595 2917 fuisse
621 2859 871 2921 dicimus,
897 2859 941 2913 si
967 2857 1311 2914 divinitatem
1340 2859 1417 2914 illi
1448 2858 1569 2914 loco
1596 2860 1793 2915 mentis
1818 2860 2025 2915 adscri-

424 2958 641 3014 bamus.
668 2965 725 3010 et
747 2970 968 3011 carnem
991 2966 1154 3024 atque
1175 2957 1411 3010 animam
1442 2956 1798 3027 adjungamus
1837 2961 1933 3023 sic,
1973 2970 2033 3013 ut

425 3050 700 3121 perfectus
722 3047 886 3103 homo
906 3064 970 3103 ex
994 3062 1179 3113 carne,
1206 3048 1383 3102 anima
1413 3063 1467 3103 et
1493 3048 1796 3112 divinitate.
1822 3066 1943 3121 qua:
1962 3052 2033 3105 sit

2142 1831 2262 1887 idus
2308 1831 2536 1902 Augusti
2580 1830 2805 1886 Claudio
2852 1840 2907 1887 et
2943 1831 3178 1887 Paterno
3206 1832 3339 1887 viris
3362 1832 3575 1889 clariss.
3604 1848 3753 1890 coss.

2140 1923 2323 1979 Tertia
2355 1924 2590 1994 denique
2626 1924 2851 1994 epistola
2869 1923 2934 1977 ad
2968 1923 3264 1995 Beniguum
3294 1924 3611 1996 episcopum
3640 1925 3754 1980 duo

2138 2018 2537 2088 complectitur.
2575 2019 2800 2072 Damnat
2840 2029 2895 2072 et
2935 2033 3068 2085 eos,
3113 2018 3204 2089 qui
3238 2018 3407 2074 ﬁlium
3430 2035 3537 2076 nou
3564 2019 3755 2076 videre

2138 2110 2352 2165 Patrem
2374 2112 2731 2179 contendunt,
2759 2120 2815 2166 et
2840 2111 2961 2165 illos
2982 2113 3071 2181 qui
3102 2110 3376 2168 afﬁrmant
3406 2112 3604 2168 Filium
3625 2127 3754 2170 esse

2138 2204 2295 2260 Patre
2323 2206 2585 2262 minorem
2612 2224 2625 2259 :
2662 2206 2793 2259 Data
2825 2205 2981 2260 nouis
3004 2204 3286 2262 Februarii
3312 2207 3542 2263 Claudio
3563 2219 3621 2264 et
3647 2207 3752 2263 Pa-

2137 2307 2292 2352 terno
2320 2298 2453 2353 viris
2496 2298 2708 2355 clariss.
2759 2312 2903 2354 coss.
2952 2301 3023 2353 At
3058 2299 3254 2354 frustra
3286 2300 3575 2355 subdolum
3626 2309 3748 2357 rete

2132 2405 2289 2445 suum
2317 2390 2559 2448 larvatus
2588 2393 2679 2448 ille
2704 2391 2859 2448 Felix
2888 2392 3061 2449 tendit
3102 2392 3350 2450 eruditis.
3383 2394 3584 2450 Prima:
3611 2395 3750 2467 Epi-

2133 2486 2289 2538 stula:
2311 2483 2594 2541 falsissima
2617 2495 2701 2541 est
2726 2487 3072 2556 subscriptio.
3103 2487 3339 2544 Sedente
3365 2488 3543 2545 Felice
3560 2490 3749 2546 nullus

2131 2573 2338 2631 Claudii
2379 2586 2431 2632 et
2473 2577 2749 2633 Aureliani
2782 2578 3115 2634 consulatus.
3163 2578 3374 2633 Initium
3402 2579 3506 2636 hoc
3533 2583 3744 2653 episto-

2137 2668 2222 2732 ‘aa,
2269 2668 2504 2739 gaudere
2558 2684 2645 2725 me
2692 2669 2978 2739 plurimum
3006 2680 3061 2725 et
3085 2670 3331 2727 exultare
3377 2671 3430 2726 in
3460 2671 3694 2729 Domino
3726 2716 3745 2742 ,

2135 2762 2408 2833 verbaque
2438 2764 2715 2835 sequentia
2740 2763 2878 2819 bene
2908 2764 3072 2818 multa
3099 2773 3285 2820 extant
3315 2763 3514 2821 Leonis
3540 2768 3593 2822 in
3621 2768 3743 2839 epi-

2133 2860 2270 2915 stola
2294 2875 2443 2914 xxxt.
2479 2858 2728 2915 Secunda
2772 2858 3097 2929 subscriptio
3127 2870 3485 2917 veteratorem
3536 2861 3747 2932 prodit.

2137 2951 2256 3005 Vita
2281 2953 2333 3005 in
2360 2952 2616 3024 Dionysio
2643 2951 2955 3006 morabatur
2986 2951 3167 3007 idibus
3195 2954 3403 3022 augusti
3431 2952 3664 3010 Claudio
3689 2964 3748 3011 et

2135 3045 2369 3100 Paterno
2393 3059 2533 3100 coss.
2564 3044 2667 3114 Qui
2692 3044 2850 3100 Felix
2876 3059 3009 3117 ergo
3032 3061 3106 3101 eo
3136 3055 3406 3118 tempore,
3439 3047 3744 3104 Galliarum

428 3143 627 3199 mentis
681 3142 849 3195 instar
873 3185 887 3208 ,
924 3141 1144 3195 cxistat.
1190 3160 1208 3193 ι
1240 3140 1441 3197 Verum
1471 3143 1731 3198 mentitur
1775 3144 2028 3215 iniquitas
2055 3122 2102 3186 (ἶ
2134 3137 2404 3208 episcopis
2426 3178 2443 3201 ,
2487 3138 2815 3195 decretalem
2850 3140 3067 3195 mittere
3102 3155 3254 3195 suam
3287 3141 3745 3211 potuit?lnitium

424 3236 549 3291 sibi.
573 3235 743 3304 Quem
781 3236 924 3290 enim
956 3234 1152 3306 potiori
1182 3234 1417 3290 hominis
1455 3249 1608 3307 parte
1633 3239 1877 3294 caruisse
1902 3255 2030 3294 cen-

424 3340 508 3385 set
528 3370 543 3395 ,
594 3329 865 3385 hominem
894 3328 1190 3398 perfectum
1214 3343 1320 3382 non
1351 3329 1452 3383 nisi
1482 3345 1576 3399 per
1608 3328 2027 3386 ludilicationem

426 3421 681 3490 appellat.
719 3418 993 3475 Hactenus
1019 3417 1361 3475 Coutantius.

496 3514 650 3570 Utiin
679 3513 889 3571 caeteris
917 3523 1158 3569 veterum
1188 3528 1533 3569 romanorum
1566 3516 1879 3585 pontiﬁcum
1916 3519 2029 3582 epi-

420 3611 576 3667 stolis
596 3609 818 3665 edendis
846 3609 1191 3662 Coutantium
1221 3616 1438 3663 secutus
1466 3618 1549 3664 est
1578 3610 1921 3677 Gallandius;
1957 3613 2026 3667 ita

424 3705 584 3773 hujus
609 3702 808 3773 pariter
839 3700 1123 3771 fragmenti
1156 3699 1415 3755 Feliciani
1459 3702 1755 3758 editionem
1794 3705 2029 3759 adorna-

425 3797 505 3850 vit
550 3794 616 3849 ad
659 3793 937 3863 exemplar
983 3791 1400 3847 Coutantiannm
1429 3810 1444 3857 ;
1477 3795 1719 3864 ejusdem
1754 3796 2024 3852 (loutantii

419 3887 683 3958 judicium
715 3887 782 3942 de
810 3886 913 3941 hoc
944 3884 1268 3955 fragmento,
1303 3895 1465 3957 atque
1494 3889 1755 3945 vindicias
1776 3891 2027 3963 prolego-

499 3982 580 4053 (l)
608 3981 899 4052 Epiphan.,
935 3979 1140 4035 Haeres.
1175 3995 1387 4044 1.xxvtt,
1413 3979 1548 4049 §25.

2130 3247 2345 3304 quoque
2364 3232 2623 3288 decretali
2654 3232 2941 3289 fmueravit
2964 3232 3076 3289 Leo
3092 3233 3321 3303 epistola
3357 3250 3525 3290 χχιιι.
3558 3235 3746 3291 Bono-

2131 3342 2252 3381 rum
2290 3340 2515 3390 0pcrum
2546 3338 2601 3381 et
2631 3326 3019 3396 spiritualium,
3050 3336 3159 3382 etc.
3191 3325 3302 3383 Nec
3332 3343 3440 3383 uno
3465 3330 3570 3383 hoc
3596 3326 3745 3383 furto

2130 3432 2419 3477 contentus
2448 3419 2698 3476 subditus
2730 3420 2819 3476 ille
2846 3420 2997 3476 Felix
3022 3463 3037 3487 ,
3091 3437 3156 3477 ex
3186 3420 3333 3477 Petri
3359 3422 3603 3492 episcopi
3640 3421 3742 3477 Ba-

2132 3516 2381 3570 vennatis
2438 3514 2503 3569 ad
2532 3513 2832 3586 Eutychem
2864 3514 3239 3585 presbyterum
3268 3514 3510 3583 Epistula
3569 3514 3743 3570 verba

2132 3610 2451 3678 desumpsit.
2503 3608 2829 3677 Inspiciatur
2880 3606 3196 3662 Bibliotheca
3242 3624 3429 3680 magna
3476 3605 3693 3662 Patrum
3720 3648 3738 3671 ,

2133 3713 2239 3757 tom
2262 3718 2359 3767 vn,
2401 3716 2451 3770 p.
2487 3700 2615 3767 979,
2662 3711 2717 3755 et
2747 3698 2939 3764 Mansi,
2968 3699 3141 3770 Ampi.
3176 3700 3375 3754 collect.
3425 3699 3742 3765 concilior.,

2128 3805 2264 3851 tom.
2287 3812 2325 3859 ι,
2360 3810 2479 3866 pag.
2512 3793 2898 3849 1105-1114.
2945 3792 3054 3849 llas
3073 3791 3316 3849 Felicis]
3358 3792 3621 3864 epistolas
3644 3792 3746 3848 fal-

2127 3893 2304 3946 sitatis
2331 3889 2609 3946 convictas
2633 3876 2856 3943 exhibet
2877 3887 3042 3943 etiam
3076 3885 3387 3942 Bloudellus
3419 3887 3472 3940 in
3496 3884 3747 3943 Pseudo-

2128 3986 2356 4048 lsidoro.
2377 4001 2500 4057 pag.
2527 3984 2634 4040 555
2664 3995 2719 4039 et
2743 3997 2862 4055 seq.

1423 4170 2744 4286 PMGMENTUM

508 4352 695 4408 Felicis
724 4348 1045 4405 sanctissimi
1069 4348 1307 4418 episcopi
1348 4346 1533 4401 Romae
1577 4357 1630 4401 et
1659 4347 1911 4417 martyris
1962 4363 2027 4401 cx

430 4448 652 4518 cpistola
684 4444 750 4499 ad
779 4444 1069 4498 Maximum
1101 4442 1409 4510 cpiscopqu
1441 4449 1495 4495 et
1522 4439 1728 4494 clerum
1786 4440 2027 4493 Alexan-

431 4542 668 4596 drinum.

502 4660 577 4714 De
618 4655 773 4710 Verbi
807 4663 985 4708 autem
1016 4652 1379 4706 incarnatione
1407 4661 1461 4705 et
1516 4650 1639 4715 ﬁde,
1672 4652 1944 4706 credimus
1974 4651 2025 4704 in

2132 4351 2335 4410 Φήλικος
2354 4390 2369 4415 ,
2396 4356 2488 4405 τοῦ
2519 4348 2807 4423 ἂγιωτάτου
2838 4350 3126 4405 ἐπισκόπου
3148 4347 3339 4422 Ῥώμης
3360 4352 3445 4405 καὶ
3469 4352 3745 4428 μάρτυρος

2204 4448 2260 4497 ἐκ
2303 4454 2396 4505 τῆς
2419 4446 2555 4521 ,πρὸς
2581 4446 2827 4516 Μάξιμον.
2860 4446 2947 4498 τὸν
2978 4445 3259 4498 ἐπίσκοπον
3298 4448 3386 4499 καὶ
3429 4446 3516 4500 τὸν
3554 4445 3745 4517 κλῆρον

2204 4537 2572 4614 Ἀλεξανδρείας
2598 4538 2894 4600 ἐπιστολῆς.

2205 4656 2322 4728 Περὶ
2349 4650 2401 4707 δὲ
2431 4663 2521 4714 τῆς
2549 4658 2864 4732 σαρκώσεως
2890 4663 2984 4710 τοῦ
3012 4657 3180 4729 Λόγου
3239 4662 3325 4711 καὶ
3350 4667 3441 4717 τῆς
3481 4658 3740 4723 πίστεως,

428 4751 711 4805 Dominum
742 4757 981 4802 nostrum
1015 4746 1197 4800 Jesum
1227 4744 1495 4798 Christum
1538 4762 1600 4799 ex
1626 4746 1832 4816 virgine
1863 4744 2025 4799 Maria

2143 4748 2444 4817 πιστεύομεν
2471 4748 2541 4805 εἰς
2572 4749 2657 4802 τὸν
2695 4751 2874 4823 Κύριον
2902 4751 3041 4819 ἡμῶν
3080 4748 3271 4807 Ἰησοῦν
3290 4752 3532 4825 Χριστὸν,
3560 4751 3650 4806 τὸν
3676 4754 3742 4806 ’ἐκ

426 4852 629 4905 natum,
658 4841 794 4911 quod
814 4842 927 4909 ipse
945 4853 1025 4893 est
1048 4839 1409 4908 sempiternus
1428 4838 1518 4891 Dei
1539 4838 1675 4891 ﬁlius
1689 4849 1743 4891 et
1762 4838 2020 4902 Verbum,

421 4953 530 4991 non
560 4945 735 4989 autem
756 4932 959 4988 ltomoa
984 4933 1091 4985 Deo
1117 4942 1444 5000 assumptus,
1478 4941 1533 4983 ut
1562 4931 1699 4984 alius
1727 4932 1795 4984 sit
1822 4931 1887 4983 ab
1910 4929 2022 4983 illo.

420 5031 607 5101 Neque
628 5029 767 5083 enim
788 5027 1057 5081 hominem
1082 5025 1369 5093 assumpsit
1395 5023 1485 5077 Dei
1510 5022 1693 5091 Filius,
1716 5033 1774 5078 ut
1793 5023 1930 5077 alius
1954 5023 2023 5078 ab

420 5140 486 5180 eo
537 5130 788 5177 exsistat:
822 5118 915 5173 sed
975 5134 1095 5172 cum
1140 5116 1408 5185 perfectus
1464 5117 1600 5170 Deus
1649 5124 1812 5178 esset,
1851 5113 2023 5170 factus

418 5229 503 5276 est
531 5218 690 5273 simul
740 5224 793 5273 et
840 5214 1003 5271 homo
1053 5212 1352 5283 perfectus,
1406 5229 1469 5268 ex
1519 5212 1723 5284 virgine
1774 5212 2020 5268 incarna-

425 5322 530 5371 tus.

2130 4852 2220 4903 τῆς
2247 4844 2499 4918 παρθένου
2540 4846 2737 4919 Μαρίας
2783 4844 3070 4916 γενηθέντα,
3102 4841 3180 4897 ὅτι
3223 4844 3376 4903 αὐτὸς
3416 4847 3554 4900 ἐςτιν
3584 4844 3610 4899 6
3643 4851 3739 4900 τοῦ

2130 4941 2256 4989 Θεοῦ
2289 4932 2449 4995 ἀΐδιος
2479 4935 2592 4994 Υἱὸς
2619 4938 2704 4987 καὶ
2733 4935 2922 5009 Λόγος,
2954 4939 3039 4988 καὶ
3066 4938 3155 4988 οὐκ
3184 4932 3446 5010 ἅνθρωπος
3474 4937 3575 4991 ὑπὸ
3600 4943 3740 4992 Θεοῦ

2132 5029 2439 5101 ἀναληφθεὶς.
2471 5028 2535 5082 ἶν’
2560 5029 2729 5103 ἔτερος
2818 5029 2943 5105 παρ’
2964 5031 3167 5084 ἐκεῖνον.
3204 5028 3321 5083 οὐδὲ
3344 5033 3445 5103 γὰρ
3469 5026 3740 5107 ἄνθρωπον

2128 5123 2365 5176 ἀνέλαϐεν
2394 5122 2419 5177 6
2449 5128 2541 5178 τοῦ
2563 5127 2689 5175 Θεοῦ
2714 5122 2944 5181 Υἱὸς.ῖνα
3030 5123 3203 5198 ἕτερος
3223 5122 3350 5197 παρ’
3380 5123 3555 5177 αὐτόν·
3582 5126 3735 5192 ἀλλὰ,

2128 5218 2249 5277 Θεὸς
2278 5215 2344 5271 ὢν
2373 5218 2576 5279 τέλειος,
2605 5216 2804 5288 γέγονεν
2834 5214 2943 5286 ἅμα
2968 5218 3055 5269 καὶ
3081 5215 3264 5275 τέλειος
3286 5211 3578 5291 ἅνθρωπος,
3604 5238 3742 5292 σαρ-

2139 5311 2312 5369 κωθςὶς·
2337 5310 2391 5363 ἐκ
2420 5310 2691 5383 παρθένου’
