3950 6338
173 396 255 456 185
1325 396 1688 456 ΕΡΙΞΤΟΙηΕ
1721 398 1763 454 D

1884 395 1951 454 te
1989 395 2350 471 QUATUOB.

3391 392 3492 448 HG

707 590 815 746 S.
937 589 1380 745 FELICIS
1488 580 1808 746 ΡΑΡῶ
1917 594 1968 746 Ι
2076 594 2220 746 ET
2339 592 2938 747 MARTYRIS

967 807 1556 891 EPISTOLZE
1616 809 2007 894 DUBI/E
2065 808 2690 921 QUATUOR.

770 991 1104 1048 EPISTULA
1145 993 1185 1046 Ι.

594 1103 669 1142 ΑΙ)
711 1101 999 1141 PATERNUI
1038 1101 1103 1140 ΕΡ
1113 1099 1331 1142 ISCOPUN
1341 1126 1355 1139 .

198 1206 257 1262 De
271 1204 471 1277 judiciis
502 1215 553 1258 ct
591 1201 1017 1258 accusationibus
1040 1209 1086 1256 et
1113 1199 1495 1272 defensionibus
1516 1219 1778 1259 sacrorum

856 1297 1112 1352 ordinum.

201 1419 235 1476 l.
258 1449 317 1460 —
343 1417 485 1487 Quod
511 1417 833 1471 detractores
858 1423 906 1468 et
928 1416 1157 1485 fautores
1183 1413 1512 1468 inimicorum
1539 1413 1601 1468 ab
1623 1430 1774 1469 accu-

265 1510 444 1565 satione
466 1507 753 1579 episcopali
807 1507 1220 1560 sabmoueantur.

208 1604 264 1660 ll.
290 1601 454 1657 —-Ne
492 1608 718 1656 minores
757 1616 789 1653 a
815 1599 1098 1670 majoribus
1152 1599 1561 1652 accusationibus
1616 1600 1777 1671 impe.

264 1708 436 1754 tantur.

214 1792 363 1847 lll.—
380 1790 444 1846 lu
469 1807 524 1845 re
545 1790 702 1844 dubia
731 1807 835 1844 non
850 1789 1116 1861 judicetur
1143 1797 1283 1842 certa
1323 1787 1573 1842 sententia
1599 1787 1664 1840 de
1696 1788 1773 1842 Itis

269 1888 342 1958 qui
374 1886 611 1940 adversus
648 1885 893 1939 clericum
943 1899 1151 1937 causam
1177 1882 1403 1953 aliquam
1452 1882 1700 1936 habebunt
1724 1883 1776 1936 in

265 1981 518 2050 provincia.

208 2072 284 2128 IV.
307 2105 368 2114 —-
387 2071 565 2129 Clerici
594 2072 823 2126 actiones
849 2086 969 2126 suas
997 2079 1283 2124 exerceant.

206 2166 339 2221 V.—
374 2166 618 2221 Friniates
645 2167 699 2219 in
729 2175 1025 2219 accusatum
1083 2165 1375 2233 episcopum
1421 2165 1677 2234 quomodo
1727 2181 1779 2218 se

261 2278 412 2333 gerere
435 2259 664 2315 debeant.

210 2352 283 2407 Vl.
310 2383 373 2393 —-
398 2351 602 2408 Iudices
651 2350 903 2406 Ecclesia
946 2366 1008 2404 ne
1044 2349 1249 2402 absente
1298 2366 1374 2415 eo,
1427 2351 1575 2420 cujus
1621 2367 1777 2405 causa

259 2445 530 2509 veruilatur,
552 2443 862 2500 sententiam
893 2445 1182 2513 proferant,
1217 2450 1263 2495 et
1288 2457 1352 2494 ne
1382 2441 1665 2511 proditoris
1685 2458 1773 2496 ca-

259 2540 434 2593 lumnia
461 2549 551 2593 aut
581 2554 681 2593 vos:
713 2537 980 2591 audiatur.

205 2629 487 2686 Cltarissimo
548 2643 699 2702 atque
769 2630 1096 2685 dilectissimo
1150 2630 1377 2685 Paterno
1423 2631 1722 2701 coepiscopo
1754 2671 1768 2695 ,

432 2721 585 2778 Felix
613 2725 885 2793 episcopus
910 2723 964 2775 in
993 2719 1217 2775 Domino
1244 2724 1487 2776 salutent.

251 2859 482 2917 Gaudere
507 2877 594 2916 me
621 2863 910 2930 plurimum
943 2861 1027 2934 (S.
1074 2861 1211 2926 Leo,
1243 2879 1327 2933 ep.
1374 2861 1488 2931 51),
1538 2873 1591 2917 et
1616 2864 1768 2918 exul-

202 2963 299 3008 lare
326 2955 372 3008 in
395 2954 637 3014 Domino,
659 2954 734 3008 dil
758 2955 971 3008 -c'.ionis
993 2966 1097 3008 tute
1124 2956 1322 3025 scripta
1352 2955 1620 3020 fecerunt,
1651 2957 1764 3025 qui-

191 3049 279 3102 bus
303 3049 572 3105 etidenter
599 3048 941 3105 ostenditur.
971 3059 1233 3117 quantum
1275 3048 1596 3103 catholicam
1651 3048 1768 3103 dili-

189 3143 258 3211 gis
287 3143 455 3204 fidem,
475 3152 530 3196 et
552 3151 813 3209 quantum
845 3140 1159 3196 hmreticum
1189 3141 1475 3195 deteSIaris
1501 3156 1765 3196 errorem.

1881 995 2007 1066 quia
2062 995 2164 1050 nisi
2229 995 2569 1062 unanimiter,
2629 992 2854 1048 faciente
2885 992 3133 1057 Domino,
3157 999 3473 1048 cunctonnn

1882 1091 2106 1161 provida
2130 1100 2404 1162 pastorum
2429 1092 2582 1144 turba
2612 1098 2920 1154 concurrat,
2941 1103 3100 1142 omne
3118 1086 3283 1159 (quod
3309 1084 3474 1144 absill

1882 1184 2042 1238 citius
2066 1183 2207 1238 ovile
2233 1183 2478 1240 dilaniet.

1957 1277 1996 1331 Ι.
2027 1277 2368 1348 Quapropter
2416 1278 2774 1344 detractores,
2819 1277 2908 1345 qui
2953 1274 3132 1329 divina
3164 1272 3481 1328 auctoritate

1883 1369 2192 1425 eradicandi
2221 1380 2368 1434 sunt,
2400 1377 2455 1425 et
2485 1368 2721 1423 fautores
2767 1367 3133 1432 inimicorum,-
3168 1364 3234 1419 ab
3263 1365 3478 1435 episco-

1881 1463 1986 1532 pali
2016 1462 2401 1518 submovemus
2430 1461 2794 1516 accusatione.

1951 1555 2014 1610 ll.
2033 1555 2294 1611 Similiter
2321 1571 2389 1610 ne
2409 1549 3479 1624 summorumquispiam(lladr.,col.‘l9),

1885 1649 2156 1704 minorum
2184 1650 2619 1705 accusationibus
2672 1647 3000 1718 impietatur,
3027 1655 3120 1700 aut
3143 1645 3435 1716 dispereat.

1949 1741 2036 1797 Ill.
2069 1741 2255 1813 Neque
2284 1742 2338 1797 in
2367 1760 2426 1797 re
2459 1742 2545 1815 (S.
2577 1741 2760 1813 Greg.,
2792 1759 2876 1814 ep.
2905 1743 2995 1808 50,
3032 1741 3147 1795 ιώ..
3181 1742 3294 1809 vin)
3337 1749 3484 1794 certa

1808 1830 1854 1888 B
1877 1834 2148 1904 judicetur
2191 1837 2479 1903 sententia,
2511 1851 2613 1891 nec
2657 1835 2822 1890 ullum
2851 1834 3146 1904 judicium,
3181 1833 3282 1888 nisi
3330 1832 3476 1887 ordi-

1882 1928 2131 1984 nabililer
2161 1928 2425 1990 habitum.
2456 1937 2729 1984 teneatur.

1953 2021 2044 2077 IV.
2073 2021 2131 2078 Si
2157 2023 2279 2093 quis
2306 2038 2470 2092 super
2505 2023 2834 2094 quibuslibet
2880 2021 3198 2076 criminibus
3221 2019 3479 2075 clericum

1885 2115 2205 2184 pulsandum
2249 2114 2560 2181 crediderit,
2598 2115 2648 2168 in
2701 2115 2996 2184 provincia,
3033 2115 3084 2167 in
3112 2127 3216 2182 qua
3256 2109 3477 2180 (lladr..

1886 2209 1983 2263 col.
2019 2208 2073 2280 8)
2107 2209 2358 2263 consistit
2381 2208 2470 2263 ille
2505 2210 2595 2280 qui
2627 2209 2888 2279 pulsatur,
2925 2223 3048 2261 suas
3074 2215 3326 2261 exerceat
3354 2215 3377 2240 ο
3403 2218 3484 2256 τινα

1886 2303 2078 2368 tiones,
2110 2318 2210 2357 nec
2251 2303 2484 2356 aestimet
2516 2318 2637 2356 eum
2669 2309 2951 2356 acettsator
2977 2299 3125 2366 alibi,
3155 2307 3248 2352 aut
3271 2297 3481 2368 loogius

1878 2396 2300 2469 pertrahendam
2342 2397 2407 2450 ad
2433 2396 2715 2466 judicium.
2749 2395 2826 2448 Illi
2875 2410 3040 2460 vero,
3098 2393 3188 2462 qui
3243 2391 3486 2462 pulsatus

1877 2490 2062 2557 fuerit,
2087 2488 2371 2558 si'judices
2397 2497 2678 2555 susgiectos
2711 2486 2983 2552 habuerit,
3016 2485 3178 2539 liceat
3205 2481 3479 2555 appellare

1878 2582 2161 2652 primates.

1953 2675 2015 2728 ν.
2047 2675 2312 2730 Primates
2359 2690 2575 2745 quoque
2624 2685 2934 2728 accusatum
2986 2671 3338 2726 discutientes
3365 2669 3480 2738 epi-

1876 2783 2122 2836 sc0pum,
2150 2783 2255 2822 non
2290 2777 2414 2821 ante
2442 2767 2765 2821 sententiam
2802 2766 3072 2835 proferant
3096 2761 3479 2826 damnationis,

1875 2874 2036 2930 quam
2066 2858 2358 2928 apostolica
2394 2857 2512 2913 freti
2558 2857 2898 2922 aueloritate,
2945 2867 3036 2909 aut
3079 2871 3228 2909 reuut
3280 2870 3338 2908 se
3368 2853 3481 2923 ipse

1874 2954 2196 3007 conﬁteatur
2223 2953 2346 3023 (An.
2383 2953 2433 3004 in
2483 2961 2670 3015 const.,
2703 2952 2789 3004 lib.
2824 2967 2895 3013 Ix,
2947 2953 3024 3003 tit.
3055 2951 3143 3010 40,
3175 2949 3291 3003 cod.
3327 2946 3479 3013 Tlte.,

1875 3049 1964 3113 Η,
1989 3064 2037 3117 q.
2062 3049 2117 3111 5,
2149 3046 2364 3100 lrritum
2387 3063 2492 3100 esse
2511 3045 2910 3114 episcoporum),
2931 3055 3019 3098 aut
3043 3060 3136 3114 per
3165 3045 3479 3098 innocentes

1873 3155 1927 3198 et
1966 3142 2224 3197 canonice
2263 3142 2601 3195 examinatus
2638 3140 2954 3210 regulariter
2993 3150 3156 3194 testes
3185 3138 3475 3194 convinca-

189 3233 399 3290 Haresis
425 3235 625 3306 quippe
654 3243 739 3289 est
767 3235 929 3289 nimis
977 3235 1160 3304 itnpia,
1193 3243 1248 3288 et
1278 3234 1603 3304 evangelica:
1632 3237 1771 3289 veri-
1797 3216 1842 3278 (ἶ
1879 3244 1987 3289 tur.
2020 3235 2190 3289 Aliter
2213 3235 2416 3288 irritant
2451 3249 2572 3288 esse
2592 3247 2881 3288 censemus
2903 3243 2958 3286 et
2981 3231 3233 3301 injustam
3265 3229 3478 3300 episco-

189 3329 297 3381 tati~
317 3329 545 3392 inimica,
563 3343 684 3398 qua:
707 3341 815 3381 non
846 3326 1148 3395 portionem
1171 3326 1406 3396 aliquam
1436 3325 1655 3389 laedere,
1673 3327 1767 3380 sed

189 3422 288 3489 ipsa
318 3423 619 3476 christiana:
663 3421 942 3491 religionis
971 3432 1200 3474 conatur
1242 3419 1590 3475 fundamenta
1639 3435 1770 3476 con-

192 3515 390 3570 vellere.
426 3515 811 3585 Quoscumque
845 3523 870 3550 η
897 3514 1041 3568 enim
1072 3515 1214 3584 rapit
1245 3513 1310 3567 ad
1341 3528 1421 3577 se,
1458 3528 1562 3566 non
1595 3513 1766 3567 solum

189 3609 233 3660 in
262 3609 353 3663 hoc
373 3610 579 3670 vitium.
611 3609 705 3664 sed
737 3609 789 3661 in
824 3606 992 3661 multa
1021 3605 1122 3659 alia
1149 3605 1273 3660 vitia
1320 3621 1482 3660 ruere
1510 3605 1633 3659 facit
1669 3623 1682 3658 :
1715 3616 1769 3660 et

187 3701 290 3769 ipso
315 3702 566 3756 suadente
594 3703 821 3772 antiquo
841 3701 1017 3763 hoste,
1046 3714 1151 3753 non
1179 3699 1350 3753 solum
1385 3707 1762 3768 persecutores

187 3792 439 3860 Ecclesiaz,
473 3795 568 3849 sed
600 3798 761 3849 etiam
796 3791 1140 3847 sacerdotum
1167 3790 1306 3861 ejus,
1339 3790 1489 3844 fiunt.
1527 3789 1641 3846 Una
1665 3791 1764 3860 igi-

192 3897 266 3939 tur
293 3898 461 3941 meute
482 3888 754 3957 corrigere
776 3900 1032 3940 curemus
1059 3893 1114 3938 ct
1142 3885 1491 3953 insequamur
1531 3883 1684 3947 tales,
1712 3894 1765 3937 et

186 3983 249 4034 ab
273 3982 419 4036 hoste
440 3997 538 4035 suo
561 3981 887 4037 Ecclesiam.
911 3980 1138 4050 ejusque
1160 3979 1349 4034 fideles
1377 3988 1431 4033 et
1456 3979 1766 4034 sacerdotes

184 4069 408 4139 Domini,
447 4073 684 4127 nitamur
732 4074 984 4126 liberare.
1015 4072 1296 4126 Prasstabit
1344 4072 1490 4126 vires
1519 4073 1765 4142 omnipo-

186 4171 289 4217 tens
338 4165 650 4233 redemptor
698 4175 889 4218 noster
934 4164 1180 4217 eharitali
1230 4174 1389 4234 atque
1426 4165 1646 4232 justitia:
1674 4164 1762 4237 (S.

181 4246 340 4318 στερη
386 4268 467 4317 ep.
519 4250 608 4311 56.
663 4251 754 4302 lib.
811 4249 886 4310 tv)
915 4267 928 4302 :
961 4249 1233 4318 przestabit
1259 4251 1430 4316 nobis,
1459 4251 1614 4320 longe
1645 4268 1674 4305 a
1702 4268 1763 4307 se

179 4343 348 4407 positis
376 4383 391 4405 ,
439 4343 697 4396 unitatem
742 4341 978 4409 Spiritus
1023 4342 1104 4394 sui
1161 4342 1294 4410 ipse,
1326 4357 1478 4410 enjus
1509 4343 1760 4411 artificio,

182 4436 318 4501 quasi
350 4437 399 4488 in
431 4451 571 4490 arca‘
625 4436 871 4499 modum,
927 4445 1157 4502 quatuor
1212 4436 1394 4489 mundi
1450 4446 1758 4490 constructa

179 4525 434 4593 lateribus,
462 4541 618 4599 atque
649 4528 1061 4599 impulribilium
1106 4529 1373 4599 lignorum
1398 4544 1680 4601 compage,
1703 4539 1760 4585 et

179 4619 420 4678 bitumine
450 4623 727 4678 cltaritatis
755 4622 1012 4677 adstricta
1044 4632 1127 4677 est
1173 4623 1436 4688 Ecclesia,
1470 4634 1527 4678 ut
1559 4625 1757 4680 nullius

183 4713 484 4769 adversitate
510 4716 767 4787 Spiritus,
800 4716 999 4770 nullius
1026 4717 1291 4771 venientis
1317 4718 1654 4774 extrinsecus
1676 4731 1763 4773 tu-

183 4821 314 4863 mare
341 4810 528 4865 ﬂuctus
555 4813 925 4880 perturbetur.
977 4810 1083 4866 Sed
1126 4813 1585 4880 quemadmodum
1620 4813 1763 4868 illius

181 4903 494 4966 guderuante
519 4907 712 4972 gratia,
738 4901 1029 4972 petendum
1059 4913 1164 4967 est,
1197 4915 1256 4958 ut
1286 4904 1428 4958 nulla
1458 4919 1556 4958 nos
1576 4919 1764 4973 snper-

183 4993 382 5047 rcniens
414 5000 650 5050 exterius
679 4995 820 5050 unda
851 4995 1158 5063 conturbet,
1195 4996 1267 5049 ita
1315 5009 1378 5051 ex
1424 4998 1550 5051 totis
1602 5013 1760 5053 oran-

1878 3342 2066 3396 porum
2112 3327 2538 3388 damnationem,
2569 3335 2623 3379 et
2665 3324 2864 3379 idcirco
2888 3340 2916 3376 a
2951 3323 3158 3394 synodo
3188 3330 3481 3376 retractau-

1875 3419 2022 3481 dam,
2059 3419 2128 3472 ita
2166 3430 2222 3472 ut
2252 3418 2528 3488 oppressis
2556 3417 2623 3470 ab
2649 3417 2919 3483 omnibus,
2958 3418 3007 3470 in
3040 3416 3247 3474 eunetis
3277 3413 3473 3468 suhve-

1875 3515 2053 3566 niatur
2077 3514 2278 3568 causis.

1945 3607 2035 3662 Vl.
2064 3608 2302 3662 Caveant
2333 3605 2517 3679 (Cone.
2554 3606 2760 3670 (Jortin,
2795 3623 2868 3667 tv,
2909 3621 2954 3658 c.
2985 3604 3079 3673 ‘28)
3132 3603 3341 3673 judices
3372 3601 3478 3656 Ec-

1873 3699 2073 3763 clesia},
2106 3715 2174 3752 ne
2205 3699 2425 3752 absente
2454 3715 2519 3753 eo
2549 3698 2703 3768 cujus
2729 3713 2886 3753 causa
2917 3697 3221 3761 ventilatur,
3254 3704 3475 3751 senten-

1874 3795 2002 3847 tiam
2037 3793 2336 3863 proferant,
2369 3793 2491 3863 quia
2541 3793 2688 3846 irrita
2739 3792 2861 3856 erit,
2889 3792 2978 3861 qui
3009 3792 3170 3845 etiam
3213 3792 3474 3845 rationem

1874 3903 1972 3958 pro
1999 3889 2211 3942 actione
2238 3887 2460 3941 fratrum
2489 3887 2540 3941 in
2591 3887 2877 3956 praesentia
2921 3884 3143 3939 dabunt.
3178 3884 3476 3938 Proditoris

1873 3997 2006 4035 vero
2037 3995 2134 4034 nec
2165 3977 2424 4034 calumnia
2447 4019 2461 4042 ,
2508 3992 2606 4031 nec
2632 3993 2734 4030 vox
2766 3973 2793 4011 ἀ
2816 3975 3082 4030 audiatur.
3133 3975 3300 4029 Nemo
3327 3977 3472 4030 enim

1874 4072 2171 4127 debitorem
2221 4072 2451 4141 amplius
2482 4081 2651 4140 potest
2685 4085 3036 4141 cognoscere,
3063 4086 3220 4140 quam
3270 4071 3358 4124 ille
3384 4073 3474 4139 qui

1876 4165 2125 4233 injuriam
2179 4165 2406 4234 ejusque
2449 4163 2698 4217 sustinuit
2729 4163 2882 4236 (Cod.
2911 4163 3041 4217 Tlte.
3068 4206 3082 4224 ,
3116 4175 3277 4217 const.
3308 4165 3362 4229 5,
3395 4166 3472 4216 tit.

1871 4258 1960 4320 l0,
1988 4257 2074 4311 lib.
2112 4261 2167 4320 κ)
2197 4256 2509 4327 nequitiam.
2543 4255 2745 4311 Omnes
2774 4272 2904 4327 ergo
2930 4257 3018 4326 qui
3050 4257 3100 4310 in
3129 4253 3344 4310 Christo
3372 4272 3470 4310 vo-

1866 4350 1982 4404 lunt
2028 4351 2112 4419 pie
2138 4351 2319 4403 vivere
2357 4363 2575 4404 necesse
2604 4359 2688 4404 est
2718 4358 2774 4402 ut
2819 4349 2886 4402 ab
2917 4349 3091 4418 impiis
3117 4348 3469 4404 dissimilibus

1868 4441 2137 4511 patiantur
2168 4441 2474 4510 opprobria,
2504 4451 2560 4494 et
2610 4441 2976 4511 despiciantur
3004 4452 3274 4513 tamquam
3323 4445 3472 4499 stulti

1863 4543 1917 4587 et
1944 4534 2114 4589 insani
2163 4531 2398 4605 (Prosp.,
2429 4543 2555 4586 sent.
2588 4533 2679 4598 52,
2706 4550 2769 4587 ea:
2808 4536 2940 4604 Aug.
2969 4537 3020 4588 in
3047 4552 3123 4604 ps.
3156 4535 3344 4607 cxxu),
3371 4537 3461 4607 qui

1870 4628 2154 4698 praesentia
2207 4628 2342 4682 bona
2377 4627 2624 4697 perdunt,
2661 4639 2718 4682 ut
2747 4627 3031 4683 invisibilia
3062 4641 3116 4685 ct
3170 4631 3345 4684 futura
3373 4647 3466 4685 ac-

1867 4721 2104 4789 quirant.
2153 4722 2436 4790 Despectio
2468 4730 2646 4775 tamen
2694 4734 2746 4776 et
2780 4722 2956 4776 irrisio
2998 4725 3180 4777 talium
3234 4724 3286 4778 in
3321 4725 3466 4794 ipsos

1867 4814 2268 4885 retorquebitur
2289 4815 2378 4886 qui
2408 4814 2554 4883 ipsos
2580 4814 2871 4868 infestant:
2905 4816 3028 4885 quia
3055 4826 3109 4870 et
3139 4816 3468 4872 abundantia

1867 4921 2054 4964 eorum
2097 4909 2148 4962 in
2187 4919 2506 4978 egestatem,
2556 4918 2609 4962 et
2637 4909 2886 4975 superbia
2929 4910 3173 4964 transibit
3202 4913 3251 4962 in
3282 4911 3471 4966 Confu-

1868 5003 2095 5056 sionem.
2128 5001 2466 5073 fitquidquid
2494 5002 2658 5072 justis
2681 5002 3062 5056 adversitatum
3090 5003 3173 5057 vel
3204 5003 3472 5059 malorum

187 5086 293 5138 dum
320 5099 398 5142 est
425 5089 735 5153 visceribus,
789 5088 956 5143 frater
983 5089 1322 5151 charissime,
1354 5098 1412 5143 ut
1440 5103 1551 5143 sum
1585 5093 1761 5158 provi-
1789 5061 1842 5119 D
1870 5093 2158 5164 irrogatur.
2182 5110 2288 5148 non
2319 5105 2402 5148 est
2424 5109 2579 5164 paena
2598 5094 2862 5159 criminis,
2882 5096 2972 5147 sed
2994 5094 3202 5150 virtutis
3218 5112 3469 5151 examen.

187 5179 357 5235 (lentia:
403 5184 620 5240 dextera
667 5183 947 5239 cumulum
1006 5185 1233 5238 sentina:
1277 5184 1432 5239 nobis
1489 5184 1759 5240 interioris

189 5276 458 5330 exhauriat.
495 5277 837 5332 Adversarius
887 5276 1088 5347 quippe
1137 5277 1395 5341 diabolus,
1429 5278 1519 5347 qui
1569 5288 1757 5332 contra

193 5365 387 5425 bundles
413 5375 657 5438 sazviens,
700 5375 833 5428 sicut
887 5373 964 5424 leo
1015 5375 1222 5443 rugiens
1260 5372 1478 5439 circuit,
1530 5389 1762 5442 qawrens

196 5476 312 5523 quem
347 5465 535 5519 decoret
574 5467 618 5537 (I
650 5463 715 5520 S.
746 5463 923 5529 Petra,
965 5466 1057 5532 .v),
1089 5479 1193 5518 non
1213 5463 1347 5534 jam,
1371 5473 1432 5518 ut
1459 5464 1757 5529 cernimus,

199 5558 347 5612 (aulas
379 5561 617 5617 circuivit
648 5561 697 5624 ι’,
728 5559 825 5614 sed
860 5559 931 5612 ila
959 5557 1133 5613 valide
1162 5559 1213 5613 in
1235 5557 1551 5628 quibusdam
1575 5557 1762 5614 Eccle-

196 5649 264 5703 sia
279 5659 573 5714 necessariis
584 5654 868 5713 membris
885 5652 1102 5709 dentem
1123 5653 1258 5724 figit,
1279 5661 1337 5707 ttt
1360 5653 1492 5706 nulli
1510 5652 1754 5721 dubium,

1869 5187 1937 5240 Et
1965 5188 2102 5240 sient
2128 5203 2339 5250 aurum,
2363 5197 2565 5257 quanto
2586 5186 2706 5256 plus
2732 5188 3068 5256 excoquitur,
3100 5197 3248 5242 tanto
3275 5191 3471 5244 melius

1865 5280 2101 5335 efﬁcitur
2134 5301 2146 5334 :
2178 5282 2257 5334 sic
2279 5281 2478 5352 justus,
2509 5290 2711 5349 quanto
2738 5280 2858 5350 plus
2892 5281 3176 5335 tribulatur
3206 5284 3270 5354 (si
3295 5283 3465 5352 ipsam

1868 5375 2269 5430 tribulationem
2310 5376 2576 5444 patienter
2633 5374 2946 5443 portaverit)
2995 5375 3162 5428 umlto
3204 5377 3385 5444 purior
3413 5388 3467 5430 et

1864 5468 2078 5522 cbarior
2110 5467 2218 5521 Deo
2246 5467 2501 5521 redditur.
2530 5466 2682 5522 Unde
2709 5468 2818 5532 ipsa
2851 5483 2946 5538 per
2988 5482 3045 5520 se
3089 5466 3296 5521 Veritas
3338 5467 3469 5521 dicit

1867 5561 1953 5633 (S.
1993 5559 2207 5625 Mattlt.,
2235 5558 2286 5630 v)
2309 5577 2320 5611 :
2347 5557 2492 5612 Beati
2511 5561 2596 5630 qui
2625 5562 3022 5628 persecutionem
3045 5560 3309 5627 patiuntur
3337 5577 3457 5630 pro-

1865 5665 1976 5724 pter
2002 5653 2281 5722 justitiam,
2307 5653 2548 5722 quoniam
2592 5653 2816 5723 ipsorum
2861 5663 2931 5707 est
2960 5667 3171 5718 regnum
3199 5650 3460 5703 (telorum.

1369 5791 1748 5852 LECTIONES
1787 5791 2196 5850 VARIANTES.

219 5917 249 6012 δ’
275 5918 576 6034 ρηορωῗίιειρ
606 5918 748 5968 enim
779 5911 941 5974 serpit
977 5910 1115 5961 Laltlt.

262 5989 410 6034 ’ἐπ”ξῄ
486 5989 584 6029 τινα.

262 5989 410 6038 Virtam
446 5989 584 6034 I’.‘,’t"t.

1930 5913 1953 5939 ο
1991 5909 2177 5960 fixerat
2205 5909 2351 5958 Labb.

1928 5972 1951 6007 ἃ
1989 5972 2355 6020 1’”11ν111111ἱτι1ιη’δο
2381 5985 2471 6028 vnxj
2499 5985 2723 6032 umquam
2756 5973 2873 6019 ῙιιΙιΙι
