3950 6362
466 403 565 458 ΜἹ

1797 397 1852 453 S.
1900 394 2162 453 FELICIS
2205 396 2410 454 ΡΑΡᾹΞ

3659 396 3761 452 H8

459 518 538 573 De
560 514 750 571 talibus
778 511 1037 568 Dominus
1064 525 1159 582 per
1185 510 1375 566 Isaiam
1403 511 1661 581 loquitur,
1685 508 1871 565 dicens
1893 507 2054 579 (lsa.,
2083 514 2138 576 Α
2162 511 2294 583 ignis
2316 527 2495 567 eorum
2513 528 2613 565 non
2630 511 2972 581 extinguetur,
2990 519 3035 563 et
3056 519 3202 565 erunt
3222 528 3377 582 usque
3393 512 3460 566 ad
3477 513 3763 567 satietatem

461 611 605 681 LXVI)
635 625 647 660 :
679 606 864 661 Audite
904 604 1109 660 uerbum
1139 603 1368 670 Domini,
1402 604 1489 674 qui
1516 602 1730 656 tremitis
1761 609 1827 655 ad
1857 601 2059 656 verbum

463 706 591 776 ejus.
631 700 878 755 Dixerunt
908 700 1090 769 fratres
1121 699 1294 762 vestri,
1322 696 1548 763 odientes
1570 712 1656 750 vos
1686 705 1733 749 et
1767 695 2059 762 obiiciente:

460 805 667 866 prapter
717 808 898 847 nomen
927 806 1092 844 meum
1121 807 1136 843 :
1169 788 1493 858 Gloriﬁcetur
1517 786 1772 842 Dominus
1797 830 1811 855 ,
1843 796 1891 841 et
1918 788 2055 841 vide-

460 887 622 941 bimus
648 886 701 939 in
732 884 907 938 laetitia
944 881 1267 951 vestra:ipsi
1290 890 1463 934 autem
1496 879 1895 949 confundentur.
1946 878 2060 934 Vox

460 978 639 1050 populi
694 977 757 1031 de
804 977 1023 1041 civitate,
1056 990 1151 1029 voa:
1195 974 1258 1027 de
1307 975 1516 1044 templo,
1563 990 1661 1028 voa:
1691 973 1898 1027 Domini
1930 973 2049 1028 red-

462 1074 625 1129 dentis
652 1071 1033 1127 retributionem
1051 1069 1270 1122 inimicis
1298 1069 1425 1123 suis.
1450 1068 1731 1138 Antequam
1760 1067 2055 1137 parturiret,

458 1169 654 1238 peperit
681 1182 698 1217 :
728 1176 999 1234 antequam
1038 1148 1225 1215 veniret
1258 1170 1435 1230 partus
1476 1162 1604 1232 ejus,
1640 1160 1833 1232 peperit
1860 1176 2057 1213 mascu-

462 1264 588 1317 lum.
619 1262 744 1326 Quis
770 1259 966 1312 audivit
1006 1274 1245 1326 umquam
1276 1256 1377 1309 tale
1402 1256 1427 1308 1’
1456 1265 1502 1310 et
1545 1255 1659 1325 quis
1706 1256 1827 1309 cidit
1854 1255 1969 1307 huic
1999 1255 2062 1307 si-

458 1355 577 1408 mile
600 1352 626 1405 ?
659 1350 926 1421 Numquid
958 1348 1206 1420 parturiet
1243 1358 1378 1401 terra
1404 1348 1457 1400 in
1502 1346 1585 1401 die
1609 1346 1750 1400 una?
1777 1356 1862 1399 aut
1885 1355 2060 1414 partu-

458 1448 616 1501 rietur
644 1454 671 1482 ⁸
697 1462 819 1517 gens
846 1442 1017 1505 simul,
1038 1442 1157 1511 quia
1184 1441 1454 1513 purturivit
1477 1451 1523 1495 et
1549 1441 1744 1511 peperit
1765 1438 1895 1494 Sion
1922 1438 2058 1507 ﬁlios

457 1554 578 1592 suos
600 1536 626 1589 ?
658 1534 922 1606 Numquid
948 1550 1059 1605 ego,
1092 1532 1179 1597 qui
1222 1531 1352 1585 alios
1392 1548 1571 1602 parere
1619 1531 1774 1601 facio,
1814 1532 1923 1600 ipse
1950 1546 2051 1583 non

455 1631 678 1701 pariam,
713 1629 833 1682 dicit
862 1627 1113 1680 Dominus
1136 1624 1162 1677 ?
1191 1623 1257 1679 Si
1294 1642 1412 1694 ego,
1443 1625 1527 1692 qui
1555 1623 1929 1694 generationem
1958 1638 2059 1677 ctu-

460 1724 580 1779 teris
602 1723 785 1784 tribuo,
804 1720 988 1774 sterilis
1015 1735 1120 1784 ero,
1152 1719 1224 1771 ait
1246 1716 1503 1771 Dominus
1536 1716 1673 1771 Deus
1695 1726 1809 1770 tuus
1836 1716 2055 1771 ?Lteta-

456 1815 583 1869 mini
611 1830 723 1867 cum
749 1809 1061 1875 Jerusalem,
1094 1822 1141 1863 et
1167 1810 1391 1863 exultate
1431 1812 1483 1861 in
1534 1824 1592 1861 ea
1620 1824 1792 1862 omnes
1820 1810 1907 1876 qui
1936 1809 2054 1863 dili-

2166 607 2376 660 visionis
2416 606 2553 660 οηιηὶ
2583 606 2747 660 carni.
2782 601 2921 671 Quid
2968 605 3112 661 aliud
3166 603 3517 661 detrahentes
3566 605 3765 661 faciunt

2167 698 2253 771 (S.
2284 699 2466 771 Greg.,
2512 717 2593 771 ep.
2632 716 2752 767 xcv,
2781 700 2869 756 lib.
2903 704 3045 774 vui),
3080 702 3179 756 nisi
3209 701 3259 754 in
3302 702 3580 772 pulverem
3611 702 3763 767 ﬂant,

2164 803 2327 861 atque
2358 793 2409 846 in
2440 792 2626 846 oculos
2653 808 2779 847 suos
2825 803 3027 848 terram
3078 792 3351 848 excitant?
3380 792 3445 847 Et
3476 795 3620 849 unde
3650 795 3766 864 plus

2164 886 2572 941 detractationis
2613 884 2864 955 perﬂant,
2900 886 3025 942 inde
3058 888 3225 957 magis
3254 885 3385 940 nihil
3416 888 3665 942 veritatis
3684 889 3764 941 ri-

2163 977 2291 1032 dent
2317 976 2342 1029 ?
2365 976 2525 1032 Tales
2570 986 2770 1043 tamen,
2800 977 2968 1033 frater
2994 976 3330 1043 charissime,
3364 970 3615 1048 portandi
3644 992 3769 1034 sunt

2162 1079 2214 1123 et
2244 1068 2568 1139 corrigendi,
2602 1069 2722 1139 quia
2782 1070 2908 1123 eieci
2960 1079 3101 1133 sunt,
3127 1078 3172 1122 et
3199 1069 3352 1123 duces
3389 1086 3644 1124 cmcoruin
3677 1071 3764 1143 (S.

2165 1163 2375 1230 illattlt.,
2396 1162 2508 1234 xv).
2531 1162 2640 1229 llis,
2666 1164 2998 1232 citatissime,
3030 1164 3278 1234 respondi
3306 1166 3537 1220 breviter
3553 1170 3770 1221 consul-

2164 1256 2232 1309 tis
2257 1256 2383 1321 tuis,
2406 1271 2524 1325 qua:
2552 1265 2602 1310 te
2630 1265 2686 1310 et
2715 1271 2903 1311 omnes
2928 1257 3211 1327 episeopos
3235 1257 3557 1328 regulariter
3581 1267 3769 1315 tenero

2168 1350 2495 1405 mandamus.
2532 1350 2699 1404 Tuam
2735 1360 2938 1418 tamen,
2973 1350 3157 1417 frater,
3200 1366 3482 1406 monemus
3532 1353 3771 1422 pruden-

2173 1446 2314 1512 .iam,
2360 1454 2413 1499 ut
2448 1460 2546 1515 pro
2575 1452 2718 1499 statu
2749 1442 3001 1499 Ecclesize
3044 1452 3097 1498 et
3123 1443 3465 1498 sacerdotum
3496 1444 3637 1515 ejus,
3667 1462 3770 1516 pro

2162 1539 2365 1593 viribus
2395 1538 2676 1592 elaborare
2694 1536 2937 1603 studeas,
2957 1545 3011 1591 et
3031 1536 3274 1591 ordinem
3295 1546 3496 1592 sancta»
3528 1554 3769 1594 romana:

2160 1643 2216 1689 et
2244 1632 2559 1701 apostolica:
2602 1630 2861 1686 Ecclesiae
2918 1646 3014 1701 per
3044 1631 3220 1685 omnia
3258 1641 3465 1695 teneas,
3496 1640 3551 1685 et
3576 1632 3769 1687 violari

2161 1734 2467 1780 sanctorum
2516 1723 2733 1778 decreta
2784 1739 2889 1777 non
2918 1724 3217 1793 permittas,
3258 1723 3355 1779 sed
3383 1740 3573 1779 omnes
3603 1742 3772 1795 quos-

2161 1833 2390 1888 cumque
2422 1817 2653 1887 potueris
2675 1858 2687 1882 ,
2735 1817 2966 1871 instruas
2988 1857 3003 1882 ,
3038 1801 3096 1870 ut
3126 1817 3427 1873 fructuosos
3458 1818 3770 1888 manipulos

458 1909 577 1981 gitis
615 1922 745 1960 eam.
783 1902 1014 1961 Gaudete
1038 1906 1154 1957 cum
1194 1918 1252 1955 ea
1276 1902 1495 1955 ῑιηὲυεῖδὶ
1523 1902 1732 1972 gavdia,
1759 1902 1843 1969 qui
1870 1903 2054 1972 ("98158
2082 1919 2130 1978 B
2161 1911 2382 1966 Domino
2401 1920 2768 1980 reprtesentes.
2792 1907 2941 1963 Vale.
2980 1910 3108 1963 Data
3136 1910 3290 1963 nonis
3314 1918 3337 1946 θ
3362 1910 3521 1979 jnnii,
3540 1911 3769 1966 Claudio

453 2015 606 2071 super
634 2013 764 2060 eam,
789 2006 842 2049 ut
866 1994 1061 2065 sugatis
1088 2002 1133 2046 et
1154 1992 1453 2063 repleamini
1478 1992 1541 2046 ab
1564 1992 1713 2047 ubere
1741 1994 2050 2047 consolatio-

454 2093 535 2146 nis
561 2090 691 2161 eius,
724 2101 778 2142 ut
799 2086 1064 2160 mulgeatis
1113 2096 1160 2139 et
1194 2085 1389 2139 deliciis
1415 2086 1645 2157 affluatis
1671 2084 1733 2138 ab
1759 2088 2053 2141 omnimodo

454 2186 618 2257 gloria
636 2185 763 2253 ejus,
796 2181 915 2251 quia
948 2181 1055 2235 hac
1072 2179 1193 2232 dicit
1220 2177 1649 2233 Dominus:Ecce
1674 2195 1764 2249 ego
1790 2178 2053 2232 declinabo

454 2295 608 2349 super
636 2293 745 2330 eam
795 2275 940 2345 quasi
985 2274 1200 2343 ﬂuvium
1230 2273 1394 2343 pacis,
1425 2282 1472 2326 et
1496 2274 1620 2343 quia
1648 2283 1919 2326 torrentem
1968 2274 2050 2326 in-

449 2374 730 2429 undantem
774 2370 991 2444 gloriam
1034 2372 1261 2442 gentiunt
1295 2385 1450 2440 quam
1505 2369 1717 2440 sugetis.
1762 2369 1842 2421 Ad
1896 2370 2049 2423 ubera

457 2466 806 2539 portabimini,
823 2475 869 2519 et
895 2480 1046 2534 super
1066 2478 1230 2534 genua
1261 2461 1585 2515 blandientur
1602 2461 1760 2515 vobis.
1785 2461 2052 2528 Quomodo

456 2561 499 2615 si
529 2560 612 2615 cui
663 2568 825 2611 mater
878 2556 1205 2623 blandiatur,
1239 2556 1310 2609 ita
1336 2570 1426 2625 ego
1458 2552 1758 2609 consolabor
1784 2571 1897 2620 vos,
1930 2567 1974 2608 et
2000 2556 2051 2609 in

450 2653 736 2708 Jerusalem
783 2648 1185 2705 consolabimini.
1243 2646 1521 2710 Videbitis,
1571 2660 1617 2701 et
1658 2648 1896 2719 gaudebit
1963 2665 2051 2703 cor

454 2760 691 2811 vestrum,
740 2756 787 2800 et
828 2762 943 2799 ossa
986 2756 1149 2797 uestra
1195 2743 1322 2795 sicut
1377 2742 1530 2796 lterba
1578 2744 1949 2813 germinabunt.
1984 2743 2052 2797 Et

451 2851 775 2913 cognoscetur
826 2854 1002 2891 manus
1050 2836 1255 2890 Domini
1300 2838 1454 2890 semis
1483 2838 1611 2907 ejus,
1634 2846 1681 2891 et
1703 2838 2052 2909 indignabitur

449 2937 666 2991 inimicis
691 2934 815 2989 suis.
840 2932 973 2998 Quia
1002 2948 1112 2985 ecce
1138 2930 1388 2986 Dominus
1414 2932 1463 2984 in
1491 2933 1608 3002 igne
1632 2932 1813 2998 veniet,
1844 2942 1888 2986 et
1909 2935 2053 3003 quasi

453 3030 598 3083 turbo
634 3028 882 3098 quadriga
910 3024 936 3062 1)
974 3026 1084 3096 ejus
1110 3066 1124 3090 ,
1162 3024 1371 3077 reddere
1418 3025 1765 3094 indignatione
1816 3031 2046 3095 furorem

453 3137 619 3185 suum,
643 3130 689 3173 et
722 3118 1120 3183 increpationem
1150 3132 1293 3168 suam
1322 3116 1373 3168 in
1404 3116 1615 3185 ﬂamma
1644 3119 1794 3187 ignis.
1832 3117 1963 3184 Quia
1990 3122 2044 3172 in

454 3236 571 3307 igne
602 3232 849 3287 Dominus
894 3232 1139 3303 dijutlicru
1169 3241 1215 3294 ο,
1248 3241 1293 3283 et
1334 3231 1386 3283 in
1416 3232 1590 3300 gladio
1620 3250 1712 3285 suo
1738 3234 1805 3286 ad
1847 3250 2049 3289 onmem

452 3346 677 3391 carnem,
712 3339 756 3382 et
801 3324 1275 3397 multiplicabuntur
1321 3328 1575 3397 interfecti
1603 3343 1634 3379 a
1662 3326 1904 3381 Domino.
1951 3329 2050 3395 Qui
2077 3314 2120 3375 Ε

452 3419 926 3491 sanctiﬁcabantur,
958 3426 1004 3471 et
1032 3417 1248 3471 mundos
1280 3435 1331 3471 se
1356 3416 1601 3487 putabant
1653 3419 1705 3472 in
1755 3422 1914 3474 hortis
1938 3433 2050 3491 post

452 3519 664 3587 ianuam
693 3514 1013 3577 intrinsecus,
1047 3513 1135 3577 qui
1160 3511 1483 3564 comedebaut
1510 3528 1712 3565 carnem
1754 3514 1979 3580 suillam,
2003 3526 2051 3569 et

457 3609 908 3669 abominationem,
955 3614 1002 3658 et
1053 3620 1291 3658 murem:
1335 3606 1488 3658 simul
1517 3619 1895 3674 consumeretur,
1928 3610 2049 3662 dicit

451 3704 719 3759 Dominus.
759 3700 868 3769 Ego
895 3708 1059 3752 autem
1088 3715 1243 3767 opera
1285 3715 1481 3765 eorum,
1531 3712 1577 3754 et
1607 3703 1936 3773 cegitatioues
1964 3721 2047 3758 eo-

453 3818 588 3865 rum,
618 3799 760 3852 venio
788 3806 842 3848 ut
868 3810 1165 3866 congregem
1205 3811 1317 3847 cum
1360 3794 1590 3849 omnibus
1618 3797 1847 3867 gentibus
1875 3808 1921 3851 et
1948 3800 2047 3851 liu-

453 3896 566 3966 guis
593 3910 610 3947 :
641 3902 686 3946 et
729 3891 924 3945 venient
954 3899 1000 3941 et
1044 3886 1281 3940 videbunt
1311 3888 1528 3957 gloriam
1558 3906 1742 3956 meam,
1786 3900 1831 3944 et
1860 3908 2046 3961 ponam

430 3993 507 4045 in
537 3988 609 4042 eis
639 3986 859 4056 signum.
889 3981 958 4036 Et
988 3989 1185 4037 mittant
1222 3995 1285 4033 ex
1310 3985 1380 4034 eis
1408 3984 1498 4049 qui
1529 3982 1709 4035 saluati
1737 3984 1944 4053 fuerint,
1977 3985 2046 4037 ad

453 4090 621 4154 gentes
652 4121 665 4142 ,
694 4080 747 4132 in
796 4077 924 4130 muri
940 4119 954 4142 ,
982 4077 1034 4129 in
1065 4077 1261 4147 Africa,
1290 4074 1344 4127 in
1374 4072 1539 4144 Lydia
1559 4071 1587 4111 (ι
1616 4075 1871 4131 tendentes
1890 4080 2046 4149 sagit-

456 4188 556 4231 tam
588 4176 642 4229 in
688 4170 919 4236 Italiam,
953 4181 998 4224 et
1030 4170 1301 4238 Gra’eiam,
1337 4171 1405 4225 ad
1433 4170 1630 4226 insulas
1670 4172 1837 4241 longe,
1868 4172 1935 4223 ad
1961 4188 2045 4225 eos

454 4271 542 4343 qui
562 4285 663 4322 non
691 4263 964 4318 audierunt
985 4262 1047 4316 de
1067 4281 1165 4331 me,
1180 4275 1227 4319 et
1252 4282 1353 4319 non
1379 4265 1609 4319 viderunt
1628 4263 1844 4333 gloriam
1861 4279 2041 4316 meam.

456 4364 523 4419 Et
559 4358 933 4415 annuntiabunt
964 4356 1180 4426 gloriam
1230 4374 1393 4413 meant
1424 4357 1674 4429 gentibus,
1721 4365 1766 4409 et
1793 4355 2047 4410 adducent

459 4471 631 4512 omnes
655 4454 841 4523 fratres
858 4460 1045 4503 vestros
1065 4453 1126 4505 de
1136 4453 1326 4505 cunctis
1340 4452 1569 4523 gentibus
1586 4452 1774 4505 donum
1800 4448 2042 4516 Domino,

452 4552 507 4604 in
536 4548 695 4619 equis,
738 4559 785 4601 et
813 4548 867 4603 in
892 4544 1173 4617 quadrigis,
1206 4554 1252 4597 et
1284 4546 1333 4597 in
1363 4545 1573 4609 lecticis,
1622 4544 1748 4597 etin
1794 4542 1967 4605 mulis,
1999 4553 2047 4597 ct

451 4648 506 4702 in
544 4646 772 4700 carrucis
806 4644 874 4698 ad
914 4651 1133 4697 montem
1176 4653 1405 4695 sanciunt
1435 4656 1601 4694 meum
1628 4637 1937 4702 Jerusalem,
1970 4638 2048 4691 di-

443 4744 519 4797 cit
544 4741 797 4797 Dominus
824 4736 1117 4811 :quomodo
1146 4735 1189 4790 si
1216 4737 1433 4807 inferant
1463 4735 1561 4803 ﬁlii
1593 4733 1756 4788 Israel
1788 4750 1969 4787 munus
1992 4733 2045 4785 in
2072 4710 2126 4770 D

456 4852 573 4889 vase
624 4834 814 4888 mundo
855 4834 908 4885 in
959 4830 1108 4883 domo
1144 4827 1364 4881 Domini.
1398 4826 1467 4881 Et
1495 4844 1752 4883 assumant
1793 4844 1855 4881 ea:
1885 4827 1956 4881 eis
1994 4826 2055 4879 iit

450 4930 733 4986 sacerdotes
755 4939 801 4982 et
830 4930 883 4981 in
910 4925 1103 4990 levitas,
1133 4922 1253 4976 dicit
1276 4920 1525 4976 Dominus
1560 4939 1578 4976 :
1604 4922 1738 4989 Quia
1765 4922 1889 5001 sicut
1934 4919 2047 4974 coeli

456 5021 591 5090 novi,
627 5029 673 5074 et
699 5030 833 5074 terra
863 5035 1012 5088 noua,
1040 5032 1152 5089 qua:
1203 5030 1299 5087 ego
1340 5016 1473 5087 facio
1500 5023 1634 5069 stare
1654 5030 1826 5068 corant
1852 5012 2049 5079 me,di-

452 5118 519 5172 cit
543 5115 812 5181 Dominus,
835 5115 907 5169 sic
934 5114 1085 5168 stabit
1104 5128 1272 5171 semen
1295 5119 1515 5164 vestrum
1538 5119 1584 5163 et
1605 5124 1786 5162 nomen
1810 5117 2045 5162 vestrum.

448 5208 517 5265 Et
546 5210 637 5264 erit
661 5208 845 5262 mensis
884 5224 946 5263 ea:
972 5225 1159 5275 mense,
1198 5214 1244 5261 et
1288 5202 1547 5258 sabbatum
1568 5218 1630 5256 ea:
1657 5200 1863 5256 sabbato
1889 5210 1933 5255 et
1960 5217 2041 5255 ee-

449 5305 549 5358 niet
578 5304 714 5357 omni
746 5318 913 5361 scaro,
942 5311 996 5355 ut
1022 5302 1196 5357 adoret
1242 5316 1414 5355 coram
1458 5296 1587 5370 facie
1611 5313 1741 5363 mea,
1785 5297 1904 5351 dicit
1940 5295 2047 5350 Do-

444 5400 632 5451 minus.
654 5394 720 5449 Et
742 5395 1059 5467 egredientur
1071 5404 1118 5449 et
1146 5392 1381 5449 uidebunt
1414 5390 1662 5446 cadavera
1686 5390 1931 5455 virorum,
1959 5390 2047 5458 qui

445 5486 763 5560 prteuaricati
808 5497 924 5542 sunt
951 5489 1006 5542 in
1034 5504 1130 5542 me.
1159 5485 1355 5542 Vermis
1380 5500 1553 5540 eorum
1572 5500 1673 5538 non
1701 5482 1960 5547 morietur,
1992 5489 2038 5535 et

2158 2014 2211 2060 et
2242 2000 2567 2059 Aureliano‘
2606 2002 2737 2056 viris
2767 2000 3077 2056 clarissimis
3101 2001 3441 2057 eousuribns.

2745 2163 3072 2220 EPISTOLA
3117 2162 3180 2218 ΙΙ.

2300 2295 2365 2334 οε
2406 2292 2778 2335 Αυοτοιιιτλτε
2817 2293 3015 2334 JUDICIS
3053 2292 3201 2333 SEDIS
3240 2292 3618 2342 APOSTOLICE,
3676 2332 3687 2343 ,

2514 2366 2581 2405 ΕΤ
2622 2366 2690 2404 DE
2730 2365 2992 2405 EPISCOPIS
3030 2364 3315 2405 ACCUSATIS
3346 2360 3398 2403 ε.

2161 2487 2309 2543 Felix
2352 2489 2621 2561 episcopus
2670 2489 2933 2544 universis“
2966 2487 3217 2557 episcopis
3264 2502 3351 2557 per
3400 2483 3588 2540 Gallia:
3640 2502 3765 2554 pro-

2393 2583 2583 2638 vincias
2612 2583 2918 2647 constitutis,
2948 2584 2999 2635 in
3034 2580 3253 2636 Dontiuo
3285 2582 3518 2635 salutem.

2228 2720 2499 2775 Bonorum
2524 2735 2745 2790 operum
2776 2727 2831 2775 et
2862 2717 3216 2788 spiritualium
3249 2715 3550 2770 studiorum
3588 2716 3761 2769 Deum

2155 2824 2428 2869 auctorem
2480 2827 2602 2867 esse
2642 2811 2726 2884 (S.
2765 2809 2890 2863 Leo.
2942 2826 3028 2879 ep.
3075 2808 3165 2876 '59.)
3229 2824 3333 2861 non
3380 2806 3605 2860 dubium
3656 2814 3763 2872 est,

2156 2905 2244 2975 qui
2275 2920 2460 2959 eorum
2490 2905 2675 2957 incitat
2712 2914 2923 2956 mentes
2959 2912 3015 2955 et
3064 2900 3281 2971 adjuvat
3307 2898 3571 2954 actiones.
3605 2896 3767 2953 Unde

2158 2999 2329 3053 lauari
2360 3014 2445 3052 me
2472 2997 2717 3052 fecerunt
2743 2996 2939 3065 scripta
2968 3005 3182 3059 vestra,
3212 3008 3278 3048 ex
3309 2977 3463 3047 hoino
3501 2993 3682 3046 studio
3712 3003 3767 3046 ct

2157 3103 2221 3146 ex
2268 3090 2573 3160 intvgritate
2622 3090 2743 3143 tiuei
2774 3087 3073 3142 de'i‘olinlllS
3104 3098 3297 3141 vestrm
3328 3105 3340 3138 :
3374 3085 3468 3140 sed
3492 3100 3558 3140 ex
3587 3084 3765 3139 uilli-:-

2158 3182 2304 3237 tioue
2330 3194 2383 3237 et
2409 3182 2733 3237 contritione
2762 3191 2938 3235 vestra
2962 3195 3152 3250 magna
3181 3194 3250 3235 ex
3279 3180 3430 3248 parte
3452 3179 3764 3234 tristavere.

2158 3273 2349 3329 Tristis
2378 3276 2552 3337 enim,
2604 3273 2782 3328 tristes
2824 3271 2996 3342 (Petri
3022 3270 3349 3343 Clirgsologi,
3376 3287 3458 3340 ep.
3492 3270 3561 3324 ad
3592 3269 3765 3343 Euty-

2155 3365 2320 3436 cltem)
2354 3366 2452 3436 legi
2488 3366 2697 3421 litteras
2725 3376 2965 3427 vestras,
2994 3376 3046 3418 et
3077 3367 3275 3434 scripta
3301 3373 3490 3420 intesta
3520 3378 3765 3419 maerore

2153 3460 2335 3514 debito
2378 3460 2616 3527 percurri
2652 3479 2665 3514 :
2698 3461 2821 3528 quia
2868 3459 3006 3513 sicut
3053 3474 3152 3511 nos
3203 3458 3566 3513 Ecclesiarnm
3621 3476 3759 3529 pax,

2154 3553 2603 3624 sacerdotumque
2633 3554 2749 3623 ejus
2787 3550 3077 3607 coacordia
3108 3559 3162 3604 et
3197 3549 3555 3621 tranquillitas
3589 3552 3765 3622 plebs

2152 3649 2337 3701 audire
2366 3644 2391 3681 ¹ι
2435 3649 2558 3701 facit
2597 3648 2845 3718 gaudium
2882 3646 2925 3711 ί,
2968 3646 3036 3699 ita
3086 3661 3183 3699 nos
3233 3643 3422 3716 afﬂigit
3464 3656 3521 3700 et
3573 3646 3765 3713 dejicit

2153 3740 2386 3795 fraterna
2429 3740 2670 3794 afﬂictio.
2704 3739 2812 3795 Vos
2841 3750 3020 3793 tamen
3070 3739 3235 3792 nolite
3277 3738 3507 3791 multum
3558 3737 3761 3793 tristari

2151 3832 2235 3905 (S.
2270 3832 2423 3902 Greg.
2473 3849 2553 3901 ep.
2589 3833 2687 3895 45,
2722 3832 2809 3886 lib.
2880 3831 3022 3899 vni),
3072 3830 3193 3899 quia
3242 3830 3379 3883 sicut
3416 3828 3526 3898 ipsa
3570 3846 3670 3899 per
3703 3845 3764 3885 se

2153 3926 2366 3982 Veritas
2396 3926 2471 3980 ait
2501 3944 2512 3977 :
2545 3925 2605 3980 Si
2642 3926 2702 3979 de
2729 3927 2821 3979 lioc
2848 3926 3049 3978 mundo.
3079 3924 3334 3993 fuissetis,
3369 3923 3594 3978 mundus
3623 3929 3764 3994 quod

2151 4035 2300 4073 suum
2322 4030 2453 4081 erat,
2474 4020 2708 4090 diligeret
2739 4034 2758 4071 :
2786 4019 2877 4072 sed
2897 4019 3015 4087 quia
3048 4019 3110 4071 de
3131 4019 3226 4071 lioc
3249 4017 3447 4069 mundo
3472 4033 3575 4070 non
3604 4022 3726 4072 estis
3744 4063 3761 4082 ,

2153 4112 2242 4166 sed
2267 4130 2356 4183 ego
2388 4113 2512 4183 elegi
2538 4129 2621 4165 vos
2653 4112 2715 4164 de
2748 4112 2955 4172 mundo,
2986 4121 3254 4180 propterea
3278 4110 3387 4163 odit
3414 4126 3501 4163 vos
3530 4111 3765 4165 mundus

2159 4204 2245 4274 (S.
2299 4203 2481 4270 Joan.,
2512 4201 2628 4273 xv),
2677 4204 2728 4256 id
2777 4213 2879 4266 est,
2935 4202 3119 4256 mundi
3147 4210 3435 4256 autatores.
3483 4200 3765 4272 Quidquid

2158 4311 2335 4355 tamen
2374 4299 2427 4354 bi
2478 4300 2785 4370 loquantur,
2833 4306 2925 4353 aut
2968 4297 3255 4353 adversum
3295 4312 3391 4350 vos
3435 4306 3624 4367 agant,
3660 4312 3764 4352 vos

2149 4404 2330 4449 tamen
2376 4409 2592 4463 semper
2635 4393 2896 4463 integram
2945 4400 3166 4447 servate
3219 4388 3414 4455 tidem,
3462 4398 3516 4443 et
3564 4405 3763 4459 puram

2150 4488 2405 4545 habetote
2448 4489 2835 4543 conscientiam
2861 4528 2874 4551 ,
2917 4496 2970 4537 ut
3000 4487 3195 4557 integer
3241 4484 3454 4555 spiritus
3494 4494 3540 4537 et
3580 4485 3765 4539 anima

2150 4596 2375 4640 servetur
2402 4586 2452 4638 in
2484 4585 2567 4638 die
2588 4582 2797 4637 Domini
2828 4580 2870 4645 (1
2912 4580 3093 4646 Tltes.,
3127 4581 3203 4648 ν).
3227 4578 3337 4634 Nos
3364 4594 3495 4633 vero
3526 4579 3591 4632 ad
3620 4596 3763 4649 sup-

2155 4679 2483 4748 plementum
2530 4687 2763 4731 Vestrum
2813 4674 3007 4729 fratres
3038 4684 3093 4727 et
3138 4673 3493 4744 coepiscopos
3540 4684 3763 4729 nostros

2152 4772 2460 4827 vocavimus
2478 4771 2708 4840 amplius
2732 4785 2888 4839 quam
2908 4768 3268 4838 septuaginta,
3285 4782 3405 4819 cum
3429 4766 3623 4836 quibus
3639 4768 3763 4823 lucc

2153 4883 2271 4939 qua:
2297 4868 2481 4921 subter
2502 4864 2766 4920 habentur
2782 4864 3005 4928 inserta,
3022 4860 3342 4931 regulariter
3365 4859 3644 4913 tractanda
3667 4859 3762 4916 dc-

2152 4961 2444 5019 crevimus.
2468 4957 2679 5013 Vestris
2700 4958 2843 5011 enim
2869 4955 3112 5022 epistolis
3134 4955 3187 5008 in
3214 4952 3455 5007 omnium
3478 4953 3760 5009 amlientia

2154 5056 2440 5129 perlectis,
2486 5069 2603 5123 qua:
2651 5052 2847 5106 multus
2897 5048 2993 5121 (ut
3037 5046 3249 5120 nostis)
3295 5047 3665 5118 querimonias
3702 5060 3761 5105 et

2153 5136 2531 5221 oppresSioues
2563 5146 2614 5199 in
2638 5161 2696 5199 se
2724 5140 3073 5198 continebant
3101 5150 3341 5209 vestras,
3376 5139 3755 5212 decretisilne,

2153 5258 2269 5315 qua:
2292 5250 2416 5297 sunt
2448 5239 2515 5295 de
2541 5236 2975 5293 accusationibus
3002 5234 3378 5306 episcoporum
3399 5276 3412 5300 ,
3447 5247 3631 5290 sancta
3658 5251 3755 5308 sy-

2221 5402 2303 5473 (l)
2353 5397 2539 5452 Falsas
2583 5410 2693 5450 eos.
2747 5405 2873 5450 nota
2921 5406 3320 5463 quamcumque
3369 5401 3423 5449 te
3464 5402 3647 5450 vertas
3697 5397 3753 5451 in

2152 5483 2380 5545 partem.

1684 5596 2063 5657 LECTIONES
2099 5585 2514 5651 VARIANTES.

509 5696 539 5726 ⁸
570 5694 804 5744 Parietur
829 5691 971 5743 Labb.

501 5754 532 5794 b
569 5755 827 5817 Quadrigae
853 5753 995 5807 Labb.

506 5823 529 5892 (ξ
567 5818 863 5892 Ρῇηῴεριᾴιέ
889 5817 1035 5868 Labb.

508 5881 543 5975 de
567 5879 717 5992 iiii:
740 5879 932 5995 iiiis.
961 5939 1107 5994 Labb.

2205 5684 2230 5726 ί
2268 5685 2543 5737 Marlnlano
2567 5678 2715 5730 Labb.

2206 5752 2233 5793 ι
2270 5748 2331 5800 Et
2355 5748 2419 5798 de
2444 5744 2693 5797 memoriis
2714 5747 2982 5806 martyrum
3005 5737 3149 5792 Labb.

2209 5812 2241 5852 ιι
2272 5810 2425 5861 Adire
2450 5806 2594 5858 Labb.

2217 5878 2234 5917 i
2277 5872 2507 5924 Gaudere
2531 5870 2644 5922 facit
2665 5867 2847 5934 gaudio
2870 5865 3065 5920 caelesti
3088 5864 3235 5918 Labb.
