3950 6346
200 393 281 448 ibi)
1321 378 1683 438 EPISTOLIE
1734 380 1786 436 D‘

1894 380 1969 436 ac:
2016 382 2374 454 cunnos.

3380 388 3483 441 150

198 507 443 579 nodus(l)
473 505 608 561 dixit
654 523 669 559 :
732 505 867 560 Haec
904 512 1069 568 sunt,
1114 516 1230 572 quas
1263 499 1516 568 deinceps
1559 505 1776 566 propter
1805 505 1849 561 Α
1880 498 2266 553 communione
2319 498 2682 569 suspendatur
2709 542 2721 562 ,
2777 501 2861 556 cui
2934 501 3142 555 crimen
3193 498 3485 554 intenditur

201 600 428 656 malorum
462 598 745 654 hominum
779 597 1044 661 insidias.
1092 595 1178 664 ‘lui
1221 593 1271 646 in
1312 591 1607 646 Ecclesiatn
1640 600 1692 644 et
1723 592 1772 643 in

200 691 564 749 ecclesiasticos
603 692 847 747 saeviunt
876 692 1028 744 viros
1056 686 1444 749 indifferenter,
1472 692 1527 739 et
1551 699 1775 739 conser-

202 800 308 841 vare
346 784 648 839 ﬁrmissime
695 774 979 839 volumus
1006 784 1056 837 in
1101 781 1339 836 StPCUit):
1377 780 1432 833 Si
1480 778 1600 848 quis
1629 778 1775 847 epis-

202 892 342 947 €0an
356 878 417 930 ab
434 876 538 931 illis
555 878 997 941 accusatoribus,
1020 873 1106 945 qui
1131 871 1419 941 recipiendi
1444 881 1589 935 sunt,
1617 869 1781 925 fuerit

203 981 473 1034 accusatus,
501 980 797 1041 postquam
825 970 940 1039 ipse
972 952 1039 1021 ab
1066 969 1143 1020 eis
1171 966 1452 1020 caritative
1478 974 1778 1020 conventus

204 1067 367 1129 fuerit,
410 1071 465 1118 ut
512 1064 684 1133 ipsam
718 1079 941 1119 causam
986 1062 1272 1116 emendare
1299 1059 1527 1120 debeat,
1560 1068 1617 1112 et
1658 1073 1776 1112 eam

204 1157 439 1228 corrigere
476 1157 751 1223 noluerit,
790 1172 898 1210 non
943 1157 1104 1215 olim.
1134 1154 1230 1209 sed
1275 1162 1400 1207 tunc
1440 1151 1507 1205 ad
1538 1166 1783 1206 summos

206 1250 425 1321 primates
460 1264 619 1303 causa
660 1250 783 1318 ejus
824 1250 1086 1303 canonice
1122 1238 1418 1312 deferatur,
1447 1246 1539 1316 qui
1568 1244 1623 1300 in
1651 1260 1781 1300 con-

206 1357 315 1412 gruo
354 1342 498 1407 loco,
543 1340 686 1396 intra
732 1342 906 1410 ipsam
940 1339 1303 1410 provinciam,
1355 1346 1601 1406 tempore
1646 1350 1779 1390 con-

206 1433 431 1507 gruo(2),
465 1434 517 1489 id
564 1443 690 1501 est,
734 1434 1038 1490 autumnali
1082 1434 1164 1488 vel
1214 1432 1441 1498 :cStivo,
1488 1430 1776 1486 concilium

206 1526 486 1597 regulariter
525 1544 841 1583 convocare
880 1527 1186 1592 debebunt,
1218 1526 1288 1580 ita
1321 1535 1381 1580 ut
1408 1525 1477 1579 ab
1523 1523 1779 1579 omnibus

207 1618 415 1688 ejusdem
452 1619 744 1687 provincia:
792 1620 1060 1689 episcopis
1098 1618 1226 1673 inibi
1262 1617 1531 1671 audiatur.
1562 1615 1681 1684 Quo
1725 1624 1781 1671 et

209 1713 303 1783 ipse
342 1714 653 1784 regulariter
701 1723 1074 1778 convocatus;
1104 1713 1149 1767 si
1198 1727 1318 1767 eum
1355 1720 1447 1765 aut
1496 1708 1781 1764 inﬁrmitas

210 1805 323 1880 (cod.
348 1805 463 1861 Tite.
494 1808 581 1861 lib.
614 1824 690 1872 ix,
721 1809 802 1862 (it.
832 1823 870 1871 ι,
899 1818 1058 1860 const.
1092 1806 1179 1871 10,
1205 1808 1256 1871 5,
1281 1823 1333 1877 q.
1362 1805 1418 1861 9..
1444 1805 1488 1858 si
1508 1805 1780 1875 episc0pus

210 1902 302 1953 suis
322 1899 482 1969 fuerit)
514 1912 605 1956 aut
632 1901 744 1957 alia
771 1902 951 1972 gravis
983 1902 1278 1956 necessitas
1310 1915 1417 1955 non
1448 1899 1776 1965 detinuerit,

210 1992 368 2050 adesse
394 1994 605 2049 debebit
634 2013 649 2051 :
683 1996 812 2065 quia
843 1996 980 2049 ultra
1015 1996 1308 2065 provincia:
1339 1994 1601 2049 terminos
1623 2007 1782 2047 accu-

211 2088 334 2142 sandi
371 2101 487 2143 ante
533 2090 755 2145 licentia
791 2107 895 2145 non
946 2098 1060 2154 est,
1091 2105 1193 2159 qua
1234 2088 1507 2142 audientia
1536 2095 1777 2158 rogetur.

212 2180 319 2236 Nam
339 2184 376 2236 si
402 2183 505 2237 suis
532 2186 717 2251 fuerit,
744 2193 838 2238 aut
868 2184 1131 2239 Ecclesia:
1157 2183 1257 2237 sibi
1286 2183 1591 2238 commissa:
1619 2183 1781 2236 rebus

213 2278 491 2347 expoliatus,
519 2289 607 2332 aut
630 2278 804 2351 (qttod
829 2279 990 2343 absit,
1014 2278 1155 2348 quod
1181 2278 1418 2331 alienum
1441 2277 1508 2331 ab
1530 2276 1782 2333 omnibus

213 2382 312 2423 esse
348 2369 495 2423 debet
538 2368 821 2440 ﬁdelibus)
853 2388 879 2421 a
910 2368 1039 2425 sede
1066 2370 1283 2440 propria
1325 2368 1565 2439 ejectns,
1596 2377 1689 2422 aut
1729 2369 1781 2421 in

214 2460 484 2515 detentione
514 2460 699 2531 aliqua
729 2476 759 2515 a
788 2462 903 2515 suis
942 2461 1131 2515 ovibus
1171 2460 1331 2515 fuerit
1362 2470 1732 2530 sequestratns
1768 2477 1780 2511 :

215 2560 317 2604 tunc
352 2554 597 2607 canonice
630 2563 927 2623 antequam
959 2553 1009 2605 in
1042 2552 1270 2622 pristino
1298 2562 1439 2607 statu
1473 2552 1787 2605 restituatur

214 2661 314 2701 cum
337 2649 466 2701 omni
500 2648 787 2716 privilegio
816 2648 896 2699 sui
928 2645 1152 2701 honoris
1172 2688 1186 2710 ,
1212 2656 1266 2700 et
1296 2653 1390 2699 Sua
1422 2643 1631 2709 omnia,
1666 2658 1787 2713 qua:

217 2739 389 2794 insidiis
419 2742 758 2797 inimicorum
783 2757 1006 2797 suorum
1038 2743 1086 2798 ei
1110 2742 1284 2797 ablata
1318 2741 1550 2805 fuerant,
1582 2739 1788 2810 legibus

216 2834 613 2905 redintegrentur
643 2854 656 2888 :
690 2851 792 2889 nec
822 2837 1106 2890 convocari
1130 2878 1143 2895 .
1178 2851 1277 2890 nec
1298 2834 1526 2904 jndicari
1554 2845 1785 2904 poterit,

218 2928 298 2979 nisi
319 2932 417 2998 ipse
436 2945 531 3000 pro
552 2946 653 2984 sua
686 2930 1010 2983 necessitate
1044 2928 1289 2997 (minime
1321 2938 1500 2982 tamen
1530 2927 1786 2996 judican-

217 3021 316 3094 dus)
362 3024 611 3079 advenire
658 3032 853 3094 sponte
906 3022 1151 3093 elegerit.
1207 3021 1525 3076 Nullatenns
1581 3035 1710 3090 ergo
1759 3036 1787 3074 a

218 3130 442 3185 quoquam
487 3117 827 3186 respondere
876 3126 1096 3186 rogetur
1116 3125 1163 3182 α,
1214 3126 1501 3184 antequam
1554 3115 1789 3185 integer-

216 3206 327 3262 rime
350 3209 420 3280 (3)
461 3209 646 3262 omnia
696 3224 817 3279 qua:
872 3224 964 3274 per
1017 3208 1390 3277 suggestiones
1449 3206 1788 3260 inimicorum

218 3311 401 3353 suorum
438 3301 726 3360 amiserat,
763 3299 1019 3370 potestati
1060 3298 1175 3367 ejus
1212 3299 1280 3352 ab
1324 3298 1624 3351 honorabili
1652 3313 1785 3351 con-

219 3394 319 3448 cilio
362 3396 507 3467 legali
557 3396 751 3451 ordine
803 3395 1239 3465 redintegrentur
1266 3391 1378 3466 (4);
1410 3392 1609 3460 prmsul
1660 3407 1789 3445 vero

218 3505 316 3542 cum
343 3494 475 3545 omni
530 3492 741 3546 honore
790 3492 955 3543 statui
1007 3489 1232 3558 pristino
1262 3487 1539 3553 reddatur,
1575 3498 1629 3541 ct
1674 3487 1789 3555 ipse

216 3581 453 3653 dispositis
485 3584 858 3655 ordinatisque
891 3584 1060 3637 libere
1099 3592 1257 3651 atque
1302 3597 1490 3635 secure
1527 3579 1615 3634 diu
1653 3579 1786 3644 suis,

219 3685 319 3731 tunc
342 3679 650 3749 regulariter
678 3679 817 3731 infra
851 3684 1081 3746 quatuor
1114 3674 1195 3726 vel
1239 3675 1476 3743 quinque
1497 3715 1509 3735 ,
1540 3681 1633 3726 aut
1662 3685 1789 3739 sep-

222 3779 307 3825 leta
331 3770 354 3809 δ
386 3787 629 3837 menses,
670 3772 824 3840 juxta
869 3768 1012 3838 quod
1042 3767 1370 3838 possibilitas
1416 3766 1465 3820 ci
1508 3764 1704 3829 fuerit,
1737 3771 1794 3818 et

221 3881 303 3920 non
329 3878 467 3931 ante,
499 3878 832 3922 convocatus
861 3863 927 3917 ad
962 3872 1197 3933 lCthpltS.
1228 3860 1455 3915 concilio
1479 3860 1531 3915 in
1552 3859 1791 3927 legitimo

216 3969 258 4013 et
275 3962 539 4024 canonico,
562 3962 740 4015 veniat
770 3959 836 4013 ad
862 3973 1079 4011 causam
1108 3974 1120 4009 :
1147 3967 1202 4011 et
1227 3957 1267 4007 si
1295 3955 1362 4007 ita
1392 3954 1534 4022 juste
1559 3951 1788 4015 videtur,

218 4058 555 4111 accusantium
608 4052 1071 4126 prepositiunilms
1126 4049 1467 4117 respondeat.
1506 4045 1639 4100 Nam
1693 4046 1795 4096 hoc

219 4162 533 4219 summopere
592 4145 991 4219 provifendutu
1042 4154 1161 4208 est,
1213 4158 1278 4195 ne
1330 4151 1617 4209 antequam
1679 4137 1793 4191 hare

222 4239 355 4306 ﬁant,
404 4252 623 4297 coactus
683 4236 1041 4309 respondeat,
1089 4236 1210 4305 quia
1261 4234 1534 4289 contentio
1581 4244 1794 4299 semper

220 4334 402 4388 Vitanda
450 4345 552 4388 est.
606 4332 781 4388 Adimi
836 4346 1071 4397 namque
1122 4328 1377 4397 episcopo
1423 4326 1791 4396 cpis‘COpaIutn

220 4426 370 4495 (Cone.
393 4431 531 4501 Αιίνη
566 4445 612 4481 c.
644 4425 759 4495 87),
798 4436 1083 4495 antequam
1127 4438 1305 4477 Causm
1342 4422 1460 4490 ejus
1494 4420 1668 4475 exitus
1696 4434 1794 4488 ap-

223 4531 415 4587 pareat,
441 4522 572 4576 nuili
604 4520 902 4575 christiano
932 4517 1099 4571 videri
1128 4514 1250 4585 jure
1280 4521 1484 4585 potest,
1519 4512 1643 4583 quia
1675 4510 1795 4565 talis

220 4617 548 4688 pncsumptio
582 4614 927 4683 sacrilegium
957 4621 1059 4674 est,
1091 4619 1146 4663 et
1174 4619 1362 4663 auctor
1392 4607 1600 4671 talimu,
1626 4604 1795 4660 sacri-

222 4705 367 4777 legus.
399 4708 552 4775 Quod
590 4709 635 4761 si
677 4713 947 4774 :rgrotans
987 4701 1141 4756 fuerit
1173 4699 1461 4770 episcopus
1498 4698 1554 4767 (5
1584 4716 1635 4763 q.
1664 4697 1720 4761 5,
1753 4696 1797 4750 si

221 4802 495 4873 egrotans).
546 4811 639 4855 aut
692 4800 872 4869 aliqua
916 4812 1036 4851 eum
1084 4797 1261 4864 gravis
1310 4794 1607 4850 necessitas
1656 4792 1797 4846 deti-

224 4897 395 4961 nuerit,
444 4909 543 4967 pro
580 4909 640 4948 se
688 4899 922 4962 legatum
966 4889 1031 4943 ad
1078 4885 1340 4960 synodum
1392 4888 1587 4941 mittat.
1626 4884 1735 4940 Nec
1769 4898 1797 4938 a

286 5050 354 5121 (Ι)
384 5050 514 5123 Syn.
544 5060 765 5103 romana
794 5045 991 5123 dicitur
1017 5042 1200 5123 lladrz,
1226 5042 1350 5123 coll.
1381 5042 1510 5122 c..5,
1536 5040 1629 5122 sed
1656 5057 1796 5123 qum,

227 5112 382 5188 quore
408 5112 652 5189 tiampore
682 5116 921 5172 nondum
950 5125 1113 5189 patet.
1138 5114 1213 5169 Ex
1244 5113 1342 5171 hac
1373 5112 1516 5167 cnim
1545 5113 1793 5182 epistola,

226 5187 323 5261 quae
346 5187 530 5259 spuria
552 5201 651 5245 est.
688 5190 821 5244 nihil
845 5187 1022 5258 colligi
1048 5196 1243 5257 potest.

283 5264 352 5333 (2)
376 5256 529 5328 Apud
564 5262 700 5317 Ilad.
736 5256 1244 5333 legiturgzvtempor‘e
1271 5273 1300 5311 a
1331 5256 1801 5333 canonibnsprm-

230 5328 343 5391 vero
374 5337 511 5390 idem
540 5328 821 5404 apostolus
850 5331 978 5404 dicit
1009 5348 1020 5384 :
1055 5331 1115 5404 Si
1141 5330 1273 5385 enim
1303 5346 1417 5382 cum
1446 5328 1646 5404 inimici
1674 5344 1805 5383 esse-

230 5404 319 5461 ﬁxo
337 5400 589 5461 Nicaeuisi
615 5404 745 5459 Inde
776 5403 1020 5475 arguitur
1048 5402 1194 5457 fraus
1222 5400 1649 5472 interpolatoris.

285 5479 360 5545 (5)
388 5478 462 5533 Ita
492 5488 543 5533 et
572 5492 849 5531 manuscr.

286 5479 339 5545 (5
388 5479 462 5533 lta
492 5488 543 5533 et
572 5492 849 5531 manuscr.

286 5479 362 5623 (li
390 5548 595 5606 Concil.
621 5564 763 5605 rom.
785 5547 880 5616 lli,
911 5545 1010 5601 sub
1033 5547 1367 5619 symmacho.

1884 592 2104 664 (Concil.
2140 592 2317 647 (.‘urtlt.
2352 608 2431 653 ιιι,
2463 609 2579 646 cun.
2606 592 2699 663 7);
2733 593 2835 648 nisi
2875 594 2941 647 ad
2970 608 3189 649 causam
3220 607 3373 647 suam
3401 591 3453 646 di
3474 621 3486 629 -

1884 684 2108 737 ccndam
2141 684 2439 738 electorum
2468 684 2708 755 judiemn
2754 684 2841 740 die
2876 694 3075 740 statuta
3117 685 3310 740 litteris
3356 699 3485 739 evo-

1883 786 2032 831 catus
2057 820 2069 841 ,
2104 778 2322 833 minime
2352 778 2652 833 occurrerit
2678 796 2691 833 :
2726 779 2825 834 hoc
2855 790 2966 845 est,
2996 780 3098 835 nisi
3138 795 3260 835 eum
3305 779 3484 849 aliqua

1882 887 2291 943 prmoccupavet
2310 877 2346 927 it
2379 874 2674 928 necessitas
2698 872 2832 928 infra
2854 874 3087 942 spatium
3113 873 3489 943 praedictorum

1886 966 2189 1035 mensium,
2240 975 2294 1021 et
2338 984 2403 1021 eo
2454 967 2717 1035 amplius,
2769 976 2929 1037 prout
2977 980 3134 1020 causa
3187 967 3491 1023 dictaverit.

1886 1059 2037 1126 Quod
2070 1060 2115 1114 si
2148 1075 2213 1115 ex
2262 1070 2491 1129 utraque
2523 1070 2674 1129 parte
2723 1059 2789 1114 ad
2833 1074 3049 1114 causam
3080 1058 3360 1114 dicendam
3399 1074 3494 1114 vce

1873 1152 2100 1215 ,nerint;
2148 1152 2272 1222 quia
2303 1167 2442 1205 unus
2470 1151 2675 1222 absque
2721 1153 2894 1207 altero
2921 1151 3094 1205 audiri
3148 1166 3254 1205 non
3301 1151 3493 1215 debet.

1885 1243 2238 1315 quaerendum
2266 1256 2348 1299 est
2384 1244 2435 1298 in
2462 1242 2667 1314 judicio
2689 1285 2702 1307 ,
2737 1244 2892 1310 cujus
2924 1244 3031 1298 sint
3070 1245 3496 1299 conversationis

1885 1347 1938 1393 et
1973 1338 2094 1393 lidei
2135 1348 2296 1407 atque
2324 1338 2649 1407 suSpicionis
2679 1348 3022 1393 accusatores
3051 1349 3145 1393 aut
3180 1356 3282 1410 qua
3322 1340 3497 1394 inten-

1885 1432 2032 1486 tione
2060 1431 2164 1487 hoc
2195 1431 2394 1487 faciant
2428 1449 2440 1484 :
2477 1432 2599 1500 quia
2630 1431 2696 1485 ad
2727 1432 2828 1485 hoc
2856 1430 3066 1486 admitti
3112 1449 3220 1487 non
3272 1433 3494 1497 debent,

1884 1524 1989 1580 nisi
2019 1525 2173 1579 bona:
2205 1526 2636 1581 conversationis
2666 1536 2720 1580 et
2760 1536 2923 1580 recta:
2954 1526 3077 1581 ﬁdei
3109 1528 3229 1592 viri,
3266 1526 3318 1581 bi
3348 1526 3496 1581 vide—

1890 1618 2016 1672 licet
2040 1618 2134 1688 qui
2172 1620 2320 1674 omni
2364 1619 2674 1689 suspicione
2709 1628 2957 1684 careant,
2992 1629 3044 1673 et
3084 1619 3223 1673 bona
3250 1621 3355 1675 vita
3389 1621 3498 1675 cla-

1892 1722 2043 1767 reant
2064 1754 2077 1776 ,
2108 1728 2286 1784 neque
2322 1713 2551 1767 infantes
2576 1713 2832 1769 existant.
2864 1712 3017 1779 Quod
3049 1713 3094 1767 si
3126 1724 3496 1771 accusatorum

1888 1820 2135 1876 persona:
2162 1806 2215 1859 in
2243 1805 2449 1874 judicio
2468 1800 2551 1876 (ὃ,
2575 1822 2626 1875 q.
2654 1806 2742 1861 10.
2776 1806 2837 1859 Si
2858 1814 3216 1860 acettsulorum
3245 1818 3496 1880 personae)

1885 1899 2270 1971 episc0porum
2326 1899 2626 1970 culpabiles
2676 1900 3025 1969 apparuerint
3084 1900 3282 1969 (idem,
3340 1900 3497 1956 Conc.

1889 1994 2117 2065 θεῖναι),
2144 1994 2210 2049 ad
2233 1995 2572 2066 argueudum
2598 2010 2705 2052 non
2730 1995 3107 2060 admittantur,
3127 1997 3233 2053 nisi
3256 1999 3500 2069 proprias

1886 2103 2077 2143 causas
2103 2103 2350 2143 asserere
2371 2089 2500 2159 (non
2533 2100 2711 2145 tatnen
2741 2089 3074 2160 criminales)
3099 2091 3179 2145 vel
3213 2094 3501 2147 ecclesias-

1887 2184 2021 2238 ticas
2046 2183 2337 2238 voluerint.
2362 2182 2581 2238 infamis
2605 2184 2746 2239 enim
2774 2198 3005 2253 persona
3027 2184 3104 2256 (5,
3129 2201 3180 2255 q.
3203 2185 3255 2247 7,
3280 2183 3504 2255 Infamia

1889 2281 2156 2344 persona),
2200 2292 2301 2332 nec
2346 2288 2666 2347 procurator
2709 2288 2884 2349 potest
2908 2293 3061 2343 esse,
3096 2292 3194 2331 nec
3233 2280 3501 2349 cognitor.

1890 2372 2132 2427 Abseute
2158 2385 2283 2425 vero
2312 2369 2624 2425 adversario
2653 2370 2732 2442 (5,
2756 2388 2805 2437 q.
2835 2371 2889 2435 9,
2924 2370 3144 2424 Absente
3160 2370 3503 2443 adversario),

1889 2478 1995 2518 non
2024 2463 2276 2518 audiatur
2299 2475 2583 2519 accusator
2610 2482 2623 2518 :
2654 2480 2753 2519 nec
2783 2466 3072 2526 sententia.
3098 2467 3321 2521 absente
3350 2476 3503 2535 parte

1893 2558 2025 2624 alia,
2060 2573 2088 2611 a
2117 2558 2297 2627 judice
2325 2558 2490 2625 dicta,
2522 2559 2685 2613 ullam
2712 2559 2979 2614 obtinebit
3006 2559 3317 2615 ﬁrmitatem
3344 2560 3508 2631 (Vide

1893 2650 2153 2704 Attianum
2201 2650 2253 2702 in
2292 2661 2424 2704 seut.
2471 2649 2665 2716 Pauli,
2720 2652 2808 2706 lib.
2852 2668 2906 2719 v,
2938 2654 3016 2706 tit.
3055 2652 3089 2705 2
3119 2662 3164 2705 et
3194 2652 3250 2723 5)
3285 2671 3297 2706 :
3331 2668 3507 2723 neque

1894 2742 2088 2797 absens
2115 2756 2208 2811 per
2231 2742 2395 2795 alium
2418 2743 2661 2797 accusari
2692 2742 2773 2815 (5,
2801 2762 2852 2815 q.
2883 2746 2938 2810 9,
2968 2744 3159 2798 Absens
3187 2761 3276 2814 per
3295 2745 3503 2816 alium),

1895 2845 1988 2888 aut
2013 2848 2271 2889 accusare
2300 2845 2514 2902 potest,
2550 2850 2650 2892 nec
2680 2834 2859 2891 affinis
2890 2836 2996 2891 illis
3033 2838 3365 2893 admittatur.
3399 2838 3506 2894 Ne-

1896 2928 2094 2981 minem
2146 2942 2275 2997 ergo
2329 2927 2574 2982 exhiberi
2630 2928 2697 2983 de
2743 2929 3017 2997 provincia
3056 2928 3121 2983 ad
3170 2931 3504 3000 provinciam

1897 3018 2057 3092 (Vide
2100 3022 2353 3075 novellam
2384 3023 2587 3076 tertiam
2627 3021 2743 3075 libri
2773 3024 2907 3076 tertii
2938 3034 2984 3077 et
3016 3023 3278 3080 Attianum
3301 3037 3345 3081 et
3384 3029 3504 3084 cod.

1899 3114 2092 3168 Tlteod.
2140 3125 2301 3169 const.
2354 3118 2409 3181 4,
2461 3117 2551 3171 lib.
2604 3132 2661 3179 ιι,
2713 3118 2794 3170 tit.
2837 3116 2896 3188 ι),
2944 3119 3029 3172 vel
3076 3117 3143 3173 ad
3188 3122 3503 3176 comitatum

1897 3218 2143 3279 oportet,
2184 3210 2286 3264 nisi
2327 3209 2392 3261 ad
2428 3209 2752 3264 relationem
2794 3210 3024 3278 judicis,
3056 3212 3121 3267 ad
3152 3229 3312 3282 quem
3348 3213 3511 3270 fuerit

1895 3304 2257 3375 appellatum,
2292 3303 2346 3358 id
2376 3315 2487 3368 est,
2521 3313 2579 3358 ut
2622 3314 2810 3361 auctor
2835 3321 3049 3374 semper
3090 3307 3167 3361 rei
3209 3308 3382 3363 forum
3423 3326 3509 3367 se-

1894 3410 2107 3469 quatur.
2130 3398 2186 3454 Si
2210 3399 2330 3466 quis
2352 3408 2531 3452 autem
2551 3400 2788 3467 judicent
2817 3400 2916 3455 sibi
2942 3401 3225 3457 adversum
3253 3406 3502 3471 senserit,

1894 3509 2082 3549 vocem
2141 3491 2521 3562 appellationis
2579 3491 2833 3547 exhibeat
2887 3510 3045 3563 quam
3106 3496 3237 3549 lllliii
3294 3506 3512 3565 oportet

1896 3585 2079 3655 negari
2125 3582 2269 3656 (Huc
2310 3600 2471 3653 usque
2514 3594 2670 3652 caput
2709 3584 2764 3646 5.
2798 3585 2919 3638 coll.
2958 3584 3154 3649 lladr.,
3200 3587 3508 3655 quibusdam

1898 3680 2112 3735 subinde
2136 3679 2388 3751 insertis).
2422 3680 2714 3751 Peregrina
2745 3696 2876 3736 vero
2900 3682 3099 3749 judicia
3134 3682 3210 3755 (5,
3235 3701 3287 3753 q.
3316 3682 3371 3747 ϐ,
3405 3682 3509 3737 Pc-

1897 3776 2104 3846 rcgrina
2123 3770 2349 3843 judicia)
2374 3774 2616 3843 generali
2646 3775 2931 3830 sanctione
2961 3775 3310 3845 prohibemus
3342 3795 3353 3827 ε
3384 3777 3509 3847 quia

1897 3868 2175 3938 indignum
2202 3875 2285 3921 est
2308 3909 2322 3931 ,
2368 3876 2424 3919 ut
2452 3868 2520 3921 ab
2545 3868 2788 3923 cateruis
2830 3868 3103 3937 judicctttr
3134 3870 3221 3939 qui
3251 3884 3505 3939 compro-

1898 3957 2377 4026 vincialesUludr.
2414 3959 2535 4012 coll.
2575 3960 2662 4023 17,
2693 3976 2756 4013 ex
2786 3972 2947 4014 const.
2984 3960 3071 4027 10,
3107 3963 3181 4012 tit.
3220 3964 3273 4023 1,
3306 3960 3397 4014 lib.
3432 3978 3506 4022 ix.

1898 4055 2014 4108 cad.
2042 4052 2274 4125 The.)et
2298 4068 2328 4106 a
2356 4067 2414 4107 se
2446 4053 2649 4107 electos
2676 4051 2841 4108 debet
2876 4053 3079 4109 habere
3095 4053 3328 4123 judiccs.
3358 4054 3506 4119 lltec,

1898 4148 2094 4204 fratres
2113 4190 2127 4213 ,
2157 4146 2223 4202 ad
2262 4155 2501 4203 vestram
2530 4155 2584 4201 et
2609 4147 2850 4201 omnium
2876 4149 3320 4218 εοερὶεοοιιοιιιιιιι
3349 4165 3510 4220 opem

1898 4252 1954 4297 et
1976 4240 2434 4297 defensionem.in
2465 4239 2675 4311 synodo
2698 4240 3027 4295 unanimiter
3056 4250 3180 4294 sunt
3199 4239 3513 4308 decreta,ut

1899 4336 1943 4389 si
1976 4334 2113 4389 forte
2142 4334 2304 4405 aliqui
2338 4332 2563 4403 (Com-il.
2597 4331 2753 4404 llisp.
2785 4350 2844 4399 ιι,
2874 4349 2919 4386 c.
2955 4331 3046 4404 15)
3090 4333 3377 4389 stultorum
3415 4350 3512 4390 vos

1900 4442 2199 4493 accusare,
2241 4427 2332 4497 qui
2371 4425 2655 4482 diabolica:
2690 4425 3025 4495 deceptiouis
3070 4439 3258 4480 errore
3298 4425 3511 4499 decepti

1822 4534 2058 4617 Dsunt,
2109 4521 2413 4586 voluerint,
2463 4521 2591 4576 dum
2638 4520 2738 4577 ista
2785 4521 3016 4592 legerint
3064 4523 3154 4578 vel
3202 4522 3510 4589 audierint,

1902 4618 2227 4688 resipiscant
2267 4628 2322 4671 et
2350 4616 2417 4670 ad
2471 4615 2694 4670 unitatis
2731 4614 3078 4670 concordiam
3120 4626 3509 4672 revertantur:

1904 4724 1959 4768 et
1982 4711 2126 4785 quod
2156 4712 2303 4782 prius
2342 4722 2459 4765 erat
2496 4710 2550 4764 in
2578 4709 2873 4776 ultionem,
2904 4711 3150 4766 transibit
3180 4712 3232 4766 in
3260 4711 3509 4782 gloriam.

1906 4806 2038 4863 Nam
2072 4805 2261 4877 procul
2289 4804 2454 4860 dubio
2477 4804 2633 4859 multi
2656 4814 2802 4871 sunt,
2827 4804 2913 4875 qui
2941 4805 3261 4873 (secundum
3284 4804 3518 4873 apostoli

1906 4898 2119 4969 vocem)
2149 4898 2434 4968 prurientes
2456 4896 2689 4963 auribus,
2716 4914 2749 4950 a
2773 4896 2980 4951 veritate
3005 4898 3237 4952 auditum
3259 4907 3512 4968 avertunt,

1912 4996 1980 5050 ad
2006 4993 2211 5065 fabulas
2254 5002 2427 5047 autem
2465 5002 2821 5047 convertuntur
2852 4991 2897 5063 (l
2931 4991 3088 5059 Tim.,
3119 4995 3197 5063 tv)
3227 5002 3285 5048 et
3307 4993 3373 5048 ad
3414 5010 3517 5048 no-

1911 5098 2160 5147 cumenta
2205 5088 2471 5143 honorent
2503 5100 2523 5126 ο
2559 5098 2863 5143 transeunt.
2904 5088 2997 5144 Ait
3032 5088 3192 5160 (idem
3226 5105 3370 5143 conc.
3401 5088 3517 5159 cit.)

1912 5192 2095 5239 autem
2141 5181 2286 5237 idem
2332 5180 2609 5252 apostolus
2635 5180 2703 5236 de
2734 5180 3028 5236 inﬁdelium
3075 5182 3378 5252 ignorantia
3411 5198 3422 5233 :
3455 5180 3518 5236 Si

1910 5278 2283 5350 cognovissent,
2313 5292 2595 5347 numquam
2623 5273 2903 5329 Dominum
2933 5275 3113 5345 gloria:
3141 5260 3520 5345 ct'uciﬁxissent

1913 5374 1958 5447 (l
1997 5371 2115 5429 Cor.
2148 5372 2232 5446 ιι).
2273 5369 2534 5427 Similiter
2564 5369 2609 5423 si
2647 5368 2701 5424 hi
2744 5368 3028 5423 Dominum
3070 5370 3305 5438 perfecte
3353 5380 3520 5435 agno-

1911 5470 2119 5524 vissent
2144 5477 2197 5524 et
2225 5477 2530 5529 amassent,
2578 5477 2869 5535 numquam
2908 5476 3099 5518 servos
3140 5462 3256 5530 ejus
3301 5469 3519 5532 pertur-

1915 5564 2157 5629 bassent,
2178 5574 2280 5617 nec
2299 5558 2478 5614 verbis
2497 5566 2590 5613 aut
2610 5555 2764 5613 factis
2786 5554 3051 5626 persecuti
3075 5561 3277 5610 essent.
3307 5549 3467 5617 Quod
3496 5549 3521 5585 ιι

1436 5702 1819 5764 LECTIONES
1854 5701 2277 5763 VARIANTES.

290 5858 311 5921 _'
342 5857 547 5921 C0331!"
569 5855 712 5921 ιεαιέίξ·

285 5916 313 5957 δ
340 5916 457 5985 Sci,
476 5925 558 5971 aut
582 5917 722 5973 Lttbb.

1983 5844 2007 5875 °
2042 5840 2290 5891 Bonorum
2313 5837 2458 5890 Labb.

1987 5905 2012 5946 ἀ
2047 5905 2206 5967 Quum
2233 5898 2377 5953 Lnbb.
