3950 6324
389 362 487 417 ibi

1714 353 1775 407 S.
1816 344 2086 404 FELlClS
2126 343 2333 401 ΡΔΡΕ

3597 344 3708 396 iii“!

389 494 535 542 mus,
585 475 898 530 reconciliati
944 490 1116 529 stnnus
1165 473 1274 528 Deo
1329 489 1418 543 per
1455 481 1667 525 mortem
1701 466 1826 522 Filii
1870 468 1980 527 eius
2007 467 2062 526 Α
2085 463 2227 518 enim
2261 471 2317 519 et
2353 462 2679 519 contumelia
2715 463 2767 517 in
2808 461 3020 533 loquela
3041 460 3291 534 (Eccles.,
3324 459 3407 531 v),
3435 469 3491 514 ct
3523 460 3574 513 in
3622 459 3708 512 lo-

389 570 569 643 (Rom.
604 568 680 639 v),
730 585 826 645 cur
852 568 1192 638 insequimur
1223 565 1452 621 fratres?
1477 563 1587 620 Cur
1617 562 1997 634 perturbamus

388 672 590 718 statum
632 661 891 717 Ecclesiae
925 662 1052 726 Dei,
1102 671 1155 716 et
1185 676 1280 714 eos
1307 661 1395 730 qui
1437 659 1486 712 ei
1526 659 1731 712 servire
1758 656 1995 722 debent,

391 755 716 825 afﬂigimus?
774 755 1036 826 Martyres
1077 755 1220 809 enim
1269 749 1414 822 passi
1459 762 1584 806 sunt
1629 749 1785 820 (idem
1837 747 1994 803 Cone.

391 847 536 921 cit.),
562 865 664 903 non
690 858 865 904 tamen
889 851 1082 904 anima?
1104 863 1291 903 eorum
1312 847 1506 902 occisa:
1526 854 1652 900 sunt
1680 848 1729 899 in
1752 847 1998 915 corporis

395 942 679 1012 passione,
709 957 804 996 ore
841 940 1089 995 Veritatis
1116 947 1405 993 attestante
1436 955 1450 991 :
1482 935 1659 991 Nolite
1699 938 1875 992 timere
1915 953 1999 990 eos

394 1033 483 1103 qui
514 1033 750 1086 occidunt
792 1048 1008 1102 corpus,
1039 1032 1261 1085 animant
1292 1040 1461 1084 autem
1497 1045 1599 1084 non
1622 1041 1834 1102 possunt
1860 1031 1999 1084 occi-

391 1124 513 1178 dere
569 1125 632 1196 (Ῑ
683 1124 870 1178 Matth.
907 1123 991 1194 Χ).
1043 1123 1142 1180 Ubi
1193 1125 1412 1194 agnosci
1459 1133 1709 1194 oportet,
1757 1123 1896 1193 quod
1952 1124 1994 1177 si

394 1219 594 1272 aninue
657 1231 988 1290 martyrum,
1054 1232 1283 1286 corpore
1333 1231 1657 1289 perempto,
1723 1216 1994 1287 suppliciis

393 1311 630 1380 extingui
673 1325 777 1363 non
824 1319 1080 1381 possunt,
1111 1325 1212 1365 nec
1256 1308 1450 1364 auium:
1498 1309 1907 1380 praedicatorum
1943 1317 1996 1362 et

391 1402 676 1456 doctorum
711 1402 961 1472 persequi
1003 1400 1349 1468 debuissent,
1381 1412 1473 1456 aut
1504 1401 1804 1472 perturbari
1827 1441 1842 1462 ,
1875 1409 1931 1454 et
1965 1416 1994 1453 a

393 1493 489 1549 Dei
521 1494 779 1548 famulatu
817 1496 1018 1556 averti,
1057 1496 1182 1566 quia
1217 1511 1337 1549 cum
1381 1494 1699 1563 corporibus
1729 1507 1833 1546 non
1864 1491 1996 1547 deli-

389 1589 559 1642 ciunt.
581 1589 739 1643 Tales
761 1602 937 1644 autem
969 1591 1370 1659 perturbatores
1394 1588 1652 1644 Ecclesia:
1681 1601 1787 1641 non
1817 1587 1996 1641 solum

393 1680 653 1751 prasdicta
680 1692 842 1751 agunt
893 1682 1032 1736 mala
1057 1725 1069 1747 ,
1103 1683 1196 1737 sed
1228 1694 1282 1737 et
1314 1682 1602 1736 memorias
1644 1677 1822 1751 (Cone.
1857 1676 1996 1732 Gan-

388 1787 590 1841 grense,
625 1789 738 1842 cap.
766 1772 859 1838 20,
887 1773 1076 1842 interp.
1106 1772 1291 1844 Dion.)
1323 1784 1616 1844 martyrum
1649 1783 1992 1826 execrantur.

377 1862 729 1933 Quapropter
782 1865 832 1918 in
882 1864 1102 1933 prastata
1145 1865 1522 1921 constituimus
1551 1864 1782 1937 synodo,
1812 1865 1994 1922 vobis-

389 1970 496 2026 que
523 1966 577 2010 et
596 1957 848 2013 omnibus
872 1958 1127 2013 Ecclesiis
1155 1959 1441 2015 tenendum
1471 1968 1526 2015 et
1548 1960 1812 2030 agendum
1841 1975 1992 2014 man-

391 2050 619 2117 damus,
656 2063 714 2106 ut
757 2068 921 2121 super
952 2054 1242 2108 memorias
1275 2064 1571 2126 martyrum
1619 2055 1797 2108 missa:
1845 2053 1993 2108 cele-

386 2144 636 2210 brentur,
682 2162 748 2200 ne
787 2148 1065 2201 memoriae
1105 2162 1291 2201 eorum
1318 2162 1344 2200 a
1376 2146 1568 2201 talibus
1593 2146 1862 2216 extingui,
1904 2156 1994 2201 aut

392 2240 674 2295 veneratio
705 2241 876 2309 possit
905 2241 1198 2311 prohiberi.
1226 2241 1338 2295 Vos
1369 2255 1533 2307 vero,
1569 2239 1793 2306 fratres,
1828 2239 1993 2295 nolite

392 2331 623 2386 multum
655 2333 893 2398 turbari,
938 2333 1107 2388 nolite
1151 2334 1334 2387 vexari
1357 2375 1371 2396 ,
1399 2334 1492 2388 sed
1533 2333 1912 2388 eonfortamiui
1941 2333 1992 2386 in

386 2423 650 2490 Domino,
701 2437 754 2480 et
799 2425 849 2479 in
898 2427 1134 2496 potentia
1176 2426 1436 2480 claritatis
1468 2425 1585 2494 ejus
1617 2424 1859 2497 (Ephes.,
1893 2427 1988 2496 vr).

391 2517 658 2573 Rabetote
698 2517 912 2572 interim
957 2521 1056 2572 ista
1085 2519 1153 2576 ad
1180 2517 1489 2587 suffragium
1533 2530 1801 2583 vestrum,
1832 2533 1994 2588 apos-

390 2611 549 2668 tolica
600 2612 915 2666 auctoritate
959 2611 1174 2666 decreta
1215 2628 1229 2664 :
1286 2621 1340 2666 et
1383 2611 1576 2666 scitote
1646 2625 1743 2665 nos
1781 2626 1995 2680 semper

391 2716 614 2778 paratos
657 2705 859 2761 habere
889 2706 1049 2760 etiam
1102 2707 1167 2777 (si
1216 2720 1438 2760 necesse
1482 2704 1664 2771 fuerit)
1713 2717 1884 2774 usque
1927 2703 1994 2757 ad

392 2813 656 2862 mortem,
708 2802 776 2856 ad
821 2817 1175 2871 quaecumque
1237 2800 1391 2855 vobis
1444 2799 1744 2855 necessaria
1799 2797 1994 2854 fuerint

396 2895 650 2967 (Dotuiuo
679 2910 834 2965 opem
869 2893 1097 2964 ferente)
1130 2892 1475 2964 perficienda.
1512 2893 1587 2946 llli
1622 2903 1797 2946 tamen
1821 2933 1833 2955 ,
1868 2905 1987 2945 auc-

393 2996 514 3041 tore
548 2988 656 3042 Deo
677 3030 692 3052 ,
741 2988 1024 3055 peribunt,
1056 2996 1111 3042 et
1140 3002 1235 3040 vos
1263 2986 1504 3051 stabilis,
1538 2986 1584 3040 si
1626 2997 1801 3039 taumu
1841 2985 1996 3038 lnbOl‘

394 3091 578 3134 vester
609 3095 714 3134 non
745 3079 900 3134 fuerit
935 3081 1130 3145 inanis,
1164 3080 1258 3134 sed
1285 3079 1474 3148 plenus
1500 3078 1604 3135 fide
1628 3087 1684 3134 et
1710 3077 1994 3133 charitate.

406 3170 531 3238 ναξ,
564 3172 735 3241 inquit
771 3173 1029 3241 pmpheta
1051 3214 1065 3238 ,
1097 3173 1183 3242 qui
1211 3183 1385 3239 potum
1416 3173 1503 3225 dat
1528 3173 1691 3225 amico
1716 3189 1809 3227 suo
1831 3213 1843 3234 ,
1880 3173 1998 3226 mit-

399 3279 507 3321 tens
549 3267 618 3336 fel
644 3284 793 3320 suum
818 3266 1068 3331 (Habac.,
1101 3265 1183 3337 ll).
1216 3268 1283 3320 Et
1330 3268 1525 3321 iterum
1574 3267 2002 3335 sapientissimus
2030 3252 2074 3314 (Σ

396 3360 652 3414 Salomon
681 3361 756 3413 ait
799 3358 954 3433 (Ηωο
990 3362 1165 3413 eodem
1196 3360 1248 3412 in
1277 3377 1359 3427 ep.
1392 3358 1586 3414 Felicis
1612 3378 1670 3425 lt,
1702 3361 1770 3414 ad
1796 3359 2003 3432 rEgyp-

396 3449 515 3521 tios)
547 3467 566 3503 :
590 3449 691 3515 Qui
717 3451 943 3514 loquitur
974 3452 1148 3522 iniqua
1192 3467 1292 3504 non
1327 3461 1489 3520 potest
1519 3452 1708 3516 latere,
1743 3469 1832 3506 nec
1871 3469 2002 3522 prte-

401 3547 541 3600 teriet
567 3546 713 3600 illum
743 3547 1023 3612 corripiens
1046 3547 1327 3617 judicium.
1363 3545 1428 3599 In
1465 3548 1852 3617 cogitationibus
1882 3565 2003 3620 ergo

398 3641 546 3706 impii
577 3641 906 3709 interrogatio
946 3642 1062 3693 erit.
1095 3638 1400 3694 Sermonum
1431 3652 1600 3693 autem
1639 3642 1778 3695 illius
1806 3643 2004 3696 auditio

403 3731 472 3784 ad
503 3730 782 3784 Dominum
812 3733 1085 3801 perveniet,
1121 3741 1167 3786 et
1193 3734 1259 3785 ad
1285 3736 1651 3803 correptionem
1674 3735 2004 3805 iniquitalum

399 3824 562 3876 illius.
601 3823 857 3886 Quoniam
903 3824 1043 3876 auris
1089 3825 1185 3878 zeli
1232 3826 1375 3878 audit
1424 3827 1626 3892 omnia,
1676 3839 1720 3880 ct
1757 3830 2005 3882 tumultus

402 3916 867 3969 murmurationum
895 3933 994 3968 non
1025 3915 1381 3972 abscondctur.
1417 3918 1594 3990 (Sap.,
1627 3918 1689 3990 ι).
1723 3920 1844 3975 Hmc
1861 3923 2004 3977 enim

400 4009 448 4064 si
498 4008 748 4078 amplecti
804 4009 1101 4064 voluissent
1155 4011 1373 4079 proprio
1424 4022 1476 4066 et
1525 4027 1657 4066 sano
1683 4029 1882 4081 sensu,
1939 4015 2004 4070 ad

403 4105 694 4172 reprobum
741 4118 955 4156 sensum
1006 4103 1221 4156 minime
1255 4105 1561 4159 laberentur
1595 4125 1607 4159 :
1646 4109 1737 4161 sed
1784 4124 1878 4177 per
1914 4110 2004 4164 Dei

404 4199 657 4253 timorem
689 4212 1000 4252 sermonum
1029 4213 1249 4255 suorum
1279 4214 1646 4268 prmcavcntes
1667 4203 1965 4256 custodiam
1990 4247 2003 4268 ,

405 4291 549 4360 piam
591 4301 897 4344 sanctorum
943 4302 1152 4360 patrum
1194 4291 1571 4347 diffinitionem
1615 4295 1732 4348 sine
1776 4296 2006 4364 quadam

408 4385 717 4439 nocumenti
743 4385 1182 4453 praesumptione,
1210 4384 1394 4453 utique
1415 4399 1825 4440 conservassem
1867 4387 2007 4454 Quo-

410 4476 555 4531 niam
579 4478 706 4532 dicit
724 4493 936 4531 sacrum
965 4477 1238 4547 eloquium
1258 4496 1269 4531 :
1290 4476 1573 4531 Consilium
1593 4480 1778 4533 bonum
1801 4497 2006 4535 conser-

407 4574 544 4628 vabit
574 4582 641 4636 te,
670 4581 716 4625 el
737 4587 876 4625 mens
899 4569 1029 4623 bona
1050 4572 1294 4625 custodiet
1317 4581 1362 4625 te
1383 4571 1594 4645 (l’rov.,
1619 4572 1702 4644 ιι).
1727 4574 1841 4627 Non
1865 4576 2007 4630 enim

2101 555 2259 626 quela
2286 556 2480 625 linguae
2501 554 2738 610 hominis
2760 564 2786 591 ει
2818 569 2978 610 casus
3008 554 3152 608 illius
3180 562 3284 610 est.
3309 552 3547 623 Ideoque
3570 565 3710 606 con-

2102 648 2329 702 veniens
2361 657 2471 710 est,
2508 646 2647 700 hanc
2676 646 2893 716 quidem
2925 644 3291 701 ostensionem
3325 641 3714 715 reprehensio-

2105 755 2232 794 num
2271 738 2481 793 tllnrum
2515 739 2714 794 nostris
2742 738 2951 794 actibus
2993 739 3181 802 inseri,
3227 752 3297 792 ne
3339 738 3564 792 ulterius
3590 736 3710 806 jam

2109 833 2230 886 talia
2264 831 2562 899 patiamini,
2593 832 2984 888 seminantibus
3012 831 3091 886 eis
3121 831 3324 885 zizania
3350 841 3403 884 et
3421 829 3708 892 smndala,

2101 924 2195 980 sed
2234 925 2402 980 laetari
2444 925 2732 980 intomciis
2770 935 2825 981 et
2865 924 3205 995 dogmatibus
3249 922 3445 978 vestris
3487 936 3710 977 merea-

2102 1015 2256 1070 mini.
2289 1015 2456 1086 Igitur
2495 1017 2854 1079 erubescant,
2897 1031 2959 1071 ac
2990 1016 3115 1070 talia
3147 1023 3203 1071 et
3241 1015 3548 1083 hujusmodi
3589 1013 3714 1068 ωε.

2099 1108 2402 1177 sphemiam
2453 1109 2774 1164 subtrahere
2818 1110 3098 1171 festinent,
3137 1109 3182 1163 si
3227 1107 3498 1162 uoluerint
3540 1121 3570 1159 a
3614 1120 3712 1160 sa-

2100 1201 2363 1255 cerdotali
2431 1211 2617 1256 nostro
2679 1197 2910 1273 collegio
2976 1201 3276 1272 segregati,
3343 1211 3397 1254 et
3452 1215 3481 1252 a
3538 1199 3713 1253 totius

2101 1291 2380 1346 christiani
2423 1293 2602 1363 p0puli
2647 1294 2904 1348 societate
2932 1292 3138 1347 divelli.
3168 1291 3317 1346 Licet
3363 1305 3596 1360 namque
3641 1289 3713 1344 de

2103 1380 2185 1436 his
2233 1384 2381 1453 plura
2426 1393 2481 1439 et
2524 1400 2620 1453 per
2663 1386 3004 1451 necessaria,
3034 1401 3152 1454 quas
3197 1384 3250 1438 in
3293 1382 3526 1437 decretis
3560 1382 3713 1438 sedis

2100 1477 2413 1544 apostolicae
2453 1484 2507 1531 et
2536 1477 2604 1530 ab
2635 1478 2894 1546 apostolis
2929 1491 3223 1546 eorumque
3260 1473 3708 1539 successoribus,

2100 1571 2298 1625 nostris
2315 1569 2564 1626 videlicet
2583 1569 3090 1639 prmdecesstiribus,
3114 1577 3311 1622 Statuta
3330 1566 3707 1632 inveniuntur,

2098 1659 2281 1715 dicere
2329 1672 2383 1716 et
2427 1661 2773 1716 conscribere
2830 1661 3229 1732 potuissemus,
3278 1667 3460 1712 tamen
3511 1657 3713 1712 melius

2100 1754 2256 1808 nobis
2300 1757 2470 1809 visum
2514 1764 2628 1818 est,
2670 1764 2727 1808 ut
2758 1754 3041 1826 epistolam
3080 1753 3327 1808 oratione
3368 1751 3711 1826 claudamus.

2024 1861 2072 1922 Β
2099 1846 2242 1901 Deus
2265 1848 2605 1917 onmipotens
2619 1857 2674 1902 et
2695 1824 2854 1916 hujus
2872 1847 3174 1917 unigenitus
3189 1845 3376 1910 Filius,
3397 1855 3454 1899 et
3469 1824 3715 1901 salvitor

2095 1947 2278 1992 noster
2307 1936 2554 2007 Christus
2599 1937 2700 1992 hoc
2738 1939 2888 1993 vobis
2929 1938 3131 1992 tribuat
3162 1937 3610 1997 incitamentum,
3650 1945 3709 1990 ut

2095 2031 2343 2086 omnibus
2374 2031 2627 2086 fratribus
2657 2040 2711 2087 et
2732 2031 3072 2101 coepisc0pis
3101 2030 3323 2094 nostris,
3354 2030 3711 2099 quibuscum-

2096 2141 2202 2196 que
2256 2125 2698 2181 tribulationibus
2747 2126 3153 2191 laborantibus,
3206 2125 3333 2179 totis
3379 2125 3716 2179 succurratis

2097 2218 2306 2272 viribus
2328 2260 2342 2284 ,
2381 2229 2436 2274 et
2477 2234 2600 2272 cum
2644 2220 2724 2273 eis
2754 2219 3180 2288 compatieutes,
3213 2231 3432 2272 crucem
3464 2217 3713 2286 ejusdem

2100 2313 2311 2366 Domini
2342 2312 2648 2368 Salvatoris
2707 2314 2933 2382 portetis
2955 2356 2970 2378 ,
3013 2323 3070 2366 ut
3103 2313 3214 2367 veri
3260 2313 3430 2382 ipsius
3460 2311 3716 2382 discipuli

2098 2419 2281 2459 coram
2307 2406 2558 2458 omnibus
2581 2407 2908 2474 appareatis,
2938 2415 2993 2458 ut
3016 2417 3069 2459 et
3092 2405 3207 2471 vos,
3233 2415 3288 2458 et
3312 2405 3401 2474 qui
3430 2403 3714 2459 vobiscum

2099 2507 2248 2562 sunt,
2278 2497 2362 2551 hic
2385 2508 2440 2552 et
2468 2498 2519 2551 in
2550 2497 2731 2552 futuro
2755 2498 2976 2552 meliora
3020 2496 3363 2568 possideatis,
3391 2513 3507 2566 qua
3533 2498 3718 2550 oculus

2098 2605 2200 2642 non
2225 2590 2373 2653 vidit,
2396 2605 2486 2642 nec
2511 2590 2655 2642 auris
2677 2590 2894 2653 audivit,
2921 2605 3012 2642 nec
3028 2587 3082 2641 in
3100 2605 3185 2642 cor
3207 2589 3431 2641 hominis
3458 2589 3714 2651 ascendit,

2097 2700 2211 2754 qua?
2228 2685 2523 2753 preparavit
2547 2683 2681 2737 Deus
2712 2684 3041 2756 diligentibus
3062 2701 3113 2737 se
3133 2682 3174 2754 (Ι
3194 2679 3341 2746 Cor.,
3366 2681 3446 2752 tt).
3480 2683 3590 2740 Per
3613 2685 3720 2739 Do-

2101 2778 2302 2847 minum
2325 2786 2569 2832 nostrum
2585 2777 2768 2833 Jesum
2787 2778 3084 2842 Christum,
3107 2794 3200 2846 per
3221 2793 3378 2848 quem
3397 2788 3592 2832 etcum
3613 2794 3719 2848 quo

2099 2868 2450 2938 omnipotenti
2495 2871 2603 2922 Deo
2629 2871 2794 2939 gloria
2843 2871 2895 2923 iu
2929 2870 3122 2924 szecula
3151 2872 3499 2924 smeulornm.
3520 2858 3716 2925 Amen.

2101 2960 2295 3016 Valere
2328 2978 2424 3018 vos
2450 2973 2580 3033 opto
2600 3006 2615 3027 ,
2644 2963 2946 3016 charissitui
2978 2962 3192 3017 fratres.
3226 2963 3353 3016 Data
3378 2964 3570 3031 quinto
3600 2965 3720 3020 idus

2100 3053 2314 3123 augusti
2335 3095 2350 3120 ,
2393 3054 2620 3108 Claudio
2652 3064 2704 3110 et
2735 3054 2970 3109 Paterno
3003 3055 3135 3109 viris
3165 3054 3484 3109 clarissimis
3515 3070 3718 3111 consu-

2102 3144 2306 3200 laribus
2337 3152 2451 3215 (an.
2484 3146 2680 3201 Christi
2708 3145 2838 3210 269,
2869 3145 3106 3199 nandum
3141 3155 3352 3200 mortuo
3398 3146 3716 3219 Dionysio).

2677 3276 3017 3333 EPISTULA
3054 3277 3140 3332 Ill.

2534 3409 2601 3446 AD
2652 3408 2916 3447 BENIGNUII
2971 3407 3261 3447 EPISCOPUM
3271 3430 3284 3444 .

2178 3527 2217 3581 Ι.
2252 3525 2441 3579 Errant
2466 3528 2549 3596 qui
2588 3525 2637 3579 F
2639 3527 2783 3580 ilium
2814 3541 2928 3579 non
2957 3525 3127 3578 videre
3150 3524 3359 3581 Patrem
3382 3526 3716 3595 contendunt,

2107 3635 2164 3672 eo
2181 3619 2316 3688 quod
2341 3618 2500 3671 Deum
2525 3635 2671 3672 nemo
2699 3618 2821 3671 vidit
2845 3634 3102 3687 umquam.

2185 3711 2248 3765 ll.
2288 3709 2477 3764 Errant
2507 3711 2814 3780 affirmantes
2847 3707 2895 3761 F
2898 3711 3040 3762 ilium
3086 3710 3330 3764 minorem
3378 3710 3568 3780 Patre,
3602 3715 3722 3784 quia

2110 3801 2202 3856 ille
2223 3801 2509 3863 invisibilis,
2545 3799 2714 3854 Filius
2747 3817 2859 3854 vero
2885 3801 3116 3855 visibilis.

2185 3892 2528 3947 Dilectissimo
2551 3893 2701 3962 fratri
2721 3891 2948 3963 Benigno
2968 3894 3228 3964 episcopo,
3253 3893 3405 3948 Folia:
3426 3898 3716 3968 cpiscopus,

2110 3980 2164 4032 in
2191 3978 2413 4033 Domino
2437 3981 2675 4033 salutem.
2755 4028 2760 4034 .

2185 4114 2552 4182 Suscipientcs
2595 4112 2946 4168 fraternitatis
2979 4124 3082 4168 tua:
3110 4117 3364 4184 epistolas
3393 4118 3722 4189 (Zacharias,

2110 4226 2191 4280 ep.
2220 4210 2273 4278 ν)
2301 4251 2314 4272 ,
2346 4210 2540 4278 quibus
2588 4225 2671 4261 me
2712 4209 2982 4276 requisisti
3013 4224 3175 4278 super
3205 4211 3326 4265 tidei
3349 4213 3720 4277 documentis,

2111 4318 2231 4372 quae
2265 4303 2331 4355 ab
2355 4302 2478 4356 aliis
2503 4302 2839 4356 habebantur
2860 4303 3035 4364 aliter,
3061 4319 3219 4372 quam
3253 4317 3412 4358 recte
3441 4307 3562 4363 (idci
3592 4324 3722 4362 Cun-

2113 4398 2319 4450 tiueant
2342 4405 2701 4456 sacramenta,
2729 4407 2882 4464 prout
2921 4397 3181 4450 Dominus
3204 4398 3376 4460 dedit,
3413 4417 3508 4468 pro
3533 4403 3728 4458 frater»

2113 4491 2297 4544 uitatis
2328 4507 2515 4544 amore
2560 4491 2891 4559 respondere
2925 4506 3031 4543 non
3063 4492 3460 4548 resultaximns.
3496 4494 3726 4567 Semper

2114 4584 2259 4636 enim
2309 4582 2468 4636 dubia
2519 4591 2574 4636 et
2627 4582 2828 4650 majora
2885 4584 3127 4653 negotia,
3188 4588 3474 4639 terminum
3523 4589 3590 4641 ab
3622 4588 3725 4642 hac

411 4669 480 4723 de
509 4665 747 4720 fontibus
775 4663 1064 4717 salutiferis
1106 4663 1456 4732 spiritualiter
1491 4664 1556 4718 ad
1595 4667 2008 4736 acquisitionem
2037 4650 2087 4709 Ι)
2113 4687 2301 4730 sancta
2340 4676 2492 4742 sedc,
2526 4690 2554 4728 α
2585 4683 2828 4745 tempore
2870 4650 3236 4746 aptistolormn
3259 4721 3272 4740 ο
3326 4681 3415 4749 qui
3452 4696 3570 4736 eam
3609 4684 3724 4738 suis

412 4768 631 4814 aeterna:
661 4757 785 4821 vita:
814 4757 1115 4825 procedunt
1147 4759 1280 4811 tates
1312 4759 1680 4814 accusationes
1708 4773 1762 4814 et
1793 4760 2007 4816 detrac-

411 4855 621 4917 tiones,
667 4860 825 4920 atqnc
868 4851 990 4904 ideo
1041 4863 1414 4920 competenter
1452 4869 1548 4906 nos
1577 4856 1762 4910 heatns
1813 4855 2009 4910 Paulus

410 4945 687 5015 apOstulns
737 4944 1097 5012 praemunieus
1142 4946 1217 4996 ait
1250 4961 1263 4996 :
1296 4942 1416 4998 Non
1458 4945 1636 4998 debere
1676 4949 1792 5016 plus
1833 4966 2013 5020 sapere

407 5054 563 5108 quant
625 5049 819 5104 oportet
886 5052 1097 5106 sapere,
1161 5038 1249 5090 sed
1318 5053 1496 5106 sapere
1557 5038 1625 5092 ad
1692 5040 2010 5095 sobrietatem

408 5129 615 5204 (Rom,
648 5128 764 5201 xu),
808 5129 860 5182 in
901 5129 1217 5184 definitione
1259 5130 1472 5200 pietatis
1505 5133 1874 5202 perdurautes.
1907 5137 2009 5203 Qui

411 5224 554 5276 enim
584 5223 699 5276 haec
731 5233 1055 5291 przetereunl
1078 5266 1093 5289 ,
1133 5239 1238 5277 non
1279 5235 1482 5278 tauttnn
1515 5227 1624 5281 hesi
1672 5239 1827 5296 sunt,
1861 5229 2008 5285 deci-

412 5315 603 5370 dentes
643 5331 671 5368 a
720 5315 1164 5371 eorroboratione
1213 5334 1345 5381 sua,
1400 5321 1492 5374 sed
1537 5321 1856 5392 insipientia:
1897 5341 2008 5380 sua:

411 5410 816 5477 dereliquerunt
853 5410 1102 5464 domibus
1133 5414 1468 5480 memoriam,
1502 5425 1556 5469 ut
1580 5417 1630 5469 in
1663 5417 1776 5484 his,
1809 5420 1858 5472 in
1889 5421 2006 5490 qui-

409 5504 510 5562 bus
555 5514 940 5575 peccaveruut,
987 5506 1208 5562 minime
1247 5507 1414 5564 latere
1461 5510 1783 5579 potuissent.
1823 5510 2005 5569 Gloria

2113 4769 2455 4825 documentis
2485 4771 2875 4833 instruxerunt,
2920 4772 3167 4841 accipere
3197 4787 3622 4829 causam-erunt.
3657 4777 3728 4832 Et

2112 4864 2233 4920 ideo
2261 4876 2315 4919 tu
2345 4876 2491 4919 recte
2522 4865 2713 4924 fecisti.
2745 4864 2887 4934 quod
2920 4865 3079 4936 hujus
3105 4880 3304 4922 sancta:
3332 4869 3478 4924 sedis
3506 4873 3725 4927 consul-

2116 4959 2182 5013 tis
2209 4967 2261 5013 te
2310 4969 2642 5026 canterosque
2690 4959 2888 5012 firmari
2918 4968 2972 5014 et
3003 4961 3194 5015 instrui
3223 4961 3462 5017 voluisti.

2185 5052 2226 5107 l.
2258 5052 2710 5108 —Coutinebant
2757 5052 2900 5107 enim
2943 5053 3134 5110 littera:
3181 5065 3321 5120 time,
3379 5056 3723 5128 fratrumque

2120 5154 2352 5206 tuorum,
2395 5146 2536 5214 quod
2564 5145 2779 5214 quidam
2817 5145 3026 5208 dicunt,
3054 5144 3246 5201 Filium
3284 5163 3387 5202 non
3413 5163 3568 5216 posse
3592 5167 3724 5218 pro-

2119 5240 2232 5310 prie
2263 5239 2448 5293 videre
2495 5238 2739 5303 Patrem,
2769 5239 2890 5307 quia
2921 5241 3179 5306 scriptum
3226 5249 3309 5293 est
3343 5257 3355 5292 :
3392 5239 3552 5293 Deum
3583 5244 3715 5296 enim

2114 5347 2259 5385 nemo
2307 5331 2430 5383 vidit
2477 5346 2737 5399 umquam.
2775 5329 2840 5383 Et
2883 5330 2972 5383 alii
3007 5330 3210 5400 lingunt
3242 5348 3254 5382 :
3284 5331 3408 5385 ltleo
3435 5333 3611 5386 minor
3639 5345 3720 5388 est

2114 5424 2271 5477 Patre
2300 5423 2502 5489 Filius,
2531 5423 2782 5490 quoniam
2809 5421 2964 5476 Pater
2993 5422 3073 5476 illi
3100 5424 3325 5492 perhibet
3349 5425 3713 5480 testimonium.

2110 5515 2340 5585 Quidam
2378 5526 2556 5572 autem
2589 5514 2852 5588 garriunt,
2881 5515 3024 5586 quod
3059 5516 3178 5572 ideo
3209 5515 3367 5571 Patre
3399 5518 3577 5572 minor
3611 5531 3712 5590 est,

1647 5700 2028 5761 LECTIONES
2065 5701 2480 5762 VARIANTES.

471 5870 496 5898 α
531 5869 585 5919 In
612 5868 776 5933 lingua
801 5870 1184 5937 hominisﬂlabb.
