3950 6338
226 359 324 418 155

1397 355 1754 415 ΕΡΙΞΤΟΙΛΕ
1793 353 2025 413 ΒΙῘΒΙᾸΞ
2063 355 2418 424 ρυΛΤυυιι.

3454 354 3556 412 liii

231 476 348 548 quia
384 475 656 532 invisibilis
687 477 806 548 ipse
849 477 1040 532 dicitur
1077 480 1101 549 (
1132 476 1194 532 S.
1226 475 1408 540 Joan.,
1443 492 1488 539 l;
1519 476 1580 530 S.
1627 473 1839 538 Matth”
1870 483 1922 540 Α
1948 477 2082 548 quod
2125 475 2477 530 absconditum
2520 475 2620 543 fuit
2665 491 2697 530 a
2741 473 2945 529 saeculis
2983 484 3031 529 et
3070 491 3103 528 a
3145 473 3559 547 generationibus

234 586 378 636 xvu;
404 569 462 625 S.
489 569 690 636 Μαῖα,
713 588 808 636 Ix;
845 571 1082 637 S.Luc.,
1113 585 1203 635 ix;
1236 568 1423 635 lCor.,
1446 584 1538 634 tv;
1565 567 1764 634 Colos.,
1794 585 1844 631 t:

241 663 268 718 ι
302 663 458 728 Tim.,
498 663 602 733 ι),¹
630 663 809 718 Filius
856 679 988 719 vero
1042 662 1272 718 visibilis
1316 661 1716 731 comprobatur.
1778 661 1844 717 lli

156 801 159 806 λ
241 757 381 812 enim
407 758 718 827 ignorantes
741 757 1049 813 divinarum
1075 756 1470 826 Seriptuntrum
1490 765 1543 810 et
1571 756 1845 824 apostolo-

241 868 358 906 rum
430 853 568 920 jura,
641 869 706 906 ex
763 853 985 923 proprio
1029 859 1122 912 aut
1154 851 1461 906 adulterino
1509 865 1670 905 sensu
1722 850 1844 904 talia

242 945 537 1008 fabricant,
568 956 625 1000 et
664 947 931 1001 seducere
969 946 1131 1001 corda
1174 945 1408 1001 ﬁdelium
1461 956 1708 1016 quierunt
1738 944 1843 1016 (l).

241 1040 351 1096 Nos
376 1056 506 1095 vero
531 1041 600 1094 ad
625 1039 796 1110 ipsius
819 1039 983 1095 fontis
1012 1041 1273 1110 originem
1304 1039 1607 1102 redeamus,
1641 1055 1708 1094 ex
1737 1052 1844 1109 quo

245 1131 437 1187 Filium
490 1131 708 1186 Patrem
759 1148 975 1203 semper
1032 1133 1213 1188 videre
1269 1134 1505 1201 potuisse
1536 1131 1621 1186 vel
1662 1145 1842 1200 posse,

247 1227 671 1282 evidentioribus
695 1229 1017 1283 testimoniis
1049 1228 1253 1283 Veteris
1280 1228 1478 1283 etNovi
1511 1227 1844 1283 Testamenti

247 1321 434 1375 litteris
478 1321 743 1377 docemus
763 1365 778 1386 ,
804 1323 1096 1379 Salomone
1126 1323 1337 1378 dicente
1371 1339 1385 1376 :
1424 1321 1513 1376 Est
1542 1332 1703 1376 tecum
1754 1339 1842 1375 sa-

245 1416 464 1486 pientia,
513 1434 628 1488 quae
656 1419 794 1472 nouit
837 1435 994 1488 opera
1022 1432 1128 1482 tua,
1163 1434 1276 1489 quae
1298 1418 1465 1489 adfuit
1496 1417 1582 1470 tibi
1623 1433 1735 1469 eum
1765 1421 1847 1488 fa-

245 1527 379 1564 ceres
427 1513 604 1565 orbent
635 1522 909 1578 terrarum,
951 1524 996 1566 et
1037 1513 1148 1580 ipsa
1176 1511 1312 1566 novit
1337 1512 1460 1582 quid
1498 1511 1563 1565 sit
1601 1512 1844 1580 placitum

243 1619 413 1656 coram
426 1606 590 1658 oculis
613 1606 730 1659 tuis.
749 1605 814 1660 Et
831 1605 1084 1660 Dominus
1103 1606 1157 1660 in
1176 1605 1468 1676 Evangelio
1491 1624 1504 1657 :
1525 1603 1693 1657 Nemo
1708 1604 1846 1658 novit

242 1693 291 1748 Ρ
292 1696 437 1750 ilium
463 1698 566 1751 nisi
595 1696 774 1765 Pater,
805 1716 965 1762 neque
1000 1697 1202 1752 Patrem
1223 1699 1335 1765 quis
1356 1699 1494 1752 novit
1524 1698 1623 1751 nisi
1649 1695 1701 1750 Ρ
1703 1697 1839 1761 ilius,

237 1799 285 1842 et
310 1790 393 1843 cui
422 1791 640 1844 voluerit
661 1789 828 1845 Filius
861 1792 1093 1846 revelare.
1123 1792 1186 1848 Et
1218 1793 1408 1846 iterum
1439 1809 1452 1842 :
1484 1787 1647 1843 Nemo
1679 1787 1842 1842 Deam

1949 569 1968 640 (
1991 567 2244 639 Ibidem).
2287 568 2416 622 ltem
2454 567 2564 622 ibi:
2613 566 2679 622 Ut
2724 568 3052 623 consolentur
3096 569 3251 622 corda
3286 584 3461 622 eorum
3501 568 3557 620 in

1947 663 2219 722 cltaritate,
2252 663 2304 716 in
2331 679 2504 716 omnes
2529 662 2734 716 divitias
2755 663 3136 732 adimpletionis
3165 663 3472 727 intellectus,
3503 665 3558 716 in

1949 754 2257 823 agnitionem
2298 755 2552 824 mysterii,
2586 754 2722 823 quod
2761 765 2832 808 est
2875 751 3112 808 Christus
3137 796 3151 820 ,
3196 756 3248 808 in
3287 771 3387 824 quo
3436 764 3556 810 sunt

1948 862 2124 900 omnes
2162 847 2390 900 thesauri
2430 847 2701 915 sapientiae
2739 858 2788 900 et
2826 847 3055 900 scientize
3095 845 3382 900 absconditi
3421 845 3560 916 (Co.

1949 938 2096 999 loss.,
2128 970 2161 992 ,ι
2181 940 2224 1010 ).
2261 939 2325 993 Et
2353 941 2401 992 in
2435 941 2643 1008 psalmo
2669 955 2870 995 Lxxvt:
2900 937 2966 994 In
2994 941 3123 992 mari
3149 949 3224 993 est
3250 940 3330 994 via
3358 950 3447 995 tua
3466 982 3482 1008 ,
3511 950 3557 994 et

1964 1032 2142 1084 :emita:
2170 1044 2272 1085 tua:
2297 1032 2348 1085 in
2378 1033 2525 1101 aquis
2551 1032 2726 1086 multis
2743 1075 2757 1097 ,
2787 1043 2834 1087 et
2861 1033 3069 1104 vestigia
3099 1043 3186 1086 tua
3212 1049 3316 1087 non
3342 1049 3558 1106 cognos-

1947 1136 2145 1180 centur.
2179 1125 2244 1180 Et
2279 1127 2329 1179 in
2358 1126 2680 1182 Salomone:
2711 1126 3033 1196 Sapientiam
3069 1127 3161 1181 Dei
3190 1131 3556 1197 prlecedentem

1948 1219 2120 1270 omnia
2141 1259 2154 1281 ,
2186 1221 2298 1287 quis
2327 1219 2643 1289 investigabit
2688 1217 2895 1290 (Eccl.,
2929 1220 3020 1291 t)?
3064 1219 3197 1276 Item
3242 1221 3346 1276 ibi:
3383 1219 3557 1275 Radix

1946 1312 2212 1380 sapientiae
2237 1313 2319 1366 cui
2344 1316 2565 1366 revelata
2588 1313 2700 1367 est?
2731 1327 2777 1367 et
2803 1316 3022 1369 astutias
3049 1315 3188 1370 illius
3212 1317 3324 1386 quis
3351 1317 3558 1388 agnovit

1947 1402 2226 1475 (Ibidem)?
2250 1406 2376 1460 ltem
2398 1407 2466 1460 ibi
2489 1405 2808 1471 :Disciplina
2830 1408 3097 1476 sapientiae
3123 1409 3205 1461 cui
3232 1409 3557 1477 manifestata

1947 1507 2038 1562 est,
2066 1507 2112 1550 et
2159 1498 2636 1564 multiplicationem
2665 1499 2922 1568 ingressus
2966 1499 3106 1552 illius
3149 1500 3262 1570 quis
3307 1500 3557 1555 intellexit

1951 1589 2263 1662 (Ibidem)?
2309 1591 2441 1647 Item
2491 1593 2598 1647 ibi:
2645 1593 2902 1660 Quoniam
2943 1593 3198 1646 mirabilia
3244 1602 3360 1647 sunt
3401 1609 3558 1662 opera

1948 1684 2156 1739 Domini
2194 1686 2354 1740 solius
2375 1729 2389 1749 ,
2429 1697 2477 1740 et
2508 1688 2732 1756 gtoriosu
2764 1698 2808 1741 et
2839 1687 3086 1742 absconsa
3108 1730 3123 1754 ,
3159 1697 3205 1741 et
3235 1704 3390 1757 opera
3418 1687 3556 1743 illius

1945 1781 2108 1834 invisa
2137 1781 2424 1834 hominibus
2455 1781 2671 1853 (Eccl.,
2709 1781 2804 1854 ιι).
2841 1783 2978 1837 Ecce
3007 1783 3147 1836 sicut
3180 1782 3338 1836 Pater
3367 1783 3557 1836 invisi-

236 1881 357 1936 vidit
387 1899 658 1954 umquam,
707 1885 806 1939 nisi
852 1886 1144 1957 unigenitus
1172 1884 1358 1947 Filius,
1397 1885 1485 1956 qui
1519 1893 1591 1938 est
1623 1885 1673 1936 in
1723 1883 1833 1937 sinu

1945 1874 2068 1928 bilis
2091 1885 2204 1941 est,
2228 1875 2299 1929 ita
2329 1877 2489 1930 etiam
2516 1886 2569 1930 et
2597 1875 2764 1930 Filius
2791 1876 3086 1930 invenitur.
3115 1874 3400 1943 Quomodo
3425 1891 3557 1945 ergo

237 1972 430 2040 Patris,
447 1969 566 2049 ipse
594 1979 842 2034 narravit.
864 1978 932 2032 Et
958 1980 1148 2034 iterum
1176 1979 1376 2035 Judzeis
1397 1979 1530 2031 dixit
1558 1995 1572 2032 :
1611 1976 1708 2031 Vos
1737 1993 1839 2031 non

235 2071 392 2124 nostis
450 2088 566 2124 eum
595 2115 607 2133 ,
653 2090 744 2144 ego
783 2083 950 2126 autem
993 2075 1108 2127 novi
1152 2092 1290 2128 eum.
1341 2073 1492 2139 Quod
1523 2073 1566 2126 si
1620 2073 1836 2138 dixero,

233 2163 350 2227 quia
381 2179 485 2216 non
516 2165 810 2232 novieunt,
866 2182 951 2218 ero
997 2167 1176 2220 similis
1220 2168 1359 2220 vobis
1385 2207 1397 2225 .
1432 2166 1670 2220 mendax.
1707 2164 1838 2219 Item

231 2253 304 2310 ibi
337 2274 349 2308 :
384 2257 488 2322 Qui
512 2275 578 2311 ex
605 2257 716 2311 Deo
743 2270 834 2323 est,
866 2260 947 2313 hic
977 2261 1110 2313 novit
1151 2278 1264 2314 eum
1296 2277 1306 2312 :
1357 2261 1424 2315 Et
1452 2262 1644 2315 iterum
1678 2278 1692 2314 :
1726 2258 1839 2329 Ego

234 2350 344 2401 novi
367 2366 508 2415 eum,
533 2351 658 2418 quia
679 2350 742 2405 ab
763 2353 876 2420 ipso
897 2369 1028 2407 sum.
1057 2353 1198 2408 Ecce
1229 2354 1509 2408 docuimus
1539 2355 1660 2423 quia
1690 2351 1836 2406 videt

235 2456 446 2510 semper
480 2443 653 2497 Filius
685 2444 921 2500 Patrem.
947 2448 1229 2512 Quomodo
1265 2449 1553 2503 adstruunt
1581 2465 1703 2503 eum
1739 2449 1837 2502 Pa-

235 2541 364 2587 trem
389 2549 500 2589 non
535 2551 696 2605 posse
722 2538 906 2594 videre
927 2583 942 2604 ,
972 2541 1024 2595 in
1051 2539 1204 2609 cuius
1227 2539 1345 2594 sinu
1367 2542 1604 2596 noscitur
1631 2557 1840 2612 perma-

234 2627 395 2680 nere?
421 2626 480 2680 Si
509 2642 708 2682 sereno
739 2645 902 2686 sensu
934 2632 1144 2687 divinas
1188 2649 1474 2688 recenseas
1505 2633 1835 2703 Scripturas,

236 2717 472 2774 invenies
506 2735 612 2775 non
635 2722 810 2776 Solum
843 2724 1058 2779 Patrem
1088 2727 1227 2782 Filio
1252 2729 1618 2783 testimonium
1653 2730 1836 2799 perhi-

237 2811 470 2879 bentem,
515 2817 610 2868 sed
639 2825 806 2870 totam
849 2820 1011 2874 simul
1054 2822 1473 2890 inseparabilem
1517 2825 1832 2888 trinitatem,

235 2904 347 2974 ipsrt
376 2906 606 2961 Domino
651 2921 1009 2978 protestante,
1040 2914 1130 2982 qui
1156 2915 1228 2968 ait
1263 2958 1272 2967 .
1309 2913 1419 2985 Ego
1444 2934 1553 2968 sunt
1577 2920 1664 2985 qui
1699 2921 1839 2972 testi-

235 2997 450 3051 monium
497 3002 737 3070 perhibeo
759 3004 823 3056 de
844 3021 923 3058 me
947 3006 1076 3074 ipso,
1129 3017 1174 3059 et
1223 3007 1566 3060 testimonium
1610 3011 1838 3074 perhibet

236 3088 414 3154 deme,
445 3094 535 3160 qui
593 3096 734 3147 misit
796 3113 893 3160 me,
953 3095 1112 3150 Pater
1311 3097 1496 3164 Joan.,
1557 3099 1697 3168 vm).
1770 3103 1838 3158 Ει

236 3181 420 3237 iterum
454 3203 467 3237 :
497 3183 562 3240 Si
602 3203 695 3256 ego
727 3188 1070 3241 testimonium
1102 3189 1340 3258 perhibeo
1363 3190 1426 3242 de
1447 3192 1658 3259 nteipso,
1692 3195 1832 3246 testi—

1943 1968 2011 2021 ab
2043 1968 2148 2021 illis
2169 2009 2183 2031 ,
2216 1969 2306 2038 qui
2340 1968 2442 2023 hoc
2468 1969 2649 2023 dicunt
2683 1968 2823 2038 quod
2867 1968 3161 2022 mandastis
3182 2009 3196 2032 ,
3229 1968 3279 2022 in
3313 1981 3379 2022 eo
3407 1966 3552 2038 quod

1945 2061 2101 2115 nobis
2127 2062 2419 2116 carnaliter
2448 2076 2507 2115 se
2536 2060 2704 2119 videri
2733 2061 2985 2130 dignatus
3007 2070 3121 2123 est,
3148 2059 3310 2114 Patre
3333 2059 3558 2114 inferior

1939 2153 2254 2223 judicatnr?
2303 2153 2527 2208 Talibus
2575 2155 2742 2207 nolite
2784 2153 3011 2208 credere
3059 2168 3189 2219 vos,
3233 2162 3287 2207 et
3324 2153 3461 2207 alios
3491 2151 3559 2206 ah

1945 2260 2130 2300 eorum
2159 2261 2320 2301 sensu
2345 2258 2592 2301 avertere
2615 2247 2826 2301 docete.
2862 2245 2964 2298 Vos
2989 2263 3109 2316 ergo
3133 2248 3315 2301 servile
3339 2246 3557 2301 Domino

1945 2339 1996 2393 in
2029 2341 2207 2394 timore
2227 2385 2238 2403 ,
2274 2350 2318 2393 et
2349 2341 2576 2395 exultate
2628 2343 2674 2395 ei
2703 2358 2818 2394 cum
2850 2353 3065 2396 tremore
3096 2340 3282 2412 (Psal.
3314 2339 3410 2412 tt).
3446 2343 3556 2414 Ap-

1945 2435 2244 2505 preltendite
2272 2435 2636 2505 disciplinam,
2673 2453 2736 2490 ne
2765 2437 2979 2506 pereatis
3019 2437 3082 2490 de
3121 2438 3202 2489 via
3233 2437 3398 2506 justa.
3433 2437 3558 2492 Hinc

1943 2541 2075 2581 vero
2107 2525 2251 2598 (94,
2285 2545 2337 2598 q.
2372 2530 2425 2582 l.
2465 2531 2503 2580 Α
2545 2510 2685 2581 recta
2725 2544 2844 2597 ergo
2886 2526 3023 2597 ﬁde)
3065 2527 3434 2596 apostolorum
3476 2538 3561 2584 est

1944 2620 2062 2672 viva
2097 2619 2333 2685 traditio,
2360 2620 2478 2674 Ιιιιιο
2502 2636 2623 2675 vera
2647 2621 2903 2682 Charitas,
2936 2636 3055 2691 quae
3086 2620 3426 2688 prazdicanda
3452 2633 3556 2686 est,

1943 2727 2007 2766 ac
2039 2713 2309 2768 veraciter
2336 2713 2606 2784 diligenda
2640 2731 2703 2768 ac
2733 2713 2965 2769 fovenda
2986 2757 2999 2778 ,
3037 2724 3196 2784 atque
3237 2714 3557 2770 liducialiter

1944 2805 2014 2858 ab
2041 2804 2297 2860 omnibus
2330 2808 2584 2860 tenenda.
2617 2806 2744 2861 llzec
2769 2818 2951 2861 sancta
2982 2805 3037 2861 c't
3062 2807 3356 2874 apostolica
3387 2818 3561 2862 mater

1944 2897 2184 2952 omnium
2216 2898 2570 2954 ecclesiarum
2606 2899 2806 2972 (Agath
2859 2917 2942 2967 ep.
2971 2902 3038 2952 ad
3063 2899 3238 2954 Const.
3268 2899 3431 2968 Imp.,
3452 2909 3555 2954 act.

1943 3007 2018 3044 tv.
2050 3007 2194 3044 conc.
2230 3008 2280 3045 γι
2310 2991 2664 3062 wcnmenici),
2716 2991 2917 3047 Christi
2963 2993 3235 3054 Ecclesia,
3290 3007 3409 3062 qua:
3461 3008 3558 3063 per

1946 3084 2035 3138 Dei
2068 3086 2456 3154 omnipotentis
2488 3087 2718 3156 gratiam
2740 3129 2753 3152 ,
2790 3103 2818 3140 a
2855 3088 3068 3141 tramite
3103 3087 3418 3157 apostolica:
3450 3096 3557 3141 tra-

1942 3175 2162 3230 ditionis
2193 3193 2484 3248 numquam
2510 3193 2726 3233 errasse
2761 3181 3039 3248 probatur,
3067 3196 3163 3234 nec
3190 3180 3258 3234 ab
3287 3180 3557 3234 lucreticis

238 3277 453 3329 monium
485 3295 657 3333 meum
710 3297 882 3335 verum
912 3285 1143 3352 ea,un
1172 3285 1276 3337 εείο
1308 3285 1445 3337 unde
1471 3286 1630 3351 venio,
1663 3297 1710 3340 ει
1738 3304 1840 3357 quo
1867 3285 1911 3347 ρ
1949 3271 2277 3324 novitatibus
2303 3272 2650 3340 depravanda
2679 3273 3002 3339 succubuit,
3033 3274 3129 3330 sed
3163 3284 3220 3328 ut
3249 3274 3299 3328 in
3332 3275 3558 3330 exordio

237 3371 356 3424 vado
395 3371 664 3446 (Ibidem).
714 3377 779 3430 Et
824 3377 892 3432 de
920 3377 1122 3445 Spiritu
1174 3381 1419 3437 Sancto:
1469 3381 1596 3436 Cum
1645 3386 1834 3437 venerit

239 3462 531 3522 Paracletus
549 3470 766 3540 spiritus
787 3473 1032 3538 veritatis,
1063 3473 1152 3528 ille
1181 3478 1522 3530 testimonium
1555 3477 1834 3545 perhibebit

238 3559 295 3612 de
318 3579 391 3615 me
419 3563 626 3632 (Joan.,
665 3569 789 3634 xv).
829 3564 1067 3634 Intende,
1097 3586 1290 3640 quaeso,
1321 3571 1526 3624 intende
1568 3573 1830 3642 quoniam,

237 3651 281 3704 in
305 3655 479 3723 quibus
510 3674 614 3709 una
636 3658 1010 3726 testiﬁcationis
1030 3663 1187 3714 virtus
1214 3664 1531 3731 ostenditur,
1565 3665 1741 3720 nullus
1769 3667 1832 3719 ab

235 3750 327 3802 alio
349 3768 505 3821 neque
532 3753 707 3822 potior
734 3771 894 3823 neque
911 3755 1124 3823 inferior
1137 3757 1427 3825 judicatur.

299 3841 650 3912 [Ir—Saepius
681 3845 778 3898 ista
797 3845 900 3913 iam
915 3846 1169 3910 diximus,
1186 3848 1306 3916 quia
1326 3851 1622 3903 secundum
1641 3849 1719 3924 (9.)
1738 3850 1830 3905 ho—

233 3940 380 3994 minis
418 3941 649 3994 l'ormam
680 3939 848 3993 Filius
874 3941 1105 3995 visibilis
1132 3943 1348 4003 dicitur,
1379 3944 1672 3997 secundum
1705 3960 1829 4000 vero

233 4031 436 4086 dcit-itis
467 4033 826 4087 substantiam
863 4033 1147 4088 invisibilis
1178 4035 1516 4102 praedicatur,
1554 4035 1721 4091 Paulo
1751 4048 1832 4093 at-

235 4134 452 4179 testante
475 4127 760 4195 apostolo:
784 4127 827 4179 0
844 4126 1083 4191 altitudo,
1103 4129 1298 4197 inquit,
1319 4129 1609 4183 divitiarum
1628 4133 1804 4201 sapien
1818 4162 1831 4172 -

234 4219 309 4272 tia:
335 4231 379 4272 et
406 4220 634 4273 scientia:
660 4219 752 4273 Dei
768 4220 788 4273 .'
809 4236 959 4289 quam
990 4222 1516 4290 incomprehensibilia
1545 4236 1662 4278 sunt
1682 4227 1830 4294 judi-

233 4314 304 4364 cia
331 4317 466 4383 ejus,
503 4326 550 4366 et
583 4315 959 4383 ittvestigabiles
990 4317 1084 4368 via:
1111 4319 1218 4386 ejus
1253 4317 1268 4388 (
1295 4318 1470 4378 Rom..
1511 4318 1602 4387 xl)
1628 4322 1638 4373 l
1679 4321 1744 4374 Et
1775 4323 1826 4375 in

232 4405 385 4459 lsoia:
421 4406 516 4461 Cui
548 4409 767 4460 similent
796 4410 1058 4464 aestimatis
1088 4427 1200 4462 enm
1221 4453 1234 4475 ,
1268 4428 1382 4464 cum
1412 4415 1475 4466 sit
1507 4416 1614 4483 ipse
1644 4415 1824 4467 invisi-

234 4502 335 4554 bilis
366 4501 385 4574 (
412 4501 537 4555 lsai.
565 4546 577 4560 .
619 4518 687 4555 ιιι,
712 4502 766 4572 )‘l
799 4503 866 4556 Et
919 4504 1044 4557 item
1100 4506 1394 4574 Apostolus
1440 4526 1450 4560 :
1492 4508 1625 4561 illi/ti
1656 4521 1826 4563 autent

232 4596 426 4647 minimo
456 4595 683 4647 omnium
715 4608 1010 4649 sanctorum
1040 4598 1160 4649 data
1191 4609 1261 4650 est
1290 4604 1455 4669 gratia
1489 4603 1596 4655 haec
1625 4603 1676 4655 in
1702 4621 1823 4672 gen-

1941 3381 2188 3421 normam
2218 3368 2339 3421 lidci
2368 3368 2680 3423 christiana:
2708 3370 2952 3438 percepit
2981 3370 3050 3424 ab
3078 3371 3392 3424 auctoribus
3417 3371 3550 3436 suis,

1939 3462 2308 3529 apostolorum
2339 3459 2540 3516 ChriSti
2585 3462 2956 3531 principibus,
3002 3462 3207 3517 illibata
3251 3463 3356 3516 line
3398 3473 3555 3516 tenus

1937 3564 2155 3616 manet,
2188 3555 2488 3611 secundum
2527 3557 2695 3626 ipsius
2730 3557 2940 3610 Domini
2974 3555 3269 3610 Salvatoris
3312 3555 3550 3611 divinam

1939 3650 2382 3718 pollicitationem
2408 3693 2423 3717 ,
2455 3651 2544 3719 qui
2575 3660 2796 3705 Suorum
2825 3649 3210 3719 discipulorum
3242 3651 3465 3720 principi
3499 3649 3550 3704 in

1938 3745 2048 3799 suis
2077 3744 2216 3797 latus
2245 3755 2329 3798 est
2354 3744 2682 3813 evangeliis:
2713 3743 2868 3797 Petre
2889 3786 2903 3806 ,
2936 3744 3182 3814 inquiens
3205 3787 3217 3808 ,
3250 3761 3364 3798 ecce
3392 3743 3550 3799 Sata-

1938 3854 2030 3890 nas
2058 3838 2295 3907 errpetivit
2340 3847 2389 3890 ut
2421 3837 2665 3890 cribraret
2693 3853 2799 3902 vos,
2826 3838 2954 3889 sicut
2976 3843 3060 3906 qui
3085 3838 3271 3890 cribrat
3298 3839 3544 3893 triticum.

1939 3931 2051 4001 Ego
2081 3941 2246 3985 autent
2279 3947 2369 3995 pro
2403 3939 2449 3983 te
2477 3930 2688 4000 rogavi,
2722 3940 2777 3982 ut
2809 3946 2911 3983 non
2945 3930 3152 3996 deﬁciat
3184 3932 3310 3998 ﬁdes
3338 3942 3464 3996 tua;
3497 3944 3545 3985 et

1937 4038 1991 4080 ttt
2012 4025 2291 4094 aliquando
2317 4039 2608 4087 conversus,
2634 4025 2884 4090 con/irata
2908 4026 3093 4094 fratres
3120 4033 3232 4077 tuos
3262 4025 3278 4092 (
3302 4023 3340 4078 S
3390 4023 3546 4092 Luc.,

1938 4138 2056 4177 xxn
2078 4121 2116 4188 ).
2141 4119 2464 4173 (lonsidcret
2497 4119 2677 4187 itaque
2709 4127 2886 4171 vestra
2921 4118 3195 4172 excellens
3227 4119 3507 4187 prudentia
3533 4164 3546 4183 ,

1937 4231 2097 4286 quam
2143 4214 2344 4268 bonum
2390 4214 2462 4266 sit
2504 4215 2799 4283 persistere
2845 4213 2897 4266 in
2945 4212 3353 4283 dispensatione
3399 4213 3552 4268 vobis

1934 4308 2136 4361 credita
2159 4348 2173 4370 ,
2206 4316 2260 4359 et
2293 4307 2340 4358 in
2378 4305 2481 4359 lide
2514 4314 2693 4367 recta,
2727 4315 2887 4375 atque
2937 4305 3205 4359 lucreticis
3242 4316 3293 4360 ct
3337 4306 3548 4360 tumulis

1935 4397 2136 4453 Christi
2179 4413 2514 4468 repugnare,
2548 4408 2599 4453 et
2638 4413 2930 4468 numquam
2975 4414 3003 4451 a
3046 4399 3289 4454 veritatis
3335 4402 3547 4455 tramite

1935 4493 2232 4546 declinare.
2285 4491 2549 4556 Quoniam
2599 4492 2857 4545 Dominus
2896 4501 2950 4546 et
2986 4491 3232 4547 Salvator
3261 4497 3498 4547 omnium
3528 4535 3542 4558 ,

1933 4588 2087 4658 cujus
2118 4587 2250 4641 lides
2278 4596 2391 4650 est,
2424 4586 2511 4654 qui
2548 4603 2644 4653 pro
2673 4586 2827 4641 nobis
2857 4585 2992 4639 mori
3027 4601 3132 4639 non
3162 4585 3457 4650 dubitavit,
3490 4598 3547 4642 et

233 4687 378 4750 tibus,
411 4690 758 4758 euangelizare
788 4691 1157 4760 investit/abitas
1188 4692 1391 4747 divitias
1420 4693 1642 4757 Christi,
1685 4707 1732 4748 et
1763 4698 1825 4750 il-
1853 4709 1902 4769 ι)
1929 4683 2151 4754 ΡΠΨΓῘΟ
2180 4697 2278 4734 “"5
2309 4695 2408 4735 δυο
2439 4679 2668 4735 "idem"
2699 4682 2960 4751 sanguil'e
2981 4725 2994 4744 ι
3030 4681 3191 4735 ﬁdem
3225 4682 3363 4736 beati
3400 4683 3545 4738 Ρθίνί

235 4782 468 4836 luminare
497 4799 700 4847 omnes,
734 4799 850 4852 qua:
877 4785 941 4836 sit
972 4785 1237 4854 dispositio
1268 4789 1573 4841 sacramenti
1611 4789 1824 4844 abscon-

235 4874 314 4926 diti
343 4893 370 4928 a
399 4878 630 4936 saeculis.
663 4879 716 4928 in
748 4876 933 4946 quibus
973 4881 1143 4931 omnia
1175 4883 1360 4932 creavit
1392 4881 1410 4953 (
1439 4880 1658 4950 Ephes.,
1697 4899 1752 4937 nt

237 4964 352 5020 item
385 4969 496 5036 ipse
519 4989 530 5000 ·
569 4970 671 5036 Qui
698 4980 790 5033 est,
822 4972 919 5033 ait,
950 4972 1117 5041 imago
1144 4973 1237 5025 Dei
1261 4973 1531 5028 invisibilis
1558 4977 1576 5047 (
1599 4975 1820 5042 Coloss.,

332 5061 392 5115 Et
416 5061 477 5116 ad
503 5061 862 5118 Colossenses
881 5061 1035 5133 abigo
1067 5062 1264 5118 Paulus
1293 5067 1542 5131 minister,
1570 5070 1658 5139 qui
1688 5087 1824 5122 nunc

237 5156 413 5223 gaudeo
439 5157 487 5208 in
519 5159 844 5224 passionibtts
888 5158 1012 5210 meis
1054 5175 1145 5226 pro
1175 5159 1342 5224 vobis,
1388 5168 1434 5211 et
1464 5162 1677 5231 suppleo
1709 5177 1822 5230 qua:

237 5249 399 5301 desunt
430 5251 809 5308 tribulationum
842 5249 1040 5304 Christi
1077 5253 1129 5304 in
1158 5269 1310 5305 carne
1339 5269 1449 5305 utea
1482 5271 1576 5322 pro
1607 5272 1822 5324 corpore

239 5343 360 5408 ejus,
392 5345 519 5412 quod
545 5359 614 5399 est
645 5347 889 5401 Ecclesia
910 5387 922 5409 ,
957 5345 1104 5412 cujus
1135 5351 1299 5415 [actus
1327 5365 1441 5400 sum
1472 5365 1563 5418 ego
1593 5351 1820 5405 minister

238 5440 488 5491 secundum
529 5442 966 5512 dispensationem
1002 5440 1092 5494 Dei
1122 5443 1172 5495 in
1219 5445 1552 5498 ministerium
1594 5447 1817 5516 Christi,

301 5597 581 5680 (l_)AVit|.e‘sis
609 5606 804 5662 lthacii
843 5602 984 5680 adv._
1012 5601 1356 5680 varimadum
1384 5605 1663 5672 Arianmn,
1698 5624 1817 5680 cap.

239 5666 418 5806 13.13%
467 5672 544 5745 20,
575 5691 898 5749 eorumque
951 5674 1358 5748 litulos,atqtte
1405 5682 1528 5735 inde
1573 5666 1822 5736 fraudein

297 5760 307 5790 ι
359 5759 378 5796 s
411 5761 455 5799 (ε.

241 5813 365 5946 μβ)
390 5815 550 5879 ltltacii
577 5843 700 5902 cap.
745 5823 857 5892 20,
893 5835 1006 5893 quo
1046 5822 1375 5881 mentionem
1409 5823 1522 5880 ﬁeri
1554 5826 1703 5883 vides
1735 5843 1825 5882 su-

323 5905 484 5946 ισιιιιιιι.

323 5905 484 5946 l‘lfllfll.

1931 4792 2038 4830 non
2083 4773 2416 4830 defecturam
2461 4776 2741 4844 promisit,
2771 4787 2824 4830 et
2850 4776 3174 4830 conﬁrmare
3201 4793 3324 4831 eum
3355 4778 3547 4834 fratres

1928 4884 2057 4923 suos
2098 4867 2378 4922 admonuit
2419 4887 2431 4922 :
2478 4866 2621 4937 quod
2669 4867 2995 4936 apostolicos
3044 4868 3358 4936 pontilices,
3408 4887 3542 4925 luem

1928 4960 2234 5029 exiguitatis
2281 4960 2744 5029 pra-decessores,
2776 4960 3111 5015 coutidcntcr
3146 4963 3367 5028 iecisse,
3401 4979 3544 5018 sem-
3607 4994 3610 4996 -

1931 5073 2027 5126 per
2051 5055 2264 5110 eunetis
2294 5065 2377 5109 est
2403 5057 2701 5124 cognitum.
2734 5056 2977 5121 Quorum
3006 5068 3058 5110 et
3089 5059 3357 5125 pusillitas
3384 5076 3504 5115 mea
3525 5106 3537 5124 ,

1926 5152 2051 5207 licet
2083 5155 2254 5220 impar
2280 5162 2335 5206 et
2362 5150 2602 5216 minima,
2639 5168 2734 5219 pro
2760 5162 3013 5220 suscepto
3037 5163 3214 5208 tamen
3250 5156 3428 5209 divina
3461 5157 3540 5210 di-

1924 5248 2180 5316 gnatione
2222 5247 2556 5309 ministerio,
2608 5246 2894 5316 pedisequa
2939 5251 3088 5318 cupit
3134 5249 3390 5303 existere.
3450 5252 3538 5304 για

1926 5343 2068 5397 enim
2100 5341 2254 5395 nobis
2280 5343 2418 5405 erit,
2448 5343 2537 5409 qui
2567 5341 2725 5409 hujus
2749 5342 3030 5395 ministerii
3061 5360 3195 5397 onus
3224 5353 3534 5414 susceptum

1928 5437 2208 5497 habemus,
2239 5437 2284 5490 si
2317 5438 2596 5489 veritatem
2626 5435 2924 5489 Salvatoris
2956 5437 3121 5489 nostri
3150 5436 3276 5489 Jesu
3308 5435 3541 5502 Christi,

1927 5546 2087 5600 quam
2133 5529 2362 5599 apostoli
2409 5528 2880 5598 prtudicaverunt,
2932 5529 3226 5597 prmdicare
3278 5529 3533 5597 neglexe-

1927 5623 2120 5676 ritnus.
2160 5621 2244 5676 Va:
2274 5621 2374 5676 crit
2407 5622 2562 5675 nobis
2583 5663 2597 5682 ,
2632 5623 2673 5674 si
2703 5622 2917 5676 silentio
2946 5624 3223 5675 veritatem
3250 5635 3541 5689 oppresse-

1928 5717 2130 5778 rimus,
2172 5732 2333 5786 quam
2365 5730 2591 5784 erogare
2624 5715 2993 5769 nummulariis
3021 5714 3295 5780 jubemur,
3332 5711 3381 5763 id
3413 5721 3498 5764 est
3521 5754 3536 5778 ,

1929 5809 2257 5865 Christianas
2280 5809 2506 5878 populos
2540 5808 2781 5863 imbuere
2811 5819 2864 5863 ct
2885 5807 3099 5862 docere.
3128 5801 3264 5870 Quid
3290 5803 3342 5855 io
3367 5803 3541 5871 ipsius

1931 5901 2112 5956 futuro
2142 5900 2340 5955 Christi
2375 5901 2568 5955 dicturi
2603 5917 2789 5956 smnus
2823 5902 3068 5954 examini-
3092 5941 3105 5962 ,
3138 5896 3182 5948 si
3216 5909 3542 5950 sermonum
