3950 6326
336 353 440 412 1ὔ9

1269 354 1357 411 DE
1397 352 1736 412 DECRETIS
1774 349 2218 411 EUTYCHIANO
2254 353 2680 412 ADSCRIPTIS.

3539 353 3639 412 l60

405 468 647 528 ~6-15.
667 467 1051 542 Ducpistotte
1067 471 1128 526 ab
1159 470 1363 528 Isidoro
1392 472 1685 541 suppositio.
1711 468 1924 524 Decreta
1954 474 2004 532 Α
2030 470 2438 526 dalmaticarttm
2471 487 2624 526 usum
2656 471 3032 546 episcoporum
3072 473 3348 546 proprium
3378 486 3524 542 esse,
3583 481 3641 527 et

407 564 579 618 decem
605 563 928 638 Eutychiano
956 565 1239 638 adscripta.

408 658 460 713 1.
489 655 549 712 In
596 647 735 712 libro
761 658 1054 728 pontiﬁcali
1086 657 1457 731 Eutycbianus
1482 657 1828 713 constituisse
1857 653 1938 709 di-

334 747 475 804 citur
505 767 525 801 ι
566 760 623 804 ut
646 748 850 820 fruges,
887 751 1022 805 labat
1051 760 1106 806 et
1137 765 1251 806 uvae
1279 764 1444 821 super
1469 748 1664 804 altario
1713 747 1932 803 benedi-

334 852 611 908 cerentur,
641 861 660 896 ι
681 858 892 899 necnon
919 863 939 898 ‹
961 837 1355 914 υιίιίιίουιιιαυε
1385 842 1622 900 ﬁdelium
1641 852 1933 914 martyrem

336 934 611 1004 sepeliret,
641 937 758 992 sine
783 936 1066 993 dalmatica
1096 935 1416 991 autcolobio
1439 945 1732 1008 purpurato
1764 935 1937 990 nulla-

335 1033 493 1083 tenus
520 1028 795 1097 sepeliret.
817 1045 850 1080 ν
872 1027 978 1084 Sed
1008 1043 1130 1098 quae
1161 1029 1212 1082 in
1243 1026 1344 1083 hoc
1375 1028 1516 1082 libro
1540 1042 1664 1083 cum
1701 1027 1772 1083 de
1816 1027 1937 1081 aliis

334 1117 702 1188 pentiﬁcibus,
771 1129 882 1173 tum
934 1119 1249 1175 nominatim
1299 1119 1368 1176 de
1407 1115 1753 1190 Eutychiauo
1804 1120 1934 1174 falsa

334 1209 715 1280 praedicantur,
781 1211 865 1266 his
918 1211 1208 1269 detrahunt
1276 1214 1677 1281 auctoritatem.
1734 1212 1932 1268 Verum

335 1315 622 1379 utrumque
647 1309 882 1364 admittit
917 1325 981 1365 ac.
1023 1311 1213 1380 probat
1263 1311 1547 1368 Baronius.
1580 1313 1647 1367 Et
1702 1311 1932 1382 primum

337 1401 560 1471 quidem
581 1412 888 1472 opportune
908 1407 976 1461 ab
999 1393 1103 1476 hoc
1132 1423 1266 1477 papa
1296 1407 1501 1463 editum
1527 1416 1734 1475 censet,
1762 1417 1820 1462 ut
1840 1408 1935 1463 ad-

335 1507 528 1548 versus
584 1507 894 1551 nascentem
925 1496 1205 1554 Manichaei
1256 1498 1529 1566 haeresim,
1586 1515 1705 1569 quae
1753 1499 1934 1567 fruges

331 1587 576 1659 aliasque
615 1603 702 1645 res
749 1605 1040 1661 corporeas
1073 1603 1131 1646 ut
1172 1610 1200 1648 a
1243 1594 1505 1664 principio
1553 1593 1678 1648 mali
1726 1605 1936 1650 creatas

333 1681 710 1747 execrabatur,
761 1682 945 1739 ﬁdeles
975 1686 1230 1740 muniret.
1264 1684 1530 1739 Praeterea
1573 1684 1626 1738 in
1658 1685 1935 1755 opinionis

333 1787 448 1828 sua;
473 1775 704 1845 gratiam
731 1778 1063 1846 apostolicos
1089 1780 1216 1834 citat
1245 1793 1483 1834 canones
1509 1779 1563 1841 3,
1599 1778 1634 1834 Ii
1657 1789 1712 1833 et
1733 1779 1786 1845 5,
1842 1780 1934 1851 qui

2039 581 2068 620 a
2111 566 2349 621 romanis
2379 565 2624 621 diaconis
2667 581 2764 636 per
2783 569 3145 639 arrogantiam
3174 577 3488 639 usurpatum
3517 579 3643 622 esse

2039 667 2211 714 nctat.
2251 657 2448 714 Scribit
2479 669 2533 714 et
2576 657 2886 732 Cyprianus
2921 659 3220 716 tolonensis
3263 660 3554 732 episcopus
3581 658 3641 712 in

2038 751 2155 806 Vita
2186 751 2242 807 S.
2274 749 2492 808 Cucsarii
2520 755 2837 810 arelateusis
2855 755 3206 828 episcopi,jeo
3230 754 3351 824 ipso
3369 763 3638 824 tempore,

2041 862 2148 918 quo
2177 829 2539 918 Symmachus
2581 864 2718 920 papa
2749 849 3061 906 Caesarium
3096 869 3115 904 ι
3135 865 3398 907 concesso
3427 851 3643 919 specia-

2038 939 2161 995 liter
2209 939 2360 1010 pallii
2419 939 2699 997 decoravit
2746 943 3054 1015 privilegio,
3112 943 3371 1000 diaconos
3425 957 3644 1015 quoque

2038 1033 2206 1105 ipsius
2231 1025 2297 1089 ad
2331 1034 2588 1090 Romana:
2630 1034 2802 1091 instar
2826 1037 3072 1092 ecclesiae
3109 1037 3517 1093 dalmatirarum
3559 1039 3642 1092 ie-

2037 1128 2177 1182 cisse
2206 1127 2389 1183 habitu
2415 1129 2825 1198 prmeminere.»
2847 1129 3098 1184 Testatur
3117 1128 3430 1200 Gregorius,
3451 1128 3545 1184 lib.
3564 1145 3640 1196 Ix,

2037 1223 2196 1290 epist.
2229 1223 2354 1288 l07,
2388 1223 2647 1292 Arcgium
2675 1222 3010 1292 poposcisse,
3045 1233 3103 1278 ut
3133 1223 3234 1279 sibi
3277 1231 3332 1278 et
3374 1221 3646 1277 archidia-

2037 1330 2174 1371 cono
2203 1331 2304 1371 suo
2332 1316 2513 1370 utendi
2537 1316 2842 1372 dalmaticis
2867 1316 3138 1374 licentiam
3173 1317 3456 1387 prmheret.
3485 1315 3645 1386 Quod

2038 1417 2096 1462 ut
2140 1427 2160 1460 ς
2182 1423 2380 1462 novum
2414 1423 2519 1463 non
2544 1408 2847 1464 inconsulte
2869 1419 2924 1464 et
2952 1408 3133 1464 subito
3176 1390 3208 1461 »-
3236 1409 3483 1480 permisit
3502 1451 3518 1475 ,
3547 1409 3645 1465 sed

2037 1499 2380 1572 postmodum
2411 1500 2740 1566 concedens,
2771 1502 2916 1570 ipsas
2932 1503 3095 1558 etiam
3116 1501 3432 1558 dalmaticas
3461 1502 3509 1557 ei
3542 1501 3650 1574 Cy-

2039 1594 2164 1648 riaci
2192 1593 2402 1648 abbatis
2441 1609 2606 1663 opera
2663 1596 2980 1650 transmisit.
3039 1595 3094 1649 In
3153 1595 3480 1651 bibliotheca
3520 1594 3649 1650 Flo-

2037 1687 2264 1743 riacensi
2287 1687 2430 1743 istud
2449 1687 2644 1758 legitur
2661 1688 2938 1743 Zachariae
2963 1703 3114 1758 papae
3137 1689 3200 1743 ad
3222 1689 3647 1745 Austrobertum

2037 1781 2351 1851 episcopum
2382 1781 2734 1836 vienneusem
2761 1781 3050 1836 scribentis
3076 1797 3090 1835 :
3112 1800 3132 1832 ε
3159 1781 3506 1836 Dalmatieam
3531 1781 3647 1837 usi-

332 1873 513 1921 tamen
536 1866 634 1930 illi,
669 1870 968 1937 praesertim
997 1885 1063 1926 ex
1092 1869 1333 1942 Dyouisii
1380 1870 1571 1941 Exigui
1617 1872 1935 1942 interpreta-
1969 1876 2014 1935 Β
2042 1873 2142 1929 bus
2162 1874 2360 1930 vestris
2388 1874 2664 1928 misimus:
2711 1885 2768 1928 ut
2798 1875 2922 1944 quia
2967 1874 3194 1929 ecclesia
3226 1883 3408 1930 vestra
3448 1873 3516 1930 ab
3548 1873 3650 1928 hac

331 1957 499 2026 tione,
533 1959 807 2017 adversari
837 1964 1013 2033 potius
1040 1964 1309 2020 videntur.
1336 1964 1542 2036 Nempe
1563 1981 1683 2021 can.
1715 1967 1749 2021 4
1777 1981 1933 2022 cave-

332 2061 421 2106 tur
445 2065 502 2108 ut
535 2073 553 2105 ι
593 2054 789 2111 oﬁ‘erre
833 2072 939 2112 non
991 2057 1149 2113 liceat
1197 2058 1265 2112 ad
1315 2060 1478 2114 altare
1524 2069 1721 2130 praeter
1767 2075 1930 2135 novas

333 2145 512 2216 spicas
538 2157 593 2202 et
624 2163 755 2203 uvas
776 2160 828 2204 et
856 2150 1035 2206 oleum
1066 2151 1132 2206 ad
1156 2151 1440 2208 luminaria
1481 2162 1536 2208 et
1564 2153 1879 2225 thymiama.
1907 2173 1925 2204 ›

332 2237 489 2295 Unde
504 2241 911 2298 concedendum
941 2253 1024 2299 est
1049 2245 1239 2300 saltem
1276 2245 1358 2299 his
1396 2245 1695 2301 canonibus
1740 2246 1929 2311 vetari,

333 2346 404 2387 ne
436 2331 591 2400 fabae,
625 2350 760 2406 quas
788 2336 842 2390 in
867 2337 1024 2392 altari
1067 2338 1468 2394 benedicendas
1507 2354 1628 2394 esse
1658 2341 1929 2410 vulgatum

333 2423 648 2497 Eutychiani
680 2428 956 2485 decretum
984 2430 1286 2494 constituit,
1321 2431 1377 2485 in
1429 2431 1584 2485 altari
1616 2430 1929 2486 oﬁ‘erantur.

330 2516 471 2574 Tum
496 2520 736 2576 sancitur
758 2538 879 2578 can.
913 2523 968 2585 5,
1008 2543 1027 2575 ι
1055 2533 1108 2578 ut
1131 2524 1339 2594 reliqua
1393 2539 1550 2594 poma
1593 2523 1930 2596 omnia.(seu

331 2615 525 2684 reliqui
554 2630 745 2671 omnes
773 2616 1010 2688 fructus)
1035 2618 1100 2672 ad
1129 2617 1372 2680 domum,
1399 2619 1648 2688 primitiae
1674 2618 1933 2687 episcopo

331 2717 388 2763 et
415 2707 745 2780 presbyteris
777 2709 1096 2782 dirigantur,
1133 2727 1238 2766 non
1269 2711 1570 2767 oﬁ'erantur
1595 2711 1647 2764 in
1689 2712 1844 2765 altari
1869 2730 1883 2765 :
1907 2731 1927 2764 ›

332 2800 424 2856 ubi
456 2801 508 2856 id
530 2802 672 2870 quod
707 2804 1024 2876 Eutychiani
1057 2806 1277 2862 decreto
1304 2808 1358 2860 in
1380 2809 1535 2861 altari
1564 2806 1747 2862 oﬁ'erri
1796 2823 1935 2878 pra:-

331 2893 547 2964 cipitur,
579 2894 660 2950 his
688 2899 987 2953 can0uibus
1004 2899 1171 2954 vetari
1193 2899 1461 2956 audimus.

331 2995 342 3021 ⁴
404 2987 460 3042 2.
491 2987 572 3043 Ad
596 2988 874 3045 decretum
901 2993 1130 3047 alterum
1152 2993 1298 3064 qttod
1333 2994 1542 3056 attinet.
1573 2995 1713 3049 idem
1737 2996 1936 3050 Anna-

331 3078 461 3134 lium
494 3097 688 3151 parens
716 3083 834 3154 ejus
865 3099 1023 3140 usum
1043 3086 1239 3141 exinde
1266 3097 1514 3156 prietes-tu
1541 3089 1800 3158 religionis
1831 3104 1935 3142 non

332 3180 540 3228 tantum
572 3190 698 3245 erga
728 3188 1014 3248 martyres,
1047 3178 1139 3233 sed
1171 3180 1335 3234 etiam
1389 3195 1516 3250 erga
1550 3195 1733 3234 sacros
1788 3180 1939 3234 mini-

2037 1949 2518 2021 sede'doctrinam
2577 1965 2701 2021 ﬁdei
2767 1966 3010 2036 percepit
3063 1975 3120 2022 et
3182 1981 3387 2020 morem
3434 1966 3649 2020 habitus

2036 2057 2404 2122 sacerdotalis,
2451 2059 2518 2112 ab
2550 2057 2636 2112 illa
2661 2057 2826 2112 etiam
2875 2057 3133 2128 percipiat
3175 2057 3430 2114 decorem
3463 2058 3642 2113 hono-

2038 2153 2135 2207 ris.
2163 2172 2181 2205 ι

2110 2245 2164 2298 4.
2198 2243 2332 2299 Hinc
2361 2244 2618 2322 colligere
2657 2254 2738 2299 est
2757 2261 2878 2315 qua:
2907 2244 3040 2301 tides
3072 2244 3316 2301 habenda
3340 2245 3411 2300 sit
3431 2245 3649 2316 vulgato

2042 2337 2322 2390 Anastasio
2344 2336 2412 2392 de
2449 2336 2711 2392 Silvestro
2739 2338 2996 2392 scribenti
3020 2355 3032 2388 :
3069 2337 3180 2392 «Et
3209 2338 3312 2392 hoc
3334 2338 3643 2397 constituit.

2039 2441 2097 2484 ut
2126 2431 2339 2486 diaconi
2363 2431 2666 2486 dalmaticis
2688 2431 2741 2485 in
2773 2431 3015 2487 Ecclesia
3055 2442 3355 2499 uterentur,
3379 2453 3400 2485 ι
3427 2433 3471 2488 si
3505 2449 3646 2502 pran-

2039 2525 2224 2578 sertim
2249 2524 2350 2579 hoc
2371 2525 2647 2579 decretum
2671 2539 2777 2578 non
2805 2533 3012 2579 tantum
3039 2524 3109 2580 de
3147 2525 3426 2589 Romanis,
3450 2525 3546 2580 sed
3577 2526 3646 2581 de

2040 2617 2366 2687 quibuslibet
2396 2617 2638 2671 diaconis
2665 2617 2866 2671 dictum
2897 2618 3248 2687 intelligatur.
3303 2617 3432 2672 lude
3481 2622 3644 2674 etiam

2040 2699 2307 2763 refellitur
2364 2707 2506 2775 quod
2563 2708 2654 2781 alii
2699 2708 2907 2773 dicunt,
2957 2708 3367 2764 dalntaticarum
3401 2712 3643 2765 usumin

2041 2801 2335 2856 Ecclesiam
2371 2803 2601 2870 primum
2633 2816 2661 2854 a
2695 2802 2958 2857 Silvestro
2999 2803 3268 2858 invectum
3318 2819 3460 2871 esse,
3521 2821 3644 2860 cum

2041 2903 2196 2948 antea
2224 2895 2450 2948 eolohiis
2476 2904 2753 2950 uterentur
2776 2897 3126 2961 sacerdotes;
3151 2907 3242 2950 aut
3282 2896 3423 2965 quod
3455 2897 3506 2950 in
3537 2896 3644 2952 Sil-

2043 2989 2206 3041 vestri
2232 2987 2346 3040 \‘ita
2365 3004 2392 3041 a
2413 2986 2734 3042 Cotnbeﬁsio
2760 2987 2900 3042 edita
2923 2997 3196 3054 narratur,
3227 2987 3644 3061 EuphrOsynum

2042 3081 2244 3143 scilicet
2294 3082 2621 3152 Pamphylia:
2685 3083 3000 3152 cpiscOpum
3058 3083 3284 3139 Romam
3338 3085 3644 3140 venientem

2043 3175 2308 3230 colobium
2355 3175 2412 3232 S.
2460 3174 2644 3230 Jacobi
2704 3176 2885 3230 fratris
2960 3175 3168 3230 Domini
3233 3192 3417 3232 secum
3497 3188 3645 3232 attu-

331 3278 476 3325 stros
525 3269 801 3327 inductum
853 3273 1045 3342 probat
1073 3282 1184 3326 tum
1213 3290 1280 3330 ex
1329 3275 1475 3329 libro
1507 3292 1579 3329 tv.
1642 3276 1847 3346 Dialog.
1873 3275 1930 3330 S.
1961 3273 2005 3333 C
2041 3268 2186 3334 “$89.
2217 3278 2270 3322 ει
2297 3283 2419 3321 cum
2452 3284 2516 3320 ου
2546 3267 2763 3322 intimus
2803 3283 2957 3323 53¢”
2990 3269 3306 3336 PereSiS-‘e',
3348 3268 3474 3324 il'de
3520 3272 3644 3340 (ιυί-

331 3361 578 3434 Gregorii
606 3379 778 3436 papae,
805 3381 925 3436 cap.
960 3366 1051 3431 40,
1079 3366 1166 3421 ubi
1193 3367 1467 3422 Paschasii
1490 3368 1700 3422 diaconi
1733 3369 1935 3421 dalma-

339 3457 492 3510 ticam
518 3458 637 3528 ejus
667 3461 854 3529 feretro
883 3460 1260 3530 superpositam
1291 3471 1496 3524 narrat,
1529 3469 1638 3514 tum
1672 3476 1734 3515 ex
1763 3465 1929 3532 gestis

333 3550 523 3620 synodi
552 3567 792 3607 romanae
819 3568 961 3608 anno
993 3551 1099 3607 5l5
1120 3552 1337 3619 habitae,
1371 3553 1424 3608 in
1469 3569 1574 3623 qua
1609 3553 1750 3608 idem
1795 3569 1930 3624 papa

332 3641 507 3712 primo
531 3643 821 3713 pra-fatur:
858 3664 876 3696 ι
902 3644 1067 3715 Hujus
1094 3646 1240 3702 sedis
1270 3645 1573 3700 rectoribus
1626 3659 1743 3699 mos
1790 3647 1928 3699 ultra

333 3735 585 3790 meritum
624 3738 823 3804 erupit,
875 3746 932 3790 ut
972 3752 1094 3791 cum
1141 3753 1327 3792 eorutn
1380 3752 1604 3807 corpora
1661 3737 1930 3791 humanda

331 3829 670 3896 deferuntur,
732 3832 846 3886 haec
894 3832 1196 3887 dalmaticis
1247 3841 1553 3902 contegunt,
1610 3843 1664 3887 et
1711 3832 1928 3887 easdem

330 3926 645 3984 dalmaticas
675 3942 770 3996 pro
791 3927 1090 3982 sanctitatis
1116 3929 1419 3982 reverentia
1471 3927 1778 3996 partiendas
1830 3942 1930 3996 po-

329 4019 491 4090 pulus
530 4019 756 4077 scindat.
783 4039 801 4070 ι
834 4018 970 4074 Τυηι
996 4018 1274 4074 modestus
1300 4020 1389 4073 ille
1436 4019 1676 4088 pontifex
1722 4033 1930 4075 morem

329 4110 480 4166 illum
508 4111 758 4182 prohibet
789 4112 870 4165 his
894 4113 1102 4172 verbis:
1143 4110 1431 4165 «Praesenti
1469 4111 1686 4166 decreto
1725 4112 1931 4166 consti-

328 4218 444 4265 tuo.
479 4214 538 4258 tit
561 4205 840 4271 feretrum,
873 4220 978 4275 quo
1014 4205 1242 4259 Romani
1289 4205 1559 4274 pontiﬁcis
1612 4219 1811 4273 corpus
1863 4204 1929 4258 ad

330 4298 696 4367 sepeliendum
724 4299 953 4362 ducitur,
980 4297 1126 4352 nullo
1150 4297 1384 4368 tegmine
1410 4297 1636 4352 veletur.
1674 4316 1691 4348 ι
1724 4296 1926 4352 Simul-

329 4407 438 4461 que
495 4390 638 4444 unde
676 4390 891 4445 [luxerit
919 4391 1007 4445 ille
1037 4405 1187 4456 usus,
1238 4391 1412 4444 innuit
1457 4389 1584 4443 dtnn
1629 4390 1769 4443 inter
1818 4388 1934 4443 haec

329 4485 500 4549 addit,
538 4499 698 4540 «cum
745 4483 922 4538 adsint
964 4483 1128 4538 multa
1159 4500 1185 4536 a
1218 4484 1388 4538 sacris
1435 4483 1756 4552 corporibus
1802 4497 1933 4549 apo—

330 4579 591 4634 stolorum
625 4587 1029 4649 martyrumque
1045 4578 1332 4641 velamina,
1350 4597 1367 4628 ι
1387 4585 1496 4630 etc.
1515 4575 1680 4644 Quasi
1702 4575 1928 4638 diceret,

2039 3363 2159 3418 dem
2193 3364 2534 3418 factumesse
2566 3373 2621 3416 ut
2647 3363 2871 3416 Romani
2913 3362 3224 3416 sacerdotes
3249 3363 3480 3419 colobiis
3527 3373 3644 3418 ute-

2043 3469 2250 3524 rentur,
2309 3458 2402 3512 sed
2469 3469 2654 3526 postea
2709 3455 2970 3510 ntttlitatis
3023 3454 3366 3512 brachiorum
3400 3457 3644 3527 tegenda-

2037 3552 2206 3622 gratia
2249 3531 2457 3604 colnliia
2508 3551 2560 3604 in
2594 3549 2912 3604 dalmaticas
2949 3548 3115 3603 fuisse
3156 3560 3518 3614 cmmuutata;
3549 3566 3643 3606 seu

2036 3644 2178 3715 quod
2214 3643 2500 3697 Anselmus
2528 3641 2830 3697 Lucensisa
2866 3641 3139 3712 bucaugio
3159 3641 3402 3704 laudatus
3447 3641 3640 3696 tradit:

2045 3755 2062 3787 ‹
2085 3740 2127 3789 Α
2158 3745 2346 3788 sancto
2389 3733 2651 3788 SilveStro
2691 3744 2745 3788 et
2776 3733 3110 3804 presbyteris
3159 3735 3274 3803 ejus
3303 3734 3642 3789 colubiorunt

2041 3845 2168 3884 usus
2191 3829 2420 3897 sumpsit
2448 3828 2682 3892 initium,
2712 3838 2763 3882 et
2793 3828 3001 3882 Marcus
3026 3843 3090 3882 ac
3120 3827 3293 3882 Julius
3314 3838 3369 3883 et
3397 3828 3645 3884 Liba-rius

2039 3940 2103 3977 ex
2132 3923 2323 3977 ordine
2353 3923 2434 3976 usi
2465 3931 2612 3976 sunt.
2649 3922 2777 3975 Post
2801 3923 2898 3976 hos
2927 3934 3104 3976 autem
3134 3923 3340 3978 colobia
3370 3923 3647 3978 indalma-

2039 4017 2170 4071 ticas
2192 4025 2683 4074 suntcommutata.
2709 4036 2728 4066 ι
2761 4013 2913 4070 Undc
2941 4027 3279 4085 sequeretur,
3313 4027 3370 4069 ut
3423 4017 3602 4070 dalma

2039 4110 2266 4164 ticarum
2293 4125 2445 4163 usum
2470 4123 2574 4161 non
2596 4108 2876 4173 Silv‘ester,
2911 4108 3008 4162 sed
3044 4109 3306 4162 Damasus
3352 4109 3560 4178 primus
3591 4111 3641 4163 in

2040 4202 2342 4259 Ecclesiam
2375 4203 2644 4257 invexisse
2673 4201 2937 4255 dicendus
2966 4209 3130 4256 esset.
3163 4201 3266 4256 Sed
3294 4211 3349 4256 et
3393 4202 3536 4273 quod
3576 4203 3644 4258 tle

2038 4295 2293 4367 Cypriani
2318 4293 2605 4349 dalmatica
2639 4309 2703 4348 ex
2727 4293 2843 4361 ejus
2860 4292 2979 4347 Vita
3003 4309 3029 4346 a
3062 4293 3255 4348 Pontio
3282 4295 3477 4359 scripta
3499 4294 3644 4348 dixi-

2039 4405 2180 4452 mus,
2211 4389 2329 4458 ejus
2360 4401 2512 4441 usum
2543 4387 2593 4440 in
2621 4386 2860 4440 Ecclesia
2901 4397 2954 4439 et
3006 4386 3235 4440 Damaso
3280 4396 3334 4440 ct
3382 4384 3645 4441 Silvestre

2038 4483 2398 4552 antiquiorem
2418 4496 2541 4536 esse
2565 4478 2851 4549 persuadet
2873 4497 2884 4532 :
2905 4480 3044 4532 sicut
3073 4493 3138 4533 ex
3169 4477 3494 4533 testimoniis
3518 4493 3640 4533 mox

2037 4574 2214 4627 allatis
2235 4574 2538 4637 coulicitur,
2557 4571 2807 4626 eumdem
2836 4570 3166 4625 colobiorum
3191 4586 3292 4625 usu
3343 4571 3503 4641 vulgo
3524 4586 3640 4626 crc-

331 4672 432 4728 Hic
463 4671 765 4741 honor,qui
792 4672 1158 4740 apostolorum
1179 4682 1582 4741 martyrnmquc
1612 4668 1932 4737 corporibus
1965 4673 2010 4732 υ
2037 4666 2206 4720 ditum
2237 4681 2358 4720 esse
2390 4667 2766 4721 recentiorem.

326 4768 450 4839 jure
475 4769 686 4823 delatus
715 4777 817 4830 est,
843 4767 908 4821 ad
937 4782 1054 4830 eos,
1087 4783 1313 4835 quorum
1339 4780 1443 4820 n0u
1470 4777 1553 4820 est
1599 4782 1694 4834 par
1736 4765 1935 4818 sancti-

332 4875 436 4930 tas,
469 4864 739 4917 immerito
767 4860 861 4916 fuit
885 4863 1194 4917 translatus.
1224 4859 1295 4917 Ut
1318 4873 1497 4915 autem
1518 4868 1657 4916 hunc
1673 4861 1932 4917 honorem

335 4958 706 5028 Eutychianus
747 4956 1078 5025 martyribus
1131 4953 1473 5019 decerneret,
1527 4970 1589 5010 ea
1639 4954 1933 5020 excogitari

334 5063 514 5124 potest
543 5067 726 5117 causa,
780 5051 923 5120 quod
956 5050 1238 5105 Manichaei
1265 5060 1579 5104 sanctorum
1632 5061 1932 5121 martyrum

334 5149 537 5202 cultum
568 5163 671 5200 non
700 5159 859 5200 secus
879 5157 1042 5216 atque
1073 5143 1429 5198 idololatriam
1464 5145 1811 5214 respuebant.

407 5243 460 5296 3.
495 5241 601 5296 Nec
629 5239 930 5309 negandum
971 5236 1168 5293 colobii
1198 5247 1290 5290 aut
1334 5236 1744 5292 dalmaticarum
1775 5251 1937 5291 voces

336 5335 584 5402 antiquas
605 5348 746 5388 esse.
783 5332 838 5385 lu
897 5333 1003 5384 vita
1034 5329 1093 5386 S.
1127 5329 1378 5402 Cypriani
1413 5346 1441 5384 a
1495 5330 1686 5385 Pontio
1735 5330 1936 5397 scripta

335 5428 593 5498 legimus:
627 5446 645 5477 ‹
678 5427 890 5481 Etcum
947 5441 1004 5479 se
1057 5424 1339 5479 dalmatica
1401 5423 1754 5492 empoIiasset
1799 5419 1938 5495 (Cy-

335 5519 608 5592 prianus),
651 5528 706 5574 et
744 5519 1058 5575 diaconibus
1086 5518 1414 5579 tradidissm.
1450 5519 1499 5570 in
1548 5516 1684 5571 linea
1718 5517 1887 5570 stetit.
1915 5535 1933 5566 ι

336 5618 602 5684 Antiquus
631 5623 839 5678 auctor,
871 5616 1070 5679 Quaest.
1102 5609 1442 5666 Vet.ctNov.
1465 5608 1614 5664 Tcst.
1648 5609 1787 5680 apud
1823 5613 1935 5662 An-

335 5710 608 5782 gustiuum
635 5751 650 5773 ,
683 5705 930 5777 Append.
973 5716 1012 5758 t.
1047 5722 1122 5772 ut,
1143 5720 1191 5760 c.
1219 5704 1312 5767 49,
1338 5718 1456 5758 cum
1486 5717 1723 5756 romanae
1764 5701 1942 5757 eccle-

337 5806 433 5862 sizr
464 5805 705 5860 diaConis
732 5803 804 5857 ita
835 5801 1170 5872 expostulat:
1219 5820 1238 5852 ι
1265 5799 1427 5868 Quasi
1461 5815 1567 5854 non
1620 5797 1781 5854 hodie
1821 5799 1938 5854 dia-

344 5897 462 5950 roni
493 5897 814 5966 {dalmaticis
867 5895 1158 5951 induantur
1214 5895 1348 5945 sicut
1400 5890 1657 5957 episcopi.
1698 5909 1716 5941 ι
1755 5889 1852 5943 libi
1886 5901 1939 5943 et

2113 4759 2164 4813 5.
2201 4759 2424 4813 Colobia
2457 4771 2660 4822 autem,
2685 4759 2824 4811 sicut
2846 4767 2899 4812 et
2927 4757 3252 4822 dalmaticzn,
3275 4761 3645 4816 eranttunica:

2041 4856 2256 4908 talares.
2287 4854 2400 4908 lloc
2427 4853 2696 4907 distabant
2725 4852 3029 4906 dalmatiete
3059 4869 3086 4904 a
3108 4853 3302 4907 tunicis
3323 4865 3376 4908 et
3394 4853 3642 4920 colobiis,

2037 4949 2179 5018 quod
2208 4948 2516 5002 dalmaticis
2547 4949 2738 5016 ampla.-
2779 4958 2931 5001 erant
2964 4949 3209 5014 manicae,
3241 4950 3435 5002 tunicis
3489 4927 3648 5004 st‘ric-

2037 5050 2127 5106 tte,
2155 5041 2381 5096 colobiis
2423 5041 2504 5094 vel
2552 5040 2711 5094 nulla:
2762 5041 2844 5095 vel
2890 5041 3100 5096 breves.
3135 5042 3208 5095 De
3260 5042 3487 5096 colobiis
3519 5061 3640 5100 cum

2040 5134 2297 5189 brevibus
2346 5135 2573 5189 manicis
2601 5134 2860 5188 habemus
2890 5134 3017 5189 illud
3044 5136 3311 5200 Cassiani,
3344 5137 3413 5192 de
3443 5137 3641 5194 Habitu

2042 5228 2316 5293 monach.,
2351 5245 2402 5283 c.
2436 5229 2502 5282 5:
2542 5247 2559 5278 ‹
2581 5228 2819 5282 (lolobiis
2846 5244 3062 5300 quoque
3091 5229 3248 5284 lineis
3298 5231 3491 5298 induti,
3521 5249 3642 5302 qua:

2043 5320 2129 5376 vix
2153 5319 2219 5376 ad
2247 5324 2548 5376 cubitorum
2578 5321 2726 5376 initia
2762 5324 3093 5392 pertingant,
3124 5322 3293 5377 nudas
3329 5325 3396 5378 de
3433 5325 3643 5396 reliquo

2042 5417 2426 5472 circumierunt
2455 5431 2663 5469 manus.
2695 5437 2712 5466 ›
2744 5417 3048 5470 Durotheus
3077 5431 3205 5469 vero
3237 5418 3381 5470 tloct.
3415 5419 3464 5474 1.
3489 5435 3641 5489 quae-

2044 5508 2136 5574 rit,
2165 5523 2263 5562 cur
2286 5511 2676 5562 monachorum
2720 5508 2988 5563 colobium
3019 5507 3246 5564 manicis
3270 5520 3475 5576 careat,
3517 5526 3638 5565 cum

2045 5614 2365 5657 cancrorum
2396 5603 2635 5656 omnium
2662 5604 2982 5657 manicatnm
3005 5601 3256 5662 sit.ldem
3281 5613 3336 5658 et
3367 5603 3455 5659 ubi
3485 5603 3639 5660 addi-

2045 5699 2152 5753 dit:
2189 5718 2208 5750 t
2234 5698 2514 5753 Colobium
2544 5709 2788 5753 nostrum
2820 5699 2980 5754 habet
3009 5700 3222 5768 signum
3255 5715 3636 5771 purpureum,»

2045 5807 2258 5847 rursum
2287 5793 2506 5862 qua‘rit:
2537 5791 2676 5859 Quid
2705 5793 2805 5847 sibi
2833 5793 2943 5850 vult
2974 5793 3186 5863 signum
3217 5795 3583 5864 purpureum?
3615 5815 3634 5846 ι

2044 5903 2106 5940 ac
2137 5885 2461 5950 respondet.-
2495 5904 2511 5928 ι
2536 5883 2914 5952 Ιτιιυεωιὶαφιο
2939 5886 3174 5938 militans
3209 5888 3317 5948 reci
3350 5903 3640 5953 purpuram
