3950 6410
249 402 306 460 161
1141 381 1231 437 DE
1273 373 1607 435 DELBH'IS
1650 365 2102 429 EL‘TYCIIIANO
2142 356 2571 422 ADSCBIP'I’IS.

3428 348 3533 405 162

248 515 349 568 habet
367 509 412 565 iu
437 503 775 578 chlamyde.
801 522 821 555 ι
865 501 933 558 Ει
963 500 1080 555 lucc
1110 496 1325 569 quidem
1357 497 1491 548 ratio
1517 489 1580 545 ad
1623 490 1815 544 dccre-
1849 495 1890 548 Α
1924 484 2189 542 catholica
2219 477 2531 536 discesserit
2575 477 2693 529 sine
2722 472 2828 528 ulla
2860 469 3204 536 necessitate,
3247 475 3303 524 et
3345 477 3530 538 postea

247 620 316 662 ιιιιιι
337 600 732 657 accommodari
767 606 953 666 potest
984 591 1127 664 quod
1157 588 1534 658 expendimus,
1572 598 1680 652 quo
1728 583 1811 635 ni-

247 705 370 756 miunn
392 707 651 759 cavetur,
691 711 762 745 ne
797 691 927 760 quis
950 698 1240 756 martyrem
1272 683 1381 736 sine
1402 677 1598 733 colobia
1623 691 1814 745 purpu-

245 804 316 848 rato
343 791 591 861 sepeliat.
643 786 1002 855 Quapropter
1031 782 1144 833 lucc
1185 777 1341 847 paulo
1389 774 1558 827 fusius
1609 770 1814 824 edisse-

247 886 361 940 ruissc
379 897 494 937 non
541 875 1039 951 piguit,siquidem
1089 871 1153 924 ad
1203 870 1544 924 decretorum
1581 863 1814 918 nonnul-

246 977 356 1032 lorum
378 990 480 1030 seu
503 974 825 1035 veritatem,
857 982 958 1022 seu
983 964 1276 1018 falsitatem
1308 957 1638 1031 probandam
1691 954 1816 1009 inde

247 1068 302 1123 Ιιιι
321 1065 558 1123 allultzet.

292 1081 433 1121 iauut
479 1081 558 1118 et.

292 1158 404 1213 6.lu
439 1081 793 1212 :ditionihus
845 1149 1201 1206 conciliorum
1255 1144 1465 1201 duabus
1495 1138 1817 1196 adulterinis

248 1249 524 1324 Eulychiatti
556 1245 834 1318 epistolis,
869 1259 988 1313 qua:
1028 1257 1094 1297 ex
1124 1238 1316 1295 lsidori
1348 1235 1668 1291 Mercatoris
1697 1229 1819 1286 olli-

246 1348 320 1401 cina
337 1343 684 1414 prodierunt,
709 1350 939 1409 qumque
956 1349 1076 1389 cum
1096 1332 1306 1387 cazteris
1323 1328 1565 1399 ejusdem
1586 1325 1819 1379 ollicinae

248 1439 428 1508 opiliciis
455 1451 486 1490 a
517 1434 682 1490 nobis
709 1432 967 1489 edentur.
995 1427 1096 1481 alia
1120 1425 1310 1480 decem
1337 1421 1698 1491 subjiciuntur
1724 1416 1820 1470 dc-

247 1544 341 1587 creta
370 1547 404 1587 c
433 1530 604 1583 variis
630 1539 901 1582 canonum
931 1515 1408 1590 compilationibus
1455 1511 1705 1566 collecta.
1755 1508 1824 1561 Et

249 1624 436 1692 primum
455 1619 680 1690 quidem
704 1633 735 1672 e
756 1615 1016 1671 Gratiano
1047 1625 1105 1676 ιι,
1131 1619 1323 1680 quaest.
1351 1607 1406 1671 5,
1439 1621 1483 1660 c.
1511 1604 1604 1668 91,
1630 1602 1708 1656 sic
1738 1615 1822 1654 rc—

248 1711 404 1772 fertur:
436 1734 455 1765 ε
485 1714 542 1770 Si
569 1713 692 1784 quis
718 1712 1006 1782 episcopus
1043 1715 1136 1760 aut
1156 1705 1322 1758 abbas
1357 1698 1679 1770 presbytero
1732 1703 1826 1746 aut

249 1809 595 1866 monachosuo
624 1804 854 1876 jusserit
894 1801 1090 1855 missas
1141 1812 1242 1867 pro
1275 1793 1548 1848 haereticis
1580 1787 1827 1859 (addunt

1920 597 1985 632 ex
2017 587 2128 632 toto
2199 575 2379 627 anin'tu
2435 569 2807 640 paenitentiam
2863 566 3150 636 acceperit,
3200 572 3309 617 tres
3361 573 3533 614 annos

1921 687 2075 734 extra
2109 673 2418 736 ecclesiam,
2441 671 2490 724 id
2515 677 2599 723 est
2620 668 2757 721 inter
2774 665 3075 730 audientes,
3092 662 3242 731 juxta
3266 661 3532 714 nictennm

1919 769 2207 825 concilium
2261 765 2440 838 (Cau.
2462 762 2568 833 11)
2601 771 2806 830 septem
2838 771 3012 816 annos
3039 758 3092 811 in
3121 753 3370 811 ecclesiis
3393 755 3536 808 inter

1920 863 2269 932 poenitentes,
2305 867 2359 913 et
2384 857 2522 912 duos
2539 870 2712 910 annos
2733 854 2911 908 adhuc
2926 862 3078 907 extra
3094 849 3534 905 comnmnionem

1921 957 2205 1025 poeniteat.
2234 973 2252 1004 ι
2294 951 2348 1006 ln
2397 965 2499 1005 ms.
2559 947 2818 1004 German.
2866 942 3106 1000 Anselmi
3158 939 3535 996 collectionem

1920 1049 2318 1119 complectente
2369 1044 2616 1115 proxime
2644 1041 2873 1110 legimus
2907 1055 2921 1092 :
2961 1037 3126 1093 «Tres
3153 1049 3325 1090 annos
3367 1034 3540 1104 [ιωηί-

1920 1150 2029 1196 teat
2058 1149 2210 1196 extra
2244 1138 2556 1201 ecclesiam,
2613 1149 2776 1188 unum
2837 1133 2978 1187 inter
3030 1129 3336 1195 audientes,
3385 1128 3538 1198 juxta

1923 1236 2573 1296 nicmnumconciliumn
2632 1233 2775 1305 quod
2831 1232 3008 1304 primo
3062 1231 3360 1301 placuerat,
3414 1226 3540 1297 quia

1922 1331 2208 1387 audientes
2241 1333 2292 1385 in
2322 1331 2610 1386 ecclesiam
2668 1328 2963 1394 intrabant,
2994 1335 3046 1383 et
3094 1325 3163 1381 ibi
3198 1323 3460 1380 lectiones
3486 1332 3541 1378 et

1923 1423 2214 1478 conciones
2265 1439 2388 1478 cum
2423 1422 2674 1476 ﬁdelibus
2717 1420 2838 1474 aliis
2882 1418 3192 1474 audiebant.
3249 1416 3355 1472 Sed
3402 1417 3540 1471 hanc

1923 1516 2210 1571 lectionem
2256 1532 2363 1570 non
2420 1515 2684 1585 permittit
2720 1513 2996 1567 laudatum
3046 1514 3312 1567 nica-num
3345 1511 3537 1566 conci-

1927 1613 2080 1676 lium,
2139 1609 2295 1680 cujns
2325 1611 2508 1665 verbis
2553 1608 2757 1664 decreti
2791 1608 2951 1675 hujus
2980 1608 3334 1663 concinnator
3378 1606 3541 1661 verba

1928 1713 2072 1757 extra
2095 1704 2362 1756 ecclesiam
2385 1702 2820 1769 Iemercadjecit.
2853 1700 2919 1756 Ut
2948 1713 3128 1756 autem
3155 1701 3344 1756 sileam
3369 1702 3420 1755 in
3440 1700 3543 1756 hoc

1929 1793 2150 1848 decreto
2205 1795 2492 1863 repetitum
2549 1795 2718 1848 missa:
2771 1808 2966 1848 nomen
3017 1793 3230 1864 aliaque
3287 1795 3546 1849 sacculum

247 1905 304 1958 alii
326 1903 658 1960 Collectores
686 1892 941 1966 mortuis)
967 1901 1207 1951 cantare,
1263 1901 1370 1941 non
1431 1884 1557 1938 licet
1603 1891 1656 1936 et
1717 1893 1824 1932 non
1857 1924 1903 1982 Β
1934 1887 2272 1958 Entychiano
2305 1889 2576 1942 recentius
2608 1886 2876 1955 redolere,
2913 1886 3280 1957 inscriptionis
3305 1887 3418 1956 cjtts
3448 1888 3546 1942 l'al-

246 1996 424 2065 cxpedit
451 1995 535 2050 eis
563 1991 820 2048 obedire:
854 2009 872 2039 ›
911 1985 1016 2041 Sed
1034 1985 1136 2039 hoc
1165 1980 1344 2037 tenuis
1366 1977 1616 2048 quaedam
1652 1973 1828 2044 portio

247 2087 602 2157 estamplioris
633 2081 860 2146 decreti,
888 2079 1030 2150 quod
1050 2075 1343 2132 Anselmus
1371 2070 1466 2124 lib.
1496 2085 1553 2130 ιι,
1580 2082 1692 2121 sec.
1726 2079 1827 2119 ms.

245 2181 492 2246 Genuam,
522 2194 645 2248 cap.
680 2176 806 2238 H7;
837 2169 1203 2233 Burchardus,
1236 2167 1330 2220 lib.
1369 2179 1484 2228 χιιι,
1510 2178 1564 2215 e.
1619 2159 1745 2225 105,
1777 2167 1833 2213 et

247 2275 323 2339 lvo,
351 2291 404 2346 p.
443 2275 535 2336 1⁵5,
565 2287 616 2326 c.
656 2269 760 2324 117
793 2308 806 2330 ,
851 2268 1052 2336 pariter
1111 2257 1450 2331 Eutychiano
1499 2252 1831 2321 adscriptum

246 2369 469 2422 exhibent
503 2365 554 2418 in
585 2363 729 2416 hunc
751 2358 1000 2414 modum:
1039 2374 1056 2406 ι
1098 2353 1154 2408 Si
1184 2353 1304 2423 quis
1322 2348 1533 2404 dederit
1565 2353 1657 2399 aut
1679 2357 1834 2397 acce—

246 2461 353 2528 perit
396 2455 840 2512 communionem
894 2450 962 2503 de
1015 2461 1177 2501 manu
1237 2440 1503 2503 hreretici,
1556 2446 1612 2492 et
1663 2436 1836 2490 nescit

246 2527 357 2620 quod
389 2547 630 2603 Ecclesia
686 2542 956 2600 catholica
1008 2534 1351 2598 contradicit,
1388 2539 1574 2601 postea
1629 2527 1834 2582 intelli-

247 2618 371 2711 gens,
393 2655 598 2695 annum
627 2653 792 2690 unum
825 2632 1106 2703 pteniteat.
1140 2629 1195 2682 Si
1225 2636 1402 2684 autem
1426 2625 1548 2687 scit,
1575 2629 1627 2676 et
1652 2618 1836 2687 negle-

248 2741 378 2805 xerit,
413 2747 468 2794 et
510 2743 696 2807 postea
746 2728 1121 2802 penitentiam
1170 2723 1361 2794 egerit,
1416 2719 1608 2774 decem
1664 2727 1838 2768 annos

249 2835 517 2905 pteniteat:
575 2828 668 2884 alii
713 2828 958 2897 judicant
1005 2830 1245 2890 septem:
1278 2827 1332 2873 et
1384 2813 1674 2870 humanius
1722 2811 1836 2872 alii,

1933 1981 2150 2035 sitatem
2190 1983 2414 2035 citatum
2450 1982 2717 2036 nicacnum
2766 1981 3077 2045 concilium,
3123 1980 3264 2051 quod
3315 1982 3548 2052 quadra-

1935 2073 2080 2142 ginta
2122 2073 2334 2127 duobus
2364 2075 2519 2127 annis
2552 2085 2674 2144 post
2700 2072 3021 2146 Eutychiani
3049 2083 3277 2128 mortem
3301 2074 3548 2145 celebra-

1938 2175 2050 2219 tum
2080 2175 2183 2230 est,
2211 2166 2368 2235 plane
2398 2167 2596 2234 prodit.
2632 2142 2823 2237 Neque
2846 2183 2976 2221 vero
3007 2169 3107 2223 sibi
3143 2179 3357 2223 constat
3413 2142 3552 2224 Cra-

1940 2259 2118 2313 tianus
2141 2277 2152 2310 :
2188 2275 2311 2314 nam
2345 2261 2602 2328 majorem
2622 2260 2864 2330 ejusdem
2887 2271 3090 2329 partem
3119 2279 3264 2328 xxiv,
3291 2274 3483 2334 quaest.
3510 2281 3545 2328 ι.

1938 2364 1987 2405 c.
2019 2352 2086 2406 41
2119 2394 2132 2414 ,
2182 2352 2325 2406 Julio
2356 2353 2641 2409 adscribit.
2690 2354 2845 2409 Atex
2872 2356 3048 2424 capite
3077 2355 3112 2408 2
3161 2357 3554 2413 Pmnitentialis

1943 2445 2278 2517 Hieronymo
2308 2448 2572 2515 attributi,
2600 2449 2665 2504 iis
2694 2449 3044 2505 varietatibus
3067 2467 3199 2522 quas
3244 2452 3310 2507 ad
3358 2455 3556 2524 margi-

1943 2555 2064 2594 nem
2118 2544 2498 2596 annotavimus
2545 2545 2808 2615 exceptis,
2844 2554 3012 2600 totum
3065 2547 3394 2618 descriptum
3448 2558 3551 2603 est.

2017 2634 2070 2686 7.
2103 2635 2384 2690 Alterum:
2424 2657 2442 2688 ι
2490 2637 2849 2718 Nihilominus
2881 2642 3065 2709 etiam,
3097 2662 3116 2694 ι
3164 2653 3297 2706 etc.,
3327 2659 3435 2713 quo
3465 2646 3559 2698 ah-

1943 2725 2146 2781 batissa
2177 2728 2411 2797 puellam
2443 2731 2705 2803 virginem
2738 2734 2819 2789 vel
2870 2735 3086 2792 viduam
3134 2738 3314 2794 velare
3370 2741 3557 2810 prohi-

1942 2816 2120 2882 betur,
2147 2835 2210 2874 ex
2238 2819 2518 2890 Gratiano,
2551 2840 2648 2892 xx,
2668 2840 2862 2896 quaest.
2889 2844 2946 2893 tt,
2972 2845 3091 2899 cap.
3119 2832 3174 2892 5.
3199 2832 3556 2903 descriptum,

248 2904 460 2996 Quinque
519 2923 802 2993 paeniteat.
855 2919 910 2970 Si
967 2915 1086 2985 quis
1141 2908 1450 2982 permiserit
1524 2904 1842 2958 lia-reticum

248 3022 444 3074 missam
469 3031 624 3070 suam
651 3011 931 3068 celebrare
960 3008 1011 3061 in
1048 3003 1288 3060 Ecclesia
1315 2998 1605 3061 catholica,
1632 3008 1687 3051 et
1718 3012 1842 3051 nes-

1946 2917 2089 2986 apud
2120 2918 2490 2976 Burchardum
2522 2938 2737 2995 quoque
2760 2924 2854 2979 lib.
2900 2942 3012 2993 vnn,
3041 2944 3090 2982 c.
3127 2931 3210 2993 l7,
3241 2941 3295 2986 et
3341 2932 3560 2990 [venem

272 3022 444 3074 rissam
469 3031 624 3070 suam
651 3017 931 3068 celebrare
960 3017 1011 3061 tu
1049 3017 1288 3060 uectesm
1315 3017 1605 3061 caurouca,
1632 3017 1687 3051 et
1718 3017 1842 3051 nes-
1950 3031 2005 3085 ρ,
2040 3017 2093 3083 7,
2119 3031 2169 3071 c.
2203 3019 2296 3085 58,
2328 3029 2385 3073 ut
2417 3036 2482 3074 ex
2508 3022 2744 3078 decretis
2772 3023 3116 3094 Eutychiani,
3145 3042 3173 3081 c
3230 3029 3314 3091 l'i,
3347 3031 3530 3097 profer

272 3116 281 3125 .
499 3112 512 3125 .
620 3110 630 3120 υ
680 3118 719 3125 .-
791 3106 899 3125 Αἱ--
941 3099 1195 3125 -,....:.,....
1272 3096 1326 3125 ει
1375 3108 1474 3125 ..νη
1534 3088 1840 3125 νουοι-..ηιίσι
1951 3117 1964 3125 .
2089 3110 2128 3125 η
2166 3119 2177 3125 -
2286 3120 2296 3125 -
2419 3112 2458 3125 ἢ
2527 3115 2537 3124 .
2576 3115 2586 3124 .
2698 3117 2707 3125 .
3181 3068 3193 3080 ⁸
3263 3065 3274 3080 α
3316 3119 3409 3125 -_-
3464 3120 3477 3125 _
3534 3061 3562 3073 -

248 3116 330 3180 θην
376 3110 727 3184 τιιηάιηείηιπ
783 3106 903 3161 dies
941 3099 1222 3170 νωυίίεδί·
1272 3099 1328 3152 Si
1375 3108 1474 3164 ιπο
1534 3099 1843 3145 Γενθτίδηίκί
1950 3117 2057 3163 tur.
2087 3110 2183 3164 Est
2211 3120 2388 3165 autem
2419 3112 2741 3168 Parisiensis
2773 3131 2826 3168 vr
2856 3117 3095 3183 concilii,
3141 3133 3284 3173 anno
3311 3119 3416 3175 829
3463 3120 3555 3177 has

249 3158 330 3180 ...,
376 3158 387 3165 .
415 3158 726 3181 ..__._,,--_-s
791 3158 813 3161 ,γ
853 3158 866 3160 _
944 3158 954 3170 ,
1377 3158 1393 3164 _

249 3211 368 3280 ejus,
385 3158 584 3262 annum
611 3219 774 3258 unum
795 3198 1079 3270 poeniteat.
1099 3195 1154 3249 Si
1176 3207 1274 3262 pro
1290 3187 1643 3244 danmatioue
1663 3184 1824 3239 Eccle

1949 3158 2066 3266 at,
2087 3158 2188 3256 EE.
2212 3158 2740 3275 ‘.;".'.;'.;.i;:;:""""
2784 3158 2826 3168 ”

249 3307 332 3361 δίίε
354 3304 636 3363 ωιὶιυὶίετη
665 3313 690 3337 ¹¹
716 3310 769 3357 cl
799 3293 1208 3354 ευηευειυάίηίε
1239 3290 1632 3384 ΒριηέηγοΓ-υῐξιν
1681 3284 1847 3354 βτοὶί·
1875 3321 1919 3384 C
2026 3294 2081 3350 8.
2113 3295 2355 3352 Tertium
2381 3317 2392 3353 :
2422 3319 2440 3351 ‹
2465 3299 2878 3356 Prwdicandum
2897 3312 2981 3358 est
3001 3306 3162 3360 etiam
3191 3316 3249 3362 ut
3269 3309 3566 3380 perjurium

249 3402 405 3455 ciatur
424 3397 492 3454 ah
522 3395 764 3452 Ecclesia
793 3392 935 3446 sicut
957 3387 1266 3448 haareticus,
1299 3382 1325 3421 ι’
1360 3383 1462 3437 nisi
1515 3380 1709 3434 habeat
1743 3393 1851 3448 pce-
1889 3380 1917 3384 ⁷
1957 3388 2146 3445 ﬁdeles
2175 3401 2424 3459 caveam,
2458 3413 2475 3444 ,
2512 3405 2644 3462 etc.,
2673 3396 3054 3468 depromptum
3080 3408 3163 3454 es,
3193 3419 3257 3457 ex
3289 3403 3546 3461 Gratiano

252 3493 556 3549 nitentiam:
604 3489 649 3543 si
700 3484 970 3548 habuerit,
1020 3481 1208 3536 decem
1259 3491 1432 3532 annos
1480 3477 1760 3544 paeniteat.
1795 3470 1852 3525 Si
1962 3498 2102 3545 χχιι,
2128 3493 2324 3553 ψιωεῑ.
2354 3501 2390 3548 ι,
2419 3450 2708 3559 c.17,qui
2747 3450 3574 3562 ᾌυειιεῖιῖρὲιξέεζξεὲξιῖξέξὲξξ

255 3586 523 3642 recesserit
555 3583 622 3637 ab
666 3580 910 3636 Ecclesia
959 3575 1222 3630 catholica
1276 3576 1326 3626 in
1375 3569 1850 3639 congregationem
1961 3590 2227 3631 canonum
2270 3579 2613 3646 collectores,
2650 3585 2984 3650 Ansclmum,
3041 3586 3132 3641 lib.
3165 3604 3220 3652 ιι,
3276 3591 3572 3648 secundum

255 3677 640 3740 bmreticorum,
668 3673 865 3728 etaliis
895 3667 1249 3740 persuaserit,
1279 3675 1332 3720 et
1363 3671 1551 3734 postea
1575 3659 1847 3730 poeniten-
1963 3686 2065 3725 ms,
2121 3671 2404 3738 German.,
2446 3691 2494 3728 ρ.
2564 3676 2656 3742 58,
2713 3676 3104 3744 Burchardum,
3139 3678 3229 3735 lib.
3263 3698 3358 3744 xn,
3388 3700 3438 3737 c.
3485 3687 3548 3740 11

259 3769 373 3824 tiam
394 3761 894 3841 cgerit,'duodecim
918 3777 1091 3817 annos
1109 3761 1389 3830 poeniteat,
1412 3765 1642 3825 quatuor
1676 3751 1853 3824 (apud
1963 3761 2206 3828 Ivonem,
2253 3781 2307 3834 p.
2344 3766 2432 3832 12,
2466 3783 2513 3821 c.
2551 3724 2656 3833 71,Ι
2696 3770 2834 3838 apud
2888 3724 3579 3842 quos-velut-

262 3863 558 3920 Ansehuum
593 3867 716 3932 tres)
746 3875 920 3914 annos
950 3867 1105 3912 extra
1134 3853 1443 3917 ecclesiam,
1478 3861 1532 3906 et
1552 3867 1646 3905 sex
1679 3848 1857 3922 (apud
1966 3857 2309 3929 Eutychiani,
2344 3876 2393 3914 c.
2434 3863 2525 3926 26,
2561 3833 2763 3931 pariter
2827 3833 3041 3922 citatur.
3074 3833 3346 3926 .Pertinet
3398 3833 3578 3928 tamen

264 3961 489 4015 eumdem
521 3955 740 4026 septem)
773 3954 916 4008 inter
942 3949 1240 4015 auditores,
1276 3956 1329 4003 et
1356 3947 1493 4001 duos
1510 3944 1688 4000 adhuc
1706 3955 1856 3999 extra
1964 3950 2031 4005 ad
2060 3951 2420 4007 Tlreodulfum
2455 3956 2905 4013 Aurelianenscm
2939 3964 3276 4033 episcopum,
3305 3981 3428 4038 cap.
3487 3968 3558 4024 26

267 4007 489 4015 “nu-vu-
521 4007 736 4026 vvrwm’
776 4007 788 4008 ί
843 4007 878 4008 ἡ
1229 4007 1238 4015 ⁵
2455 4007 2555 4010 --η-
2579 4007 2905 4013 ν--τ---η--ηπ
2942 4007 2966 4015 ν
3013 4007 3119 4017 -ννι-
3145 4007 3252 4018 ιη...
3353 4007 3364 4017 .

267 4053 701 4106 communionem.
734 4049 806 4101 Ue
834 4045 918 4100 his
949 4045 999 4097 in
1029 4054 1050 4080 ο
1094 4056 1300 4097 canone
1322 4041 1542 4103 dicitur,
1566 4049 1622 4092 ut
1649 4038 1860 4093 decimo
1967 4045 2107 4116 apud
2140 4045 2509 4115 Sirmondum,
2565 4058 2696 4104 tom.
2726 4067 2760 4105 ιι
2789 4067 2942 4108 conc.
2975 4007 3144 4122 Ea“:
3172 4007 3456 4128 pag’.véi"i.
3489 4007 3581 4034 ω’

268 4161 392 4199 anno
419 4143 858 4201 communionem
891 4138 1010 4191 sine
1037 4135 1312 4190 oblatione
1341 4133 1628 4202 accipiant.
1664 4131 1721 4185 Si
1748 4129 1862 4198 epi-
2004 4103 2016 4116 ι
2036 4140 2088 4194 9,
2117 4140 2209 4195 His
2232 4103 2512 4211 subjicitur
2542 4103 3148 4220 quartumizmtvSivq-ui’s
3172 4103 3572 4212 [inae-minorum

271 4250 450 4307 scopas
474 4247 565 4291 aut
594 4235 765 4288 abbas
805 4231 961 4302 jubet
1018 4227 1284 4282 monacho
1326 4240 1426 4280 suo
1474 4242 1569 4293 pro
1602 4224 1869 4277 lnereticis
1978 4236 2365 4302 "muliones,
2404 4247 2457 4292 et
2487 4239 2770 4294 dumorum
2806 4241 3050 4298 incendia
3078 4244 3290 4308 fecerit.
3326 4249 3440 4305 sive
3468 4251 3586 4308 ﬁeri

270 4332 478 4386 mortuis
502 4343 699 4384 missas
728 4334 954 4381 cantare
979 4323 1082 4394 (en
1102 4322 1266 4376 verba
1291 4336 1318 4374 a
1348 4320 1607 4375 Gratiano
1632 4316 1868 4386 laudata)
1972 4329 2211 4397 jusserit,
2247 4340 2339 4384 am
2367 4329 2586 4386 facienti
2619 4339 2979 4397 consenserit.
3023 4354 3129 4408 quo
3159 4291 3588 4411 usql’lc“;l‘;"i'l;;

271 4438 367 4476 non
395 4425 514 4478 licet
558 4432 612 4476 et
644 4435 750 4474 non
783 4416 1004 4486 expedit
1041 4413 1265 4469 obedire
1295 4414 1397 4468 eis.
1461 4412 1518 4466 Si
1549 4411 1828 4481 presbyter

1972 4383 1990 4397 ,
2201 4383 2211 4392 ,
2328 4383 2332 4384 ,
2373 4383 2377 4384 ν
2624 4383 2979 4397 _----------.-.
3024 4383 3126 4408 .,..ν
3160 4383 3330 4411 om..."
3383 4383 3452 4397 μυ

1978 4422 2262 4492 unicuique
2317 4424 2557 4494 legaliter
2611 4438 2664 4482 et
2695 4429 3057 4485 amicabiliter
3105 4448 3286 4487 coram
3335 4436 3590 4505 episcopo

271 4453 367 4476 "UH
395 4453 514 4478 ιιυει
558 4453 612 4476 ει
644 4453 750 4474 ΙΙυΙΙ
783 4453 1004 4486 υλγυνιι
1041 4453 1264 4469 υιιυυιιν
1296 4453 1397 4468 νισι
1461 4453 1518 4466 ’,γι
1549 4453 1596 4481 γι
1614 4453 1822 4480 vsa-Iva-

271 4521 558 4589 contigerit,
594 4518 685 4572 ubi
713 4516 935 4570 missam
967 4515 1289 4576 cantavcrit,
1310 4519 1363 4566 et
1390 4511 1527 4562 alius
1563 4509 1826 4563 recitaver

1979 4453 2262 4524 υιιιιριιιιομιυ
2317 4453 2557 4494 lcgantur
2611 4453 2664 4482 CI.
2695 4453 3057 4485 illlltCﬂUllllCI‘
3105 4453 3286 4487 coram
3335 4453 3590 4507 episcopo

1977 4524 2210 4567 czvrtatts
2243 4516 2472 4585 aliiSque
2503 4518 2708 4571 civibus
2739 4536 2843 4574 non
2875 4524 3263 4589 emendaverit,
3299 4526 3366 4581 ab
3410 4529 3593 4583 Eccle-

273 4617 473 4670 nomina
511 4625 870 4675 mortuorum,
934 4621 986 4663 et
1009 4607 1035 4644 εί
1067 4609 1230 4664 simul
1284 4607 1644 4661 nominaverit
1694 4603 1868 4659 hcere-
1897 4679 1936 4685 _r
1977 4605 2055 4659 sia
2079 4622 2138 4660 se
2173 4608 2437 4676 privatum
2467 4623 2779 4680 cognoscat.
2819 4613 2873 4669 Si
2900 4630 3028 4668 vero
3073 4629 3191 4685 post
3222 4621 3514 4676 secundum
3540 4633 3595 4678 ei,

278 4710 401 4762 ticos
450 4725 568 4764 cum
610 4703 919 4766 catholicis,
953 4705 998 4755 si
1060 4712 1181 4771 post
1243 4702 1461 4754 missam
1515 4679 1950 4762 iulellexerit,D
1982 4699 2192 4752 tertiam
2226 4679 2639 4757 conventionem
2697 4715 2911 4771 cuncta,
2972 4709 3021 4760 in
3074 4679 3270 4778 quibus
3327 4717 3570 4785 arguitur

278 4805 596 4860 hcbdomada
628 4815 650 4840 θ
686 4803 975 4872 pazniteat:
1007 4798 1051 4852 si
1087 4801 1394 4868 frequenter
1424 4796 1636 4859 fecerit,
1670 4811 1870 4849 annum
1981 4804 2086 4843 non
2116 4793 2511 4852 emendaverit.
2569 4805 2839 4865 tamquam
2898 4760 3151 4857 ethnicus
3192 4817 3242 4858 et

281 4902 526 4971 integrum
558 4899 839 4968 paniteat.
866 4896 922 4949 Si
954 4893 1074 4962 quis
1104 4903 1280 4947 autem
1314 4908 1408 4960 pro
1434 4901 1605 4944 morte
1637 4888 1872 4943 hmrrtici
1979 4886 2047 4938 ab
2091 4885 2238 4939 omni
2295 4886 2714 4942 Christianorum
2771 4891 3002 4963 collegio
3070 4909 3350 4966 separetur
3375 4921 3391 4950 ι
3453 4905 3596 4970 quod

283 4992 486 5048 missam
514 4991 868 5055 ordinaverit,
922 4998 978 5040 ut
1012 5001 1108 5056 pro
1141 4985 1396 5054 religione
1427 4998 1521 5037 sua
1557 4980 1573 5018 ί
1607 4981 1723 5049 ejus
1754 4982 1875 5035 reli-
1983 4977 2107 5033 licet
2137 4977 2448 5042 Gratianus,
2479 4997 2635 5043 xxm,
2671 4993 2861 5052 quiest.
2896 4986 2950 5050 8,
2975 5002 3023 5040 c.
3057 4990 3144 5051 5|,
3205 5003 3321 5060 post
3353 4993 3570 5049 ινοιιριη

285 5089 426 5157 quias
480 5089 549 5144 ibi
583 5086 837 5145 tenuerit,
881 5093 936 5137 et
985 5081 1158 5135 nescit
1188 5078 1549 5133 dili'erentiam
1598 5076 1876 5130 catholica:
1983 5088 2034 5140 p.
2061 5074 2214 5138 15,0
2240 5075 2327 5133 40.
2355 5087 2403 5128 et
2428 5039 2822 5141 Burchardum,
2851 5039 3600 5149 lib:x1,—c.'5(i,Entvetiiaun-o

287 5183 433 5246 ﬁdei;
467 5193 516 5238 et
549 5193 732 5252 postea
767 5178 1115 5238 intellexerit,
1176 5173 1654 5243 pmuiteutiamque
1687 5169 1876 5236 egerit,
1983 5168 2262 5231 attribuat,
2293 5185 2358 5223 eo
2388 5179 2567 5225 tamen
2601 5175 3017 5244 recentinsjnre
3046 5147 3309 5234 videatur.
3368 5147 3382 5157 ’

290 5276 528 5346 reliquias
556 5276 625 5329 ibi
648 5275 814 5329 debet
844 5273 968 5341 igne
998 5283 1370 5331 c0ncremarc,
1404 5275 1458 5320 et
1485 5280 1686 5318 annmn
1715 5277 1879 5316 unum
2062 5263 2150 5317 10.
2184 5265 2440 5330 Quintum
2489 5284 2501 5320 :
2538 5285 2555 5317 ‹
2604 5266 2656 5321 Si
2691 5269 2811 5338 quis
2839 5271 3058 5339 gentilis
3095 5277 3350 5343 gentilem
3377 5294 3602 5335 uxorem

292 5369 549 5437 militem.
599 5369 652 5424 Si
685 5377 867 5422 autem
912 5364 1037 5429 scit,
1091 5372 1143 5416 et
1186 5360 1509 5433 neglexerit,
1566 5358 1884 5428 pmnitentia
1989 5358 2398 5416 dimiseritante
2428 5361 2830 5432 brtptiSInttttt;)
2869 5376 2925 5420 et
2957 5378 3190 5434 sextum,
3219 5371 3388 5426 Simili
3441 5374 3602 5429 modo

293 5476 573 5522 commotus
597 5477 620 5514 ει
653 5465 841 5520 decem
893 5476 1065 5517 annos
1123 5461 1403 5531 pmniteat.
1449 5457 1503 5513 Si
1538 5457 1656 5525 quis
1703 5471 1729 5508 a
1785 5453 1887 5509 lide
1994 5454 2037 5508 si
2067 5469 2281 5509 unusex
2298 5454 2600 5525 conjugatis
2631 5456 2936 5528 baptizatus
2964 5470 3126 5516 estet
3156 5464 3295 5518 alter
3315 5465 3551 5534 gentilis,
3579 5487 3595 5517 ι

1460 5591 1752 5648 LECTION
1761 5590 1843 5644 ES
1879 5587 1968 5643 VA
1980 5588 2296 5646 RIANTES.

2068 5736 2090 5793 ‘7‘
2127 5729 2335 5792 Jejunet
2355 5732 2488 5793 apud
2514 5733 2656 5784 Hier.

2069 5792 2472 5877 l‘nfriel‘iqudias'd‘e
2508 5797 2594 5844 illo
2628 5799 2818 5852 fecerit,
2861 5798 2975 5858 quia
3012 5796 3219 5848 multum
3257 5801 3527 5866 jejunavit,
3555 5813 3607 5856 ρι

2001 5863 2168 5920 jmstca
2191 5837 2323 5918 αιῖαά
2347 5837 2590 5907 ηεελ·“ν
2630 5837 2818 5852 ’“”“““”
2865 5837 2975 5858 “ι“··’
3257 5837 3527 5866 Num...“

2064 5922 2087 5957 ις
2115 5919 2446 5980 Quadraginta
2470 5923 2603 5981 apud
2629 5920 2768 5970 Iltcr.

369 5750 380 5768 ‘
414 5743 470 5794 Et
490 5744 857 5796 consuetudinis
881 5739 1212 5789 Romanorum
1253 5733 1388 5798 apud
1426 5733 1570 5784 Hier.
1598 5746 1692 5782 non
1716 5735 1870 5780 exstat

361 5801 386 5840 δ
418 5807 514 5871 h’isi
538 5807 825 5871 prenituerit
848 5801 987 5868 apud
1011 5801 1150 5853 Hier.

365 5873 386 5936 ἢ
421 5870 469 5936 [ιι
491 5868 664 5936 synodo
699 5868 919 5936 Hieron.

365 5929 388 5970 ιι
421 5924 534 5988 Etsi
558 5949 703 5987 unum
729 5930 1066 5987 nominaverit
1089 5929 1378 5982 lucreticuto
1405 5924 1538 5989 apud
1566 5927 1683 5976 Ans.
