3950 6350
362 328 467 384 165

981 315 1408 375 EUTYClllANl
1450 317 1653 375 PAPAS
1693 311 2072 375 EXHORTA'I‘
2081 312 2146 371 10
2176 315 2267 372 ΛΟ
2307 315 2834 387 I’RESBYTEROS,
2877 313 3028 373 ETC.

3563 319 3589 376 l
3599 321 3667 377 61

362 442 649 497 Gratianus
687 454 879 503 xxvtu,
935 443 1131 508 qumst.
1165 437 1215 503 1,
1264 450 1313 491 c.
1349 433 1384 488 2
1431 442 1484 489 et
1536 434 1568 487 5
1621 430 1943 502 suppeditat.
1975 427 2027 486 Α
2056 438 2163 482 tum
2216 446 2355 493 esse.
2405 442 2458 487 et
2511 432 2561 487 in
2592 448 2673 496 ea,
2722 432 2865 487 sicut
2894 440 2948 487 et
2990 432 3043 487 in
3083 431 3323 501 Oriente,
3369 432 3564 489 saltem
3599 434 3665 487 ad

362 535 496 587 lluic
522 532 876 603 prteluserant
902 530 1270 593 Burcltardus,
1325 528 1416 581 lib.
1447 543 1534 592 XI,
1566 541 1615 580 c.
1663 527 1731 580 59
1760 535 1814 581 et
1865 526 1957 592 60,

360 642 571 681 necnon
597 628 707 690 lvo,
738 642 789 695 p.
811 623 865 689 8,
889 639 938 678 c.
962 624 1065 680 193
1088 632 1142 677 et
1166 620 1285 677 l96.
1312 620 1606 689 Utrumque
1628 619 1957 689 descriptum

360 729 443 775 est
468 736 529 774 ex
556 717 919 774 Poeniteutiali
948 714 1215 771 Theodori
1245 711 1500 767 Cantuar.
1535 726 1654 781 cap.
1690 713 1757 767 1⁸5
1787 722 1843 767 et
1865 712 1956 777 45,

359 822 419 868 ιιι
449 814 634 868 videre
656 821 740 868 est.
760 810 898 883 apud
920 810 1174 875 Petitum,
1193 817 1323 863 tum.
1350 822 1387 874 ι,
1419 822 1536 877 pag.
1568 806 1655 858 11.
1682 816 1735 861 et
1756 804 1961 861 Dacbc-

359 908 499 961 rium
527 906 807 975 Spicilt-g.,
840 915 970 959 tom.
999 919 1075 957 ιχ.

434 1003 520 1056 11.
549 998 701 1068 Quod
731 999 961 1068 septimo
988 998 1107 1059 loco
1137 1011 1167 1052 e
1189 995 1465 1061 Gratiano,
1494 1011 1663 1061 xxxv,
1688 992 1956 1065 quzest.6,

357 1112 406 1149 c.
442 1096 495 1160 7,
552 1090 879 1160 descriptum
930 1099 1014 1145 est
1050 1091 1113 1144 de
1152 1091 1445 1161 juramcnto
1492 1087 1753 1158 synodali,
1807 1084 1961 1156 cujus

356 1186 565 1239 ittitium
596 1202 607 1238 :
645 1202 664 1234 ‹
697 1182 1000 1254 Episcopus
1051 1182 1101 1235 itt
1131 1179 1340 1253 synodo
1371 1180 1639 1246 residens,
1677 1190 1798 1250 pOSt
1828 1192 1958 1231 con-

356 1292 543 1347 gruam
563 1274 1017 1340 exhortationem,
1034 1284 1243 1343 septem
1263 1289 1324 1328 ex
1348 1272 1507 1343 plebe
1526 1273 1645 1341 ejus
1665 1269 1956 1339 parochias,

358 1372 441 1426 vel
471 1386 535 1425 eo
562 1371 811 1440 amplius,
842 1378 1001 1438 prout
1046 1367 1245 1421 viderit
1283 1365 1560 1437 expedire,
1613 1364 1957 1430 maturiores,

358 1464 698 1519 honestiores
725 1473 885 1532 atque
918 1461 1224 1516 veraciores
1253 1460 1399 1513 viros
1431 1458 1588 1512 debet
1638 1457 1690 1511 iu
1723 1457 1959 1512 medium

355 1556 643 1628 advocare,
664 1563 768 1609 etc.
794 1573 812 1605 ι
837 1552 1024 1608 eadem
1041 1552 1251 1606 ratione
1273 1550 1505 1605 refertur
1520 1559 1573 1603 et
1603 1548 1743 1617 apud
1769 1548 1959 1618 Anselo

356 1668 501 1707 mum
538 1653 629 1705 lib.
660 1666 735 1712 Vl,
763 1650 1054 1704 secundum
1088 1664 1191 1703 tus.
1222 1648 1503 1714 Gertuau.,
1537 1661 1585 1701 c.
1622 1644 1746 1701 M6.
1795 1644 1963 1699 Extat

355 1756 409 1800 et
433 1744 571 1816 apud
596 1742 991 1808 Burcltardum,
1026 1741 1119 1796 lib.
1148 1758 1185 1805 ι,
1218 1756 1338 1810 cap.
1372 1740 1433 1796 9l
1469 1752 1519 1795 et
1569 1738 1663 1804 92,
1696 1739 1843 1793 velut
1896 1752 1961 1793 ex

2064 532 2466 592 sextmuttsque
2503 526 2784 588 saeculum,
2840 525 2980 579 hunc
3032 526 3329 583 obtinuisse
3381 542 3556 591 usum,
3612 537 3671 580 ut

2067 616 2427 669 testimonium
2475 617 2669 672 dicturi
2720 618 3003 687 Evangelia
3033 619 3134 675 sibi
3178 621 3473 690 propodta,
3524 618 3670 674 nulla

2064 719 2335 760 sacrarum
2407 709 2758 779 reliquiarum
2810 712 3083 767 mentione
3129 713 3288 777 facta,
3349 719 3665 781 tangerent:

2064 803 2215 872 cujus
2245 804 2319 856 rei
2346 802 2504 859 fidem
2534 805 2732 861 facient
2754 806 2981 877 epistola
3014 805 3084 862 i5
3113 804 3295 877 Vigilii
3327 820 3501 875 papae,
3525 821 3578 858 ιι.
3612 804 3669 869 2,

2065 895 2263 965 Pelagii
2295 896 2317 951 Ι
2363 896 2721 969 fragmentum
2756 901 2847 966 44,
2901 898 2969 955 ad
3012 900 3355 961 Decoratum,
3388 898 3671 969 Mopsues—

2064 1000 2203 1045 teua:
2226 993 2417 1063 synodi
2459 1003 2608 1063 gesta
2642 995 2855 1051 concilii
2884 994 3054 1065 quinti
3082 996 3353 1066 generalis
3401 997 3604 1051 actioni
3636 993 3671 1048 5

2062 1084 2286 1149 inserta,
2313 1097 2524 1141 sextum
2547 1089 2837 1143 concilium
2854 1090 3129 1159 generale,
3153 1100 3259 1145 act.
3280 1090 3517 1161 l4,pag.
3538 1090 3667 1145 977.

2065 1181 2372 1251 Superioris
2439 1194 2617 1240 autem
2668 1184 2912 1241 formulzn
2960 1186 3300 1255 adhibendre,
3363 1164 3671 1258 seulsupra

2064 1274 2338 1345 Reliquias
2355 1276 2573 1347 jurandi
2601 1290 2930 1349 praeceptum
2962 1280 3103 1351 apud
3128 1280 3427 1345 Baluzium,
3465 1291 3597 1334 tom.
3628 1296 3668 1343 ι,

2064 1368 2292 1441 Capitul.
2328 1371 2381 1424 in
2403 1369 2696 1441 Capitulari
2724 1389 2802 1441 tv,
2845 1374 2971 1428 anni
2994 1375 3119 1441 803,
3154 1376 3270 1430 sive
3308 1377 3376 1430 de
3405 1376 3525 1446 lege
3576 1375 3675 1429 Bi-

2067 1463 2377 1531 puariense,
2416 1480 2536 1535 cap.
2567 1467 2659 1529 57,
2707 1484 2830 1538 pag.
2879 1469 3010 1534 598,
3037 1478 3088 1523 ct
3128 1470 3269 1540 apud
3322 1470 3673 1526 Sirmoudum

2067 1569 2198 1613 tom.
2231 1576 2291 1625 ιι,
2343 1576 2499 1615 conc.
2549 1563 2714 1627 Gall.,
2750 1580 2868 1633 pag.
2920 1563 3047 1630 246,
3099 1564 3295 1634 legitur
3324 1564 3409 1618 his
3456 1565 3675 1619 verbis:

2074 1677 2089 1701 ι.
2119 1652 2288 1706 Omne
2315 1662 2715 1709 sacramentum
2742 1654 2794 1708 in
2825 1654 3074 1710 Ecclesia
3110 1667 3203 1710 aut
3227 1670 3388 1725 supra
3418 1655 3680 1726 reliquias

2064 1743 2277 1812 juretur
2300 1762 2311 1794 :
2338 1756 2388 1798 et
2420 1746 2562 1815 quod
2596 1748 2645 1800 in
2681 1746 2921 1801 Ecclesia
2950 1746 3241 1817 jurandum
3271 1758 3375 1811 est,
3410 1748 3498 1802 vel
3552 1763 3678 1802 cum

356 1839 591 1893 decretis
628 1835 948 1907 Eutycliiani
976 1849 1175 1904 papa),
1228 1848 1347 1902 cap.
1380 1833 1433 1889 9.
1468 1832 1574 1887 Sed
1626 1830 1767 1902 apud
1817 1829 1961 1884 hunc
1990 1834 2037 1894 B
2066 1850 2164 1890 sex
2198 1837 2408 1899 electis,
2442 1838 2548 1901 vel,
2605 1839 2647 1891 si
2700 1838 2984 1892 duodecim
3043 1854 3166 1895 esse
3218 1840 3439 1907 debent,
3491 1839 3682 1909 quales

355 1948 473 2000 t‘ap.
503 1930 573 1986 92
617 1941 671 1984 et
718 1929 789 1984 95
828 1926 1189 1995 subjiciuntur
1231 1926 1301 1982 88
1337 1925 1601 1996 capitula,
1654 1925 1722 1980 de
1768 1923 1963 1994 quibus

356 2026 497 2079 velut
528 2040 594 2079 ex
627 2021 867 2091 ejusdem
905 2021 1225 2093 Entycltiani
1269 2031 1542 2090 prcccepto
1599 2017 1962 2088 interrogandi

356 2120 463 2172 sint
486 2118 573 2187 qui
604 2121 749 2186 prius
775 2126 1117 2171 sacramento
1150 2114 1394 2185 synodali
1425 2129 1486 2169 se
1513 2112 1956 2167 constrinxerint.

360 2209 524 2262 Porro
556 2222 744 2261 omnes
776 2206 850 2260 illi
883 2206 1206 2261 collectores
1238 2206 1288 2258 in
1323 2205 1424 2258 hac
1466 2201 1792 2258 sacramenti
1850 2202 1961 2255 fur-

360 2304 500 2355 mnla
547 2300 915 2365 consentiunt,
949 2314 1053 2370 qua
1114 2298 1334 2352 (allatis
1390 2298 1709 2353 Sanctorum
1764 2297 1956 2364 pigno-

358 2399 527 2459 ribus,
557 2413 575 2447 ι
640 2409 669 2447 a
721 2393 930 2461 iurante
987 2391 1220 2459 exigitur
1257 2390 1441 2460 «quod
1488 2399 1543 2443 tu
1596 2406 1695 2445 nec
1742 2398 1965 2459 propter

356 2504 617 2551 amorem,
655 2502 752 2541 nec
785 2494 1003 2556 propter
1060 2486 1331 2549 timorem,
1396 2499 1493 2537 nec
1552 2491 1776 2553 pr0pter
1826 2498 1963 2551 prae-

356 2581 546 2643 :nium,
606 2593 705 2633 nec
732 2586 952 2647 propter
984 2574 1314 2646 parentelam
1346 2574 1612 2629 ullatenus
1656 2574 1801 2628 celes
1846 2575 1963 2644 epi-

356 2690 602 2743 seopum,
632 2683 723 2726 aut
755 2673 873 2742 ejus
905 2673 1127 2727 missum
1164 2672 1249 2725 cui
1282 2672 1383 2725 ltoc
1415 2670 1689 2740 inquirere
1715 2668 1961 2738 jusserit,

357 2766 805 2835 quandocumque
832 2781 895 2820 ex
923 2766 1025 2820 hoc
1057 2773 1108 2821 te
1138 2765 1570 2834 interrogaverit.
1605 2764 1695 2818 Sic
1733 2773 1780 2817 te
1825 2761 1965 2816 Deus

357 2863 583 2929 adjuvet,
608 2871 654 2915 et
681 2863 793 2916 ista:
821 2860 1130 2917 Sanctorum
1168 2860 1449 2930 reliquiae.»
1485 2859 1583 2914 Cui
1636 2859 1827 2913 similis
1883 2864 1967 2913 est

357 2960 452 3011 ista
479 2957 843 3026 interrogandi
876 2956 1104 3009 formula
1128 2953 1621 3024 apudGratianum,
1657 2952 1812 3018 ibid.,
1834 2967 1885 3006 c.
1906 2952 1961 3017 5,

357 3053 522 3105 relata
556 3051 607 3103 in
645 3050 784 3104 hunc
828 3048 1079 3103 modum:
1141 3066 1159 3098 ι
1189 3047 1261 3101 De
1319 3048 1415 3101 ista
1468 3046 1762 3117 parentela,
1805 3060 1964 3116 quam

357 3146 542 3200 dicunt
564 3159 683 3199 esse
712 3144 850 3198 inter
877 3141 1026 3196 illum
1046 3140 1110 3195 N.
1139 3151 1193 3196 et
1213 3142 1355 3195 inter
1376 3140 1522 3194 illam
1542 3139 1660 3209 ejus
1678 3140 1962 3208 conjugem

2071 1929 2303 2003 potuerit
2344 1928 2624 1993 invenire;
2654 1937 2707 1982 et
2736 1930 2815 1984 sic
2835 1930 3016 2000 juret:
3053 1931 3143 1986 Sic
3173 1932 3322 1985 illum
3349 1930 3488 1986 Deus
3520 1932 3681 2003 adju-

2068 2031 2165 2083 τρι,
2201 2030 2245 2073 et
2270 2023 2347 2075 illi
2377 2020 2561 2076 Sancti
2589 2005 2807 2092 quorum
2834 2024 2944 2077 istm
2966 2024 3194 2089 reliquiae
3234 2036 3372 2088 sunt,
3432 2033 3490 2079 ut
3536 2024 3685 2079 dicat

2066 2111 2407 2167 veritatem.)
2444 2112 2693 2182 Ejusdem
2714 2116 2791 2169 rei
2816 2126 3144 2188 pra-ceptqu
3164 2126 3325 2188 atque
3357 2131 3513 2171 usum
3538 2116 3685 2188 apud

2067 2203 2379 2273 praedictum
2417 2206 2713 2272 Baluzium,
2748 2224 2868 2279 pag.
2918 2207 3005 2273 60,
3040 2209 3222 2265 videre
3266 2220 3345 2265 est
3396 2210 3448 2265 in
3502 2210 3680 2282 Dago-

2068 2294 2208 2349 berti
2242 2298 2383 2365 regis
2411 2297 2707 2367 Capitulari
2738 2314 2792 2362 ιι,
2829 2300 2954 2352 auui
2976 2298 3104 2367 650,
3130 2301 3245 2356 sive
3278 2301 3401 2369 lege
3425 2301 3691 2357 Alaman-

2068 2408 2282 2457 norum,
2307 2408 2427 2462 cap.
2450 2394 2501 2458 7,
2524 2393 2613 2448 ubi
2634 2395 2908 2451 sancitur:
2939 2416 2957 2448 ι
2980 2396 3083 2451 Ista
3106 2406 3448 2453 sacramenta
3477 2397 3687 2454 debent

2068 2500 2191 2541 esse
2223 2486 2424 2556 jurata,
2459 2497 2517 2541 ut
2563 2488 2637 2542 illi
2689 2489 3061 2560 conjuratores
3110 2506 3299 2545 manus
3345 2505 3473 2546 suas
3518 2506 3688 2560 super

2068 2593 2283 2649 capsam
2327 2590 2551 2649 ponant,
2598 2592 2653 2636 et
2679 2581 2771 2635 ille
2808 2582 2974 2645 solus,
3027 2582 3111 2637 cui
3152 2598 3312 2639 causa
3350 2583 3685 2654 requiretur,

2067 2674 2229 2729 verba
2266 2682 2470 2729 tantum
2500 2674 2664 2741 dicat,
2699 2684 2753 2730 et
2775 2690 2937 2745 super
2965 2677 3205 2730 omnium
3235 2691 3426 2730 manus
3458 2690 3683 2730 manum

2068 2782 2223 2821 suam
2244 2769 2504 2837 imponat,
2526 2776 2580 2821 ut
2600 2768 2678 2822 sic
2700 2768 2769 2820 illi
2794 2769 2933 2822 Deus
2950 2767 3167 2837 adjuvet
3183 2769 3269 2822 vel
3292 2767 3395 2821 illa:
3416 2768 3682 2837 reliquiae,

2068 2870 2175 2914 etc.
2191 2878 2209 2910 ι
2244 2858 2378 2913 Vide
2402 2858 2695 2913 concilium
2723 2857 3211 2913 Fraucofordiense
3229 2873 3371 2912 anno
3394 2857 3503 2913 794
3525 2857 3689 2913 cele—

2068 2952 2304 3017 bratum,
2336 2968 2457 3006 can.
2486 2951 2541 3019 9,
2568 2952 2655 3005 ubi
2682 2961 2773 3005 aut
2800 2952 2956 3006 tactis
3003 2951 3331 3023 Evangeliis,
3359 2960 3453 3005 aut
3497 2966 3685 3007 coram

2068 3045 2358 3114 propositis
2378 3046 2618 3115 reliquiis
2640 3044 2854 3114 jnrandi
2889 3059 3005 3099 mos
3026 3044 3313 3099 indicatur.

2148 3139 2231 3192 15.
2291 3138 2574 3192 Decretum
2642 3137 2801 3191 illud:
2855 3137 3058 3191 Malum
3096 3154 3340 3209 magnum
3400 3137 3683 3204 ebrietatis,

357 3242 420 3294 Ν.
452 3238 710 3309 quidquid
735 3238 859 3292 inde
881 3238 987 3291 scis
1008 3245 1100 3289 aut
1129 3236 1323 3291 audisti
1370 3251 1397 3289 a
1434 3236 1538 3290 tuis
1568 3236 1778 3301 vicinis,
1810 3244 1902 3289 aut
1927 3249 1958 3288 a
1986 3236 2029 3298 C
2064 3231 2203 3302 quod
2226 3245 2292 3285 ex
2326 3230 2583 3285 librorum
2605 3247 2715 3294 XVI,
2742 3231 2879 3285 libro
2897 3247 3011 3296 xw,
3044 3247 3164 3301 cap.
3185 3232 3239 3297 2,
3265 3231 3541 3303 vulgatum
3575 3240 3683 3295 est,

359 3335 460 3388 tuis
509 3332 901 3402 antiquioribus
963 3330 1298 3399 prOpinquis,
1348 3328 1489 3399 quod
1524 3340 1581 3381 tu
1625 3322 1719 3397 per
1752 3327 1956 3381 nullum

362 3426 659 3497 ingenium,
704 3439 804 3478 nec
838 3433 1061 3493 propter
1090 3438 1357 3488 amorem,
1390 3436 1490 3476 nec
1524 3430 1746 3491 propter
1801 3422 1961 3475 timo-

360 3536 495 3585 rem,
525 3530 616 3573 aut
670 3534 765 3587 per
794 3517 1073 3587 pra-mium
1095 3558 1109 3582 ,
1160 3525 1250 3568 aut
1284 3530 1381 3584 per
1429 3512 1957 3583 consanguinitatem

357 3611 558 3667 celabis
588 3611 1093 3680 episeOpumtuum,
1152 3616 1244 3660 aut
1294 3605 1411 3676 ejus
1441 3605 1663 3658 missum
1716 3603 1799 3658 cui
1856 3601 1959 3657 hoc

358 3707 630 3777 inquirere
655 3704 896 3775 jusserit,
927 3699 1377 3772 quandocumque
1407 3709 1458 3753 te
1502 3714 1565 3752 ex
1598 3710 1701 3751 uoc
1728 3697 1959 3751 interro—

357 3800 581 3870 gaverit.
614 3797 700 3853 Sic
730 3806 777 3849 te
807 3795 941 3848 Deus
964 3795 1191 3862 adjuvet,
1224 3803 1270 3846 et
1316 3792 1427 3845 ista:
1471 3792 1791 3845 Sanctorum
1838 3789 1961 3842 reli-

357 3892 506 3961 quiw.
533 3909 551 3940 ι
591 3890 748 3958 Atqui
799 3888 912 3941 haec
953 3886 1245 3941 novissima
1298 3883 1521 3938 formula
1550 3884 1707 3955 (qua:
1737 3891 1792 3937 et
1819 3880 1959 3951 apud

360 3982 733 4038 Burcltardum
758 3979 850 4033 lib.
874 3995 967 4044 vn,
990 3994 1039 4034 c.
1056 3978 1147 4041 ‘25,
1168 3986 1223 4031 et
1243 3974 1380 4046 apud
1400 3975 1635 4040 lvonem,
1654 3991 1704 4044 p.
1722 3974 1773 4042 9,
1796 3990 1844 4029 c.
1866 3973 1956 4039 61,

357 4074 721 4146 anepigraplta
750 4083 869 4139 est;
901 4088 1075 4143 neque
1112 4070 1280 4133 enim,
1318 4078 1376 4122 ut
1419 4077 1674 4139 putarunt
1700 4066 1957 4121 Pitlimani

360 4169 581 4234 fratres,
611 4166 679 4222 ad
713 4167 851 4221 hanc
883 4168 1116 4236 pertinet
1136 4163 1507 4233 superioribus
1549 4161 1782 4217 decretis
1822 4176 1959 4229 prte-

360 4264 461 4316 lixa
498 4260 743 4331 Gregorii
768 4276 834 4315 ex
881 4259 1111 4314 concilio
1158 4259 1318 4311 Rom.
1355 4252 1569 4326 c'itatio)
1622 4270 1651 4307 a
1703 4253 1963 4310 Gratiano

359 4366 416 4410 ut
443 4372 508 4411 ex
528 4354 731 4409 Ordine
758 4354 1001 4408 Romano
1022 4352 1236 4408 citatur.
1270 4348 1557 4405 Probabile
1601 4357 1686 4403 est
1718 4348 1876 4418 igitur
1906 4355 1963 4401 et

359 4464 423 4502 ex
470 4450 660 4504 eodem
711 4446 913 4505 Ordine
960 4446 1245 4515 repetitum
1299 4458 1422 4500 esse
1468 4440 1721 4512 superius
1776 4440 1965 4495 decre-

361 4556 491 4599 tum.

2065 3326 2317 3397 quodque
2343 3326 2483 3394 apud
2520 3322 2914 3391 Burcltardum,
2948 3325 3042 3381 lib.
3078 3341 3198 3390 xvi,
3231 3341 3350 3395 cap.
3379 3326 3436 3393 Ξ,
3472 3336 3530 3381 et
3558 3324 3685 3381 Ivo-

2065 3436 2209 3481 nem,
2239 3435 2291 3488 p.
2324 3418 2410 3479 l5.
2446 3436 2495 3475 c.
2523 3421 2611 3481 71,
2642 3419 2985 3485 oll‘endimus,
3008 3430 3091 3474 est
3111 3419 3437 3491 Moguntiaci
3464 3418 3686 3474 concilii

2064 3529 2207 3567 anno
2231 3513 2338 3567 815
2367 3513 2646 3578 celebrati,
2682 3529 2855 3568 canon
2884 3512 2979 3568 46.

2134 3608 2226 3663 14.
2254 3608 2407 3674 Quod
2434 3608 2557 3663 ltuic
2584 3608 2892 3677 subjicitur:
2921 3607 3209 3678 «Episcopi
3229 3623 3291 3662 ac
3322 3607 3419 3662 Dei
3450 3604 3687 3662 ministri

2065 3717 2171 3755 nou
2203 3701 2404 3756 debent
2424 3701 2915 3756 comessationibus
2941 3711 2997 3756 et
3033 3700 3343 3756 vinolentiis
3371 3699 3551 3755 nimiis
3600 3700 3689 3754 in-

2063 3796 2352 3861 cumbere,
2388 3815 2405 3847 ι
2442 3794 2589 3849 velut
2630 3810 2691 3849 ex
2722 3793 2911 3847 iisdem
2946 3794 3133 3861 libris,
3180 3793 3335 3860 ibid.,
3383 3809 3434 3848 c.
3470 3794 3526 3857 5,
3560 3793 3687 3849 des-

2064 3891 2317 3961 criptum,
2351 3891 2597 3946 similiter
2614 3902 2666 3945 et
2683 3888 3047 3955 Burchardus,
3074 3890 3165 3945 lib.
3190 3907 3300 3951 xw,
3320 3906 3370 3944 c.
3392 3891 3446 3955 5,
3485 3900 3541 3944 et
3562 3889 3680 3957 Ivo,

2063 3994 2206 4055 part.
2248 4000 2362 4046 xm,
2414 3999 2466 4037 c.
2497 3984 2587 4048 70,
2622 3984 2897 4051 exhibent,
2929 4000 2995 4037 ac
3019 3983 3183 4039 nihilo
3215 3985 3384 4054 magis
3412 3982 3480 4037 ad
3514 3982 3687 4054 Euty-

2064 4077 2315 4133 cttiauum
2349 4079 2604 4146 pertinet,
2628 4076 2721 4132 sed
2749 4077 2815 4131 ad
2856 4078 3127 4133 Remeuse
3154 4075 3452 4132 secundum
3498 4073 3687 4129 conci-

2066 4170 2220 4235 lium,
2243 4185 2386 4224 anno
2408 4169 2516 4226 813
2534 4168 2800 4237 habitum,
2824 4170 2977 4239 cujus
3000 4180 3082 4224 est
3099 4185 3269 4224 canon
3303 4168 3391 4223 18.

2140 4263 2229 4318 lii.
2276 4263 2653 4318 Postremum:
2705 4261 3091 4317 Observandum
3121 4260 3386 4323 estnobis.
3426 4274 3535 4331 quo
3582 4259 3685 4314 mi-

2066 4355 2249 4410 nistris
2301 4354 2395 4410 Dei
2429 4353 2797 4425 praescribitur
2851 4353 3174 4425 quibuscum
3222 4351 3501 4408 convivari
3547 4351 3684 4422 ipsis

2068 4447 2245 4512 liceat,
2271 4464 2336 4503 ex
2361 4448 2618 4503 librorum
2642 4464 2757 4509 xv1.
2787 4447 2881 4501 lib.
2907 4463 3016 4510 xw,
3038 4462 3157 4516 cap.
3187 4446 3273 4510 10,
3306 4444 3680 4514 desumptum.

2070 4552 2125 4594 et
2164 4539 2349 4594 eadem
2384 4543 2593 4597 ratione
2641 4558 2671 4596 a
2722 4539 3056 4605 Burchardo,
3084 4539 3176 4594 lib.
3231 4554 3338 4601 xvi,
3382 4554 3432 4593 c.
3483 4537 3573 4603 10,
3626 4548 3683 4594 et

436 4638 521 4695 12.
556 4636 853 4694 Fatendum
902 4646 1079 4692 tamen
1119 4648 1202 4692 est
1246 4636 1299 4691 in
1350 4650 1630 4690 romanam
1665 4631 1962 4688 Ecclesium
1992 4660 2044 4721 Β
2068 4631 2253 4699 lvone,
2285 4648 2338 4702 p.
2372 4634 2459 4700 11,
2483 4649 2532 4689 c.
2567 4635 2657 4699 78,
2678 4632 2973 4698 laudatum,
3012 4640 3096 4686 est
3134 4629 3456 4700 Capitularis
3494 4628 3682 4686 Theo-

362 4732 666 4804 lmjusmodi
695 4748 898 4788 morem
938 4732 1152 4787 nonnisi
1182 4730 1515 4801 sequioribus
1544 4727 1757 4783 sa:culis
1786 4728 1970 4780 invec-

1746 4856 1753 4863 κ

366 4870 418 4886 -

2073 4724 2203 4780 dulti
2236 4725 2475 4796 episcopi
2504 4726 2909 4782 Aurelianensis
2949 4734 3112 4796 caput
3138 4726 3226 4779 l5.

1069 4857 3649 4882 '—_~—___.__—’-——————————————_-———-—-———-——‘

1113 4974 1960 5093 EUTYGHL

2074 4975 2282 5090 NI
2368 4975 2911 5092 ΡΔΡΕ

674 5196 1214 5262 ΕΧΗΟΗΤΑΤΙΟ
1258 5193 1366 5257 AD
1412 5190 1960 5255 PRESBYTEROS

2072 5191 2131 5253 Χ
2175 5191 2536 5269 ANTIQUO
2579 5194 2867 5259 CODICE
2914 5195 3352 5259 VATICANO.

442 5374 655 5434 Fratres
682 5386 734 5431 et
777 5372 1086 5429 sacerdotes
1118 5368 1351 5433 Domini,
1385 5376 1768 5435 cooperatores
1796 5365 1970 5419 nostri

367 5472 572 5529 ordinis
598 5469 749 5524 estis.
807 5467 914 5521 Nos
961 5465 1198 5534 quidem.
1232 5463 1481 5534 quamvis
1512 5458 1735 5540 indigni,
1787 5459 1963 5514 locum

367 5572 545 5623 Aaron
578 5574 857 5623 tenemus;
911 5574 1005 5615 vos
1060 5558 1240 5612 locum
1287 5554 1528 5610 Eleazari
1560 5561 1612 5607 et
1641 5550 1963 5606 ltltamaris:

370 5678 467 5717 nos
496 5665 608 5717 vice
652 5655 937 5713 duodecim
992 5653 1357 5724 apostolorum
1408 5648 1710 5728 fungimur;
1754 5661 1849 5703 vos
1896 5646 1965 5701 ad

370 5755 600 5811 formam
626 5749 965 5822 septuaginta
988 5746 1219 5802 duorum
1246 5744 1636 5813 discipulorum
1659 5741 1790 5796 estis
1816 5758 1830 5795 :
1867 5755 1966 5796 nos

374 5858 616 5919 pastores
640 5844 806 5901 vestri
832 5856 1048 5906 sumus;
1080 5854 1176 5895 vos
1204 5837 1375 5909 plebis
1420 5837 1571 5893 vobis
1615 5835 1916 5891 commisste
1948 5850 1961 5888 :

2074 5380 2172 5419 nos
2195 5364 2262 5419 de
2286 5366 2440 5422 vobis
2464 5367 2725 5423 rationem
2749 5368 3011 5426 reddituri
3033 5384 3220 5423 sumus
3237 5382 3451 5423 summo
3472 5367 3677 5438 pastori

2078 5460 2298 5515 Domino
2345 5472 2531 5517 nostro
2576 5462 2703 5518 Jesu
2751 5463 3005 5531 Christo;
3060 5480 3157 5519 vos
3206 5465 3273 5519 de
3328 5463 3482 5533 plebe
3521 5462 3676 5517 vobis

2070 5555 2356 5611 commissa
2386 5575 2398 5610 :
2428 5573 2527 5611 nos
2579 5558 2645 5611 de
2691 5558 2845 5612 vobis
2888 5558 3226 5627 pastoribus;
3280 5571 3373 5611 vos
3425 5572 3553 5610 vero
3604 5555 3679 5611 de

2069 5648 2283 5711 ovibus,
2309 5647 2362 5701 id
2381 5659 2461 5703 est
2490 5649 2558 5705 de
2583 5650 2826 5719 plebibus
2851 5650 3403 5706 vobiscounnendatis
3424 5667 3434 5702 :
3452 5660 3506 5703 et
3528 5646 3670 5713 ideo,

2070 5743 2162 5797 lilii
2204 5744 2543 5812 cltarissimi,
2580 5746 2971 5817 praevideamus
3018 5747 3316 5818 periculum
3348 5743 3480 5800 tanti
3508 5742 3678 5799 officii

2076 5836 2228 5891 nobis
2265 5838 2561 5895 commissi.
2615 5839 2983 5898 Admonemus
3022 5840 3203 5913 itaque
3244 5849 3299 5896 et
3327 5838 3678 5897 obsecramus
