  <div class='ocr_page' id='page_1' title='image "/cluster/home/n/w/nwhite01/storage/ocr_20150623/5/uva.x000826532/108.png"; bbox 0 0 3950 6370; ppageno 0'>
   <div class='ocr_carea' id='block_1_1' title="bbox 239 356 324 413">
    <p class='ocr_par' dir='ltr' id='par_1_1' title="bbox 239 356 324 413">
     <span class='ocr_line' id='line_1_1' title="bbox 239 356 324 413; baseline -0.047 -1"><span class='ocrx_word' id='word_1_1' title='bbox 239 356 324 413; x_wconf 73' lang='lat' dir='ltr'><strong>i533</strong></span> 
     </span>
    </p>
   </div>
   <div class='ocr_carea' id='block_1_2' title="bbox 877 328 2889 411">
    <p class='ocr_par' dir='ltr' id='par_1_2' title="bbox 877 328 2889 411">
     <span class='ocr_line' id='line_1_2' title="bbox 877 328 2889 411; baseline -0.008 0"><span class='ocrx_word' id='word_1_2' title='bbox 877 349 1299 411; x_wconf 71' lang='lat' dir='ltr'><strong>EUTYClll.‘.Nl</strong></span> <span class='ocrx_word' id='word_1_3' title='bbox 1339 348 1537 406; x_wconf 73' lang='lat' dir='ltr'><strong>PAPA‘J</strong></span> <span class='ocrx_word' id='word_1_4' title='bbox 1552 338 2026 404; x_wconf 55' lang='lat' dir='ltr'><strong>iEXllORTATlO</strong></span> <span class='ocrx_word' id='word_1_5' title='bbox 2052 340 2144 397; x_wconf 82' lang='lat' dir='ltr'><strong>Al)</strong></span> <span class='ocrx_word' id='word_1_6' title='bbox 2171 328 2707 408; x_wconf 67' lang='lat' dir='ltr'><strong>PRESBY&#39;I&#39;EBOS,</strong></span> <span class='ocrx_word' id='word_1_7' title='bbox 2735 339 2889 395; x_wconf 84' lang='lat' dir='ltr'><strong>ETC.</strong></span> 
     </span>
    </p>
   </div>
   <div class='ocr_carea' id='block_1_3' title="bbox 3439 335 3543 394">
    <p class='ocr_par' dir='ltr' id='par_1_3' title="bbox 3439 335 3543 394">
     <span class='ocr_line' id='line_1_3' title="bbox 3439 335 3543 394; baseline 0 -1"><span class='ocrx_word' id='word_1_8' title='bbox 3439 335 3543 394; x_wconf 72' lang='grc'><strong>166</strong></span> 
     </span>
    </p>
   </div>
   <div class='ocr_carea' id='block_1_4' title="bbox 236 440 3543 539">
    <p class='ocr_par' dir='ltr' id='par_1_4' title="bbox 236 440 3543 539">
     <span class='ocr_line' id='line_1_4' title="bbox 236 440 3543 539; baseline -0.007 -13"><span class='ocrx_word' id='word_1_9' title='bbox 236 471 595 527; x_wconf 69' lang='lat' dir='ltr'><strong>fraternitatem</strong></span> <span class='ocrx_word' id='word_1_10' title='bbox 628 475 893 537; x_wconf 89' lang='lat' dir='ltr'><strong>vestram,</strong></span> <span class='ocrx_word' id='word_1_11' title='bbox 928 478 987 523; x_wconf 89' lang='lat' dir='ltr'><strong>ut</strong></span> <span class='ocrx_word' id='word_1_12' title='bbox 1008 483 1127 539; x_wconf 71' lang='lat' dir='ltr'><strong>qua:</strong></span> <span class='ocrx_word' id='word_1_13' title='bbox 1170 476 1364 521; x_wconf 63' lang='lat' dir='ltr'><strong>vestrae</strong></span> <span class='ocrx_word' id='word_1_14' title='bbox 1392 473 1698 533; x_wconf 78' lang='lat' dir='ltr'><strong>nostraeque</strong></span> <span class='ocrx_word' id='word_1_15' title='bbox 1734 476 1821 513; x_wconf 80' lang='lat' dir='ltr'><strong>sa-</strong></span> <span class='ocrx_word' id='word_1_16' title='bbox 1847 461 1900 518; x_wconf 80' lang='grc' dir='ltr'><strong>Α</strong></span> <span class='ocrx_word' id='word_1_17' title='bbox 1926 456 2190 526; x_wconf 80' lang='lat' dir='ltr'><strong>agendum</strong></span> <span class='ocrx_word' id='word_1_18' title='bbox 2219 472 2381 511; x_wconf 87' lang='lat' dir='ltr'><strong>unum</strong></span> <span class='ocrx_word' id='word_1_19' title='bbox 2411 470 2506 509; x_wconf 91' lang='lat' dir='ltr'><strong>vas</strong></span> <span class='ocrx_word' id='word_1_20' title='bbox 2537 440 2749 519; x_wconf 83' lang='lat' dir='ltr'><strong>haheat,</strong></span> <span class='ocrx_word' id='word_1_21' title='bbox 2782 463 2834 508; x_wconf 88' lang='lat' dir='ltr'><strong>et</strong></span> <span class='ocrx_word' id='word_1_22' title='bbox 2863 452 3006 507; x_wconf 83' lang='lat' dir='ltr'><strong>circa</strong></span> <span class='ocrx_word' id='word_1_23' title='bbox 3039 449 3235 505; x_wconf 87' lang='lat' dir='ltr'><strong>atrium</strong></span> <span class='ocrx_word' id='word_1_24' title='bbox 3266 463 3421 504; x_wconf 86' lang='lat' dir='ltr'><strong>suum</strong></span> <span class='ocrx_word' id='word_1_25' title='bbox 3457 450 3543 505; x_wconf 83' lang='lat' dir='ltr'><strong>vel</strong></span> 
     </span>
    </p>
   </div>
   <div class='ocr_carea' id='block_1_5' title="bbox 237 556 1823 635">
    <p class='ocr_par' dir='ltr' id='par_1_5' title="bbox 237 556 1823 635">
     <span class='ocr_line' id='line_1_5' title="bbox 237 556 1823 635; baseline -0.006 -15"><span class='ocrx_word' id='word_1_26' title='bbox 237 566 332 629; x_wconf 86' lang='lat' dir='ltr'><strong>hui,</strong></span> <span class='ocrx_word' id='word_1_27' title='bbox 375 563 751 635; x_wconf 76' lang='lat' dir='ltr'><strong>suggerimns,</strong></span> <span class='ocrx_word' id='word_1_28' title='bbox 797 560 1079 616; x_wconf 74' lang='lat' dir='ltr'><strong>meruerim</strong></span> <span class='ocrx_word' id='word_1_29' title='bbox 1113 559 1521 617; x_wconf 90' lang='lat' dir='ltr'><strong>commendetis.</strong></span> <span class='ocrx_word' id='word_1_30' title='bbox 1572 556 1823 626; x_wconf 82' lang='lat' dir='ltr'><strong>Inprimis</strong></span> 
     </span>
    </p>
   </div>
   <div class='ocr_carea' id='block_1_6' title="bbox 236 650 1819 720">
    <p class='ocr_par' dir='ltr' id='par_1_6' title="bbox 236 650 1819 720">
     <span class='ocr_line' id='line_1_6' title="bbox 236 650 1819 720; baseline -0.005 -10"><span class='ocrx_word' id='word_1_31' title='bbox 236 660 561 714; x_wconf 85' lang='lat' dir='ltr'><strong>admouemus</strong></span> <span class='ocrx_word' id='word_1_32' title='bbox 592 666 653 710; x_wconf 91' lang='lat' dir='ltr'><strong>ut</strong></span> <span class='ocrx_word' id='word_1_33' title='bbox 684 656 799 711; x_wconf 88' lang='lat' dir='ltr'><strong>vita</strong></span> <span class='ocrx_word' id='word_1_34' title='bbox 824 666 879 710; x_wconf 90' lang='lat' dir='ltr'><strong>et</strong></span> <span class='ocrx_word' id='word_1_35' title='bbox 906 651 1249 710; x_wconf 79' lang='lat' dir='ltr'><strong>conversatio</strong></span> <span class='ocrx_word' id='word_1_36' title='bbox 1276 664 1453 707; x_wconf 86' lang='lat' dir='ltr'><strong>vestra</strong></span> <span class='ocrx_word' id='word_1_37' title='bbox 1473 650 1819 720; x_wconf 88' lang='lat' dir='ltr'><strong>irrcprcben-</strong></span> 
     </span>
    </p>
   </div>
   <div class='ocr_carea' id='block_1_7' title="bbox 233 745 1818 816">
    <p class='ocr_par' dir='ltr' id='par_1_7' title="bbox 233 745 1818 816">
     <span class='ocr_line' id='line_1_7' title="bbox 233 745 1818 816; baseline -0.004 -11"><span class='ocrx_word' id='word_1_38' title='bbox 233 746 380 805; x_wconf 79' lang='lat' dir='ltr'><strong>sibilis</strong></span> <span class='ocrx_word' id='word_1_39' title='bbox 402 751 472 804; x_wconf 85' lang='lat' dir='ltr'><strong>sit</strong></span> <span class='ocrx_word' id='word_1_40' title='bbox 502 766 516 803; x_wconf 95' lang='lat'>:</span> <span class='ocrx_word' id='word_1_41' title='bbox 541 749 776 812; x_wconf 88' lang='lat' dir='ltr'><strong>scilicet,</strong></span> <span class='ocrx_word' id='word_1_42' title='bbox 808 758 865 802; x_wconf 90' lang='grc' dir='ltr'><strong>ιιι</strong></span> <span class='ocrx_word' id='word_1_43' title='bbox 887 749 1020 803; x_wconf 90' lang='lat' dir='ltr'><strong>cella</strong></span> <span class='ocrx_word' id='word_1_44' title='bbox 1044 756 1218 803; x_wconf 86' lang='lat' dir='ltr'><strong>vestra</strong></span> <span class='ocrx_word' id='word_1_45' title='bbox 1246 747 1317 801; x_wconf 90' lang='lat' dir='ltr'><strong>sit</strong></span> <span class='ocrx_word' id='word_1_46' title='bbox 1330 745 1481 816; x_wconf 80' lang='lat' dir='ltr'><strong>juxta</strong></span> <span class='ocrx_word' id='word_1_47' title='bbox 1510 745 1818 809; x_wconf 82' lang='lat' dir='ltr'><strong>ecclesiam,</strong></span> 
     </span>
    </p>
   </div>
   <div class='ocr_carea' id='block_1_8' title="bbox 235 837 1820 904">
    <p class='ocr_par' dir='ltr' id='par_1_8' title="bbox 235 837 1820 904">
     <span class='ocr_line' id='line_1_8' title="bbox 235 837 1820 904; baseline -0.004 -7"><span class='ocrx_word' id='word_1_48' title='bbox 235 853 280 897; x_wconf 87' lang='lat' dir='ltr'><strong>et</strong></span> <span class='ocrx_word' id='word_1_49' title='bbox 324 845 372 896; x_wconf 92' lang='lat' dir='ltr'><strong>in</strong></span> <span class='ocrx_word' id='word_1_50' title='bbox 418 842 671 896; x_wconf 88' lang='lat' dir='ltr'><strong>domibus</strong></span> <span class='ocrx_word' id='word_1_51' title='bbox 702 841 902 901; x_wconf 77' lang='lat' dir='ltr'><strong>vestris</strong></span> <span class='ocrx_word' id='word_1_52' title='bbox 948 838 1175 895; x_wconf 75' lang='lat' dir='ltr'><strong>feminas</strong></span> <span class='ocrx_word' id='word_1_53' title='bbox 1203 854 1309 895; x_wconf 89' lang='lat' dir='ltr'><strong>non</strong></span> <span class='ocrx_word' id='word_1_54' title='bbox 1358 838 1598 892; x_wconf 86' lang='lat' dir='ltr'><strong>habeatis</strong></span> <span class='ocrx_word' id='word_1_55' title='bbox 1631 854 1646 904; x_wconf 83' lang='lat'><strong>;</strong></span> <span class='ocrx_word' id='word_1_56' title='bbox 1676 837 1820 891; x_wconf 91' lang='lat' dir='ltr'><strong>omni</strong></span> 
     </span>
    </p>
   </div>
   <div class='ocr_carea' id='block_1_9' title="bbox 233 931 1821 1002">
    <p class='ocr_par' dir='ltr' id='par_1_9' title="bbox 233 931 1821 1002">
     <span class='ocr_line' id='line_1_9' title="bbox 233 931 1821 1002; baseline -0.003 -13"><span class='ocrx_word' id='word_1_57' title='bbox 233 947 371 990; x_wconf 86' lang='lat' dir='ltr'><strong>nocte</strong></span> <span class='ocrx_word' id='word_1_58' title='bbox 393 934 457 988; x_wconf 90' lang='lat' dir='ltr'><strong>ad</strong></span> <span class='ocrx_word' id='word_1_59' title='bbox 503 944 804 989; x_wconf 87' lang='lat' dir='ltr'><strong>nocturnas</strong></span> <span class='ocrx_word' id='word_1_60' title='bbox 846 933 1084 1002; x_wconf 72' lang='lat' dir='ltr'><strong>surgite;</strong></span> <span class='ocrx_word' id='word_1_61' title='bbox 1115 946 1331 987; x_wconf 85' lang='lat' dir='ltr'><strong>cursum</strong></span> <span class='ocrx_word' id='word_1_62' title='bbox 1376 941 1615 987; x_wconf 89' lang='lat' dir='ltr'><strong>vestrum</strong></span> <span class='ocrx_word' id='word_1_63' title='bbox 1659 931 1821 985; x_wconf 91' lang='lat' dir='ltr'><strong>certis</strong></span> 
     </span>
    </p>
   </div>
   <div class='ocr_carea' id='block_1_10' title="bbox 234 1025 1822 1095">
    <p class='ocr_par' dir='ltr' id='par_1_10' title="bbox 234 1025 1822 1095">
     <span class='ocr_line' id='line_1_10' title="bbox 234 1025 1822 1095; baseline -0.002 -12"><span class='ocrx_word' id='word_1_64' title='bbox 234 1029 361 1083; x_wconf 87' lang='lat' dir='ltr'><strong>horis</strong></span> <span class='ocrx_word' id='word_1_65' title='bbox 392 1027 685 1084; x_wconf 87' lang='lat' dir='ltr'><strong>decantate</strong></span> <span class='ocrx_word' id='word_1_66' title='bbox 734 1044 748 1081; x_wconf 90' lang='lat'><strong>:</strong></span> <span class='ocrx_word' id='word_1_67' title='bbox 792 1027 1077 1082; x_wconf 58' lang='lat' dir='ltr'><strong>missarum</strong></span> <span class='ocrx_word' id='word_1_68' title='bbox 1131 1026 1527 1083; x_wconf 81' lang='lat' dir='ltr'><strong>celebrationes</strong></span> <span class='ocrx_word' id='word_1_69' title='bbox 1571 1025 1822 1095; x_wconf 68' lang='lat' dir='ltr'><strong>religiose</strong></span> 
     </span>
    </p>
   </div>
   <div class='ocr_carea' id='block_1_11' title="bbox 234 1120 1822 1194">
    <p class='ocr_par' dir='ltr' id='par_1_11' title="bbox 234 1120 1822 1194">
     <span class='ocr_line' id='line_1_11' title="bbox 234 1120 1822 1194; baseline -0.001 -17"><span class='ocrx_word' id='word_1_70' title='bbox 234 1124 448 1194; x_wconf 79' lang='lat' dir='ltr'><strong>peragite</strong></span> <span class='ocrx_word' id='word_1_71' title='bbox 479 1142 493 1177; x_wconf 88' lang='lat'>:</span> <span class='ocrx_word' id='word_1_72' title='bbox 538 1138 741 1193; x_wconf 90' lang='lat' dir='ltr'><strong>corpus</strong></span> <span class='ocrx_word' id='word_1_73' title='bbox 787 1132 841 1177; x_wconf 90' lang='lat' dir='ltr'><strong>et</strong></span> <span class='ocrx_word' id='word_1_74' title='bbox 866 1123 1177 1191; x_wconf 80' lang='lat' dir='ltr'><strong>sanguinem</strong></span> <span class='ocrx_word' id='word_1_75' title='bbox 1208 1121 1421 1177; x_wconf 88' lang='lat' dir='ltr'><strong>Domini</strong></span> <span class='ocrx_word' id='word_1_76' title='bbox 1477 1137 1601 1177; x_wconf 89' lang='lat' dir='ltr'><strong>cum</strong></span> <span class='ocrx_word' id='word_1_77' title='bbox 1634 1120 1822 1175; x_wconf 81' lang='lat' dir='ltr'><strong>timore</strong></span> 
     </span>
    </p>
   </div>
   <div class='ocr_carea' id='block_1_12' title="bbox 236 1214 1821 1271">
    <p class='ocr_par' dir='ltr' id='par_1_12' title="bbox 236 1214 1821 1271">
     <span class='ocr_line' id='line_1_12' title="bbox 236 1214 1821 1271; baseline -0.002 0"><span class='ocrx_word' id='word_1_78' title='bbox 236 1228 284 1271; x_wconf 90' lang='lat' dir='ltr'><strong>et</strong></span> <span class='ocrx_word' id='word_1_79' title='bbox 323 1218 620 1271; x_wconf 87' lang='lat' dir='ltr'><strong>reverentia</strong></span> <span class='ocrx_word' id='word_1_80' title='bbox 649 1217 875 1271; x_wconf 88' lang='lat' dir='ltr'><strong>sumite.</strong></span> <span class='ocrx_word' id='word_1_81' title='bbox 912 1215 1102 1271; x_wconf 85' lang='lat' dir='ltr'><strong>Nullus</strong></span> <span class='ocrx_word' id='word_1_82' title='bbox 1130 1216 1331 1270; x_wconf 88' lang='lat' dir='ltr'><strong>scaccis</strong></span> <span class='ocrx_word' id='word_1_83' title='bbox 1355 1218 1443 1269; x_wconf 89' lang='lat' dir='ltr'><strong>vel</strong></span> <span class='ocrx_word' id='word_1_84' title='bbox 1472 1214 1709 1269; x_wconf 84' lang='lat' dir='ltr'><strong>alearuni</strong></span> <span class='ocrx_word' id='word_1_85' title='bbox 1742 1214 1821 1268; x_wconf 88' lang='lat' dir='ltr'><strong>lu-</strong></span> 
     </span>
    </p>
   </div>
   <div class='ocr_carea' id='block_1_13' title="bbox 234 1306 1824 1376">
    <p class='ocr_par' dir='ltr' id='par_1_13' title="bbox 234 1306 1824 1376">
     <span class='ocr_line' id='line_1_13' title="bbox 234 1306 1824 1376; baseline -0.004 -12"><span class='ocrx_word' id='word_1_86' title='bbox 234 1309 305 1364; x_wconf 88' lang='lat' dir='ltr'><strong>dis</strong></span> <span class='ocrx_word' id='word_1_87' title='bbox 331 1310 569 1364; x_wconf 86' lang='lat' dir='ltr'><strong>intendat</strong></span> <span class='ocrx_word' id='word_1_88' title='bbox 598 1328 613 1364; x_wconf 88' lang='lat'><strong>:</strong></span> <span class='ocrx_word' id='word_1_89' title='bbox 648 1324 778 1364; x_wconf 83' lang='lat' dir='ltr'><strong>vasa</strong></span> <span class='ocrx_word' id='word_1_90' title='bbox 806 1324 958 1364; x_wconf 87' lang='lat' dir='ltr'><strong>sacra</strong></span> <span class='ocrx_word' id='word_1_91' title='bbox 986 1307 1229 1362; x_wconf 87' lang='lat' dir='ltr'><strong>manibus</strong></span> <span class='ocrx_word' id='word_1_92' title='bbox 1266 1306 1501 1376; x_wconf 88' lang='lat' dir='ltr'><strong>propriis</strong></span> <span class='ocrx_word' id='word_1_93' title='bbox 1530 1306 1731 1361; x_wconf 89' lang='lat' dir='ltr'><strong>abluite</strong></span> <span class='ocrx_word' id='word_1_94' title='bbox 1768 1313 1824 1361; x_wconf 90' lang='lat' dir='ltr'><strong>et</strong></span> 
     </span>
    </p>
   </div>
   <div class='ocr_carea' id='block_1_14' title="bbox 233 1398 1824 1473">
    <p class='ocr_par' dir='ltr' id='par_1_14' title="bbox 233 1398 1824 1473">
     <span class='ocr_line' id='line_1_14' title="bbox 233 1398 1824 1473; baseline -0.003 -16"><span class='ocrx_word' id='word_1_95' title='bbox 233 1403 495 1473; x_wconf 74' lang='lat' dir='ltr'><strong>extergite.</strong></span> <span class='ocrx_word' id='word_1_96' title='bbox 517 1401 714 1457; x_wconf 79' lang='lat' dir='ltr'><strong>Nullus</strong></span> <span class='ocrx_word' id='word_1_97' title='bbox 759 1409 943 1455; x_wconf 80' lang='lat' dir='ltr'><strong>cantet</strong></span> <span class='ocrx_word' id='word_1_98' title='bbox 973 1400 1188 1455; x_wconf 87' lang='lat' dir='ltr'><strong>missam</strong></span> <span class='ocrx_word' id='word_1_99' title='bbox 1223 1400 1325 1453; x_wconf 91' lang='lat' dir='ltr'><strong>nisi</strong></span> <span class='ocrx_word' id='word_1_100' title='bbox 1350 1399 1568 1469; x_wconf 84' lang='lat' dir='ltr'><strong>jejunus</strong></span> <span class='ocrx_word' id='word_1_101' title='bbox 1602 1417 1615 1451; x_wconf 87' lang='lat'><strong>:</strong></span> <span class='ocrx_word' id='word_1_102' title='bbox 1645 1398 1824 1453; x_wconf 90' lang='lat' dir='ltr'><strong>nullus</strong></span> 
     </span>
    </p>
   </div>
   <div class='ocr_carea' id='block_1_15' title="bbox 234 1489 1894 1565">
    <p class='ocr_par' dir='ltr' id='par_1_15' title="bbox 234 1489 1894 1565">
     <span class='ocr_line' id='line_1_15' title="bbox 234 1489 1894 1565; baseline -0.003 -15"><span class='ocrx_word' id='word_1_103' title='bbox 234 1504 389 1551; x_wconf 87' lang='lat' dir='ltr'><strong>cantet</strong></span> <span class='ocrx_word' id='word_1_104' title='bbox 414 1495 506 1565; x_wconf 81' lang='lat' dir='ltr'><strong>qui</strong></span> <span class='ocrx_word' id='word_1_105' title='bbox 536 1510 644 1550; x_wconf 90' lang='lat' dir='ltr'><strong>non</strong></span> <span class='ocrx_word' id='word_1_106' title='bbox 670 1492 1042 1549; x_wconf 83' lang='lat' dir='ltr'><strong>communicet</strong></span> <span class='ocrx_word' id='word_1_107' title='bbox 1072 1510 1084 1544; x_wconf 88' lang='lat'><strong>:</strong></span> <span class='ocrx_word' id='word_1_108' title='bbox 1115 1491 1298 1546; x_wconf 92' lang='lat' dir='ltr'><strong>nullus</strong></span> <span class='ocrx_word' id='word_1_109' title='bbox 1324 1500 1505 1546; x_wconf 87' lang='lat' dir='ltr'><strong>cantet</strong></span> <span class='ocrx_word' id='word_1_110' title='bbox 1542 1491 1658 1546; x_wconf 90' lang='lat' dir='ltr'><strong>sine</strong></span> <span class='ocrx_word' id='word_1_111' title='bbox 1688 1490 1819 1545; x_wconf 83' lang='lat' dir='ltr'><strong>ami-</strong></span> <span class='ocrx_word' id='word_1_112' title='bbox 1886 1489 1894 1494; x_wconf 80' lang='grc'><strong>’</strong></span> 
     </span>
    </p>
   </div>
   <div class='ocr_carea' id='block_1_16' title="bbox 232 1585 1823 1658">
    <p class='ocr_par' dir='ltr' id='par_1_16' title="bbox 232 1585 1823 1658">
     <span class='ocr_line' id='line_1_16' title="bbox 232 1585 1823 1658; baseline -0.004 -13"><span class='ocrx_word' id='word_1_113' title='bbox 232 1602 327 1656; x_wconf 89' lang='lat' dir='ltr'><strong>ctu,</strong></span> <span class='ocrx_word' id='word_1_114' title='bbox 358 1591 494 1656; x_wconf 87' lang='lat' dir='ltr'><strong>alba,</strong></span> <span class='ocrx_word' id='word_1_115' title='bbox 529 1590 694 1656; x_wconf 87' lang='lat' dir='ltr'><strong>stola,</strong></span> <span class='ocrx_word' id='word_1_116' title='bbox 728 1589 1026 1658; x_wconf 85' lang='lat' dir='ltr'><strong>manipulo,</strong></span> <span class='ocrx_word' id='word_1_117' title='bbox 1059 1586 1110 1641; x_wconf 91' lang='lat' dir='ltr'><strong>id</strong></span> <span class='ocrx_word' id='word_1_118' title='bbox 1130 1596 1218 1643; x_wconf 90' lang='lat' dir='ltr'><strong>est</strong></span> <span class='ocrx_word' id='word_1_119' title='bbox 1244 1586 1439 1641; x_wconf 89' lang='lat' dir='ltr'><strong>fauone</strong></span> <span class='ocrx_word' id='word_1_120' title='bbox 1465 1596 1518 1640; x_wconf 91' lang='lat' dir='ltr'><strong>et</strong></span> <span class='ocrx_word' id='word_1_121' title='bbox 1540 1585 1744 1650; x_wconf 85' lang='lat' dir='ltr'><strong>casula,</strong></span> <span class='ocrx_word' id='word_1_122' title='bbox 1769 1595 1823 1639; x_wconf 89' lang='lat' dir='ltr'><strong>et</strong></span> 
     </span>
    </p>
   </div>
   <div class='ocr_carea' id='block_1_17' title="bbox 236 1678 1823 1743">
    <p class='ocr_par' dir='ltr' id='par_1_17' title="bbox 236 1678 1823 1743">
     <span class='ocr_line' id='line_1_17' title="bbox 236 1678 1823 1743; baseline -0.001 -10"><span class='ocrx_word' id='word_1_123' title='bbox 236 1679 339 1733; x_wconf 78' lang='lat' dir='ltr'><strong>lucc</strong></span> <span class='ocrx_word' id='word_1_124' title='bbox 361 1681 683 1735; x_wconf 84' lang='lat' dir='ltr'><strong>vestimenta</strong></span> <span class='ocrx_word' id='word_1_125' title='bbox 722 1680 889 1734; x_wconf 88' lang='lat' dir='ltr'><strong>nitida</strong></span> <span class='ocrx_word' id='word_1_126' title='bbox 919 1680 1047 1743; x_wconf 91' lang='lat' dir='ltr'><strong>sint,</strong></span> <span class='ocrx_word' id='word_1_127' title='bbox 1093 1688 1147 1733; x_wconf 91' lang='lat' dir='ltr'><strong>et</strong></span> <span class='ocrx_word' id='word_1_128' title='bbox 1186 1678 1252 1732; x_wconf 89' lang='lat' dir='ltr'><strong>ad</strong></span> <span class='ocrx_word' id='word_1_129' title='bbox 1300 1679 1472 1733; x_wconf 85' lang='lat' dir='ltr'><strong>nullos</strong></span> <span class='ocrx_word' id='word_1_130' title='bbox 1518 1678 1653 1733; x_wconf 90' lang='lat' dir='ltr'><strong>alios</strong></span> <span class='ocrx_word' id='word_1_131' title='bbox 1696 1692 1823 1731; x_wconf 89' lang='lat' dir='ltr'><strong>usus</strong></span> 
     </span>
    </p>
   </div>
   <div class='ocr_carea' id='block_1_18' title="bbox 231 1770 1820 1841">
    <p class='ocr_par' dir='ltr' id='par_1_18' title="bbox 231 1770 1820 1841">
     <span class='ocr_line' id='line_1_18' title="bbox 231 1770 1820 1841; baseline 0.001 -16"><span class='ocrx_word' id='word_1_132' title='bbox 231 1773 347 1826; x_wconf 87' lang='lat' dir='ltr'><strong>sint.</strong></span> <span class='ocrx_word' id='word_1_133' title='bbox 389 1772 580 1827; x_wconf 84' lang='lat' dir='ltr'><strong>Nullus</strong></span> <span class='ocrx_word' id='word_1_134' title='bbox 606 1774 659 1826; x_wconf 94' lang='lat' dir='ltr'><strong>in</strong></span> <span class='ocrx_word' id='word_1_135' title='bbox 701 1772 822 1825; x_wconf 84' lang='lat' dir='ltr'><strong>alba</strong></span> <span class='ocrx_word' id='word_1_136' title='bbox 872 1788 975 1841; x_wconf 88' lang='lat' dir='ltr'><strong>qua</strong></span> <span class='ocrx_word' id='word_1_137' title='bbox 1019 1772 1069 1825; x_wconf 94' lang='lat' dir='ltr'><strong>in</strong></span> <span class='ocrx_word' id='word_1_138' title='bbox 1110 1787 1237 1825; x_wconf 88' lang='lat' dir='ltr'><strong>suos</strong></span> <span class='ocrx_word' id='word_1_139' title='bbox 1266 1786 1393 1824; x_wconf 91' lang='lat' dir='ltr'><strong>usus</strong></span> <span class='ocrx_word' id='word_1_140' title='bbox 1424 1770 1590 1824; x_wconf 84' lang='lat' dir='ltr'><strong>utitur</strong></span> <span class='ocrx_word' id='word_1_141' title='bbox 1619 1780 1820 1826; x_wconf 85' lang='lat' dir='ltr'><strong>eantet.</strong></span> 
     </span>
    </p>
   </div>
   <div class='ocr_carea' id='block_1_19' title="bbox 1925 542 3547 616">
    <p class='ocr_par' dir='ltr' id='par_1_19' title="bbox 1925 542 3547 616">
     <span class='ocr_line' id='line_1_19' title="bbox 1925 542 3547 616; baseline -0.006 -11"><span class='ocrx_word' id='word_1_142' title='bbox 1925 553 2066 606; x_wconf 86' lang='lat' dir='ltr'><strong>circa</strong></span> <span class='ocrx_word' id='word_1_143' title='bbox 2108 550 2390 605; x_wconf 72' lang='lat' dir='ltr'><strong>ecclesiam</strong></span> <span class='ocrx_word' id='word_1_144' title='bbox 2433 546 2498 602; x_wconf 88' lang='lat' dir='ltr'><strong>ad</strong></span> <span class='ocrx_word' id='word_1_145' title='bbox 2540 546 2939 616; x_wconf 84' lang='lat' dir='ltr'><strong>proccssiouem</strong></span> <span class='ocrx_word' id='word_1_146' title='bbox 2988 552 3095 599; x_wconf 89' lang='lat' dir='ltr'><strong>eat.</strong></span> <span class='ocrx_word' id='word_1_147' title='bbox 3139 542 3302 599; x_wconf 82' lang='lat' dir='ltr'><strong>Sacra</strong></span> <span class='ocrx_word' id='word_1_148' title='bbox 3332 558 3458 597; x_wconf 84' lang='lat' dir='ltr'><strong>vasa</strong></span> <span class='ocrx_word' id='word_1_149' title='bbox 3480 551 3547 596; x_wconf 72' lang='lat' dir='ltr'><strong>‘ct</strong></span> 
     </span>
    </p>
   </div>
   <div class='ocr_carea' id='block_1_20' title="bbox 1928 637 3548 699">
    <p class='ocr_par' dir='ltr' id='par_1_20' title="bbox 1928 637 3548 699">
     <span class='ocr_line' id='line_1_20' title="bbox 1928 637 3548 699; baseline -0.003 -3"><span class='ocrx_word' id='word_1_150' title='bbox 1928 644 2247 699; x_wconf 80' lang='lat' dir='ltr'><strong>vctimeuta</strong></span> <span class='ocrx_word' id='word_1_151' title='bbox 2300 642 2651 697; x_wconf 89' lang='lat' dir='ltr'><strong>sacerdotalia</strong></span> <span class='ocrx_word' id='word_1_152' title='bbox 2710 641 2874 695; x_wconf 87' lang='lat' dir='ltr'><strong>nolite</strong></span> <span class='ocrx_word' id='word_1_153' title='bbox 2920 640 2973 693; x_wconf 91' lang='lat' dir='ltr'><strong>iu</strong></span> <span class='ocrx_word' id='word_1_154' title='bbox 3017 637 3383 693; x_wconf 75' lang='lat' dir='ltr'><strong>vadimonium</strong></span> <span class='ocrx_word' id='word_1_155' title='bbox 3415 640 3548 691; x_wconf 80' lang='lat' dir='ltr'><strong>date</strong></span> 
     </span>
    </p>
   </div>
   <div class='ocr_carea' id='block_1_21' title="bbox 1927 730 3546 807">
    <p class='ocr_par' dir='ltr' id='par_1_21' title="bbox 1927 730 3546 807">
     <span class='ocr_line' id='line_1_21' title="bbox 1927 730 3546 807; baseline -0.004 -17"><span class='ocrx_word' id='word_1_156' title='bbox 1927 736 2268 807; x_wconf 79' lang='lat' dir='ltr'><strong>negotiatori,</strong></span> <span class='ocrx_word' id='word_1_157' title='bbox 2302 736 2383 791; x_wconf 90' lang='lat' dir='ltr'><strong>vel</strong></span> <span class='ocrx_word' id='word_1_158' title='bbox 2413 737 2571 790; x_wconf 84' lang='lat' dir='ltr'><strong>alicui</strong></span> <span class='ocrx_word' id='word_1_159' title='bbox 2610 733 2880 789; x_wconf 64' lang='lat' dir='ltr'><strong>satculari.</strong></span> <span class='ocrx_word' id='word_1_160' title='bbox 2934 732 3124 787; x_wconf 84' lang='lat' dir='ltr'><strong>Nullus</strong></span> <span class='ocrx_word' id='word_1_161' title='bbox 3158 742 3398 789; x_wconf 87' lang='lat' dir='ltr'><strong>vestrum</strong></span> <span class='ocrx_word' id='word_1_162' title='bbox 3441 730 3546 785; x_wconf 83' lang='lat' dir='ltr'><strong>mi-</strong></span> 
     </span>
    </p>
   </div>
   <div class='ocr_carea' id='block_1_22' title="bbox 1928 825 3548 899">
    <p class='ocr_par' dir='ltr' id='par_1_22' title="bbox 1928 825 3548 899">
     <span class='ocr_line' id='line_1_22' title="bbox 1928 825 3548 899; baseline -0.002 -16"><span class='ocrx_word' id='word_1_163' title='bbox 1928 844 2028 883; x_wconf 88' lang='lat' dir='ltr'><strong>nus</strong></span> <span class='ocrx_word' id='word_1_164' title='bbox 2078 829 2237 899; x_wconf 62' lang='lat' dir='ltr'><strong>digne</strong></span> <span class='ocrx_word' id='word_1_165' title='bbox 2306 828 2653 898; x_wconf 76' lang='lat' dir='ltr'><strong>poenitentetu</strong></span> <span class='ocrx_word' id='word_1_166' title='bbox 2703 826 3092 896; x_wconf 74' lang='lat' dir='ltr'><strong>cuju~cumque</strong></span> <span class='ocrx_word' id='word_1_167' title='bbox 3139 826 3215 880; x_wconf 91' lang='lat' dir='ltr'><strong>rei</strong></span> <span class='ocrx_word' id='word_1_168' title='bbox 3263 825 3431 896; x_wconf 80' lang='lat' dir='ltr'><strong>gratia</strong></span> <span class='ocrx_word' id='word_1_169' title='bbox 3480 835 3548 879; x_wconf 82' lang='lat' dir='ltr'><strong>ad</strong></span> 
     </span>
    </p>
   </div>
   <div class='ocr_carea' id='block_1_23' title="bbox 1925 916 3550 983">
    <p class='ocr_par' dir='ltr' id='par_1_23' title="bbox 1925 916 3550 983">
     <span class='ocr_line' id='line_1_23' title="bbox 1925 916 3550 983; baseline -0.002 -7"><span class='ocrx_word' id='word_1_170' title='bbox 1925 922 2420 977; x_wconf 79' lang='lat' dir='ltr'><strong>rccottciliatimient</strong></span> <span class='ocrx_word' id='word_1_171' title='bbox 2444 919 2719 983; x_wconf 75' lang='lat' dir='ltr'><strong>adducat,</strong></span> <span class='ocrx_word' id='word_1_172' title='bbox 2753 929 2805 975; x_wconf 91' lang='lat' dir='ltr'><strong>et</strong></span> <span class='ocrx_word' id='word_1_173' title='bbox 2833 920 2880 975; x_wconf 91' lang='lat' dir='ltr'><strong>ei</strong></span> <span class='ocrx_word' id='word_1_174' title='bbox 2909 918 3275 975; x_wconf 88' lang='lat' dir='ltr'><strong>testimonium</strong></span> <span class='ocrx_word' id='word_1_175' title='bbox 3302 916 3550 974; x_wconf 89' lang='lat' dir='ltr'><strong>reconci-</strong></span> 
     </span>
    </p>
   </div>
   <div class='ocr_carea' id='block_1_24' title="bbox 1927 999 3549 1084">
    <p class='ocr_par' dir='ltr' id='par_1_24' title="bbox 1927 999 3549 1084">
     <span class='ocr_line' id='line_1_24' title="bbox 1927 999 3549 1084; baseline -0.001 -16"><span class='ocrx_word' id='word_1_176' title='bbox 1927 1015 2167 1071; x_wconf 87' lang='lat' dir='ltr'><strong>liationis</strong></span> <span class='ocrx_word' id='word_1_177' title='bbox 2195 999 2348 1071; x_wconf 73' lang='lat' dir='ltr'><strong>ferat.</strong></span> <span class='ocrx_word' id='word_1_178' title='bbox 2381 1015 2571 1070; x_wconf 88' lang='lat' dir='ltr'><strong>Nullus</strong></span> <span class='ocrx_word' id='word_1_179' title='bbox 2598 1025 2834 1069; x_wconf 84' lang='lat' dir='ltr'><strong>vestrum</strong></span> <span class='ocrx_word' id='word_1_180' title='bbox 2859 1028 3078 1067; x_wconf 83' lang='lat' dir='ltr'><strong>usuram</strong></span> <span class='ocrx_word' id='word_1_181' title='bbox 3102 1013 3309 1084; x_wconf 76' lang='lat' dir='ltr'><strong>exigat,</strong></span> <span class='ocrx_word' id='word_1_182' title='bbox 3340 1023 3394 1073; x_wconf 87' lang='lat' dir='ltr'><strong>et</strong></span> <span class='ocrx_word' id='word_1_183' title='bbox 3414 1027 3549 1067; x_wconf 80' lang='lat' dir='ltr'><strong>con-</strong></span> 
     </span>
    </p>
   </div>
   <div class='ocr_carea' id='block_1_25' title="bbox 1926 1105 3553 1177">
    <p class='ocr_par' dir='ltr' id='par_1_25' title="bbox 1926 1105 3553 1177">
     <span class='ocr_line' id='line_1_25' title="bbox 1926 1105 3553 1177; baseline 0 -16"><span class='ocrx_word' id='word_1_184' title='bbox 1926 1107 2121 1162; x_wconf 86' lang='lat' dir='ltr'><strong>ductor</strong></span> <span class='ocrx_word' id='word_1_185' title='bbox 2137 1108 2218 1162; x_wconf 91' lang='lat' dir='ltr'><strong>sui</strong></span> <span class='ocrx_word' id='word_1_186' title='bbox 2247 1106 2446 1162; x_wconf 87' lang='lat' dir='ltr'><strong>fenoris</strong></span> <span class='ocrx_word' id='word_1_187' title='bbox 2474 1109 2692 1163; x_wconf 69' lang='lat' dir='ltr'><strong>existat.</strong></span> <span class='ocrx_word' id='word_1_188' title='bbox 2724 1106 2831 1161; x_wconf 76' lang='lat' dir='ltr'><strong>Res</strong></span> <span class='ocrx_word' id='word_1_189' title='bbox 2858 1116 2911 1161; x_wconf 87' lang='lat' dir='ltr'><strong>et</strong></span> <span class='ocrx_word' id='word_1_190' title='bbox 2940 1105 3244 1173; x_wconf 79' lang='lat' dir='ltr'><strong>facultates,</strong></span> <span class='ocrx_word' id='word_1_191' title='bbox 3272 1120 3405 1177; x_wconf 87' lang='lat' dir='ltr'><strong>quas</strong></span> <span class='ocrx_word' id='word_1_192' title='bbox 3454 1121 3553 1175; x_wconf 90' lang='lat' dir='ltr'><strong>per</strong></span> 
     </span>
    </p>
   </div>
   <div class='ocr_carea' id='block_1_26' title="bbox 1926 1198 3550 1271">
    <p class='ocr_par' dir='ltr' id='par_1_26' title="bbox 1926 1198 3550 1271">
     <span class='ocr_line' id='line_1_26' title="bbox 1926 1198 3550 1271; baseline -0.003 -14"><span class='ocrx_word' id='word_1_193' title='bbox 1926 1201 2074 1257; x_wconf 85' lang='lat' dir='ltr'><strong>diem</strong></span> <span class='ocrx_word' id='word_1_194' title='bbox 2129 1201 2488 1257; x_wconf 88' lang='lat' dir='ltr'><strong>ordinationis</strong></span> <span class='ocrx_word' id='word_1_195' title='bbox 2538 1212 2735 1256; x_wconf 78' lang='lat' dir='ltr'><strong>vestrae</strong></span> <span class='ocrx_word' id='word_1_196' title='bbox 2782 1199 3096 1271; x_wconf 88' lang='lat' dir='ltr'><strong>acquiritis,</strong></span> <span class='ocrx_word' id='word_1_197' title='bbox 3157 1199 3223 1253; x_wconf 89' lang='lat' dir='ltr'><strong>ad</strong></span> <span class='ocrx_word' id='word_1_198' title='bbox 3268 1198 3550 1254; x_wconf 88' lang='lat' dir='ltr'><strong>ecclesiam</strong></span> 
     </span>
    </p>
   </div>
   <div class='ocr_carea' id='block_1_27' title="bbox 1926 1291 3555 1365">
    <p class='ocr_par' dir='ltr' id='par_1_27' title="bbox 1926 1291 3555 1365">
     <span class='ocr_line' id='line_1_27' title="bbox 1926 1291 3555 1365; baseline -0.001 -17"><span class='ocrx_word' id='word_1_199' title='bbox 1926 1294 1992 1348; x_wconf 92' lang='lat' dir='ltr'><strong>ad</strong></span> <span class='ocrx_word' id='word_1_200' title='bbox 2044 1310 2200 1365; x_wconf 90' lang='lat' dir='ltr'><strong>quam</strong></span> <span class='ocrx_word' id='word_1_201' title='bbox 2249 1294 2442 1350; x_wconf 89' lang='lat' dir='ltr'><strong>titulati</strong></span> <span class='ocrx_word' id='word_1_202' title='bbox 2470 1296 2623 1363; x_wconf 79' lang='lat' dir='ltr'><strong>estis,</strong></span> <span class='ocrx_word' id='word_1_203' title='bbox 2671 1295 2751 1350; x_wconf 92' lang='lat' dir='ltr'><strong>vel</strong></span> <span class='ocrx_word' id='word_1_204' title='bbox 2793 1294 2877 1350; x_wconf 89' lang='lat' dir='ltr'><strong>cui</strong></span> <span class='ocrx_word' id='word_1_205' title='bbox 2908 1292 3226 1359; x_wconf 84' lang='lat' dir='ltr'><strong>deservitis,</strong></span> <span class='ocrx_word' id='word_1_206' title='bbox 3279 1291 3555 1363; x_wconf 76' lang='lat' dir='ltr'><strong>pertinere</strong></span> 
     </span>
    </p>
   </div>
   <div class='ocr_carea' id='block_1_28' title="bbox 1926 1389 2133 1442">
    <p class='ocr_par' dir='ltr' id='par_1_28' title="bbox 1926 1389 2133 1442">
     <span class='ocr_line' id='line_1_28' title="bbox 1926 1389 2133 1442; baseline 0.01 -2"><span class='ocrx_word' id='word_1_207' title='bbox 1926 1389 2133 1442; x_wconf 87' lang='lat' dir='ltr'><strong>sciatis.</strong></span> 
     </span>
    </p>
   </div>
   <div class='ocr_carea' id='block_1_29' title="bbox 2000 1478 3551 1550">
    <p class='ocr_par' dir='ltr' id='par_1_29' title="bbox 2000 1478 3551 1550">
     <span class='ocr_line' id='line_1_29' title="bbox 2000 1478 3551 1550; baseline 0.001 -16"><span class='ocrx_word' id='word_1_208' title='bbox 2000 1479 2193 1535; x_wconf 87' lang='lat' dir='ltr'><strong>Nullus</strong></span> <span class='ocrx_word' id='word_1_209' title='bbox 2222 1480 2339 1536; x_wconf 89' lang='lat' dir='ltr'><strong>sine</strong></span> <span class='ocrx_word' id='word_1_210' title='bbox 2369 1481 2698 1537; x_wconf 78' lang='lat' dir='ltr'><strong>conscientia</strong></span> <span class='ocrx_word' id='word_1_211' title='bbox 2726 1489 2781 1537; x_wconf 90' lang='lat' dir='ltr'><strong>et</strong></span> <span class='ocrx_word' id='word_1_212' title='bbox 2806 1494 3073 1537; x_wconf 87' lang='lat' dir='ltr'><strong>consensu</strong></span> <span class='ocrx_word' id='word_1_213' title='bbox 3103 1479 3343 1550; x_wconf 88' lang='lat' dir='ltr'><strong>episcopi</strong></span> <span class='ocrx_word' id='word_1_214' title='bbox 3373 1478 3551 1535; x_wconf 61' lang='lat' dir='ltr'><strong>ecclco</strong></span> 
     </span>
    </p>
   </div>
   <div class='ocr_carea' id='block_1_30' title="bbox 1928 1574 3556 1646">
    <p class='ocr_par' dir='ltr' id='par_1_30' title="bbox 1928 1574 3556 1646">
     <span class='ocr_line' id='line_1_30' title="bbox 1928 1574 3556 1646; baseline 0.001 -19"><span class='ocrx_word' id='word_1_215' title='bbox 1928 1574 2059 1627; x_wconf 87' lang='lat' dir='ltr'><strong>siam</strong></span> <span class='ocrx_word' id='word_1_216' title='bbox 2080 1575 2323 1645; x_wconf 84' lang='lat' dir='ltr'><strong>acquirat</strong></span> <span class='ocrx_word' id='word_1_217' title='bbox 2344 1587 2398 1630; x_wconf 92' lang='lat' dir='ltr'><strong>et</strong></span> <span class='ocrx_word' id='word_1_218' title='bbox 2418 1576 2693 1631; x_wconf 84' lang='lat' dir='ltr'><strong>obtineat:</strong></span> <span class='ocrx_word' id='word_1_219' title='bbox 2721 1576 2899 1629; x_wconf 88' lang='lat' dir='ltr'><strong>nullus</strong></span> <span class='ocrx_word' id='word_1_220' title='bbox 2920 1588 3013 1646; x_wconf 86' lang='lat' dir='ltr'><strong>per</strong></span> <span class='ocrx_word' id='word_1_221' title='bbox 3036 1582 3354 1645; x_wconf 82' lang='lat' dir='ltr'><strong>potestatem</strong></span> <span class='ocrx_word' id='word_1_222' title='bbox 3383 1588 3556 1629; x_wconf 69' lang='lat' dir='ltr'><strong>Siccu-</strong></span> 
     </span>
    </p>
   </div>
   <div class='ocr_carea' id='block_1_31' title="bbox 1927 1666 3556 1738">
    <p class='ocr_par' dir='ltr' id='par_1_31' title="bbox 1927 1666 3556 1738">
     <span class='ocr_line' id='line_1_31' title="bbox 1927 1666 3556 1738; baseline 0.002 -20"><span class='ocrx_word' id='word_1_223' title='bbox 1927 1666 2121 1721; x_wconf 88' lang='lat' dir='ltr'><strong>larium</strong></span> <span class='ocrx_word' id='word_1_224' title='bbox 2154 1667 2438 1725; x_wconf 76' lang='lat' dir='ltr'><strong>ecclesiam</strong></span> <span class='ocrx_word' id='word_1_225' title='bbox 2465 1678 2645 1724; x_wconf 79' lang='lat' dir='ltr'><strong>teneat</strong></span> <span class='ocrx_word' id='word_1_226' title='bbox 2675 1686 2687 1721; x_wconf 91' lang='lat'><strong>:</strong></span> <span class='ocrx_word' id='word_1_227' title='bbox 2717 1669 2897 1723; x_wconf 87' lang='lat' dir='ltr'><strong>nullus</strong></span> <span class='ocrx_word' id='word_1_228' title='bbox 2932 1668 3217 1724; x_wconf 87' lang='lat' dir='ltr'><strong>ecclesiam</strong></span> <span class='ocrx_word' id='word_1_229' title='bbox 3238 1710 3253 1734; x_wconf 94' lang='lat'><strong>,</strong></span> <span class='ocrx_word' id='word_1_230' title='bbox 3286 1668 3350 1723; x_wconf 88' lang='lat' dir='ltr'><strong>ad</strong></span> <span class='ocrx_word' id='word_1_231' title='bbox 3396 1683 3556 1738; x_wconf 89' lang='lat' dir='ltr'><strong>quam</strong></span> 
     </span>
    </p>
   </div>
   <div class='ocr_carea' id='block_1_32' title="bbox 1930 1756 3557 1831">
    <p class='ocr_par' dir='ltr' id='par_1_32' title="bbox 1930 1756 3557 1831">
     <span class='ocr_line' id='line_1_32' title="bbox 1930 1756 3557 1831; baseline 0.002 -21"><span class='ocrx_word' id='word_1_232' title='bbox 1930 1757 2171 1812; x_wconf 87' lang='lat' dir='ltr'><strong>titulatus</strong></span> <span class='ocrx_word' id='word_1_233' title='bbox 2218 1769 2320 1825; x_wconf 55' lang='lat' dir='ltr'><strong>est,</strong></span> <span class='ocrx_word' id='word_1_234' title='bbox 2374 1756 2646 1825; x_wconf 71' lang='lat' dir='ltr'><strong>dimittat,</strong></span> <span class='ocrx_word' id='word_1_235' title='bbox 2680 1772 2734 1816; x_wconf 89' lang='lat' dir='ltr'><strong>et</strong></span> <span class='ocrx_word' id='word_1_236' title='bbox 2770 1761 2837 1814; x_wconf 88' lang='lat' dir='ltr'><strong>ad</strong></span> <span class='ocrx_word' id='word_1_237' title='bbox 2885 1760 3043 1815; x_wconf 89' lang='lat' dir='ltr'><strong>aliam</strong></span> <span class='ocrx_word' id='word_1_238' title='bbox 3096 1761 3288 1831; x_wconf 81' lang='lat' dir='ltr'><strong>migret</strong></span> <span class='ocrx_word' id='word_1_239' title='bbox 3327 1778 3340 1813; x_wconf 88' lang='lat'><strong>:</strong></span> <span class='ocrx_word' id='word_1_240' title='bbox 3373 1760 3557 1815; x_wconf 85' lang='lat' dir='ltr'><strong>nullus</strong></span> 
     </span>
    </p>
   </div>
   <div class='ocr_carea' id='block_1_33' title="bbox 231 1850 1843 1935">
    <p class='ocr_par' dir='ltr' id='par_1_33' title="bbox 231 1862 1828 1935">
     <span class='ocr_line' id='line_1_33' title="bbox 231 1862 1828 1935; baseline -0.001 -17"><span class='ocrx_word' id='word_1_241' title='bbox 231 1864 403 1919; x_wconf 79' lang='lat' dir='ltr'><strong>Nullus</strong></span> <span class='ocrx_word' id='word_1_242' title='bbox 424 1865 476 1919; x_wconf 92' lang='lat' dir='ltr'><strong>in</strong></span> <span class='ocrx_word' id='word_1_243' title='bbox 512 1866 693 1935; x_wconf 78' lang='lat' dir='ltr'><strong>ligneo</strong></span> <span class='ocrx_word' id='word_1_244' title='bbox 719 1873 816 1919; x_wconf 86' lang='lat' dir='ltr'><strong>aut</strong></span> <span class='ocrx_word' id='word_1_245' title='bbox 862 1864 915 1918; x_wconf 93' lang='lat' dir='ltr'><strong>in</strong></span> <span class='ocrx_word' id='word_1_246' title='bbox 956 1864 1129 1919; x_wconf 87' lang='lat' dir='ltr'><strong>vitreo</strong></span> <span class='ocrx_word' id='word_1_247' title='bbox 1161 1864 1330 1918; x_wconf 86' lang='lat' dir='ltr'><strong>calice</strong></span> <span class='ocrx_word' id='word_1_248' title='bbox 1367 1864 1563 1918; x_wconf 89' lang='lat' dir='ltr'><strong>audeat</strong></span> <span class='ocrx_word' id='word_1_249' title='bbox 1612 1862 1828 1918; x_wconf 82' lang='lat' dir='ltr'><strong>missam</strong></span> 
     </span>
    </p>
   </div>
   <div class='ocr_carea' id='block_1_34' title="bbox 1953 1850 3550 1935">
    <p class='ocr_par' dir='ltr' id='par_1_34' title="bbox 1953 1850 3550 1923">
     <span class='ocr_line' id='line_1_34' title="bbox 1953 1850 3550 1923; baseline 0.002 -20"><span class='ocrx_word' id='word_1_250' title='bbox 1953 1850 2123 1917; x_wconf 74' lang='lat' dir='ltr'><strong>)lures</strong></span> <span class='ocrx_word' id='word_1_251' title='bbox 2140 1851 2396 1905; x_wconf 74' lang='lat' dir='ltr'><strong>ecclesias</strong></span> <span class='ocrx_word' id='word_1_252' title='bbox 2422 1853 2540 1908; x_wconf 76' lang='lat' dir='ltr'><strong>sine</strong></span> <span class='ocrx_word' id='word_1_253' title='bbox 2557 1851 2827 1921; x_wconf 87' lang='lat' dir='ltr'><strong>adjutorio</strong></span> <span class='ocrx_word' id='word_1_254' title='bbox 2848 1852 3077 1907; x_wconf 86' lang='lat' dir='ltr'><strong>aliorum</strong></span> <span class='ocrx_word' id='word_1_255' title='bbox 3108 1852 3550 1923; x_wconf 82' lang='lat' dir='ltr'><strong>presbyterorum</strong></span> 
     </span>
    </p>
   </div>
   <div class='ocr_carea' id='block_1_35' title="bbox 233 1956 1833 2022">
    <p class='ocr_par' dir='ltr' id='par_1_35' title="bbox 233 1956 1833 2022">
     <span class='ocr_line' id='line_1_35' title="bbox 233 1956 1833 2022; baseline -0.001 -9"><span class='ocrx_word' id='word_1_256' title='bbox 233 1959 511 2014; x_wconf 84' lang='lat' dir='ltr'><strong>celebrare.</strong></span> <span class='ocrx_word' id='word_1_257' title='bbox 535 1958 694 2013; x_wconf 87' lang='lat' dir='ltr'><strong>Nulla</strong></span> <span class='ocrx_word' id='word_1_258' title='bbox 719 1959 915 2013; x_wconf 87' lang='lat' dir='ltr'><strong>femina</strong></span> <span class='ocrx_word' id='word_1_259' title='bbox 935 1958 999 2012; x_wconf 91' lang='lat' dir='ltr'><strong>ad</strong></span> <span class='ocrx_word' id='word_1_260' title='bbox 1022 1959 1191 2013; x_wconf 87' lang='lat' dir='ltr'><strong>altare</strong></span> <span class='ocrx_word' id='word_1_261' title='bbox 1214 1956 1457 2022; x_wconf 87' lang='lat' dir='ltr'><strong>accedat,</strong></span> <span class='ocrx_word' id='word_1_262' title='bbox 1485 1974 1583 2013; x_wconf 91' lang='lat' dir='ltr'><strong>nec</strong></span> <span class='ocrx_word' id='word_1_263' title='bbox 1610 1957 1833 2013; x_wconf 87' lang='lat' dir='ltr'><strong>calicem</strong></span> 
     </span>
    </p>
   </div>
   <div class='ocr_carea' id='block_1_36' title="bbox 239 2051 1836 2122">
    <p class='ocr_par' dir='ltr' id='par_1_36' title="bbox 239 2051 1836 2122">
     <span class='ocr_line' id='line_1_36' title="bbox 239 2051 1836 2122; baseline 0.001 -18"><span class='ocrx_word' id='word_1_264' title='bbox 239 2051 430 2107; x_wconf 87' lang='lat' dir='ltr'><strong>Domini</strong></span> <span class='ocrx_word' id='word_1_265' title='bbox 480 2062 701 2122; x_wconf 81' lang='lat' dir='ltr'><strong>tangat;</strong></span> <span class='ocrx_word' id='word_1_266' title='bbox 737 2052 1022 2118; x_wconf 79' lang='lat' dir='ltr'><strong>corporale</strong></span> <span class='ocrx_word' id='word_1_267' title='bbox 1061 2051 1475 2105; x_wconf 70' lang='lat' dir='ltr'><strong>mundissimum</strong></span> <span class='ocrx_word' id='word_1_268' title='bbox 1526 2052 1617 2107; x_wconf 89' lang='lat' dir='ltr'><strong>sit.</strong></span> <span class='ocrx_word' id='word_1_269' title='bbox 1652 2053 1836 2106; x_wconf 84' lang='lat' dir='ltr'><strong>Altare</strong></span> 
     </span>
    </p>
   </div>
   <div class='ocr_carea' id='block_1_37' title="bbox 233 2143 1835 2213">
    <p class='ocr_par' dir='ltr' id='par_1_37' title="bbox 233 2143 1835 2213">
     <span class='ocr_line' id='line_1_37' title="bbox 233 2143 1835 2213; baseline 0.002 -18"><span class='ocrx_word' id='word_1_270' title='bbox 233 2143 293 2195; x_wconf 90' lang='lat' dir='ltr'><strong>sit</strong></span> <span class='ocrx_word' id='word_1_271' title='bbox 319 2155 629 2212; x_wconf 76' lang='lat' dir='ltr'><strong>coopertum</strong></span> <span class='ocrx_word' id='word_1_272' title='bbox 660 2144 728 2199; x_wconf 88' lang='lat' dir='ltr'><strong>dc</strong></span> <span class='ocrx_word' id='word_1_273' title='bbox 760 2144 973 2199; x_wconf 86' lang='lat' dir='ltr'><strong>mundis</strong></span> <span class='ocrx_word' id='word_1_274' title='bbox 1016 2143 1215 2200; x_wconf 89' lang='lat' dir='ltr'><strong>linteis.</strong></span> <span class='ocrx_word' id='word_1_275' title='bbox 1274 2144 1449 2213; x_wconf 86' lang='lat' dir='ltr'><strong>Super</strong></span> <span class='ocrx_word' id='word_1_276' title='bbox 1491 2143 1661 2199; x_wconf 86' lang='lat' dir='ltr'><strong>altare</strong></span> <span class='ocrx_word' id='word_1_277' title='bbox 1703 2144 1835 2199; x_wconf 84' lang='lat' dir='ltr'><strong>nihil</strong></span> 
     </span>
    </p>
   </div>
   <div class='ocr_carea' id='block_1_38' title="bbox 236 2235 1831 2305">
    <p class='ocr_par' dir='ltr' id='par_1_38' title="bbox 236 2235 1831 2305">
     <span class='ocr_line' id='line_1_38' title="bbox 236 2235 1831 2305; baseline 0.004 -21"><span class='ocrx_word' id='word_1_278' title='bbox 236 2248 459 2303; x_wconf 84' lang='lat' dir='ltr'><strong>ponatur,</strong></span> <span class='ocrx_word' id='word_1_279' title='bbox 494 2236 595 2289; x_wconf 88' lang='lat' dir='ltr'><strong>nisi</strong></span> <span class='ocrx_word' id='word_1_280' title='bbox 620 2250 802 2305; x_wconf 79' lang='lat' dir='ltr'><strong>capsae</strong></span> <span class='ocrx_word' id='word_1_281' title='bbox 832 2244 885 2289; x_wconf 90' lang='lat' dir='ltr'><strong>et</strong></span> <span class='ocrx_word' id='word_1_282' title='bbox 915 2235 1157 2305; x_wconf 76' lang='lat' dir='ltr'><strong>reliquizn</strong></span> <span class='ocrx_word' id='word_1_283' title='bbox 1182 2244 1235 2291; x_wconf 84' lang='lat' dir='ltr'><strong>et</strong></span> <span class='ocrx_word' id='word_1_284' title='bbox 1261 2247 1493 2305; x_wconf 84' lang='lat' dir='ltr'><strong>quatuor</strong></span> <span class='ocrx_word' id='word_1_285' title='bbox 1516 2235 1831 2303; x_wconf 77' lang='lat' dir='ltr'><strong>Evangelia,</strong></span> 
     </span>
    </p>
   </div>
   <div class='ocr_carea' id='block_1_39' title="bbox 233 2327 1833 2397">
    <p class='ocr_par' dir='ltr' id='par_1_39' title="bbox 233 2327 1833 2397">
     <span class='ocr_line' id='line_1_39' title="bbox 233 2327 1833 2397; baseline 0.002 -18"><span class='ocrx_word' id='word_1_286' title='bbox 233 2336 315 2379; x_wconf 88' lang='lat' dir='ltr'><strong>aut</strong></span> <span class='ocrx_word' id='word_1_287' title='bbox 341 2328 489 2397; x_wconf 74' lang='lat' dir='ltr'><strong>pyxis</strong></span> <span class='ocrx_word' id='word_1_288' title='bbox 514 2343 637 2381; x_wconf 88' lang='lat' dir='ltr'><strong>cum</strong></span> <span class='ocrx_word' id='word_1_289' title='bbox 678 2342 907 2395; x_wconf 87' lang='lat' dir='ltr'><strong>corpore</strong></span> <span class='ocrx_word' id='word_1_290' title='bbox 948 2327 1159 2381; x_wconf 89' lang='lat' dir='ltr'><strong>Domini</strong></span> <span class='ocrx_word' id='word_1_291' title='bbox 1208 2327 1273 2382; x_wconf 90' lang='lat' dir='ltr'><strong>ad</strong></span> <span class='ocrx_word' id='word_1_292' title='bbox 1305 2328 1554 2382; x_wconf 87' lang='lat' dir='ltr'><strong>viaticqu</strong></span> <span class='ocrx_word' id='word_1_293' title='bbox 1588 2328 1833 2383; x_wconf 83' lang='lat' dir='ltr'><strong>infirmo-</strong></span> 
     </span>
    </p>
   </div>
   <div class='ocr_carea' id='block_1_40' title="bbox 234 2418 1827 2489">
    <p class='ocr_par' dir='ltr' id='par_1_40' title="bbox 234 2418 1827 2489">
     <span class='ocr_line' id='line_1_40' title="bbox 234 2418 1827 2489; baseline 0.002 -18"><span class='ocrx_word' id='word_1_294' title='bbox 234 2433 340 2471; x_wconf 90' lang='lat' dir='ltr'><strong>rum</strong></span> <span class='ocrx_word' id='word_1_295' title='bbox 373 2430 604 2473; x_wconf 65' lang='lat' dir='ltr'><strong>:czctera</strong></span> <span class='ocrx_word' id='word_1_296' title='bbox 636 2420 687 2472; x_wconf 90' lang='lat' dir='ltr'><strong>in</strong></span> <span class='ocrx_word' id='word_1_297' title='bbox 718 2418 887 2473; x_wconf 89' lang='lat' dir='ltr'><strong>nitido</strong></span> <span class='ocrx_word' id='word_1_298' title='bbox 910 2419 1027 2474; x_wconf 89' lang='lat' dir='ltr'><strong>loco</strong></span> <span class='ocrx_word' id='word_1_299' title='bbox 1050 2420 1435 2473; x_wconf 80' lang='lat' dir='ltr'><strong>recondantur.</strong></span> <span class='ocrx_word' id='word_1_300' title='bbox 1463 2419 1678 2474; x_wconf 81' lang='lat' dir='ltr'><strong>Missale</strong></span> <span class='ocrx_word' id='word_1_301' title='bbox 1711 2420 1827 2489; x_wconf 87' lang='lat' dir='ltr'><strong>ple-</strong></span> 
     </span>
    </p>
   </div>
   <div class='ocr_carea' id='block_1_41' title="bbox 236 2511 1830 2579">
    <p class='ocr_par' dir='ltr' id='par_1_41' title="bbox 236 2511 1830 2579">
     <span class='ocr_line' id='line_1_41' title="bbox 236 2511 1830 2579; baseline 0.001 -14"><span class='ocrx_word' id='word_1_302' title='bbox 236 2512 459 2575; x_wconf 88' lang='lat' dir='ltr'><strong>narium,</strong></span> <span class='ocrx_word' id='word_1_303' title='bbox 527 2511 943 2579; x_wconf 88' lang='lat' dir='ltr'><strong>lectionarium,</strong></span> <span class='ocrx_word' id='word_1_304' title='bbox 998 2511 1477 2579; x_wconf 79' lang='lat' dir='ltr'><strong>antlphonariutn,</strong></span> <span class='ocrx_word' id='word_1_305' title='bbox 1533 2522 1586 2567; x_wconf 89' lang='lat' dir='ltr'><strong>et</strong></span> <span class='ocrx_word' id='word_1_306' title='bbox 1640 2513 1830 2566; x_wconf 84' lang='lat' dir='ltr'><strong>librum</strong></span> 
     </span>
    </p>
   </div>
   <div class='ocr_carea' id='block_1_42' title="bbox 236 2602 1833 2673">
    <p class='ocr_par' dir='ltr' id='par_1_42' title="bbox 236 2602 1833 2673">
     <span class='ocr_line' id='line_1_42' title="bbox 236 2602 1833 2673; baseline 0.002 -18"><span class='ocrx_word' id='word_1_307' title='bbox 236 2604 569 2673; x_wconf 73' lang='lat' dir='ltr'><strong>quadraginta</strong></span> <span class='ocrx_word' id='word_1_308' title='bbox 610 2604 952 2658; x_wconf 77' lang='lat' dir='ltr'><strong>homiliarutn</strong></span> <span class='ocrx_word' id='word_1_309' title='bbox 997 2605 1366 2672; x_wconf 86' lang='lat' dir='ltr'><strong>unusquisque</strong></span> <span class='ocrx_word' id='word_1_310' title='bbox 1404 2604 1614 2658; x_wconf 87' lang='lat' dir='ltr'><strong>haheat.</strong></span> <span class='ocrx_word' id='word_1_311' title='bbox 1655 2602 1833 2658; x_wconf 89' lang='lat' dir='ltr'><strong>Locus</strong></span> 
     </span>
    </p>
   </div>
   <div class='ocr_carea' id='block_1_43' title="bbox 234 2694 1832 2768">
    <p class='ocr_par' dir='ltr' id='par_1_43' title="bbox 234 2694 1832 2768">
     <span class='ocr_line' id='line_1_43' title="bbox 234 2694 1832 2768; baseline 0.002 -19"><span class='ocrx_word' id='word_1_312' title='bbox 234 2694 281 2749; x_wconf 84' lang='lat' dir='ltr'><strong>in</strong></span> <span class='ocrx_word' id='word_1_313' title='bbox 305 2698 592 2753; x_wconf 86' lang='lat' dir='ltr'><strong>secretario</strong></span> <span class='ocrx_word' id='word_1_314' title='bbox 622 2696 707 2752; x_wconf 90' lang='lat' dir='ltr'><strong>vel</strong></span> <span class='ocrx_word' id='word_1_315' title='bbox 735 2697 893 2766; x_wconf 74' lang='lat' dir='ltr'><strong>juxta</strong></span> <span class='ocrx_word' id='word_1_316' title='bbox 923 2696 1093 2750; x_wconf 88' lang='lat' dir='ltr'><strong>altare</strong></span> <span class='ocrx_word' id='word_1_317' title='bbox 1118 2698 1185 2749; x_wconf 88' lang='lat' dir='ltr'><strong>sit</strong></span> <span class='ocrx_word' id='word_1_318' title='bbox 1213 2707 1547 2764; x_wconf 57' lang='lat' dir='ltr'><strong>praeparatus</strong></span> <span class='ocrx_word' id='word_1_319' title='bbox 1579 2697 1665 2750; x_wconf 90' lang='lat' dir='ltr'><strong>ubi</strong></span> <span class='ocrx_word' id='word_1_320' title='bbox 1696 2714 1832 2768; x_wconf 87' lang='lat' dir='ltr'><strong>aqua</strong></span> 
     </span>
    </p>
   </div>
   <div class='ocr_carea' id='block_1_44' title="bbox 234 2790 1841 2863">
    <p class='ocr_par' dir='ltr' id='par_1_44' title="bbox 234 2790 1841 2863">
     <span class='ocr_line' id='line_1_44' title="bbox 234 2790 1841 2863; baseline 0.001 -18"><span class='ocrx_word' id='word_1_321' title='bbox 234 2790 558 2859; x_wconf 77' lang='lat' dir='ltr'><strong>eﬂ‘uudatur,</strong></span> <span class='ocrx_word' id='word_1_322' title='bbox 590 2791 811 2863; x_wconf 86' lang='lat' dir='ltr'><strong>quando</strong></span> <span class='ocrx_word' id='word_1_323' title='bbox 840 2806 990 2846; x_wconf 87' lang='lat' dir='ltr'><strong>sacra</strong></span> <span class='ocrx_word' id='word_1_324' title='bbox 1023 2805 1152 2846; x_wconf 89' lang='lat' dir='ltr'><strong>vasa</strong></span> <span class='ocrx_word' id='word_1_325' title='bbox 1182 2790 1501 2856; x_wconf 89' lang='lat' dir='ltr'><strong>abluuntur,</strong></span> <span class='ocrx_word' id='word_1_326' title='bbox 1527 2799 1582 2845; x_wconf 91' lang='lat' dir='ltr'><strong>et</strong></span> <span class='ocrx_word' id='word_1_327' title='bbox 1612 2791 1699 2844; x_wconf 84' lang='lat' dir='ltr'><strong>tibi</strong></span> <span class='ocrx_word' id='word_1_328' title='bbox 1750 2806 1841 2847; x_wconf 88' lang='lat' dir='ltr'><strong>vas</strong></span> 
     </span>
    </p>
   </div>
   <div class='ocr_carea' id='block_1_45' title="bbox 236 2885 1842 2957">
    <p class='ocr_par' dir='ltr' id='par_1_45' title="bbox 236 2885 1842 2957">
     <span class='ocr_line' id='line_1_45' title="bbox 236 2885 1842 2957; baseline 0.001 -18"><span class='ocrx_word' id='word_1_329' title='bbox 236 2885 443 2941; x_wconf 85' lang='lat' dir='ltr'><strong>nitidum</strong></span> <span class='ocrx_word' id='word_1_330' title='bbox 496 2886 806 2957; x_wconf 88' lang='lat' dir='ltr'><strong>dependeat</strong></span> <span class='ocrx_word' id='word_1_331' title='bbox 855 2901 976 2940; x_wconf 90' lang='lat' dir='ltr'><strong>cum</strong></span> <span class='ocrx_word' id='word_1_332' title='bbox 1023 2900 1181 2955; x_wconf 84' lang='lat' dir='ltr'><strong>aqua,</strong></span> <span class='ocrx_word' id='word_1_333' title='bbox 1238 2894 1295 2938; x_wconf 92' lang='lat' dir='ltr'><strong>ut</strong></span> <span class='ocrx_word' id='word_1_334' title='bbox 1339 2885 1595 2940; x_wconf 84' lang='lat' dir='ltr'><strong>sacerdos</strong></span> <span class='ocrx_word' id='word_1_335' title='bbox 1650 2900 1842 2940; x_wconf 90' lang='lat' dir='ltr'><strong>manus</strong></span> 
     </span>
    </p>
   </div>
   <div class='ocr_carea' id='block_1_46' title="bbox 235 2978 1838 3050">
    <p class='ocr_par' dir='ltr' id='par_1_46' title="bbox 235 2978 1838 3050">
     <span class='ocr_line' id='line_1_46' title="bbox 235 2978 1838 3050; baseline 0 -17"><span class='ocrx_word' id='word_1_336' title='bbox 235 2978 362 3034; x_wconf 82' lang='lat' dir='ltr'><strong>lavet</strong></span> <span class='ocrx_word' id='word_1_337' title='bbox 387 2990 508 3050; x_wconf 87' lang='lat' dir='ltr'><strong>post</strong></span> <span class='ocrx_word' id='word_1_338' title='bbox 528 2981 993 3035; x_wconf 83' lang='lat' dir='ltr'><strong>communiOuem.</strong></span> <span class='ocrx_word' id='word_1_339' title='bbox 1026 2978 1284 3033; x_wconf 75' lang='lat' dir='ltr'><strong>Ecclesia:</strong></span> <span class='ocrx_word' id='word_1_340' title='bbox 1313 2978 1417 3033; x_wconf 80' lang='lat' dir='ltr'><strong>sint</strong></span> <span class='ocrx_word' id='word_1_341' title='bbox 1446 2978 1584 3034; x_wconf 85' lang='lat' dir='ltr'><strong>bene</strong></span> <span class='ocrx_word' id='word_1_342' title='bbox 1610 2994 1838 3048; x_wconf 88' lang='lat' dir='ltr'><strong>cooper-</strong></span> 
     </span>
    </p>
   </div>
   <div class='ocr_carea' id='block_1_47' title="bbox 234 3072 1836 3145">
    <p class='ocr_par' dir='ltr' id='par_1_47' title="bbox 234 3072 1836 3145">
     <span class='ocr_line' id='line_1_47' title="bbox 234 3072 1836 3145; baseline 0.001 -20"><span class='ocrx_word' id='word_1_343' title='bbox 234 3081 294 3125; x_wconf 68' lang='lat' dir='ltr'><strong>ta:</strong></span> <span class='ocrx_word' id='word_1_344' title='bbox 314 3083 363 3128; x_wconf 89' lang='lat' dir='ltr'><strong>et</strong></span> <span class='ocrx_word' id='word_1_345' title='bbox 383 3085 697 3140; x_wconf 61' lang='lat' dir='ltr'><strong>cameratas,</strong></span> <span class='ocrx_word' id='word_1_346' title='bbox 715 3084 770 3128; x_wconf 87' lang='lat' dir='ltr'><strong>et</strong></span> <span class='ocrx_word' id='word_1_347' title='bbox 800 3072 996 3127; x_wconf 84' lang='lat' dir='ltr'><strong>atrium</strong></span> <span class='ocrx_word' id='word_1_348' title='bbox 1025 3073 1273 3128; x_wconf 81' lang='lat' dir='ltr'><strong>ecclesiae</strong></span> <span class='ocrx_word' id='word_1_349' title='bbox 1301 3074 1371 3127; x_wconf 90' lang='lat' dir='ltr'><strong>sit</strong></span> <span class='ocrx_word' id='word_1_350' title='bbox 1393 3073 1629 3145; x_wconf 89' lang='lat' dir='ltr'><strong>undique</strong></span> <span class='ocrx_word' id='word_1_351' title='bbox 1661 3075 1836 3128; x_wconf 84' lang='lat' dir='ltr'><strong>numi-</strong></span> 
     </span>
    </p>
   </div>
   <div class='ocr_carea' id='block_1_48' title="bbox 238 3175 359 3222">
    <p class='ocr_par' dir='ltr' id='par_1_48' title="bbox 238 3175 359 3222">
     <span class='ocr_line' id='line_1_48' title="bbox 238 3175 359 3222; baseline 0.017 -3"><span class='ocrx_word' id='word_1_352' title='bbox 238 3175 359 3222; x_wconf 90' lang='lat' dir='ltr'><strong>tum.</strong></span> 
     </span>
    </p>
   </div>
   <div class='ocr_carea' id='block_1_49' title="bbox 296 3260 1843 3333">
    <p class='ocr_par' dir='ltr' id='par_1_49' title="bbox 296 3260 1843 3333">
     <span class='ocr_line' id='line_1_49' title="bbox 296 3260 1843 3333; baseline 0.003 -19"><span class='ocrx_word' id='word_1_353' title='bbox 296 3260 484 3316; x_wconf 81' lang='lat' dir='ltr'><strong>Nullus</strong></span> <span class='ocrx_word' id='word_1_354' title='bbox 512 3271 665 3317; x_wconf 77' lang='lat' dir='ltr'><strong>extra</strong></span> <span class='ocrx_word' id='word_1_355' title='bbox 689 3262 980 3317; x_wconf 80' lang='lat' dir='ltr'><strong>ecclesiam</strong></span> <span class='ocrx_word' id='word_1_356' title='bbox 1010 3277 1104 3333; x_wconf 88' lang='lat' dir='ltr'><strong>per</strong></span> <span class='ocrx_word' id='word_1_357' title='bbox 1124 3262 1334 3329; x_wconf 88' lang='lat' dir='ltr'><strong>domos,</strong></span> <span class='ocrx_word' id='word_1_358' title='bbox 1364 3279 1463 3319; x_wconf 91' lang='lat' dir='ltr'><strong>nec</strong></span> <span class='ocrx_word' id='word_1_359' title='bbox 1489 3266 1539 3318; x_wconf 92' lang='lat' dir='ltr'><strong>in</strong></span> <span class='ocrx_word' id='word_1_360' title='bbox 1572 3265 1705 3318; x_wconf 83' lang='lat' dir='ltr'><strong>locis</strong></span> <span class='ocrx_word' id='word_1_361' title='bbox 1737 3280 1843 3319; x_wconf 85' lang='lat' dir='ltr'><strong>non</strong></span> 
     </span>
    </p>
   </div>
   <div class='ocr_carea' id='block_1_50' title="bbox 235 3354 1847 3411">
    <p class='ocr_par' dir='ltr' id='par_1_50' title="bbox 235 3354 1847 3411">
     <span class='ocr_line' id='line_1_50' title="bbox 235 3354 1847 3411; baseline 0.002 -5"><span class='ocrx_word' id='word_1_362' title='bbox 235 3355 554 3408; x_wconf 85' lang='lat' dir='ltr'><strong>consecratis</strong></span> <span class='ocrx_word' id='word_1_363' title='bbox 587 3354 807 3408; x_wconf 86' lang='lat' dir='ltr'><strong>missam</strong></span> <span class='ocrx_word' id='word_1_364' title='bbox 842 3364 1026 3409; x_wconf 89' lang='lat' dir='ltr'><strong>cantet</strong></span> <span class='ocrx_word' id='word_1_365' title='bbox 1071 3373 1083 3408; x_wconf 95' lang='lat'>:</span> <span class='ocrx_word' id='word_1_366' title='bbox 1117 3355 1296 3410; x_wconf 89' lang='lat' dir='ltr'><strong>nullus</strong></span> <span class='ocrx_word' id='word_1_367' title='bbox 1326 3356 1475 3410; x_wconf 89' lang='lat' dir='ltr'><strong>solus</strong></span> <span class='ocrx_word' id='word_1_368' title='bbox 1503 3366 1683 3411; x_wconf 85' lang='lat' dir='ltr'><strong>cantet</strong></span> <span class='ocrx_word' id='word_1_369' title='bbox 1717 3358 1847 3410; x_wconf 79' lang='lat' dir='ltr'><strong>niis-</strong></span> 
     </span>
    </p>
   </div>
   <div class='ocr_carea' id='block_1_51' title="bbox 237 3446 1847 3518">
    <p class='ocr_par' dir='ltr' id='par_1_51' title="bbox 237 3446 1847 3518">
     <span class='ocr_line' id='line_1_51' title="bbox 237 3446 1847 3518; baseline 0.003 -20"><span class='ocrx_word' id='word_1_370' title='bbox 237 3458 341 3498; x_wconf 85' lang='lat' dir='ltr'><strong>satu</strong></span> <span class='ocrx_word' id='word_1_371' title='bbox 375 3464 387 3498; x_wconf 87' lang='lat'>:</span> <span class='ocrx_word' id='word_1_372' title='bbox 417 3447 597 3500; x_wconf 90' lang='lat' dir='ltr'><strong>omnis</strong></span> <span class='ocrx_word' id='word_1_373' title='bbox 620 3446 913 3518; x_wconf 85' lang='lat' dir='ltr'><strong>presbyter</strong></span> <span class='ocrx_word' id='word_1_374' title='bbox 932 3448 1187 3502; x_wconf 87' lang='lat' dir='ltr'><strong>clericum</strong></span> <span class='ocrx_word' id='word_1_375' title='bbox 1212 3448 1293 3503; x_wconf 85' lang='lat' dir='ltr'><strong>vel</strong></span> <span class='ocrx_word' id='word_1_376' title='bbox 1324 3448 1622 3503; x_wconf 87' lang='lat' dir='ltr'><strong>scholarem</strong></span> <span class='ocrx_word' id='word_1_377' title='bbox 1653 3450 1847 3505; x_wconf 86' lang='lat' dir='ltr'><strong>habeat</strong></span> 
     </span>
    </p>
   </div>
   <div class='ocr_carea' id='block_1_52' title="bbox 238 3539 1843 3610">
    <p class='ocr_par' dir='ltr' id='par_1_52' title="bbox 238 3539 1843 3610">
     <span class='ocr_line' id='line_1_52' title="bbox 238 3539 1843 3610; baseline 0.006 -20"><span class='ocrx_word' id='word_1_378' title='bbox 238 3539 317 3607; x_wconf 89' lang='lat' dir='ltr'><strong>qui</strong></span> <span class='ocrx_word' id='word_1_379' title='bbox 344 3540 629 3610; x_wconf 85' lang='lat' dir='ltr'><strong>epistolam</strong></span> <span class='ocrx_word' id='word_1_380' title='bbox 672 3540 753 3595; x_wconf 87' lang='lat' dir='ltr'><strong>vel</strong></span> <span class='ocrx_word' id='word_1_381' title='bbox 788 3540 1074 3596; x_wconf 88' lang='lat' dir='ltr'><strong>lectionem</strong></span> <span class='ocrx_word' id='word_1_382' title='bbox 1118 3540 1291 3610; x_wconf 81' lang='lat' dir='ltr'><strong>legat,</strong></span> <span class='ocrx_word' id='word_1_383' title='bbox 1338 3554 1393 3596; x_wconf 90' lang='lat' dir='ltr'><strong>et</strong></span> <span class='ocrx_word' id='word_1_384' title='bbox 1437 3542 1483 3599; x_wconf 88' lang='lat' dir='ltr'><strong>ei</strong></span> <span class='ocrx_word' id='word_1_385' title='bbox 1526 3542 1591 3596; x_wconf 90' lang='lat' dir='ltr'><strong>ad</strong></span> <span class='ocrx_word' id='word_1_386' title='bbox 1626 3544 1843 3606; x_wconf 79' lang='lat' dir='ltr'><strong>missam</strong></span> 
     </span>
    </p>
   </div>
   <div class='ocr_carea' id='block_1_53' title="bbox 239 3633 1845 3703">
    <p class='ocr_par' dir='ltr' id='par_1_53' title="bbox 239 3633 1845 3703">
     <span class='ocr_line' id='line_1_53' title="bbox 239 3633 1845 3703; baseline 0.004 -18"><span class='ocrx_word' id='word_1_387' title='bbox 239 3633 575 3703; x_wconf 80' lang='lat' dir='ltr'><strong>reapondeat,</strong></span> <span class='ocrx_word' id='word_1_388' title='bbox 596 3643 795 3688; x_wconf 88' lang='lat' dir='ltr'><strong>etcum</strong></span> <span class='ocrx_word' id='word_1_389' title='bbox 826 3648 936 3702; x_wconf 90' lang='lat' dir='ltr'><strong>quo</strong></span> <span class='ocrx_word' id='word_1_390' title='bbox 959 3634 1194 3703; x_wconf 81' lang='lat' dir='ltr'><strong>psalmos</strong></span> <span class='ocrx_word' id='word_1_391' title='bbox 1217 3643 1416 3690; x_wconf 83' lang='lat' dir='ltr'><strong>cantet.</strong></span> <span class='ocrx_word' id='word_1_392' title='bbox 1440 3633 1687 3690; x_wconf 84' lang='lat' dir='ltr'><strong>Infirmus</strong></span> <span class='ocrx_word' id='word_1_393' title='bbox 1716 3640 1845 3691; x_wconf 78' lang='lat' dir='ltr'><strong>visi-</strong></span> 
     </span>
    </p>
   </div>
   <div class='ocr_carea' id='block_1_54' title="bbox 241 3724 1845 3800">
    <p class='ocr_par' dir='ltr' id='par_1_54' title="bbox 241 3724 1845 3800">
     <span class='ocr_line' id='line_1_54' title="bbox 241 3724 1845 3800; baseline 0.004 -23"><span class='ocrx_word' id='word_1_394' title='bbox 241 3732 359 3787; x_wconf 88' lang='lat' dir='ltr'><strong>tate.</strong></span> <span class='ocrx_word' id='word_1_395' title='bbox 388 3737 438 3781; x_wconf 81' lang='lat' dir='ltr'><strong>et</strong></span> <span class='ocrx_word' id='word_1_396' title='bbox 469 3742 564 3780; x_wconf 87' lang='lat' dir='ltr'><strong>cos</strong></span> <span class='ocrx_word' id='word_1_397' title='bbox 594 3726 660 3780; x_wconf 87' lang='lat' dir='ltr'><strong>ad</strong></span> <span class='ocrx_word' id='word_1_398' title='bbox 712 3724 1114 3779; x_wconf 75' lang='lat' dir='ltr'><strong>confessionem</strong></span> <span class='ocrx_word' id='word_1_399' title='bbox 1154 3728 1500 3783; x_wconf 86' lang='lat' dir='ltr'><strong>reconciliate</strong></span> <span class='ocrx_word' id='word_1_400' title='bbox 1522 3771 1537 3794; x_wconf 96' lang='lat'><strong>,</strong></span> <span class='ocrx_word' id='word_1_401' title='bbox 1593 3739 1647 3784; x_wconf 91' lang='lat' dir='ltr'><strong>et</strong></span> <span class='ocrx_word' id='word_1_402' title='bbox 1692 3730 1845 3800; x_wconf 67' lang='lat' dir='ltr'><strong>juxta</strong></span> 
     </span>
    </p>
   </div>
   <div class='ocr_carea' id='block_1_55' title="bbox 243 3818 1848 3891">
    <p class='ocr_par' dir='ltr' id='par_1_55' title="bbox 243 3818 1848 3891">
     <span class='ocr_line' id='line_1_55' title="bbox 243 3818 1848 3891; baseline 0.004 -22"><span class='ocrx_word' id='word_1_403' title='bbox 243 3818 536 3886; x_wconf 74' lang='lat' dir='ltr'><strong>apostolum</strong></span> <span class='ocrx_word' id='word_1_404' title='bbox 577 3819 701 3873; x_wconf 81' lang='lat' dir='ltr'><strong>oleo</strong></span> <span class='ocrx_word' id='word_1_405' title='bbox 727 3830 915 3872; x_wconf 83' lang='lat' dir='ltr'><strong>Sancto</strong></span> <span class='ocrx_word' id='word_1_406' title='bbox 946 3819 1146 3887; x_wconf 79' lang='lat' dir='ltr'><strong>tingite,</strong></span> <span class='ocrx_word' id='word_1_407' title='bbox 1178 3828 1231 3871; x_wconf 82' lang='lat' dir='ltr'><strong>et</strong></span> <span class='ocrx_word' id='word_1_408' title='bbox 1262 3836 1421 3873; x_wconf 84' lang='lat' dir='ltr'><strong>manu</strong></span> <span class='ocrx_word' id='word_1_409' title='bbox 1451 3822 1667 3891; x_wconf 79' lang='lat' dir='ltr'><strong>propria</strong></span> <span class='ocrx_word' id='word_1_410' title='bbox 1697 3838 1848 3877; x_wconf 86' lang='lat' dir='ltr'><strong>com-</strong></span> 
     </span>
    </p>
   </div>
   <div class='ocr_carea' id='block_1_56' title="bbox 242 3910 1846 3980">
    <p class='ocr_par' dir='ltr' id='par_1_56' title="bbox 242 3910 1846 3980">
     <span class='ocr_line' id='line_1_56' title="bbox 242 3910 1846 3980; baseline 0.007 -20"><span class='ocrx_word' id='word_1_411' title='bbox 242 3911 525 3964; x_wconf 88' lang='lat' dir='ltr'><strong>nmnicate.</strong></span> <span class='ocrx_word' id='word_1_412' title='bbox 582 3910 770 3967; x_wconf 84' lang='lat' dir='ltr'><strong>Nullus</strong></span> <span class='ocrx_word' id='word_1_413' title='bbox 820 3922 1111 3980; x_wconf 66' lang='lat' dir='ltr'><strong>prtesumat</strong></span> <span class='ocrx_word' id='word_1_414' title='bbox 1159 3911 1369 3965; x_wconf 87' lang='lat' dir='ltr'><strong>tradere</strong></span> <span class='ocrx_word' id='word_1_415' title='bbox 1411 3916 1846 3971; x_wconf 86' lang='lat' dir='ltr'><strong>communionem</strong></span> 
     </span>
    </p>
   </div>
   <div class='ocr_carea' id='block_1_57' title="bbox 242 4000 1843 4063">
    <p class='ocr_par' dir='ltr' id='par_1_57' title="bbox 242 4000 1843 4063">
     <span class='ocr_line' id='line_1_57' title="bbox 242 4000 1843 4063; baseline 0.006 -9"><span class='ocrx_word' id='word_1_416' title='bbox 242 4000 364 4057; x_wconf 83' lang='lat' dir='ltr'><strong>laico</strong></span> <span class='ocrx_word' id='word_1_417' title='bbox 392 4004 475 4056; x_wconf 75' lang='lat' dir='ltr'><strong>vel</strong></span> <span class='ocrx_word' id='word_1_418' title='bbox 496 4002 727 4057; x_wconf 72' lang='lat' dir='ltr'><strong>femina:</strong></span> <span class='ocrx_word' id='word_1_419' title='bbox 758 4004 822 4057; x_wconf 85' lang='lat' dir='ltr'><strong>ad</strong></span> <span class='ocrx_word' id='word_1_420' title='bbox 853 4003 1208 4058; x_wconf 86' lang='lat' dir='ltr'><strong>deferendqu</strong></span> <span class='ocrx_word' id='word_1_421' title='bbox 1247 4001 1456 4061; x_wconf 76' lang='lat' dir='ltr'><strong>infirmo</strong></span> <span class='ocrx_word' id='word_1_422' title='bbox 1487 4022 1501 4063; x_wconf 87' lang='lat'><strong>:</strong></span> <span class='ocrx_word' id='word_1_423' title='bbox 1544 4009 1723 4062; x_wconf 85' lang='lat' dir='ltr'><strong>nullus</strong></span> <span class='ocrx_word' id='word_1_424' title='bbox 1768 4027 1843 4063; x_wconf 84' lang='lat' dir='ltr'><strong>sa-</strong></span> 
     </span>
    </p>
   </div>
   <div class='ocr_carea' id='block_1_58' title="bbox 241 4095 1853 4170">
    <p class='ocr_par' dir='ltr' id='par_1_58' title="bbox 241 4095 1853 4170">
     <span class='ocr_line' id='line_1_58' title="bbox 241 4095 1853 4170; baseline 0.004 -22"><span class='ocrx_word' id='word_1_425' title='bbox 241 4111 378 4149; x_wconf 84' lang='lat' dir='ltr'><strong>crum</strong></span> <span class='ocrx_word' id='word_1_426' title='bbox 410 4098 650 4151; x_wconf 45' lang='lat' dir='ltr'><strong>chrisma</strong></span> <span class='ocrx_word' id='word_1_427' title='bbox 686 4095 885 4151; x_wconf 84' lang='lat' dir='ltr'><strong>vendat</strong></span> <span class='ocrx_word' id='word_1_428' title='bbox 917 4115 930 4149; x_wconf 90' lang='lat'><strong>:</strong></span> <span class='ocrx_word' id='word_1_429' title='bbox 967 4097 1144 4151; x_wconf 88' lang='lat' dir='ltr'><strong>nullus</strong></span> <span class='ocrx_word' id='word_1_430' title='bbox 1176 4108 1413 4153; x_wconf 86' lang='lat' dir='ltr'><strong>vestrum</strong></span> <span class='ocrx_word' id='word_1_431' title='bbox 1448 4116 1542 4170; x_wconf 87' lang='lat' dir='ltr'><strong>pro</strong></span> <span class='ocrx_word' id='word_1_432' title='bbox 1574 4102 1853 4170; x_wconf 87' lang='lat' dir='ltr'><strong>baptizan-</strong></span> 
     </span>
    </p>
   </div>
   <div class='ocr_carea' id='block_1_59' title="bbox 244 4186 1853 4262">
    <p class='ocr_par' dir='ltr' id='par_1_59' title="bbox 244 4186 1853 4262">
     <span class='ocr_line' id='line_1_59' title="bbox 244 4186 1853 4262; baseline 0.007 -24"><span class='ocrx_word' id='word_1_433' title='bbox 244 4186 319 4242; x_wconf 87' lang='lat' dir='ltr'><strong>dis</strong></span> <span class='ocrx_word' id='word_1_434' title='bbox 360 4188 659 4243; x_wconf 86' lang='lat' dir='ltr'><strong>infantibus</strong></span> <span class='ocrx_word' id='word_1_435' title='bbox 686 4231 701 4250; x_wconf 86' lang='lat'><strong>.</strong></span> <span class='ocrx_word' id='word_1_436' title='bbox 748 4190 836 4243; x_wconf 87' lang='lat' dir='ltr'><strong>vel</strong></span> <span class='ocrx_word' id='word_1_437' title='bbox 892 4206 987 4258; x_wconf 90' lang='lat' dir='ltr'><strong>pro</strong></span> <span class='ocrx_word' id='word_1_438' title='bbox 1029 4190 1437 4246; x_wconf 83' lang='lat' dir='ltr'><strong>recoaciliandis</strong></span> <span class='ocrx_word' id='word_1_439' title='bbox 1482 4196 1853 4262; x_wconf 79' lang='lat' dir='ltr'><strong>peccatoribus</strong></span> 
     </span>
    </p>
   </div>
   <div class='ocr_carea' id='block_1_60' title="bbox 246 4280 1854 4358">
    <p class='ocr_par' dir='ltr' id='par_1_60' title="bbox 246 4280 1854 4358">
     <span class='ocr_line' id='line_1_60' title="bbox 246 4280 1854 4358; baseline 0.01 -31"><span class='ocrx_word' id='word_1_440' title='bbox 246 4281 320 4331; x_wconf 77' lang='lat' dir='ltr'><strong>vel</strong></span> <span class='ocrx_word' id='word_1_441' title='bbox 364 4280 620 4348; x_wconf 55' lang='lat' dir='ltr'><strong>inﬁrmis,</strong></span> <span class='ocrx_word' id='word_1_442' title='bbox 670 4293 763 4335; x_wconf 87' lang='lat' dir='ltr'><strong>aut</strong></span> <span class='ocrx_word' id='word_1_443' title='bbox 808 4298 908 4351; x_wconf 86' lang='lat' dir='ltr'><strong>pro</strong></span> <span class='ocrx_word' id='word_1_444' title='bbox 961 4282 1186 4338; x_wconf 88' lang='lat' dir='ltr'><strong>mortuis</strong></span> <span class='ocrx_word' id='word_1_445' title='bbox 1231 4286 1577 4354; x_wconf 86' lang='lat' dir='ltr'><strong>sepeliendis,</strong></span> <span class='ocrx_word' id='word_1_446' title='bbox 1627 4288 1710 4343; x_wconf 85' lang='lat' dir='ltr'><strong>vel</strong></span> <span class='ocrx_word' id='word_1_447' title='bbox 1756 4305 1854 4358; x_wconf 89' lang='lat' dir='ltr'><strong>pro</strong></span> 
     </span>
    </p>
   </div>
   <div class='ocr_carea' id='block_1_61' title="bbox 245 4374 1855 4448">
    <p class='ocr_par' dir='ltr' id='par_1_61' title="bbox 245 4374 1855 4448">
     <span class='ocr_line' id='line_1_61' title="bbox 245 4374 1855 4448; baseline 0.009 -25"><span class='ocrx_word' id='word_1_448' title='bbox 245 4374 626 4429; x_wconf 84' lang='lat' dir='ltr'><strong>consecrandis</strong></span> <span class='ocrx_word' id='word_1_449' title='bbox 670 4375 937 4439; x_wconf 80' lang='lat' dir='ltr'><strong>ecclesiis,</strong></span> <span class='ocrx_word' id='word_1_450' title='bbox 991 4378 1268 4446; x_wconf 68' lang='lat' dir='ltr'><strong>[utentium</strong></span> <span class='ocrx_word' id='word_1_451' title='bbox 1324 4389 1415 4433; x_wconf 91' lang='lat' dir='ltr'><strong>aut</strong></span> <span class='ocrx_word' id='word_1_452' title='bbox 1470 4380 1693 4448; x_wconf 85' lang='lat' dir='ltr'><strong>pretium</strong></span> <span class='ocrx_word' id='word_1_453' title='bbox 1741 4383 1855 4437; x_wconf 89' lang='lat' dir='ltr'><strong>sive</strong></span> 
     </span>
    </p>
   </div>
   <div class='ocr_carea' id='block_1_62' title="bbox 1870 3204 1917 3269">
    <p class='ocr_par' dir='ltr' id='par_1_62' title="bbox 1870 3204 1917 3269">
     <span class='ocr_line' id='line_1_62' title="bbox 1870 3204 1917 3269; baseline 0 0"><span class='ocrx_word' id='word_1_454' title='bbox 1870 3204 1917 3269; x_wconf 90' lang='lat' dir='ltr'><strong><em>C</em></strong></span> 
     </span>
    </p>
   </div>
   <div class='ocr_carea' id='block_1_63' title="bbox 1943 1942 3565 2014">
    <p class='ocr_par' dir='ltr' id='par_1_63' title="bbox 1943 1942 3565 2014">
     <span class='ocr_line' id='line_1_63' title="bbox 1943 1942 3565 2014; baseline 0 -18"><span class='ocrx_word' id='word_1_455' title='bbox 1943 1942 2137 1997; x_wconf 87' lang='lat' dir='ltr'><strong>habeat</strong></span> <span class='ocrx_word' id='word_1_456' title='bbox 2173 1961 2187 1996; x_wconf 90' lang='lat'>:</span> <span class='ocrx_word' id='word_1_457' title='bbox 2220 1944 2523 1998; x_wconf 84' lang='lat' dir='ltr'><strong>nullatenus</strong></span> <span class='ocrx_word' id='word_1_458' title='bbox 2556 1960 2658 1997; x_wconf 88' lang='lat' dir='ltr'><strong>una</strong></span> <span class='ocrx_word' id='word_1_459' title='bbox 2692 1945 2920 1999; x_wconf 84' lang='lat' dir='ltr'><strong>ecclesia</strong></span> <span class='ocrx_word' id='word_1_460' title='bbox 2967 1944 3110 1999; x_wconf 82' lang='lat' dir='ltr'><strong>inter</strong></span> <span class='ocrx_word' id='word_1_461' title='bbox 3153 1946 3331 2014; x_wconf 76' lang='lat' dir='ltr'><strong>plures</strong></span> <span class='ocrx_word' id='word_1_462' title='bbox 3358 1943 3565 1999; x_wconf 89' lang='lat' dir='ltr'><strong>divida-</strong></span> 
     </span>
    </p>
   </div>
   <div class='ocr_carea' id='block_1_64' title="bbox 1944 2036 3565 2105">
    <p class='ocr_par' dir='ltr' id='par_1_64' title="bbox 1944 2036 3565 2105">
     <span class='ocr_line' id='line_1_64' title="bbox 1944 2036 3565 2105; baseline 0 -16"><span class='ocrx_word' id='word_1_463' title='bbox 1944 2046 2048 2089; x_wconf 89' lang='lat' dir='ltr'><strong>tur.</strong></span> <span class='ocrx_word' id='word_1_464' title='bbox 2082 2036 2270 2091; x_wconf 84' lang='lat' dir='ltr'><strong>Nullns</strong></span> <span class='ocrx_word' id='word_1_465' title='bbox 2297 2036 2521 2092; x_wconf 90' lang='lat' dir='ltr'><strong>alterius</strong></span> <span class='ocrx_word' id='word_1_466' title='bbox 2564 2036 2972 2105; x_wconf 87' lang='lat' dir='ltr'><strong>parochianum,</strong></span> <span class='ocrx_word' id='word_1_467' title='bbox 3004 2038 3105 2092; x_wconf 88' lang='lat' dir='ltr'><strong>nisi</strong></span> <span class='ocrx_word' id='word_1_468' title='bbox 3133 2038 3185 2091; x_wconf 89' lang='lat' dir='ltr'><strong>in</strong></span> <span class='ocrx_word' id='word_1_469' title='bbox 3216 2038 3433 2103; x_wconf 87' lang='lat' dir='ltr'><strong>itinere,</strong></span> <span class='ocrx_word' id='word_1_470' title='bbox 3470 2045 3565 2091; x_wconf 86' lang='lat' dir='ltr'><strong>aut</strong></span> 
     </span>
    </p>
   </div>
   <div class='ocr_carea' id='block_1_65' title="bbox 1940 2127 3561 2201">
    <p class='ocr_par' dir='ltr' id='par_1_65' title="bbox 1940 2127 3561 2201">
     <span class='ocr_line' id='line_1_65' title="bbox 1940 2127 3561 2201; baseline 0.001 -20"><span class='ocrx_word' id='word_1_471' title='bbox 1940 2128 1983 2181; x_wconf 90' lang='lat' dir='ltr'><strong>si</strong></span> <span class='ocrx_word' id='word_1_472' title='bbox 2016 2127 2082 2182; x_wconf 90' lang='lat' dir='ltr'><strong>ad</strong></span> <span class='ocrx_word' id='word_1_473' title='bbox 2113 2128 2371 2199; x_wconf 85' lang='lat' dir='ltr'><strong>placitqu</strong></span> <span class='ocrx_word' id='word_1_474' title='bbox 2405 2129 2565 2183; x_wconf 83' lang='lat' dir='ltr'><strong>fuerit</strong></span> <span class='ocrx_word' id='word_1_475' title='bbox 2588 2171 2603 2194; x_wconf 94' lang='lat'><strong>,</strong></span> <span class='ocrx_word' id='word_1_476' title='bbox 2637 2130 2703 2184; x_wconf 88' lang='lat' dir='ltr'><strong>ad</strong></span> <span class='ocrx_word' id='word_1_477' title='bbox 2744 2130 2962 2185; x_wconf 84' lang='lat' dir='ltr'><strong>missam</strong></span> <span class='ocrx_word' id='word_1_478' title='bbox 2996 2132 3222 2201; x_wconf 85' lang='lat' dir='ltr'><strong>recipiat</strong></span> <span class='ocrx_word' id='word_1_479' title='bbox 3253 2149 3266 2184; x_wconf 91' lang='lat'>:</span> <span class='ocrx_word' id='word_1_480' title='bbox 3299 2130 3480 2186; x_wconf 85' lang='lat' dir='ltr'><strong>nullus</strong></span> <span class='ocrx_word' id='word_1_481' title='bbox 3510 2132 3561 2185; x_wconf 91' lang='lat' dir='ltr'><strong>in</strong></span> 
     </span>
    </p>
   </div>
   <div class='ocr_carea' id='block_1_66' title="bbox 1940 2220 3561 2295">
    <p class='ocr_par' dir='ltr' id='par_1_66' title="bbox 1940 2220 3561 2295">
     <span class='ocr_line' id='line_1_66' title="bbox 1940 2220 3561 2295; baseline 0.005 -22"><span class='ocrx_word' id='word_1_482' title='bbox 1940 2220 2167 2275; x_wconf 90' lang='lat' dir='ltr'><strong>alterius</strong></span> <span class='ocrx_word' id='word_1_483' title='bbox 2192 2221 2445 2286; x_wconf 85' lang='lat' dir='ltr'><strong>ecclesia,</strong></span> <span class='ocrx_word' id='word_1_484' title='bbox 2477 2222 2557 2276; x_wconf 85' lang='lat' dir='ltr'><strong>vel</strong></span> <span class='ocrx_word' id='word_1_485' title='bbox 2600 2222 2855 2292; x_wconf 67' lang='lat' dir='ltr'><strong>parochia</strong></span> <span class='ocrx_word' id='word_1_486' title='bbox 2888 2224 3103 2278; x_wconf 77' lang='lat' dir='ltr'><strong>missam</strong></span> <span class='ocrx_word' id='word_1_487' title='bbox 3129 2234 3328 2289; x_wconf 89' lang='lat' dir='ltr'><strong>cantet,</strong></span> <span class='ocrx_word' id='word_1_488' title='bbox 3355 2225 3561 2295; x_wconf 88' lang='lat' dir='ltr'><strong>absque</strong></span> 
     </span>
    </p>
   </div>
   <div class='ocr_carea' id='block_1_67' title="bbox 1940 2315 3568 2389">
    <p class='ocr_par' dir='ltr' id='par_1_67' title="bbox 1940 2315 3568 2389">
     <span class='ocr_line' id='line_1_67' title="bbox 1940 2315 3568 2389; baseline 0.004 -23"><span class='ocrx_word' id='word_1_489' title='bbox 1940 2315 2145 2383; x_wconf 84' lang='lat' dir='ltr'><strong>proprii</strong></span> <span class='ocrx_word' id='word_1_490' title='bbox 2182 2316 2457 2370; x_wconf 85' lang='lat' dir='ltr'><strong>voluntate</strong></span> <span class='ocrx_word' id='word_1_491' title='bbox 2497 2325 2553 2370; x_wconf 87' lang='lat' dir='ltr'><strong>et</strong></span> <span class='ocrx_word' id='word_1_492' title='bbox 2583 2326 2769 2387; x_wconf 76' lang='lat' dir='ltr'><strong>rogatu</strong></span> <span class='ocrx_word' id='word_1_493' title='bbox 2820 2318 3118 2389; x_wconf 81' lang='lat' dir='ltr'><strong>presbyteri</strong></span> <span class='ocrx_word' id='word_1_494' title='bbox 3148 2335 3159 2369; x_wconf 93' lang='lat'>:</span> <span class='ocrx_word' id='word_1_495' title='bbox 3206 2318 3387 2372; x_wconf 88' lang='lat' dir='ltr'><strong>nullus</strong></span> <span class='ocrx_word' id='word_1_496' title='bbox 3416 2318 3568 2373; x_wconf 81' lang='lat' dir='ltr'><strong>deci-</strong></span> 
     </span>
    </p>
   </div>
   <div class='ocr_carea' id='block_1_68' title="bbox 1942 2398 3567 2480">
    <p class='ocr_par' dir='ltr' id='par_1_68' title="bbox 1942 2398 3567 2480">
     <span class='ocr_line' id='line_1_68' title="bbox 1942 2398 3567 2480; baseline 0.002 -18"><span class='ocrx_word' id='word_1_497' title='bbox 1942 2423 2087 2462; x_wconf 85' lang='lat' dir='ltr'><strong>mam</strong></span> <span class='ocrx_word' id='word_1_498' title='bbox 2118 2408 2184 2460; x_wconf 89' lang='lat' dir='ltr'><strong>ad</strong></span> <span class='ocrx_word' id='word_1_499' title='bbox 2216 2408 2375 2461; x_wconf 90' lang='lat' dir='ltr'><strong>aliam</strong></span> <span class='ocrx_word' id='word_1_500' title='bbox 2405 2409 2688 2463; x_wconf 64' lang='lat' dir='ltr'><strong>ecclesiam</strong></span> <span class='ocrx_word' id='word_1_501' title='bbox 2724 2410 3076 2478; x_wconf 85' lang='lat' dir='ltr'><strong>pertinentem</strong></span> <span class='ocrx_word' id='word_1_502' title='bbox 3100 2410 3340 2480; x_wconf 88' lang='lat' dir='ltr'><strong>recipiat.</strong></span> <span class='ocrx_word' id='word_1_503' title='bbox 3375 2398 3567 2466; x_wconf 85' lang='lat' dir='ltr'><strong>Nullus</strong></span> 
     </span>
    </p>
   </div>
   <div class='ocr_carea' id='block_1_69' title="bbox 1942 2502 3562 2571">
    <p class='ocr_par' dir='ltr' id='par_1_69' title="bbox 1942 2502 3562 2571">
     <span class='ocr_line' id='line_1_69' title="bbox 1942 2502 3562 2571; baseline 0.001 -15"><span class='ocrx_word' id='word_1_504' title='bbox 1942 2502 2296 2571; x_wconf 85' lang='lat' dir='ltr'><strong>poenitentem</strong></span> <span class='ocrx_word' id='word_1_505' title='bbox 2338 2502 2529 2556; x_wconf 89' lang='lat' dir='ltr'><strong>invitet</strong></span> <span class='ocrx_word' id='word_1_506' title='bbox 2576 2517 2793 2557; x_wconf 88' lang='lat' dir='ltr'><strong>carnem</strong></span> <span class='ocrx_word' id='word_1_507' title='bbox 2831 2502 3157 2557; x_wconf 84' lang='lat' dir='ltr'><strong>manducare</strong></span> <span class='ocrx_word' id='word_1_508' title='bbox 3188 2514 3241 2558; x_wconf 91' lang='lat' dir='ltr'><strong>ct</strong></span> <span class='ocrx_word' id='word_1_509' title='bbox 3270 2507 3451 2559; x_wconf 84' lang='lat' dir='ltr'><strong>viuum</strong></span> <span class='ocrx_word' id='word_1_510' title='bbox 3484 2505 3562 2559; x_wconf 91' lang='lat' dir='ltr'><strong>hi.</strong></span> 
     </span>
    </p>
   </div>
   <div class='ocr_carea' id='block_1_70' title="bbox 1939 2576 3602 2667">
    <p class='ocr_par' dir='ltr' id='par_1_70' title="bbox 1939 2576 3602 2667">
     <span class='ocr_line' id='line_1_70' title="bbox 1939 2576 3602 2667; baseline 0.002 -18"><span class='ocrx_word' id='word_1_511' title='bbox 1939 2596 2089 2658; x_wconf 85' lang='lat' dir='ltr'><strong>bere,</strong></span> <span class='ocrx_word' id='word_1_512' title='bbox 2125 2594 2223 2649; x_wconf 88' lang='lat' dir='ltr'><strong>nisi</strong></span> <span class='ocrx_word' id='word_1_513' title='bbox 2258 2612 2354 2663; x_wconf 88' lang='lat' dir='ltr'><strong>pro</strong></span> <span class='ocrx_word' id='word_1_514' title='bbox 2380 2610 2446 2649; x_wconf 85' lang='lat' dir='ltr'><strong>eo</strong></span> <span class='ocrx_word' id='word_1_515' title='bbox 2472 2596 2538 2648; x_wconf 89' lang='lat' dir='ltr'><strong>ad</strong></span> <span class='ocrx_word' id='word_1_516' title='bbox 2571 2610 2809 2666; x_wconf 67' lang='lat' dir='ltr'><strong>praesens</strong></span> <span class='ocrx_word' id='word_1_517' title='bbox 2846 2596 3188 2667; x_wconf 86' lang='lat' dir='ltr'><strong>eleemosyua</strong></span> <span class='ocrx_word' id='word_1_518' title='bbox 3218 2597 3329 2652; x_wconf 87' lang='lat' dir='ltr'><strong>fiat.</strong></span> <span class='ocrx_word' id='word_1_519' title='bbox 3370 2576 3562 2653; x_wconf 84' lang='lat' dir='ltr'><strong>Nullus</strong></span> <span class='ocrx_word' id='word_1_520' title='bbox 3599 2623 3602 2625; x_wconf 54' lang='grc' dir='ltr'>λ</span> 
     </span>
    </p>
   </div>
   <div class='ocr_carea' id='block_1_71' title="bbox 1942 2689 3571 2760">
    <p class='ocr_par' dir='ltr' id='par_1_71' title="bbox 1942 2689 3571 2760">
     <span class='ocr_line' id='line_1_71' title="bbox 1942 2689 3571 2760; baseline 0.004 -19"><span class='ocrx_word' id='word_1_521' title='bbox 1942 2698 2231 2758; x_wconf 64' lang='grc' dir='ltr'>ιπίιιδυιιιιιι</span> <span class='ocrx_word' id='word_1_522' title='bbox 2256 2689 2555 2758; x_wconf 83' lang='lat' dir='ltr'><strong>baptizare,</strong></span> <span class='ocrx_word' id='word_1_523' title='bbox 2590 2699 2787 2759; x_wconf 66' lang='lat' dir='ltr'><strong>praeter</strong></span> <span class='ocrx_word' id='word_1_524' title='bbox 2816 2690 2868 2743; x_wconf 91' lang='lat' dir='ltr'><strong>in</strong></span> <span class='ocrx_word' id='word_1_525' title='bbox 2898 2689 3074 2760; x_wconf 81' lang='lat' dir='ltr'><strong>vigilia</strong></span> <span class='ocrx_word' id='word_1_526' title='bbox 3100 2690 3321 2745; x_wconf 72' lang='lat' dir='ltr'><strong>Pascha:</strong></span> <span class='ocrx_word' id='word_1_527' title='bbox 3347 2700 3402 2747; x_wconf 88' lang='lat' dir='ltr'><strong>et</strong></span> <span class='ocrx_word' id='word_1_528' title='bbox 3430 2692 3571 2747; x_wconf 85' lang='lat' dir='ltr'><strong>Peu-</strong></span> 
     </span>
    </p>
   </div>
   <div class='ocr_carea' id='block_1_72' title="bbox 1948 2783 3567 2855">
    <p class='ocr_par' dir='ltr' id='par_1_72' title="bbox 1948 2783 3567 2855">
     <span class='ocr_line' id='line_1_72' title="bbox 1948 2783 3567 2855; baseline 0.004 -20"><span class='ocrx_word' id='word_1_529' title='bbox 1948 2794 2203 2845; x_wconf 86' lang='lat' dir='ltr'><strong>tccostcs.</strong></span> <span class='ocrx_word' id='word_1_530' title='bbox 2260 2783 2360 2837; x_wconf 90' lang='lat' dir='ltr'><strong>nisi</strong></span> <span class='ocrx_word' id='word_1_531' title='bbox 2419 2800 2516 2852; x_wconf 85' lang='lat' dir='ltr'><strong>pro</strong></span> <span class='ocrx_word' id='word_1_532' title='bbox 2573 2788 2899 2840; x_wconf 85' lang='lat' dir='ltr'><strong>necessitate</strong></span> <span class='ocrx_word' id='word_1_533' title='bbox 2956 2797 3007 2840; x_wconf 89' lang='lat' dir='ltr'><strong>et</strong></span> <span class='ocrx_word' id='word_1_534' title='bbox 3059 2787 3297 2855; x_wconf 88' lang='lat' dir='ltr'><strong>periculo</strong></span> <span class='ocrx_word' id='word_1_535' title='bbox 3352 2787 3567 2843; x_wconf 71' lang='lat' dir='ltr'><strong>mortis.</strong></span> 
     </span>
    </p>
   </div>
   <div class='ocr_carea' id='block_1_73' title="bbox 1951 2876 3569 2952">
    <p class='ocr_par' dir='ltr' id='par_1_73' title="bbox 1951 2876 3569 2952">
     <span class='ocr_line' id='line_1_73' title="bbox 1951 2876 3569 2952; baseline 0.004 -21"><span class='ocrx_word' id='word_1_536' title='bbox 1951 2876 2554 2946; x_wconf 14' lang='lat' dir='ltr'><strong>Unusqoi~quetfontcs</strong></span> <span class='ocrx_word' id='word_1_537' title='bbox 2609 2877 2849 2948; x_wconf 86' lang='lat' dir='ltr'><strong>lapideos</strong></span> <span class='ocrx_word' id='word_1_538' title='bbox 2904 2880 3097 2935; x_wconf 81' lang='lat' dir='ltr'><strong>habeat</strong></span> <span class='ocrx_word' id='word_1_539' title='bbox 3136 2897 3148 2934; x_wconf 94' lang='lat'><strong>:</strong></span> <span class='ocrx_word' id='word_1_540' title='bbox 3197 2880 3339 2952; x_wconf 87' lang='lat' dir='ltr'><strong>quod</strong></span> <span class='ocrx_word' id='word_1_541' title='bbox 3386 2883 3429 2936; x_wconf 93' lang='lat' dir='ltr'><strong>si</strong></span> <span class='ocrx_word' id='word_1_542' title='bbox 3462 2899 3569 2937; x_wconf 89' lang='lat' dir='ltr'><strong>non</strong></span> 
     </span>
    </p>
   </div>
   <div class='ocr_carea' id='block_1_74' title="bbox 1945 2970 3573 3047">
    <p class='ocr_par' dir='ltr' id='par_1_74' title="bbox 1945 2970 3573 3047">
     <span class='ocr_line' id='line_1_74' title="bbox 1945 2970 3573 3047; baseline 0.006 -27"><span class='ocrx_word' id='word_1_543' title='bbox 1945 2979 2123 3041; x_wconf 88' lang='lat' dir='ltr'><strong>potest</strong></span> <span class='ocrx_word' id='word_1_544' title='bbox 2157 2970 2356 3023; x_wconf 86' lang='lat' dir='ltr'><strong>habere</strong></span> <span class='ocrx_word' id='word_1_545' title='bbox 2388 2971 2647 3037; x_wconf 84' lang='lat' dir='ltr'><strong>lapideos.</strong></span> <span class='ocrx_word' id='word_1_546' title='bbox 2684 2971 2878 3027; x_wconf 86' lang='lat' dir='ltr'><strong>habeat</strong></span> <span class='ocrx_word' id='word_1_547' title='bbox 2927 2988 3021 3026; x_wconf 85' lang='lat' dir='ltr'><strong>vas</strong></span> <span class='ocrx_word' id='word_1_548' title='bbox 3053 2974 3196 3028; x_wconf 89' lang='lat' dir='ltr'><strong>aliud</strong></span> <span class='ocrx_word' id='word_1_549' title='bbox 3245 2976 3311 3029; x_wconf 90' lang='lat' dir='ltr'><strong>ad</strong></span> <span class='ocrx_word' id='word_1_550' title='bbox 3343 2977 3444 3030; x_wconf 87' lang='lat' dir='ltr'><strong>hoc</strong></span> <span class='ocrx_word' id='word_1_551' title='bbox 3477 2992 3573 3047; x_wconf 80' lang='lat' dir='ltr'><strong>pa-</strong></span> 
     </span>
    </p>
   </div>
   <div class='ocr_carea' id='block_1_75' title="bbox 1945 3060 3573 3139">
    <p class='ocr_par' dir='ltr' id='par_1_75' title="bbox 1945 3060 3573 3139">
     <span class='ocr_line' id='line_1_75' title="bbox 1945 3060 3573 3139; baseline 0.004 -24"><span class='ocrx_word' id='word_1_552' title='bbox 1945 3071 2143 3125; x_wconf 88' lang='lat' dir='ltr'><strong>ratum,</strong></span> <span class='ocrx_word' id='word_1_553' title='bbox 2180 3062 2231 3114; x_wconf 91' lang='lat' dir='ltr'><strong>in</strong></span> <span class='ocrx_word' id='word_1_554' title='bbox 2263 3077 2370 3131; x_wconf 86' lang='lat' dir='ltr'><strong>quo</strong></span> <span class='ocrx_word' id='word_1_555' title='bbox 2403 3062 2535 3115; x_wconf 90' lang='lat' dir='ltr'><strong>nihil</strong></span> <span class='ocrx_word' id='word_1_556' title='bbox 2568 3063 2709 3115; x_wconf 90' lang='lat' dir='ltr'><strong>aliud</strong></span> <span class='ocrx_word' id='word_1_557' title='bbox 2741 3060 2851 3116; x_wconf 77' lang='lat' dir='ltr'><strong>fiat.</strong></span> <span class='ocrx_word' id='word_1_558' title='bbox 2879 3064 3069 3119; x_wconf 79' lang='lat' dir='ltr'><strong>Videte</strong></span> <span class='ocrx_word' id='word_1_559' title='bbox 3100 3076 3157 3120; x_wconf 85' lang='lat' dir='ltr'><strong>ut</strong></span> <span class='ocrx_word' id='word_1_560' title='bbox 3190 3068 3445 3123; x_wconf 88' lang='lat' dir='ltr'><strong>omnibus</strong></span> <span class='ocrx_word' id='word_1_561' title='bbox 3475 3084 3573 3139; x_wconf 90' lang='lat' dir='ltr'><strong>pa-</strong></span> 
     </span>
    </p>
   </div>
   <div class='ocr_carea' id='block_1_76' title="bbox 1947 3153 3572 3225">
    <p class='ocr_par' dir='ltr' id='par_1_76' title="bbox 1947 3153 3572 3225">
     <span class='ocr_line' id='line_1_76' title="bbox 1947 3153 3572 3225; baseline 0.007 -19"><span class='ocrx_word' id='word_1_562' title='bbox 1947 3153 2221 3207; x_wconf 81' lang='lat' dir='ltr'><strong>rochianis</strong></span> <span class='ocrx_word' id='word_1_563' title='bbox 2254 3153 2449 3207; x_wconf 74' lang='lat' dir='ltr'><strong>vesrris</strong></span> <span class='ocrx_word' id='word_1_564' title='bbox 2491 3156 2793 3225; x_wconf 79' lang='lat' dir='ltr'><strong>symbolum</strong></span> <span class='ocrx_word' id='word_1_565' title='bbox 2828 3165 2882 3210; x_wconf 89' lang='lat' dir='ltr'><strong>et</strong></span> <span class='ocrx_word' id='word_1_566' title='bbox 2905 3158 3206 3213; x_wconf 85' lang='lat' dir='ltr'><strong>orationem</strong></span> <span class='ocrx_word' id='word_1_567' title='bbox 3241 3159 3572 3218; x_wconf 85' lang='lat' dir='ltr'><strong>dominicam</strong></span> 
     </span>
    </p>
   </div>
   <div class='ocr_carea' id='block_1_77' title="bbox 1953 3244 3576 3323">
    <p class='ocr_par' dir='ltr' id='par_1_77' title="bbox 1953 3244 3576 3323">
     <span class='ocr_line' id='line_1_77' title="bbox 1953 3244 3576 3323; baseline 0.007 -25"><span class='ocrx_word' id='word_1_568' title='bbox 1953 3244 2259 3301; x_wconf 74' lang='lat' dir='ltr'><strong>insinuetis.</strong></span> <span class='ocrx_word' id='word_1_569' title='bbox 2292 3245 2565 3315; x_wconf 81' lang='lat' dir='ltr'><strong>Jejuuittm</strong></span> <span class='ocrx_word' id='word_1_570' title='bbox 2608 3257 2839 3316; x_wconf 83' lang='lat' dir='ltr'><strong>quatuor</strong></span> <span class='ocrx_word' id='word_1_571' title='bbox 2883 3258 3210 3319; x_wconf 86' lang='lat' dir='ltr'><strong>temporum,</strong></span> <span class='ocrx_word' id='word_1_572' title='bbox 3254 3262 3308 3308; x_wconf 89' lang='lat' dir='ltr'><strong>et</strong></span> <span class='ocrx_word' id='word_1_573' title='bbox 3338 3255 3576 3323; x_wconf 75' lang='lat' dir='ltr'><strong>rogatio-</strong></span> 
     </span>
    </p>
   </div>
   <div class='ocr_carea' id='block_1_78' title="bbox 1952 3338 3574 3410">
    <p class='ocr_par' dir='ltr' id='par_1_78' title="bbox 1952 3338 3574 3410">
     <span class='ocr_line' id='line_1_78' title="bbox 1952 3338 3574 3410; baseline 0.007 -19"><span class='ocrx_word' id='word_1_574' title='bbox 1952 3354 2101 3403; x_wconf 88' lang='lat' dir='ltr'><strong>num,</strong></span> <span class='ocrx_word' id='word_1_575' title='bbox 2134 3346 2187 3391; x_wconf 91' lang='lat' dir='ltr'><strong>et</strong></span> <span class='ocrx_word' id='word_1_576' title='bbox 2229 3338 2429 3391; x_wconf 81' lang='lat' dir='ltr'><strong>Iitaniae</strong></span> <span class='ocrx_word' id='word_1_577' title='bbox 2485 3340 2705 3408; x_wconf 84' lang='lat' dir='ltr'><strong>majoris</strong></span> <span class='ocrx_word' id='word_1_578' title='bbox 2733 3382 2747 3405; x_wconf 92' lang='lat'><strong>,</strong></span> <span class='ocrx_word' id='word_1_579' title='bbox 2795 3342 3038 3410; x_wconf 82' lang='lat' dir='ltr'><strong>plebibus</strong></span> <span class='ocrx_word' id='word_1_580' title='bbox 3082 3346 3280 3399; x_wconf 85' lang='lat' dir='ltr'><strong>vestris</strong></span> <span class='ocrx_word' id='word_1_581' title='bbox 3323 3349 3574 3402; x_wconf 89' lang='lat' dir='ltr'><strong>omnibus</strong></span> 
     </span>
    </p>
   </div>
   <div class='ocr_carea' id='block_1_79' title="bbox 1953 3432 3568 3509">
    <p class='ocr_par' dir='ltr' id='par_1_79' title="bbox 1953 3432 3568 3509">
     <span class='ocr_line' id='line_1_79' title="bbox 1953 3432 3568 3509; baseline 0.006 -22"><span class='ocrx_word' id='word_1_582' title='bbox 1953 3432 2127 3488; x_wconf 88' lang='lat' dir='ltr'><strong>modis</strong></span> <span class='ocrx_word' id='word_1_583' title='bbox 2169 3432 2567 3488; x_wconf 82' lang='lat' dir='ltr'><strong>observandum</strong></span> <span class='ocrx_word' id='word_1_584' title='bbox 2600 3434 2843 3489; x_wconf 88' lang='lat' dir='ltr'><strong>indicite.</strong></span> <span class='ocrx_word' id='word_1_585' title='bbox 2896 3436 3052 3491; x_wconf 86' lang='lat' dir='ltr'><strong>Feria</strong></span> <span class='ocrx_word' id='word_1_586' title='bbox 3093 3448 3282 3508; x_wconf 83' lang='lat' dir='ltr'><strong>quarta</strong></span> <span class='ocrx_word' id='word_1_587' title='bbox 3322 3452 3446 3496; x_wconf 87' lang='lat' dir='ltr'><strong>ante</strong></span> <span class='ocrx_word' id='word_1_588' title='bbox 3476 3458 3568 3509; x_wconf 70' lang='lat' dir='ltr'><strong>XL,</strong></span> 
     </span>
    </p>
   </div>
   <div class='ocr_carea' id='block_1_80' title="bbox 1955 3528 3575 3611">
    <p class='ocr_par' dir='ltr' id='par_1_80' title="bbox 1955 3528 3575 3611">
     <span class='ocr_line' id='line_1_80' title="bbox 1955 3528 3575 3611; baseline 0.009 -30"><span class='ocrx_word' id='word_1_589' title='bbox 1955 3528 2171 3598; x_wconf 90' lang='lat' dir='ltr'><strong>plebem</strong></span> <span class='ocrx_word' id='word_1_590' title='bbox 2205 3530 2269 3582; x_wconf 89' lang='lat' dir='ltr'><strong>ad</strong></span> <span class='ocrx_word' id='word_1_591' title='bbox 2301 3528 2699 3584; x_wconf 80' lang='lat' dir='ltr'><strong>confessionem</strong></span> <span class='ocrx_word' id='word_1_592' title='bbox 2732 3533 2953 3588; x_wconf 86' lang='lat' dir='ltr'><strong>invitate</strong></span> <span class='ocrx_word' id='word_1_593' title='bbox 2980 3576 2994 3598; x_wconf 91' lang='lat'><strong>,</strong></span> <span class='ocrx_word' id='word_1_594' title='bbox 3025 3545 3078 3590; x_wconf 91' lang='lat' dir='ltr'><strong>et</strong></span> <span class='ocrx_word' id='word_1_595' title='bbox 3107 3538 3185 3591; x_wconf 91' lang='lat' dir='ltr'><strong>eis</strong></span> <span class='ocrx_word' id='word_1_596' title='bbox 3208 3537 3359 3607; x_wconf 74' lang='lat' dir='ltr'><strong>juxta</strong></span> <span class='ocrx_word' id='word_1_597' title='bbox 3394 3541 3575 3611; x_wconf 87' lang='lat' dir='ltr'><strong>quali-</strong></span> 
     </span>
    </p>
   </div>
   <div class='ocr_carea' id='block_1_81' title="bbox 1954 3623 3578 3697">
    <p class='ocr_par' dir='ltr' id='par_1_81' title="bbox 1954 3623 3578 3697">
     <span class='ocr_line' id='line_1_81' title="bbox 1954 3623 3578 3697; baseline 0.009 -21"><span class='ocrx_word' id='word_1_598' title='bbox 1954 3631 2119 3678; x_wconf 86' lang='lat' dir='ltr'><strong>tatem</strong></span> <span class='ocrx_word' id='word_1_599' title='bbox 2170 3623 2352 3678; x_wconf 86' lang='lat' dir='ltr'><strong>delicti</strong></span> <span class='ocrx_word' id='word_1_600' title='bbox 2415 3625 2788 3681; x_wconf 72' lang='lat' dir='ltr'><strong>f‘mnitentiam</strong></span> <span class='ocrx_word' id='word_1_601' title='bbox 2838 3627 3124 3697; x_wconf 80' lang='lat' dir='ltr'><strong>injungite,</strong></span> <span class='ocrx_word' id='word_1_602' title='bbox 3157 3646 3264 3687; x_wconf 90' lang='lat' dir='ltr'><strong>non</strong></span> <span class='ocrx_word' id='word_1_603' title='bbox 3310 3641 3377 3689; x_wconf 80' lang='lat' dir='ltr'><strong>ex</strong></span> <span class='ocrx_word' id='word_1_604' title='bbox 3409 3635 3578 3692; x_wconf 90' lang='lat' dir='ltr'><strong>corde</strong></span> 
     </span>
    </p>
   </div>
   <div class='ocr_carea' id='block_1_82' title="bbox 1952 3719 3577 3791">
    <p class='ocr_par' dir='ltr' id='par_1_82' title="bbox 1952 3719 3577 3791">
     <span class='ocr_line' id='line_1_82' title="bbox 1952 3719 3577 3791; baseline 0.007 -18"><span class='ocrx_word' id='word_1_605' title='bbox 1952 3731 2154 3784; x_wconf 87' lang='lat' dir='ltr'><strong>vestro,</strong></span> <span class='ocrx_word' id='word_1_606' title='bbox 2184 3719 2277 3773; x_wconf 77' lang='lat' dir='ltr'><strong>sed</strong></span> <span class='ocrx_word' id='word_1_607' title='bbox 2311 3720 2449 3773; x_wconf 89' lang='lat' dir='ltr'><strong>sicut</strong></span> <span class='ocrx_word' id='word_1_608' title='bbox 2480 3720 2530 3774; x_wconf 91' lang='lat' dir='ltr'><strong>in</strong></span> <span class='ocrx_word' id='word_1_609' title='bbox 2562 3722 2916 3790; x_wconf 75' lang='lat' dir='ltr'><strong>pmttitcntiali</strong></span> <span class='ocrx_word' id='word_1_610' title='bbox 2950 3724 3212 3791; x_wconf 87' lang='lat' dir='ltr'><strong>scriptum</strong></span> <span class='ocrx_word' id='word_1_611' title='bbox 3242 3736 3343 3780; x_wconf 85' lang='lat' dir='ltr'><strong>est.</strong></span> <span class='ocrx_word' id='word_1_612' title='bbox 3380 3728 3577 3784; x_wconf 89' lang='lat' dir='ltr'><strong>Trihus</strong></span> 
     </span>
    </p>
   </div>
   <div class='ocr_carea' id='block_1_83' title="bbox 1956 3812 3575 3880">
    <p class='ocr_par' dir='ltr' id='par_1_83' title="bbox 1956 3812 3575 3880">
     <span class='ocr_line' id='line_1_83' title="bbox 1956 3812 3575 3880; baseline 0.009 -17"><span class='ocrx_word' id='word_1_613' title='bbox 1956 3812 2291 3880; x_wconf 84' lang='lat' dir='ltr'><strong>temporibus</strong></span> <span class='ocrx_word' id='word_1_614' title='bbox 2319 3812 2370 3867; x_wconf 91' lang='lat' dir='ltr'><strong>in</strong></span> <span class='ocrx_word' id='word_1_615' title='bbox 2398 3828 2559 3878; x_wconf 87' lang='lat' dir='ltr'><strong>anno,</strong></span> <span class='ocrx_word' id='word_1_616' title='bbox 2593 3814 2643 3868; x_wconf 90' lang='lat' dir='ltr'><strong>id</strong></span> <span class='ocrx_word' id='word_1_617' title='bbox 2670 3824 2753 3869; x_wconf 90' lang='lat' dir='ltr'><strong>est</strong></span> <span class='ocrx_word' id='word_1_618' title='bbox 2783 3815 2834 3867; x_wconf 91' lang='lat' dir='ltr'><strong>in</strong></span> <span class='ocrx_word' id='word_1_619' title='bbox 2867 3816 3028 3869; x_wconf 87' lang='lat' dir='ltr'><strong>natali</strong></span> <span class='ocrx_word' id='word_1_620' title='bbox 3054 3814 3267 3871; x_wconf 90' lang='lat' dir='ltr'><strong>Domini</strong></span> <span class='ocrx_word' id='word_1_621' title='bbox 3290 3829 3343 3873; x_wconf 90' lang='lat' dir='ltr'><strong>et</strong></span> <span class='ocrx_word' id='word_1_622' title='bbox 3364 3819 3575 3878; x_wconf 79' lang='lat' dir='ltr'><strong>Pascha</strong></span> 
     </span>
    </p>
   </div>
   <div class='ocr_carea' id='block_1_84' title="bbox 1953 3908 3578 3985">
    <p class='ocr_par' dir='ltr' id='par_1_84' title="bbox 1953 3908 3578 3985">
     <span class='ocr_line' id='line_1_84' title="bbox 1953 3908 3578 3985; baseline 0.004 -20"><span class='ocrx_word' id='word_1_623' title='bbox 1953 3921 2007 3965; x_wconf 84' lang='lat' dir='ltr'><strong>ct</strong></span> <span class='ocrx_word' id='word_1_624' title='bbox 2028 3908 2350 3966; x_wconf 87' lang='lat' dir='ltr'><strong>Pentecoste</strong></span> <span class='ocrx_word' id='word_1_625' title='bbox 2377 3926 2567 3965; x_wconf 74' lang='lat' dir='ltr'><strong>omnes</strong></span> <span class='ocrx_word' id='word_1_626' title='bbox 2600 3910 2786 3966; x_wconf 76' lang='lat' dir='ltr'><strong>fideles</strong></span> <span class='ocrx_word' id='word_1_627' title='bbox 2816 3911 2882 3965; x_wconf 91' lang='lat' dir='ltr'><strong>ad</strong></span> <span class='ocrx_word' id='word_1_628' title='bbox 2913 3915 3351 3969; x_wconf 87' lang='lat' dir='ltr'><strong>communionem</strong></span> <span class='ocrx_word' id='word_1_629' title='bbox 3384 3930 3578 3985; x_wconf 87' lang='lat' dir='ltr'><strong>corpo-</strong></span> 
     </span>
    </p>
   </div>
   <div class='ocr_carea' id='block_1_85' title="bbox 1955 4005 3581 4081">
    <p class='ocr_par' dir='ltr' id='par_1_85' title="bbox 1955 4005 3581 4081">
     <span class='ocr_line' id='line_1_85' title="bbox 1955 4005 3581 4081; baseline 0.005 -22"><span class='ocrx_word' id='word_1_630' title='bbox 1955 4005 2030 4060; x_wconf 88' lang='lat' dir='ltr'><strong>ris</strong></span> <span class='ocrx_word' id='word_1_631' title='bbox 2051 4015 2104 4059; x_wconf 91' lang='lat' dir='ltr'><strong>et</strong></span> <span class='ocrx_word' id='word_1_632' title='bbox 2126 4006 2421 4076; x_wconf 80' lang='lat' dir='ltr'><strong>sanguinis,</strong></span> <span class='ocrx_word' id='word_1_633' title='bbox 2457 4006 2698 4076; x_wconf 83' lang='lat' dir='ltr'><strong>exceptis</strong></span> <span class='ocrx_word' id='word_1_634' title='bbox 2732 4005 3141 4075; x_wconf 80' lang='lat' dir='ltr'><strong>paenitentibus,</strong></span> <span class='ocrx_word' id='word_1_635' title='bbox 3173 4008 3364 4079; x_wconf 84' lang='lat' dir='ltr'><strong>quibus</strong></span> <span class='ocrx_word' id='word_1_636' title='bbox 3396 4012 3581 4081; x_wconf 83' lang='lat' dir='ltr'><strong>prohi-</strong></span> 
     </span>
    </p>
   </div>
   <div class='ocr_carea' id='block_1_86' title="bbox 1960 4098 3581 4175">
    <p class='ocr_par' dir='ltr' id='par_1_86' title="bbox 1960 4098 3581 4175">
     <span class='ocr_line' id='line_1_86' title="bbox 1960 4098 3581 4175; baseline 0.007 -24"><span class='ocrx_word' id='word_1_637' title='bbox 1960 4098 2140 4152; x_wconf 88' lang='lat' dir='ltr'><strong>bitum</strong></span> <span class='ocrx_word' id='word_1_638' title='bbox 2193 4109 2297 4164; x_wconf 87' lang='lat' dir='ltr'><strong>est,</strong></span> <span class='ocrx_word' id='word_1_639' title='bbox 2357 4098 2619 4155; x_wconf 82' lang='lat' dir='ltr'><strong>accedere</strong></span> <span class='ocrx_word' id='word_1_640' title='bbox 2663 4100 2973 4155; x_wconf 85' lang='lat' dir='ltr'><strong>admonete.</strong></span> <span class='ocrx_word' id='word_1_641' title='bbox 3026 4101 3204 4159; x_wconf 84' lang='lat' dir='ltr'><strong>Certis</strong></span> <span class='ocrx_word' id='word_1_642' title='bbox 3247 4108 3581 4175; x_wconf 88' lang='lat' dir='ltr'><strong>temporibus</strong></span> 
     </span>
    </p>
   </div>
   <div class='ocr_carea' id='block_1_87' title="bbox 1958 4194 3584 4265">
    <p class='ocr_par' dir='ltr' id='par_1_87' title="bbox 1958 4194 3584 4265">
     <span class='ocr_line' id='line_1_87' title="bbox 1958 4194 3584 4265; baseline 0.007 -18"><span class='ocrx_word' id='word_1_643' title='bbox 1958 4194 2275 4265; x_wconf 72' lang='lat' dir='ltr'><strong>conjugatos</strong></span> <span class='ocrx_word' id='word_1_644' title='bbox 2297 4194 2365 4248; x_wconf 88' lang='lat' dir='ltr'><strong>ab</strong></span> <span class='ocrx_word' id='word_1_645' title='bbox 2388 4194 2646 4249; x_wconf 84' lang='lat' dir='ltr'><strong>uxoribus</strong></span> <span class='ocrx_word' id='word_1_646' title='bbox 2682 4194 2953 4250; x_wconf 88' lang='lat' dir='ltr'><strong>abstinere</strong></span> <span class='ocrx_word' id='word_1_647' title='bbox 2980 4197 3348 4254; x_wconf 80' lang='lat' dir='ltr'><strong>exhortamini</strong></span> <span class='ocrx_word' id='word_1_648' title='bbox 3376 4241 3390 4264; x_wconf 94' lang='lat'><strong>,</strong></span> <span class='ocrx_word' id='word_1_649' title='bbox 3422 4201 3471 4256; x_wconf 90' lang='lat' dir='ltr'><strong>id</strong></span> <span class='ocrx_word' id='word_1_650' title='bbox 3498 4213 3584 4259; x_wconf 82' lang='lat' dir='ltr'><strong>est</strong></span> 
     </span>
    </p>
   </div>
   <div class='ocr_carea' id='block_1_88' title="bbox 1960 4286 3584 4367">
    <p class='ocr_par' dir='ltr' id='par_1_88' title="bbox 1960 4286 3584 4367">
     <span class='ocr_line' id='line_1_88' title="bbox 1960 4286 3584 4367; baseline 0.007 -27"><span class='ocrx_word' id='word_1_651' title='bbox 1960 4286 2026 4340; x_wconf 93' lang='lat' dir='ltr'><strong>ah</strong></span> <span class='ocrx_word' id='word_1_652' title='bbox 2052 4286 2299 4341; x_wconf 82' lang='lat' dir='ltr'><strong>Adventu</strong></span> <span class='ocrx_word' id='word_1_653' title='bbox 2326 4287 2539 4342; x_wconf 87' lang='lat' dir='ltr'><strong>Domini</strong></span> <span class='ocrx_word' id='word_1_654' title='bbox 2577 4304 2745 4358; x_wconf 88' lang='lat' dir='ltr'><strong>usque</strong></span> <span class='ocrx_word' id='word_1_655' title='bbox 2776 4288 2841 4342; x_wconf 88' lang='lat' dir='ltr'><strong>ad</strong></span> <span class='ocrx_word' id='word_1_656' title='bbox 2878 4298 3173 4346; x_wconf 85' lang='lat' dir='ltr'><strong>transactas</strong></span> <span class='ocrx_word' id='word_1_657' title='bbox 3204 4302 3422 4347; x_wconf 84' lang='lat' dir='ltr'><strong>octavas</strong></span> <span class='ocrx_word' id='word_1_658' title='bbox 3450 4296 3584 4367; x_wconf 76' lang='lat' dir='ltr'><strong>Epi~</strong></span> 
     </span>
    </p>
   </div>
   <div class='ocr_carea' id='block_1_89' title="bbox 1962 4380 3586 4454">
    <p class='ocr_par' dir='ltr' id='par_1_89' title="bbox 1962 4380 3586 4454">
     <span class='ocr_line' id='line_1_89' title="bbox 1962 4380 3586 4454; baseline 0.009 -20"><span class='ocrx_word' id='word_1_659' title='bbox 1962 4380 2210 4450; x_wconf 74' lang='lat' dir='ltr'><strong>phanize;</strong></span> <span class='ocrx_word' id='word_1_660' title='bbox 2242 4393 2293 4436; x_wconf 88' lang='lat' dir='ltr'><strong>et</strong></span> <span class='ocrx_word' id='word_1_661' title='bbox 2324 4398 2351 4434; x_wconf 87' lang='lat' dir='ltr'><strong>a</strong></span> <span class='ocrx_word' id='word_1_662' title='bbox 2381 4382 2785 4451; x_wconf 78' lang='lat' dir='ltr'><strong>Septuagesima</strong></span> <span class='ocrx_word' id='word_1_663' title='bbox 2810 4398 2980 4454; x_wconf 86' lang='lat' dir='ltr'><strong>usque</strong></span> <span class='ocrx_word' id='word_1_664' title='bbox 3006 4386 3071 4439; x_wconf 91' lang='lat' dir='ltr'><strong>ad</strong></span> <span class='ocrx_word' id='word_1_665' title='bbox 3108 4396 3403 4445; x_wconf 71' lang='lat' dir='ltr'><strong>transactas</strong></span> <span class='ocrx_word' id='word_1_666' title='bbox 3430 4404 3586 4447; x_wconf 84' lang='lat' dir='ltr'><strong>octa-</strong></span> 
     </span>
    </p>
   </div>
   <div class='ocr_carea' id='block_1_90' title="bbox 246 4459 3586 4549">
    <p class='ocr_par' dir='ltr' id='par_1_90' title="bbox 246 4459 3586 4549">
     <span class='ocr_line' id='line_1_90' title="bbox 246 4459 3586 4549; baseline 0.006 -30"><span class='ocrx_word' id='word_1_667' title='bbox 246 4483 430 4522; x_wconf 84' lang='lat' dir='ltr'><strong>munus</strong></span> <span class='ocrx_word' id='word_1_668' title='bbox 459 4469 649 4538; x_wconf 75' lang='lat' dir='ltr'><strong>exigat</strong></span> <span class='ocrx_word' id='word_1_669' title='bbox 670 4512 683 4533; x_wconf 92' lang='lat'><strong>,</strong></span> <span class='ocrx_word' id='word_1_670' title='bbox 712 4470 799 4523; x_wconf 82' lang='lat' dir='ltr'><strong>vel</strong></span> <span class='ocrx_word' id='word_1_671' title='bbox 828 4472 1089 4525; x_wconf 87' lang='lat' dir='ltr'><strong>ecclesias</strong></span> <span class='ocrx_word' id='word_1_672' title='bbox 1116 4472 1415 4543; x_wconf 90' lang='lat' dir='ltr'><strong>aliquorum</strong></span> <span class='ocrx_word' id='word_1_673' title='bbox 1459 4474 1580 4529; x_wconf 91' lang='lat' dir='ltr'><strong>data</strong></span> <span class='ocrx_word' id='word_1_674' title='bbox 1635 4476 1857 4545; x_wconf 84' lang='lat' dir='ltr'><strong>pecunia</strong></span> <span class='ocrx_word' id='word_1_675' title='bbox 1882 4459 1937 4520; x_wconf 84' lang='lat' dir='ltr'><strong>D</strong></span> <span class='ocrx_word' id='word_1_676' title='bbox 1963 4489 2059 4529; x_wconf 85' lang='lat' dir='ltr'><strong>vas</strong></span> <span class='ocrx_word' id='word_1_677' title='bbox 2090 4473 2345 4533; x_wconf 73' lang='lat' dir='ltr'><strong>Paschze;</strong></span> <span class='ocrx_word' id='word_1_678' title='bbox 2398 4482 2451 4528; x_wconf 91' lang='lat' dir='ltr'><strong>ct</strong></span> <span class='ocrx_word' id='word_1_679' title='bbox 2483 4490 2509 4527; x_wconf 88' lang='lat' dir='ltr'><strong>a</strong></span> <span class='ocrx_word' id='word_1_680' title='bbox 2551 4474 2941 4544; x_wconf 77' lang='lat' dir='ltr'><strong>Rogationibus</strong></span> <span class='ocrx_word' id='word_1_681' title='bbox 2974 4492 3143 4549; x_wconf 77' lang='lat' dir='ltr'><strong>usque</strong></span> <span class='ocrx_word' id='word_1_682' title='bbox 3186 4480 3252 4533; x_wconf 88' lang='lat' dir='ltr'><strong>ad</strong></span> <span class='ocrx_word' id='word_1_683' title='bbox 3287 4492 3586 4539; x_wconf 82' lang='lat' dir='ltr'><strong>transactas</strong></span> 
     </span>
    </p>
   </div>
   <div class='ocr_carea' id='block_1_91' title="bbox 248 4564 1859 4639">
    <p class='ocr_par' dir='ltr' id='par_1_91' title="bbox 248 4564 1859 4639">
     <span class='ocr_line' id='line_1_91' title="bbox 248 4564 1859 4639; baseline 0.007 -26"><span class='ocrx_word' id='word_1_684' title='bbox 248 4564 327 4616; x_wconf 83' lang='lat' dir='ltr'><strong>vel</strong></span> <span class='ocrx_word' id='word_1_685' title='bbox 353 4566 540 4633; x_wconf 78' lang='lat' dir='ltr'><strong>aliquo</strong></span> <span class='ocrx_word' id='word_1_686' title='bbox 574 4564 716 4617; x_wconf 80' lang='lat' dir='ltr'><strong>malo</strong></span> <span class='ocrx_word' id='word_1_687' title='bbox 748 4564 967 4634; x_wconf 84' lang='lat' dir='ltr'><strong>ingenio</strong></span> <span class='ocrx_word' id='word_1_688' title='bbox 993 4566 1275 4637; x_wconf 86' lang='lat' dir='ltr'><strong>subripiat.</strong></span> <span class='ocrx_word' id='word_1_689' title='bbox 1310 4566 1501 4623; x_wconf 83' lang='lat' dir='ltr'><strong>Videte</strong></span> <span class='ocrx_word' id='word_1_690' title='bbox 1530 4578 1587 4623; x_wconf 93' lang='lat' dir='ltr'><strong>ut</strong></span> <span class='ocrx_word' id='word_1_691' title='bbox 1626 4585 1719 4639; x_wconf 91' lang='lat' dir='ltr'><strong>per</strong></span> <span class='ocrx_word' id='word_1_692' title='bbox 1764 4586 1859 4625; x_wconf 92' lang='lat' dir='ltr'><strong>ne-</strong></span> 
     </span>
    </p>
   </div>
   <div class='ocr_carea' id='block_1_92' title="bbox 245 4656 1854 4733">
    <p class='ocr_par' dir='ltr' id='par_1_92' title="bbox 245 4656 1854 4733">
     <span class='ocr_line' id='line_1_92' title="bbox 245 4656 1854 4733; baseline 0.007 -26"><span class='ocrx_word' id='word_1_693' title='bbox 245 4656 551 4725; x_wconf 81' lang='lat' dir='ltr'><strong>gligentiam</strong></span> <span class='ocrx_word' id='word_1_694' title='bbox 583 4666 820 4711; x_wconf 85' lang='lat' dir='ltr'><strong>vestram</strong></span> <span class='ocrx_word' id='word_1_695' title='bbox 853 4657 1031 4713; x_wconf 86' lang='lat' dir='ltr'><strong>nullus</strong></span> <span class='ocrx_word' id='word_1_696' title='bbox 1073 4658 1250 4713; x_wconf 87' lang='lat' dir='ltr'><strong>infans</strong></span> <span class='ocrx_word' id='word_1_697' title='bbox 1290 4660 1405 4716; x_wconf 89' lang='lat' dir='ltr'><strong>sine</strong></span> <span class='ocrx_word' id='word_1_698' title='bbox 1443 4662 1715 4733; x_wconf 84' lang='lat' dir='ltr'><strong>baptismo</strong></span> <span class='ocrx_word' id='word_1_699' title='bbox 1744 4679 1854 4717; x_wconf 47' lang='lat' dir='ltr'><strong>mo.</strong></span> 
     </span>
    </p>
   </div>
   <div class='ocr_carea' id='block_1_93' title="bbox 248 4750 1856 4826">
    <p class='ocr_par' dir='ltr' id='par_1_93' title="bbox 248 4750 1856 4826">
     <span class='ocr_line' id='line_1_93' title="bbox 248 4750 1856 4826; baseline 0.006 -25"><span class='ocrx_word' id='word_1_700' title='bbox 248 4750 433 4806; x_wconf 82' lang='lat' dir='ltr'><strong>riatur.</strong></span> <span class='ocrx_word' id='word_1_701' title='bbox 488 4750 682 4806; x_wconf 83' lang='lat' dir='ltr'><strong>Nullus</strong></span> <span class='ocrx_word' id='word_1_702' title='bbox 733 4760 974 4806; x_wconf 87' lang='lat' dir='ltr'><strong>vestrum</strong></span> <span class='ocrx_word' id='word_1_703' title='bbox 1016 4754 1085 4807; x_wconf 90' lang='lat' dir='ltr'><strong>sit</strong></span> <span class='ocrx_word' id='word_1_704' title='bbox 1127 4752 1376 4809; x_wconf 84' lang='lat' dir='ltr'><strong>ebriosus</strong></span> <span class='ocrx_word' id='word_1_705' title='bbox 1418 4757 1502 4810; x_wconf 90' lang='lat' dir='ltr'><strong>vel</strong></span> <span class='ocrx_word' id='word_1_706' title='bbox 1550 4757 1856 4826; x_wconf 84' lang='lat' dir='ltr'><strong>litigiosus:</strong></span> 
     </span>
    </p>
   </div>
   <div class='ocr_carea' id='block_1_94' title="bbox 249 4845 1861 4917">
    <p class='ocr_par' dir='ltr' id='par_1_94' title="bbox 249 4845 1861 4917">
     <span class='ocr_line' id='line_1_94' title="bbox 249 4845 1861 4917; baseline 0.006 -20"><span class='ocrx_word' id='word_1_707' title='bbox 249 4846 416 4899; x_wconf 85' lang='lat' dir='ltr'><strong>nullus</strong></span> <span class='ocrx_word' id='word_1_708' title='bbox 439 4863 591 4901; x_wconf 88' lang='lat' dir='ltr'><strong>arma</strong></span> <span class='ocrx_word' id='word_1_709' title='bbox 611 4855 792 4917; x_wconf 90' lang='lat' dir='ltr'><strong>portet</strong></span> <span class='ocrx_word' id='word_1_710' title='bbox 818 4845 872 4898; x_wconf 90' lang='lat' dir='ltr'><strong>in</strong></span> <span class='ocrx_word' id='word_1_711' title='bbox 899 4846 1164 4902; x_wconf 89' lang='lat' dir='ltr'><strong>seditione</strong></span> <span class='ocrx_word' id='word_1_712' title='bbox 1183 4889 1199 4914; x_wconf 93' lang='lat'><strong>,</strong></span> <span class='ocrx_word' id='word_1_713' title='bbox 1226 4847 1326 4902; x_wconf 91' lang='lat' dir='ltr'><strong>nisi</strong></span> <span class='ocrx_word' id='word_1_714' title='bbox 1358 4851 1584 4904; x_wconf 86' lang='lat' dir='ltr'><strong>verbum</strong></span> <span class='ocrx_word' id='word_1_715' title='bbox 1619 4850 1861 4907; x_wconf 91' lang='lat' dir='ltr'><strong>Domini.</strong></span> 
     </span>
    </p>
   </div>
   <div class='ocr_carea' id='block_1_95' title="bbox 248 4934 1865 5008">
    <p class='ocr_par' dir='ltr' id='par_1_95' title="bbox 248 4934 1865 5008">
     <span class='ocr_line' id='line_1_95' title="bbox 248 4934 1865 5008; baseline 0.007 -18"><span class='ocrx_word' id='word_1_716' title='bbox 248 4934 427 4992; x_wconf 83' lang='lat' dir='ltr'><strong>Nullus</strong></span> <span class='ocrx_word' id='word_1_717' title='bbox 456 4955 655 4994; x_wconf 83' lang='lat' dir='ltr'><strong>canum</strong></span> <span class='ocrx_word' id='word_1_718' title='bbox 684 4938 769 4993; x_wconf 89' lang='lat' dir='ltr'><strong>vel</strong></span> <span class='ocrx_word' id='word_1_719' title='bbox 816 4938 995 4993; x_wconf 88' lang='lat' dir='ltr'><strong>avium</strong></span> <span class='ocrx_word' id='word_1_720' title='bbox 1033 4939 1174 5008; x_wconf 90' lang='lat' dir='ltr'><strong>jocis</strong></span> <span class='ocrx_word' id='word_1_721' title='bbox 1222 4940 1479 4996; x_wconf 87' lang='lat' dir='ltr'><strong>inserviat</strong></span> <span class='ocrx_word' id='word_1_722' title='bbox 1526 4962 1537 4995; x_wconf 88' lang='lat'><strong>:</strong></span> <span class='ocrx_word' id='word_1_723' title='bbox 1590 4945 1767 4999; x_wconf 87' lang='lat' dir='ltr'><strong>nullus</strong></span> <span class='ocrx_word' id='word_1_724' title='bbox 1812 4948 1865 5002; x_wconf 91' lang='lat' dir='ltr'><strong>in</strong></span> 
     </span>
    </p>
   </div>
   <div class='ocr_carea' id='block_1_96' title="bbox 248 5029 1863 5104">
    <p class='ocr_par' dir='ltr' id='par_1_96' title="bbox 248 5029 1863 5104">
     <span class='ocr_line' id='line_1_96' title="bbox 248 5029 1863 5104; baseline 0.006 -21"><span class='ocrx_word' id='word_1_725' title='bbox 248 5029 487 5085; x_wconf 86' lang='lat' dir='ltr'><strong>tabernis</strong></span> <span class='ocrx_word' id='word_1_726' title='bbox 519 5030 809 5085; x_wconf 86' lang='lat' dir='ltr'><strong>manducet</strong></span> <span class='ocrx_word' id='word_1_727' title='bbox 855 5040 911 5085; x_wconf 87' lang='lat' dir='ltr'><strong>et</strong></span> <span class='ocrx_word' id='word_1_728' title='bbox 949 5030 1113 5086; x_wconf 86' lang='lat' dir='ltr'><strong>bibat.</strong></span> <span class='ocrx_word' id='word_1_729' title='bbox 1162 5030 1544 5104; x_wconf 83' lang='lat' dir='ltr'><strong>Unusquisque</strong></span> <span class='ocrx_word' id='word_1_730' title='bbox 1600 5046 1863 5103; x_wconf 85' lang='lat' dir='ltr'><strong>vestrum,</strong></span> 
     </span>
    </p>
   </div>
   <div class='ocr_carea' id='block_1_97' title="bbox 249 5109 1866 5200">
    <p class='ocr_par' dir='ltr' id='par_1_97' title="bbox 249 5109 1866 5200">
     <span class='ocr_line' id='line_1_97' title="bbox 249 5109 1866 5200; baseline 0.009 -27"><span class='ocrx_word' id='word_1_731' title='bbox 249 5132 507 5190; x_wconf 85' lang='lat' dir='ltr'><strong>quantum</strong></span> <span class='ocrx_word' id='word_1_732' title='bbox 530 5122 689 5193; x_wconf 69' lang='lat' dir='ltr'><strong>sapit,</strong></span> <span class='ocrx_word' id='word_1_733' title='bbox 716 5109 858 5191; x_wconf 89' lang='lat' dir='ltr'><strong>plebi</strong></span> <span class='ocrx_word' id='word_1_734' title='bbox 882 5137 993 5176; x_wconf 73' lang='lat' dir='ltr'><strong>sua:</strong></span> <span class='ocrx_word' id='word_1_735' title='bbox 1018 5123 1086 5179; x_wconf 91' lang='lat' dir='ltr'><strong>de</strong></span> <span class='ocrx_word' id='word_1_736' title='bbox 1113 5126 1409 5194; x_wconf 77' lang='lat' dir='ltr'><strong>evangelio,</strong></span> <span class='ocrx_word' id='word_1_737' title='bbox 1445 5128 1527 5182; x_wconf 90' lang='lat' dir='ltr'><strong>vel</strong></span> <span class='ocrx_word' id='word_1_738' title='bbox 1562 5129 1631 5185; x_wconf 87' lang='lat' dir='ltr'><strong>de</strong></span> <span class='ocrx_word' id='word_1_739' title='bbox 1658 5131 1866 5200; x_wconf 87' lang='lat' dir='ltr'><strong>episto-</strong></span> 
     </span>
    </p>
   </div>
   <div class='ocr_carea' id='block_1_98' title="bbox 249 5212 1871 5288">
    <p class='ocr_par' dir='ltr' id='par_1_98' title="bbox 249 5212 1871 5288">
     <span class='ocr_line' id='line_1_98' title="bbox 249 5212 1871 5288; baseline 0.007 -21"><span class='ocrx_word' id='word_1_740' title='bbox 249 5212 319 5278; x_wconf 89' lang='lat' dir='ltr'><strong>la,</strong></span> <span class='ocrx_word' id='word_1_741' title='bbox 346 5214 438 5269; x_wconf 84' lang='lat' dir='ltr'><strong>vel</strong></span> <span class='ocrx_word' id='word_1_742' title='bbox 470 5215 650 5285; x_wconf 85' lang='lat' dir='ltr'><strong>aliqua</strong></span> <span class='ocrx_word' id='word_1_743' title='bbox 681 5215 861 5271; x_wconf 90' lang='lat' dir='ltr'><strong>divina</strong></span> <span class='ocrx_word' id='word_1_744' title='bbox 890 5221 1151 5288; x_wconf 87' lang='lat' dir='ltr'><strong>scriptura</strong></span> <span class='ocrx_word' id='word_1_745' title='bbox 1181 5220 1233 5273; x_wconf 93' lang='lat' dir='ltr'><strong>in</strong></span> <span class='ocrx_word' id='word_1_746' title='bbox 1261 5220 1544 5276; x_wconf 89' lang='lat' dir='ltr'><strong>dominicis</strong></span> <span class='ocrx_word' id='word_1_747' title='bbox 1578 5233 1632 5277; x_wconf 90' lang='lat' dir='ltr'><strong>et</strong></span> <span class='ocrx_word' id='word_1_748' title='bbox 1659 5224 1871 5279; x_wconf 84' lang='lat' dir='ltr'><strong>festivis</strong></span> 
     </span>
    </p>
   </div>
   <div class='ocr_carea' id='block_1_99' title="bbox 258 5305 1869 5387">
    <p class='ocr_par' dir='ltr' id='par_1_99' title="bbox 258 5305 1869 5387">
     <span class='ocr_line' id='line_1_99' title="bbox 258 5305 1869 5387; baseline 0.009 -28"><span class='ocrx_word' id='word_1_749' title='bbox 258 5305 451 5363; x_wconf 83' lang='lat' dir='ltr'><strong>diebus</strong></span> <span class='ocrx_word' id='word_1_750' title='bbox 477 5309 779 5364; x_wconf 89' lang='lat' dir='ltr'><strong>annuntiet.</strong></span> <span class='ocrx_word' id='word_1_751' title='bbox 812 5308 1008 5365; x_wconf 89' lang='lat' dir='ltr'><strong>Curam</strong></span> <span class='ocrx_word' id='word_1_752' title='bbox 1036 5323 1178 5384; x_wconf 81' lang='lat' dir='ltr'><strong>gerat</strong></span> <span class='ocrx_word' id='word_1_753' title='bbox 1203 5329 1518 5384; x_wconf 79' lang='lat' dir='ltr'><strong>pauperum,</strong></span> <span class='ocrx_word' id='word_1_754' title='bbox 1553 5318 1869 5387; x_wconf 77' lang='lat' dir='ltr'><strong>peregrino-</strong></span> 
     </span>
    </p>
   </div>
   <div class='ocr_carea' id='block_1_100' title="bbox 255 5403 1866 5480">
    <p class='ocr_par' dir='ltr' id='par_1_100' title="bbox 255 5403 1866 5480">
     <span class='ocr_line' id='line_1_100' title="bbox 255 5403 1866 5480; baseline 0.006 -25"><span class='ocrx_word' id='word_1_755' title='bbox 255 5403 804 5471; x_wconf 82' lang='lat' dir='ltr'><strong>rum.orphanorum.</strong></span> <span class='ocrx_word' id='word_1_756' title='bbox 835 5406 1083 5475; x_wconf 68' lang='lat' dir='ltr'><strong>prmbens</strong></span> <span class='ocrx_word' id='word_1_757' title='bbox 1107 5408 1187 5462; x_wconf 89' lang='lat' dir='ltr'><strong>eis</strong></span> <span class='ocrx_word' id='word_1_758' title='bbox 1218 5408 1525 5463; x_wconf 89' lang='lat' dir='ltr'><strong>refectiouis</strong></span> <span class='ocrx_word' id='word_1_759' title='bbox 1551 5410 1866 5480; x_wconf 83' lang='lat' dir='ltr'><strong>hospitium,</strong></span> 
     </span>
    </p>
   </div>
   <div class='ocr_carea' id='block_1_101' title="bbox 256 5499 1871 5561">
    <p class='ocr_par' dir='ltr' id='par_1_101' title="bbox 256 5499 1871 5561">
     <span class='ocr_line' id='line_1_101' title="bbox 256 5499 1871 5561; baseline 0.008 -13"><span class='ocrx_word' id='word_1_760' title='bbox 256 5505 311 5549; x_wconf 87' lang='lat' dir='ltr'><strong>ut</strong></span> <span class='ocrx_word' id='word_1_761' title='bbox 335 5500 786 5554; x_wconf 87' lang='lat' dir='ltr'><strong>sustentationem</strong></span> <span class='ocrx_word' id='word_1_762' title='bbox 836 5499 1086 5556; x_wconf 88' lang='lat' dir='ltr'><strong>habeant.</strong></span> <span class='ocrx_word' id='word_1_763' title='bbox 1124 5501 1407 5557; x_wconf 82' lang='lat' dir='ltr'><strong>Discordes</strong></span> <span class='ocrx_word' id='word_1_764' title='bbox 1432 5502 1497 5557; x_wconf 87' lang='lat' dir='ltr'><strong>ad</strong></span> <span class='ocrx_word' id='word_1_765' title='bbox 1527 5504 1871 5561; x_wconf 86' lang='lat' dir='ltr'><strong>concordiam</strong></span> 
     </span>
    </p>
   </div>
   <div class='ocr_carea' id='block_1_102' title="bbox 255 5589 1882 5667">
    <p class='ocr_par' dir='ltr' id='par_1_102' title="bbox 255 5589 1882 5667">
     <span class='ocr_line' id='line_1_102' title="bbox 255 5589 1882 5667; baseline 0.007 -24"><span class='ocrx_word' id='word_1_766' title='bbox 255 5599 477 5644; x_wconf 81' lang='lat' dir='ltr'><strong>revocet</strong></span> <span class='ocrx_word' id='word_1_767' title='bbox 508 5608 520 5645; x_wconf 94' lang='lat'>:</span> <span class='ocrx_word' id='word_1_768' title='bbox 551 5591 737 5646; x_wconf 87' lang='lat' dir='ltr'><strong>viduas</strong></span> <span class='ocrx_word' id='word_1_769' title='bbox 767 5592 1044 5657; x_wconf 87' lang='lat' dir='ltr'><strong>defendat,</strong></span> <span class='ocrx_word' id='word_1_770' title='bbox 1066 5602 1122 5649; x_wconf 91' lang='lat' dir='ltr'><strong>ut</strong></span> <span class='ocrx_word' id='word_1_771' title='bbox 1148 5595 1199 5648; x_wconf 92' lang='lat' dir='ltr'><strong>in</strong></span> <span class='ocrx_word' id='word_1_772' title='bbox 1226 5596 1308 5649; x_wconf 83' lang='lat' dir='ltr'><strong>his</strong></span> <span class='ocrx_word' id='word_1_773' title='bbox 1339 5604 1392 5650; x_wconf 88' lang='lat' dir='ltr'><strong>et</strong></span> <span class='ocrx_word' id='word_1_774' title='bbox 1415 5595 1533 5651; x_wconf 86' lang='lat' dir='ltr'><strong>aliis</strong></span> <span class='ocrx_word' id='word_1_775' title='bbox 1567 5589 1882 5667; x_wconf 70' lang='lat' dir='ltr'><strong>hujnsmodi</strong></span> 
     </span>
    </p>
   </div>
   <div class='ocr_carea' id='block_1_103' title="bbox 261 5683 1875 5757">
    <p class='ocr_par' dir='ltr' id='par_1_103' title="bbox 261 5683 1875 5757">
     <span class='ocr_line' id='line_1_103' title="bbox 261 5683 1875 5757; baseline 0.008 -22"><span class='ocrx_word' id='word_1_776' title='bbox 261 5683 422 5737; x_wconf 87' lang='lat' dir='ltr'><strong>totius</strong></span> <span class='ocrx_word' id='word_1_777' title='bbox 452 5683 577 5737; x_wconf 87' lang='lat' dir='ltr'><strong>boni</strong></span> <span class='ocrx_word' id='word_1_778' title='bbox 618 5686 933 5757; x_wconf 77' lang='lat' dir='ltr'><strong>exemplum</strong></span> <span class='ocrx_word' id='word_1_779' title='bbox 972 5688 1225 5756; x_wconf 80' lang='lat' dir='ltr'><strong>praebeat.</strong></span> <span class='ocrx_word' id='word_1_780' title='bbox 1280 5689 1442 5745; x_wconf 87' lang='lat' dir='ltr'><strong>Omni</strong></span> <span class='ocrx_word' id='word_1_781' title='bbox 1482 5691 1569 5746; x_wconf 92' lang='lat' dir='ltr'><strong>die</strong></span> <span class='ocrx_word' id='word_1_782' title='bbox 1602 5692 1875 5749; x_wconf 88' lang='lat' dir='ltr'><strong>dominico</strong></span> 
     </span>
    </p>
   </div>
   <div class='ocr_carea' id='block_1_104' title="bbox 260 5774 1873 5855">
    <p class='ocr_par' dir='ltr' id='par_1_104' title="bbox 260 5774 1873 5855">
     <span class='ocr_line' id='line_1_104' title="bbox 260 5774 1873 5855; baseline 0.008 -29"><span class='ocrx_word' id='word_1_783' title='bbox 260 5785 382 5830; x_wconf 84' lang='lat' dir='ltr'><strong>ante</strong></span> <span class='ocrx_word' id='word_1_784' title='bbox 425 5774 645 5833; x_wconf 81' lang='lat' dir='ltr'><strong>missam</strong></span> <span class='ocrx_word' id='word_1_785' title='bbox 685 5794 886 5850; x_wconf 90' lang='lat' dir='ltr'><strong>aquam</strong></span> <span class='ocrx_word' id='word_1_786' title='bbox 920 5777 1253 5836; x_wconf 88' lang='lat' dir='ltr'><strong>benedictam</strong></span> <span class='ocrx_word' id='word_1_787' title='bbox 1300 5780 1605 5846; x_wconf 62' lang='lat' dir='ltr'><strong>faciat,.et</strong></span> <span class='ocrx_word' id='word_1_788' title='bbox 1661 5784 1873 5855; x_wconf 89' lang='lat' dir='ltr'><strong>plebem</strong></span> 
     </span>
    </p>
   </div>
   <div class='ocr_carea' id='block_1_105' title="bbox 264 5870 1875 5947">
    <p class='ocr_par' dir='ltr' id='par_1_105' title="bbox 264 5870 1875 5947">
     <span class='ocr_line' id='line_1_105' title="bbox 264 5870 1875 5947; baseline 0.006 -25"><span class='ocrx_word' id='word_1_789' title='bbox 264 5882 412 5924; x_wconf 77' lang='lat' dir='ltr'><strong>suam</strong></span> <span class='ocrx_word' id='word_1_790' title='bbox 456 5878 517 5925; x_wconf 87' lang='lat' dir='ltr'><strong>et</strong></span> <span class='ocrx_word' id='word_1_791' title='bbox 557 5870 665 5930; x_wconf 86' lang='lat' dir='ltr'><strong>loca</strong></span> <span class='ocrx_word' id='word_1_792' title='bbox 713 5872 960 5931; x_wconf 89' lang='lat' dir='ltr'><strong>fidelium</strong></span> <span class='ocrx_word' id='word_1_793' title='bbox 1004 5872 1309 5947; x_wconf 79' lang='lat' dir='ltr'><strong>adspergat,</strong></span> <span class='ocrx_word' id='word_1_794' title='bbox 1342 5887 1397 5933; x_wconf 88' lang='lat' dir='ltr'><strong>et</strong></span> <span class='ocrx_word' id='word_1_795' title='bbox 1431 5876 1495 5933; x_wconf 89' lang='lat' dir='ltr'><strong>ad</strong></span> <span class='ocrx_word' id='word_1_796' title='bbox 1546 5877 1650 5935; x_wconf 88' lang='lat' dir='ltr'><strong>hoc</strong></span> <span class='ocrx_word' id='word_1_797' title='bbox 1702 5878 1875 5934; x_wconf 91' lang='lat' dir='ltr'><strong>solum</strong></span> 
     </span>
    </p>
   </div>
   <div class='ocr_carea' id='block_1_106' title="bbox 86 6360 587 6370">
    <p class='ocr_par' dir='ltr' id='par_1_106' title="bbox 86 6360 587 6370">
     <span class='ocr_line' id='line_1_106' title="bbox 86 6360 587 6370; baseline 0 0"><span class='ocrx_word' id='word_1_798' title='bbox 86 6360 127 6365; x_wconf 43' lang='grc' dir='ltr'><strong>’τ</strong></span> <span class='ocrx_word' id='word_1_799' title='bbox 158 6360 503 6370; x_wconf 37' lang='grc' dir='ltr'><strong>-Ῐ--Τί--ί</strong></span> <span class='ocrx_word' id='word_1_800' title='bbox 544 6360 587 6370; x_wconf 67' lang='grc' dir='ltr'><strong>Ι-π</strong></span> 
     </span>
    </p>
   </div>
   <div class='ocr_carea' id='block_1_107' title="bbox 1965 4568 3586 4635">
    <p class='ocr_par' dir='ltr' id='par_1_107' title="bbox 1965 4568 3586 4635">
     <span class='ocr_line' id='line_1_107' title="bbox 1965 4568 3586 4635; baseline 0.007 -12"><span class='ocrx_word' id='word_1_801' title='bbox 1965 4579 2180 4623; x_wconf 81' lang='lat' dir='ltr'><strong>octavas</strong></span> <span class='ocrx_word' id='word_1_802' title='bbox 2224 4568 2588 4623; x_wconf 79' lang='lat' dir='ltr'><strong>l’cntecustr&#39;s.</strong></span> <span class='ocrx_word' id='word_1_803' title='bbox 2636 4568 2926 4635; x_wconf 67' lang='lat' dir='ltr'><strong>Prteterea,</strong></span> <span class='ocrx_word' id='word_1_804' title='bbox 2974 4572 3027 4625; x_wconf 91' lang='lat' dir='ltr'><strong>in</strong></span> <span class='ocrx_word' id='word_1_805' title='bbox 3067 4574 3317 4629; x_wconf 91' lang='lat' dir='ltr'><strong>omnibus</strong></span> <span class='ocrx_word' id='word_1_806' title='bbox 3347 4577 3586 4635; x_wconf 82' lang='lat' dir='ltr'><strong>sabbatis</strong></span> 
     </span>
    </p>
   </div>
   <div class='ocr_carea' id='block_1_108' title="bbox 1964 4644 3587 4736">
    <p class='ocr_par' dir='ltr' id='par_1_108' title="bbox 1964 4644 3587 4736">
     <span class='ocr_line' id='line_1_108' title="bbox 1964 4644 3587 4736; baseline 0.011 -28"><span class='ocrx_word' id='word_1_807' title='bbox 1964 4676 2136 4730; x_wconf 80' lang='lat' dir='ltr'><strong>usque</strong></span> <span class='ocrx_word' id='word_1_808' title='bbox 2162 4659 2226 4712; x_wconf 89' lang='lat' dir='ltr'><strong>ad</strong></span> <span class='ocrx_word' id='word_1_809' title='bbox 2257 4659 2444 4713; x_wconf 86' lang='lat' dir='ltr'><strong>feriam</strong></span> <span class='ocrx_word' id='word_1_810' title='bbox 2475 4644 2768 4715; x_wconf 85' lang='lat' dir='ltr'><strong>secundam</strong></span> <span class='ocrx_word' id='word_1_811' title='bbox 2794 4671 2847 4714; x_wconf 91' lang='lat' dir='ltr'><strong>et</strong></span> <span class='ocrx_word' id='word_1_812' title='bbox 2868 4661 3045 4731; x_wconf 82' lang='lat' dir='ltr'><strong>vigilia</strong></span> <span class='ocrx_word' id='word_1_813' title='bbox 3077 4676 3279 4720; x_wconf 82' lang='lat' dir='ltr'><strong>sanctae</strong></span> <span class='ocrx_word' id='word_1_814' title='bbox 3309 4666 3587 4736; x_wconf 47' lang='lat' dir='ltr'><strong>Marinum</strong></span> 
     </span>
    </p>
   </div>
   <div class='ocr_carea' id='block_1_109' title="bbox 1968 4750 3588 4827">
    <p class='ocr_par' dir='ltr' id='par_1_109' title="bbox 1968 4750 3588 4827">
     <span class='ocr_line' id='line_1_109' title="bbox 1968 4750 3588 4827; baseline 0.007 -20"><span class='ocrx_word' id='word_1_815' title='bbox 1968 4752 2139 4807; x_wconf 85' lang='lat' dir='ltr'><strong>sancti</strong></span> <span class='ocrx_word' id='word_1_816' title='bbox 2192 4750 2439 4817; x_wconf 86' lang='lat' dir='ltr'><strong>Joannis,</strong></span> <span class='ocrx_word' id='word_1_817' title='bbox 2468 4760 2519 4805; x_wconf 88' lang='lat' dir='ltr'><strong>et</strong></span> <span class='ocrx_word' id='word_1_818' title='bbox 2564 4751 2931 4821; x_wconf 84' lang='lat' dir='ltr'><strong>apostolorum</strong></span> <span class='ocrx_word' id='word_1_819' title='bbox 2962 4794 2977 4819; x_wconf 93' lang='lat'><strong>,</strong></span> <span class='ocrx_word' id='word_1_820' title='bbox 3024 4763 3077 4807; x_wconf 88' lang='lat' dir='ltr'><strong>et</strong></span> <span class='ocrx_word' id='word_1_821' title='bbox 3125 4756 3316 4827; x_wconf 77' lang='lat' dir='ltr'><strong>vigiliis</strong></span> <span class='ocrx_word' id='word_1_822' title='bbox 3372 4760 3588 4818; x_wconf 86' lang='lat' dir='ltr'><strong>indictis</strong></span> 
     </span>
    </p>
   </div>
   <div class='ocr_carea' id='block_1_110' title="bbox 1966 4844 3589 4924">
    <p class='ocr_par' dir='ltr' id='par_1_110' title="bbox 1966 4844 3589 4924">
     <span class='ocr_line' id='line_1_110' title="bbox 1966 4844 3589 4924; baseline 0.006 -25"><span class='ocrx_word' id='word_1_823' title='bbox 1966 4844 2194 4899; x_wconf 87' lang='lat' dir='ltr'><strong>aliorum</strong></span> <span class='ocrx_word' id='word_1_824' title='bbox 2236 4852 2577 4906; x_wconf 89' lang='lat' dir='ltr'><strong>sanctorum,</strong></span> <span class='ocrx_word' id='word_1_825' title='bbox 2622 4853 2677 4897; x_wconf 91' lang='lat' dir='ltr'><strong>et</strong></span> <span class='ocrx_word' id='word_1_826' title='bbox 2706 4859 2891 4898; x_wconf 87' lang='lat' dir='ltr'><strong>eorum</strong></span> <span class='ocrx_word' id='word_1_827' title='bbox 2937 4844 3125 4913; x_wconf 87' lang='lat' dir='ltr'><strong>festis,</strong></span> <span class='ocrx_word' id='word_1_828' title='bbox 3182 4850 3422 4922; x_wconf 79' lang='lat' dir='ltr'><strong>eulogfas</strong></span> <span class='ocrx_word' id='word_1_829' title='bbox 3466 4866 3589 4924; x_wconf 87' lang='lat' dir='ltr'><strong>post</strong></span> 
     </span>
    </p>
   </div>
   <div class='ocr_carea' id='block_1_111' title="bbox 1970 4938 3588 5019">
    <p class='ocr_par' dir='ltr' id='par_1_111' title="bbox 1970 4938 3588 5019">
     <span class='ocr_line' id='line_1_111' title="bbox 1970 4938 3588 5019; baseline 0.006 -26"><span class='ocrx_word' id='word_1_830' title='bbox 1970 4940 2188 4993; x_wconf 88' lang='lat' dir='ltr'><strong>missam</strong></span> <span class='ocrx_word' id='word_1_831' title='bbox 2209 4938 2491 4992; x_wconf 88' lang='lat' dir='ltr'><strong>dominicis</strong></span> <span class='ocrx_word' id='word_1_832' title='bbox 2512 4938 2701 4993; x_wconf 79' lang='lat' dir='ltr'><strong>diebus</strong></span> <span class='ocrx_word' id='word_1_833' title='bbox 2721 4938 2861 5009; x_wconf 88' lang='lat' dir='ltr'><strong>plebi</strong></span> <span class='ocrx_word' id='word_1_834' title='bbox 2884 4940 3115 4997; x_wconf 86' lang='lat' dir='ltr'><strong>tribuite.</strong></span> <span class='ocrx_word' id='word_1_835' title='bbox 3146 4943 3337 5001; x_wconf 89' lang='lat' dir='ltr'><strong>Nullus</strong></span> <span class='ocrx_word' id='word_1_836' title='bbox 3362 4954 3588 5019; x_wconf 71' lang='lat' dir='ltr'><strong>presby-</strong></span> 
     </span>
    </p>
   </div>
   <div class='ocr_carea' id='block_1_112' title="bbox 1975 5030 3589 5102">
    <p class='ocr_par' dir='ltr' id='par_1_112' title="bbox 1975 5030 3589 5102">
     <span class='ocr_line' id='line_1_112' title="bbox 1975 5030 3589 5102; baseline 0.003 -17"><span class='ocrx_word' id='word_1_837' title='bbox 1975 5044 2055 5088; x_wconf 76' lang='grc' dir='ltr'>ιρι·</span> <span class='ocrx_word' id='word_1_838' title='bbox 2078 5034 2128 5087; x_wconf 93' lang='lat' dir='ltr'><strong>in</strong></span> <span class='ocrx_word' id='word_1_839' title='bbox 2157 5031 2349 5085; x_wconf 88' lang='lat' dir='ltr'><strong>itinere</strong></span> <span class='ocrx_word' id='word_1_840' title='bbox 2375 5031 2491 5085; x_wconf 89' lang='lat' dir='ltr'><strong>siue</strong></span> <span class='ocrx_word' id='word_1_841' title='bbox 2520 5030 2721 5096; x_wconf 88' lang='lat' dir='ltr'><strong>orario,</strong></span> <span class='ocrx_word' id='word_1_842' title='bbox 2754 5030 2805 5084; x_wconf 92' lang='lat' dir='ltr'><strong>id</strong></span> <span class='ocrx_word' id='word_1_843' title='bbox 2834 5040 2917 5087; x_wconf 75' lang='lat' dir='ltr'><strong>est</strong></span> <span class='ocrx_word' id='word_1_844' title='bbox 2938 5034 3096 5101; x_wconf 86' lang='lat' dir='ltr'><strong>stola,</strong></span> <span class='ocrx_word' id='word_1_845' title='bbox 3128 5036 3361 5095; x_wconf 78' lang='lat' dir='ltr'><strong>incedat.</strong></span> <span class='ocrx_word' id='word_1_846' title='bbox 3403 5042 3589 5102; x_wconf 72' lang='lat' dir='ltr'><strong>Nullus</strong></span> 
     </span>
    </p>
   </div>
   <div class='ocr_carea' id='block_1_113' title="bbox 1971 5124 3588 5195">
    <p class='ocr_par' dir='ltr' id='par_1_113' title="bbox 1971 5124 3588 5195">
     <span class='ocr_line' id='line_1_113' title="bbox 1971 5124 3588 5195; baseline 0.01 -16"><span class='ocrx_word' id='word_1_847' title='bbox 1971 5136 2211 5180; x_wconf 82' lang='lat' dir='ltr'><strong>vestrum</strong></span> <span class='ocrx_word' id='word_1_848' title='bbox 2246 5124 2581 5179; x_wconf 63' lang='lat' dir='ltr'><strong>vestimentis</strong></span> <span class='ocrx_word' id='word_1_849' title='bbox 2623 5124 2905 5180; x_wconf 88' lang='lat' dir='ltr'><strong>laicalibus</strong></span> <span class='ocrx_word' id='word_1_850' title='bbox 2945 5138 2999 5181; x_wconf 88' lang='lat' dir='ltr'><strong>et</strong></span> <span class='ocrx_word' id='word_1_851' title='bbox 3042 5128 3270 5186; x_wconf 88' lang='lat' dir='ltr'><strong>diversis</strong></span> <span class='ocrx_word' id='word_1_852' title='bbox 3315 5134 3588 5195; x_wconf 88' lang='lat' dir='ltr'><strong>coloribus</strong></span> 
     </span>
    </p>
   </div>
   <div class='ocr_carea' id='block_1_114' title="bbox 1974 5218 3591 5291">
    <p class='ocr_par' dir='ltr' id='par_1_114' title="bbox 1974 5218 3591 5291">
     <span class='ocr_line' id='line_1_114' title="bbox 1974 5218 3591 5291; baseline 0.009 -16"><span class='ocrx_word' id='word_1_853' title='bbox 1974 5219 2246 5275; x_wconf 87' lang='lat' dir='ltr'><strong>induatur.</strong></span> <span class='ocrx_word' id='word_1_854' title='bbox 2275 5218 2465 5274; x_wconf 87' lang='lat' dir='ltr'><strong>Nullus</strong></span> <span class='ocrx_word' id='word_1_855' title='bbox 2493 5236 2606 5275; x_wconf 88' lang='lat' dir='ltr'><strong>rem</strong></span> <span class='ocrx_word' id='word_1_856' title='bbox 2640 5231 2730 5274; x_wconf 91' lang='lat' dir='ltr'><strong>aut</strong></span> <span class='ocrx_word' id='word_1_857' title='bbox 2774 5224 3174 5291; x_wconf 85' lang='lat' dir='ltr'><strong>possessionem</strong></span> <span class='ocrx_word' id='word_1_858' title='bbox 3225 5231 3471 5287; x_wconf 66' lang='lat' dir='ltr'><strong>ecclesia:</strong></span> <span class='ocrx_word' id='word_1_859' title='bbox 3497 5242 3591 5289; x_wconf 87' lang='lat' dir='ltr'><strong>aut</strong></span> 
     </span>
    </p>
   </div>
   <div class='ocr_carea' id='block_1_115' title="bbox 1975 5313 3589 5397">
    <p class='ocr_par' dir='ltr' id='par_1_115' title="bbox 1975 5313 3589 5397">
     <span class='ocr_line' id='line_1_115' title="bbox 1975 5313 3589 5397; baseline 0.01 -29"><span class='ocrx_word' id='word_1_860' title='bbox 1975 5313 2301 5382; x_wconf 89' lang='lat' dir='ltr'><strong>mancipium</strong></span> <span class='ocrx_word' id='word_1_861' title='bbox 2334 5313 2589 5378; x_wconf 88' lang='lat' dir='ltr'><strong>vendere,</strong></span> <span class='ocrx_word' id='word_1_862' title='bbox 2623 5323 2716 5367; x_wconf 86' lang='lat' dir='ltr'><strong>aut</strong></span> <span class='ocrx_word' id='word_1_863' title='bbox 2744 5328 3076 5373; x_wconf 84' lang='lat' dir='ltr'><strong>commutare</strong></span> <span class='ocrx_word' id='word_1_864' title='bbox 3100 5330 3192 5374; x_wconf 82' lang='lat' dir='ltr'><strong>aut</strong></span> <span class='ocrx_word' id='word_1_865' title='bbox 3232 5322 3411 5395; x_wconf 86' lang='lat' dir='ltr'><strong>aliquo</strong></span> <span class='ocrx_word' id='word_1_866' title='bbox 3437 5325 3589 5397; x_wconf 76' lang='lat' dir='ltr'><strong>iugc—</strong></span> 
     </span>
    </p>
   </div>
   <div class='ocr_carea' id='block_1_116' title="bbox 1976 5406 2857 5476">
    <p class='ocr_par' dir='ltr' id='par_1_116' title="bbox 1976 5406 2857 5476">
     <span class='ocr_line' id='line_1_116' title="bbox 1976 5406 2857 5476; baseline 0 -15"><span class='ocrx_word' id='word_1_867' title='bbox 1976 5408 2067 5461; x_wconf 90' lang='lat' dir='ltr'><strong>nio</strong></span> <span class='ocrx_word' id='word_1_868' title='bbox 2088 5407 2155 5462; x_wconf 90' lang='lat' dir='ltr'><strong>ab</strong></span> <span class='ocrx_word' id='word_1_869' title='bbox 2181 5422 2242 5462; x_wconf 91' lang='lat' dir='ltr'><strong>ea</strong></span> <span class='ocrx_word' id='word_1_870' title='bbox 2280 5406 2516 5461; x_wconf 88' lang='lat' dir='ltr'><strong>alienare</strong></span> <span class='ocrx_word' id='word_1_871' title='bbox 2549 5417 2857 5476; x_wconf 77' lang='lat' dir='ltr'><strong>prmsumat.</strong></span> 
     </span>
    </p>
   </div>
   <div class='ocr_carea' id='block_1_117' title="bbox 2051 5498 3589 5580">
    <p class='ocr_par' dir='ltr' id='par_1_117' title="bbox 2051 5498 3589 5580">
     <span class='ocr_line' id='line_1_117' title="bbox 2051 5498 3589 5580; baseline 0.01 -27"><span class='ocrx_word' id='word_1_872' title='bbox 2051 5499 2200 5554; x_wconf 91' lang='lat' dir='ltr'><strong>Diem</strong></span> <span class='ocrx_word' id='word_1_873' title='bbox 2231 5498 2562 5553; x_wconf 89' lang='lat' dir='ltr'><strong>dominicum</strong></span> <span class='ocrx_word' id='word_1_874' title='bbox 2591 5512 2643 5555; x_wconf 89' lang='lat' dir='ltr'><strong>et</strong></span> <span class='ocrx_word' id='word_1_875' title='bbox 2667 5499 2799 5554; x_wconf 85' lang='lat' dir='ltr'><strong>alias</strong></span> <span class='ocrx_word' id='word_1_876' title='bbox 2826 5499 3146 5561; x_wconf 87' lang='lat' dir='ltr'><strong>festivitates</strong></span> <span class='ocrx_word' id='word_1_877' title='bbox 3173 5506 3375 5580; x_wconf 87' lang='lat' dir='ltr'><strong>absque</strong></span> <span class='ocrx_word' id='word_1_878' title='bbox 3404 5513 3589 5570; x_wconf 87' lang='lat' dir='ltr'><strong>servili</strong></span> 
     </span>
    </p>
   </div>
   <div class='ocr_carea' id='block_1_118' title="bbox 1978 5592 3585 5663">
    <p class='ocr_par' dir='ltr' id='par_1_118' title="bbox 1978 5592 3585 5663">
     <span class='ocr_line' id='line_1_118' title="bbox 1978 5592 3585 5663; baseline 0.007 -18"><span class='ocrx_word' id='word_1_879' title='bbox 1978 5608 2141 5661; x_wconf 85' lang='lat' dir='ltr'><strong>opere</strong></span> <span class='ocrx_word' id='word_1_880' title='bbox 2167 5607 2194 5645; x_wconf 91' lang='lat' dir='ltr'><strong>a</strong></span> <span class='ocrx_word' id='word_1_881' title='bbox 2221 5607 2441 5663; x_wconf 84' lang='lat' dir='ltr'><strong>vespera</strong></span> <span class='ocrx_word' id='word_1_882' title='bbox 2469 5592 2521 5646; x_wconf 90' lang='lat' dir='ltr'><strong>in</strong></span> <span class='ocrx_word' id='word_1_883' title='bbox 2553 5608 2829 5661; x_wconf 83' lang='lat' dir='ltr'><strong>vesperam</strong></span> <span class='ocrx_word' id='word_1_884' title='bbox 2853 5595 3130 5650; x_wconf 88' lang='lat' dir='ltr'><strong>celebrare</strong></span> <span class='ocrx_word' id='word_1_885' title='bbox 3148 5599 3364 5659; x_wconf 88' lang='lat' dir='ltr'><strong>docete.</strong></span> <span class='ocrx_word' id='word_1_886' title='bbox 3382 5603 3585 5660; x_wconf 85' lang='lat' dir='ltr'><strong>Cantus</strong></span> 
     </span>
    </p>
   </div>
   <div class='ocr_carea' id='block_1_119' title="bbox 1978 5684 3588 5759">
    <p class='ocr_par' dir='ltr' id='par_1_119' title="bbox 1978 5684 3588 5759">
     <span class='ocr_line' id='line_1_119' title="bbox 1978 5684 3588 5759; baseline -0.001 -18"><span class='ocrx_word' id='word_1_887' title='bbox 1978 5698 2032 5741; x_wconf 85' lang='lat' dir='ltr'><strong>et</strong></span> <span class='ocrx_word' id='word_1_888' title='bbox 2055 5684 2284 5740; x_wconf 87' lang='lat' dir='ltr'><strong>choreas</strong></span> <span class='ocrx_word' id='word_1_889' title='bbox 2317 5685 2603 5740; x_wconf 87' lang='lat' dir='ltr'><strong>mulierum</strong></span> <span class='ocrx_word' id='word_1_890' title='bbox 2635 5696 2689 5741; x_wconf 89' lang='lat' dir='ltr'><strong>et</strong></span> <span class='ocrx_word' id='word_1_891' title='bbox 2716 5685 2871 5741; x_wconf 80' lang='lat' dir='ltr'><strong>ludos</strong></span> <span class='ocrx_word' id='word_1_892' title='bbox 2897 5688 3268 5759; x_wconf 88' lang='lat' dir='ltr'><strong>jocnlatorios,</strong></span> <span class='ocrx_word' id='word_1_893' title='bbox 3301 5706 3355 5751; x_wconf 90' lang='lat' dir='ltr'><strong>et</strong></span> <span class='ocrx_word' id='word_1_894' title='bbox 3381 5698 3588 5752; x_wconf 85' lang='lat' dir='ltr'><strong>cantio-</strong></span> 
     </span>
    </p>
   </div>
   <div class='ocr_carea' id='block_1_120' title="bbox 1983 5778 3584 5850">
    <p class='ocr_par' dir='ltr' id='par_1_120' title="bbox 1983 5778 3584 5850">
     <span class='ocr_line' id='line_1_120' title="bbox 1983 5778 3584 5850; baseline 0.004 -17"><span class='ocrx_word' id='word_1_895' title='bbox 1983 5793 2079 5834; x_wconf 90' lang='lat' dir='ltr'><strong>nes</strong></span> <span class='ocrx_word' id='word_1_896' title='bbox 2110 5778 2161 5832; x_wconf 93' lang='lat' dir='ltr'><strong>in</strong></span> <span class='ocrx_word' id='word_1_897' title='bbox 2193 5778 2422 5834; x_wconf 88' lang='lat' dir='ltr'><strong>ecclesia</strong></span> <span class='ocrx_word' id='word_1_898' title='bbox 2451 5789 2505 5834; x_wconf 91' lang='lat' dir='ltr'><strong>et</strong></span> <span class='ocrx_word' id='word_1_899' title='bbox 2541 5779 2592 5832; x_wconf 91' lang='lat' dir='ltr'><strong>in</strong></span> <span class='ocrx_word' id='word_1_900' title='bbox 2630 5779 2768 5835; x_wconf 88' lang='lat' dir='ltr'><strong>atrio</strong></span> <span class='ocrx_word' id='word_1_901' title='bbox 2818 5781 2929 5836; x_wconf 81' lang='lat' dir='ltr'><strong>fieri</strong></span> <span class='ocrx_word' id='word_1_902' title='bbox 2978 5782 3278 5850; x_wconf 82' lang='lat' dir='ltr'><strong>prohibete.</strong></span> <span class='ocrx_word' id='word_1_903' title='bbox 3334 5791 3584 5847; x_wconf 70' lang='lat' dir='ltr'><strong>Carmina</strong></span> 
     </span>
    </p>
   </div>
   <div class='ocr_carea' id='block_1_121' title="bbox 1983 5872 3583 5952">
    <p class='ocr_par' dir='ltr' id='par_1_121' title="bbox 1983 5872 3583 5952">
     <span class='ocr_line' id='line_1_121' title="bbox 1983 5872 3583 5952; baseline 0.004 -23"><span class='ocrx_word' id='word_1_904' title='bbox 1983 5872 2249 5930; x_wconf 86' lang='lat' dir='ltr'><strong>diabolica</strong></span> <span class='ocrx_word' id='word_1_905' title='bbox 2277 5888 2397 5946; x_wconf 78' lang='lat' dir='ltr'><strong>quae</strong></span> <span class='ocrx_word' id='word_1_906' title='bbox 2425 5887 2585 5945; x_wconf 86' lang='lat' dir='ltr'><strong>super</strong></span> <span class='ocrx_word' id='word_1_907' title='bbox 2614 5884 2855 5930; x_wconf 87' lang='lat' dir='ltr'><strong>mortuos</strong></span> <span class='ocrx_word' id='word_1_908' title='bbox 2899 5880 3175 5933; x_wconf 85' lang='lat' dir='ltr'><strong>nocturnis</strong></span> <span class='ocrx_word' id='word_1_909' title='bbox 3207 5880 3353 5937; x_wconf 83' lang='lat' dir='ltr'><strong>boris</strong></span> <span class='ocrx_word' id='word_1_910' title='bbox 3392 5882 3583 5952; x_wconf 74' lang='lat' dir='ltr'><strong>vulgus</strong></span> 
     </span>
    </p>
   </div>
  </div>
