3950 6380
389 345 495 402 167

1372 341 1434 406 S.
1475 341 1895 405 EUTYCHIANI
1933 339 2140 403 PAPIE
2181 344 2272 402 ET
2310 342 2667 405 MARTYRIS
2748 405 2754 410 ,

3594 345 3697 403 {68

385 462 564 520 facere
582 462 744 530 solet,
772 471 828 521 et
846 465 1142 524 cachinnos
1167 481 1305 538 quos
1330 477 1568 533 exercet,
1592 467 1692 522 sub
1717 476 1986 523 contesta—
2017 469 2066 528 Α
2093 475 2149 522 et
2176 467 2376 522 utinam
2406 481 2621 522 sensum
2667 465 2735 522 ad
2781 463 3014 520 litteram
3061 463 3234 536 possit
3277 463 3629 522 manifestare
3678 469 3692 519 !

385 563 531 612 tintie
561 557 651 612 Dei
677 559 1062 628 omnipotentis
1089 559 1207 618 ﬁeri
1229 570 1424 616 vetate.
1449 560 1582 614 Cum
1612 559 1987 615 excommuni-

383 653 518 706 catis
548 653 715 709 nolite
740 658 1139 710 communicare
1174 673 1188 708 :
1223 655 1402 710 nullus
1429 661 1718 722 praesumat
1748 669 1867 706 cum
1909 651 1987 706 eis

385 745 469 800 vel
496 747 715 803 missam
746 756 986 814 cantare,
1020 749 1114 805 sed
1143 757 1196 804 et
1235 747 1482 819 plebibus
1521 747 1674 802 vobis
1715 762 1987 802 commen-

383 838 522 894 datis
539 839 640 895 hoc
670 844 1004 897 annuntiate.
1031 842 1220 896 Nullus
1242 852 1480 898 vestrum
1510 844 1576 896 ad
1606 843 1820 910 nuptias
1852 853 1941 895 eat
1966 858 1981 895 :

385 933 641 988 omnibus
666 935 980 989 denuntiate
1002 945 1060 989 ut
1088 934 1269 992 nullus
1296 935 1400 989 nisi
1443 933 1656 1004 publice
1695 934 1986 990 celebratis

383 1027 583 1096 nuptiis
611 1042 831 1083 uxorem
859 1025 1022 1081 ducat
1049 1044 1062 1078 :
1100 1027 1276 1082 nullus
1303 1041 1555 1098 sponsam
1585 1027 1812 1081 alterius
1838 1027 1981 1082 acci-

380 1119 513 1187 piat,
562 1129 617 1174 et
663 1122 875 1190 nuptias
903 1118 1017 1174 ﬁeri
1061 1119 1340 1188 prohibete
1384 1119 1454 1174 ab
1490 1125 1722 1174 adventu
1773 1117 1984 1174 Domini

384 1227 558 1282 usque
579 1212 645 1268 ad
671 1222 969 1268 transactas
996 1223 1220 1268 octavas
1247 1213 1586 1284 Epiphaniae,
1611 1222 1667 1267 et
1694 1229 1722 1267 a
1752 1213 1981 1282 Septua-

377 1307 578 1378 gesima
613 1322 783 1376 usque
824 1307 890 1361 ad
939 1290 1265 1362 tratisactum
1303 1310 1519 1376 paschae
1570 1307 1811 1370 clusum,
1867 1315 1919 1359 et
1947 1320 1977 1359 a

377 1397 761 1470 liogntionibus
785 1413 952 1468 usque
976 1397 1043 1453 ad
1063 1408 1358 1454 transactas
1373 1408 1590 1453 octavas
1607 1398 1972 1452 Pentecostes.

377 1493 609 1562 Raptum
633 1492 886 1548 omnibus
909 1492 1082 1548 modis
1109 1493 1412 1562 prohibete,
1435 1502 1490 1548 et
1506 1502 1563 1546 nt
1592 1492 1655 1545 ad
1679 1494 1976 1555 proximam

375 1590 458 1643 sui
490 1589 766 1660 sanguinis
815 1586 1073 1643 feminam
1116 1589 1203 1642 vel
1241 1602 1364 1642 cum
1413 1585 1828 1657 consnnguineis
1866 1585 1978 1640 suis

374 1697 547 1750 usque
601 1682 667 1750 ad
719 1682 1001 1744 septimam
1056 1681 1458 1749 generationem
1512 1679 1689 1733 nullus
1735 1679 1976 1744 accedat,

374 1773 842 1828 anathematizate.
876 1772 1129 1828 Pastores
1171 1787 1360 1827 omnes
1397 1780 1453 1827 et
1503 1771 1638 1838 alios
1677 1771 1979 1826 servientes

2093 561 2428 616 Psalmorum
2475 576 2664 617 versus
2714 569 2770 616 et
2818 560 3197 616 distinctiones
3251 560 3570 632 regulariter
3631 578 3695 618 ex

2089 655 2254 710 corde
2322 669 2442 708 cum
2499 654 2725 708 canticis
2790 652 3285 709 consuetudinariis
3344 659 3697 724 pronuntiare

2089 749 2244 802 sciat.
2276 747 2592 802 Sermonem
2611 746 2892 801 Athanasii
2920 748 3182 819 episcopi,
3208 748 3359 819 cujus
3383 749 3592 804 initium
3617 760 3698 806 est

2095 856 2113 890 ι
2139 839 2473 910 Quicumque
2494 840 2606 894 vult
2634 859 2652 891 ι
2676 841 2989 896 memoriter
3011 850 3192 896 teneat
3217 853 3272 896 et
3290 842 3440 898 oruni
3463 842 3552 899 die
3567 857 3698 898 can-

2087 941 2184 986 tet.
2216 932 2559 988 Exorcismos
2587 943 2643 986 et
2689 934 2963 988 orationes
3006 933 3074 988 ad
3123 933 3569 991 catechumennm
3622 937 3697 990 fa-

2085 1023 2335 1078 ciendum
2355 1065 2368 1088 ,
2397 1033 2451 1079 et
2485 1023 2550 1078 ad
2581 1025 2782 1080 fontem
2809 1025 3062 1096 baptismi
3103 1027 3569 1093 consecrandum,
3603 1038 3697 1084 aut

2084 1116 2322 1185 reliquas
2343 1117 2616 1172 orationes
2642 1132 2805 1188 super
2832 1118 3131 1173 masculum
3155 1128 3208 1173 et
3227 1119 3485 1174 feminam
3510 1121 3698 1192 singu-

2083 1207 2270 1264 lariter
2290 1220 2344 1264 et
2371 1210 2653 1278 pluraliter
2678 1211 2853 1265 valeat
2875 1221 2931 1266 et
2961 1212 3099 1266 sciat
3127 1211 3380 1268 distincte
3427 1215 3694 1283 proferre,

2083 1304 2408 1358 etordinem
2456 1304 2762 1373 baptizandi
2789 1305 2858 1359 ad
2901 1307 3327 1360 succurrendum
3361 1306 3595 1363 infirmis
3645 1319 3697 1364 et

2084 1398 2331 1453 ordinem
2359 1398 2743 1454 reconciliandi
2775 1399 3071 1454 secundum
3112 1401 3492 1456 auctoritatem
3532 1418 3696 1458 cano-

2085 1508 2242 1554 num,
2299 1502 2354 1546 et
2407 1491 2655 1547 ordinem
2706 1493 2976 1564 unguendi
3025 1493 3270 1548 inﬁrmos
3324 1497 3696 1567 unusquisque

2082 1584 2278 1640 habeat
2310 1595 2364 1640 et
2405 1587 2696 1656 prudenter
2729 1589 2884 1641 sciat.
2920 1586 2998 1642 Ad
3030 1587 3274 1642 inﬁrmos
3299 1603 3517 1658 quoque
3559 1591 3693 1644 visi-

2081 1679 2293 1742 tandos,
2312 1689 2367 1734 et
2383 1678 2448 1734 ad
2467 1679 2925 1734 reconciliandnm
2953 1693 3046 1734 eos
3077 1680 3329 1735 invitatus
3356 1680 3688 1751 spontaneos

2081 1782 2281 1838 currat,
2311 1783 2364 1828 et
2390 1788 2578 1828 eorum
2622 1773 2961 1838 necessitati,
2995 1788 3102 1829 non
3130 1789 3225 1842 pro
3253 1774 3404 1828 lucro
3432 1785 3652 1830 terreno
3676 1817 3692 1843 ,

372 1883 499 1922 suos
529 1877 587 1921 ut
612 1866 975 1936 unusquisque
999 1866 1065 1919 ad
1088 1862 1368 1920 ecclesiam
1394 1864 1679 1920 dominicis
1709 1864 1792 1918 vel
1823 1863 1969 1918 festi-
1998 1873 2043 1932 Β
2072 1865 2166 1920 sed
2203 1880 2298 1934 pro
2320 1865 2405 1920 illa
2433 1867 2696 1920 charitate
2721 1881 2824 1937 qua
2855 1865 3099 1921 Christus
3127 1881 3226 1921 nos
3251 1864 3463 1932 dilexit,
3483 1868 3690 1922 subve-

372 1965 450 2018 vis
478 1961 664 2017 diebus
697 1961 884 2015 venire
907 1958 1068 2013 faciat
1095 1958 1405 2014 admonete.
1431 1958 1632 2012 Patrini
1656 1957 1833 2010 ﬁliolis
1865 1957 1978 2010 suis

372 2053 738 2125 spiritualibus
766 2051 1095 2123 symbolum,
1127 2062 1182 2107 et
1207 2053 1511 2106 orationem
1538 2050 1861 2105 dominicam
1896 2049 1976 2102 in-

369 2149 607 2212 sinuent,
639 2146 722 2200 vel
761 2146 959 2200 docere
998 2160 1092 2200 eos
1135 2145 1352 2200 faciant.
1395 2145 1642 2198 Chrisma
1671 2144 1772 2199 sub
1797 2134 1974 2213 sigillo

367 2242 458 2302 sit,
490 2250 578 2294 aut
610 2239 711 2294 sub
741 2254 881 2303 sera,
913 2249 1134 2307 propter
1155 2238 1416 2307 quosdam
1448 2235 1715 2292 inﬁdeles.
1753 2237 1827 2291 De
1858 2251 1974 2306 my-

367 2334 535 2388 sterio
582 2332 736 2386 vobis
777 2331 1072 2385 commisso
1125 2345 1219 2383 vos
1275 2330 1569 2384 admonere
1611 2343 1880 2392 curamus,
1913 2338 1972 2380 ut

367 2427 734 2497 unusquisque
773 2435 1036 2490 vestrum,
1087 2423 1134 2477 si
1167 2422 1294 2478 ﬁeri
1342 2435 1535 2491 pOteSt,
1577 2422 1970 2492 expositionem

367 2521 601 2592 symboli
651 2530 705 2572 et
757 2517 1017 2573 orationis
1061 2515 1348 2570 dominicae
1405 2515 1556 2584 juxta
1621 2514 1967 2569 traditionem

365 2616 787 2672 orthodoxorum
818 2622 1024 2681 patrum
1074 2626 1234 2681 penes
1274 2626 1333 2666 se
1380 2611 1576 2665 habeat
1605 2612 1881 2680 scriptam,
1918 2619 1973 2662 et

364 2725 482 2768 cam
537 2710 766 2780 pleniter
809 2705 1085 2776 intelligat,
1119 2714 1172 2760 et
1219 2703 1345 2759 inde
1388 2704 1641 2775 populum
1682 2703 1782 2756 sibi
1825 2717 1972 2757 com-

365 2806 588 2859 missum
619 2800 835 2857 assidue
867 2797 1210 2870 praedicando
1250 2798 1498 2862 instruat,
1530 2807 1616 2864 et,
1651 2796 1698 2850 si
1735 2811 1839 2850 non
1871 2811 1974 2850 no-

367 2897 523 2964 verit,
555 2896 744 2951 saltem
775 2908 956 2950 secum
989 2900 1168 2946 teneat
1193 2900 1247 2946 et
1282 2891 1484 2945 credat.
1519 2890 1805 2945 Orationes
1834 2905 1970 2959 quo—

363 3008 468 3064 que
487 2992 770 3046 missarum
799 2998 852 3043 et
873 2987 1212 3058 praefationes
1236 2997 1290 3040 et
1313 3000 1575 3040 canonem
1607 2984 1744 3039 bene
1772 2983 1972 3037 intelli-

363 3096 470 3156 gat,
503 3094 556 3139 et
607 3084 652 3138 si
697 3098 800 3136 non
833 3082 1024 3136 saltem
1067 3080 1320 3134 distincte
1365 3095 1426 3133 ac
1458 3079 1772 3133 memoriter
1799 3077 1974 3133 valeat

2081 1958 2212 2024 niat,
2244 1968 2299 2012 et
2325 1959 2596 2014 orationes
2627 1968 2682 2013 et
2717 1969 2922 2028 septem
2962 1958 3199 2029 psalmos
3238 1961 3504 2030 speciales
3545 1962 3689 2016 circa

2078 2064 2174 2104 eos
2201 2050 2488 2105 decantare
2536 2061 2706 2106 curet.
2741 2049 3000 2107 Similiter
3043 2053 3286 2108 ordinem
3341 2053 3394 2106 in
3444 2054 3693 2121 exequiis

2078 2141 2453 2196 defunctorum
2515 2144 2772 2214 agendis,
2821 2159 3031 2213 preces,
3087 2145 3420 2200 exorcismos
3475 2161 3692 2216 quoque

2077 2236 2207 2290 salis
2235 2249 2286 2290 et
2316 2253 2468 2306 aqua-
2495 2238 2809 2294 memoriter
2845 2246 3026 2294 teneat
3058 2258 3071 2293 :
3104 2249 3319 2294 cantum
3339 2253 3688 2309 nocturnum,

2075 2336 2236 2396 atque
2281 2328 2532 2382 diurnum
2589 2331 2743 2384 sciat.
2791 2330 3115 2400 Computum
3176 2333 3219 2386 si
3271 2348 3377 2388 non
3401 2333 3687 2403 majorem,

2076 2421 2267 2475 saltem
2297 2425 2592 2490 minorem,
2623 2424 2674 2478 id
2705 2432 2789 2480 est
2808 2434 3024 2494 epactas
3050 2435 3460 2491 concurrentes,
3496 2406 3690 2483 termi-

2078 2531 2175 2570 nos
2203 2517 2499 2587 regulares,
2531 2527 2587 2573 et
2622 2520 2664 2571 si
2702 2529 2900 2588 potest,
2943 2530 3137 2575 cmtera
3169 2521 3327 2576 sciat.
3362 2520 3686 2593 Martyrolo-

2077 2612 2222 2680 gium
2248 2621 2302 2666 et
2327 2613 2748 2682 pmoitentialem
2789 2614 2981 2682 sapiat.
3021 2613 3286 2668 Libellum
3315 2615 3474 2669 istum
3516 2631 3688 2669 unus-

2077 2706 2306 2774 quisque
2357 2705 2554 2759 habeat
2603 2716 2658 2761 et
2716 2708 3024 2776 frequenter
3072 2708 3249 2778 legat,
3297 2723 3363 2762 ne
3422 2708 3690 2764 oblivioni

2079 2797 2255 2850 tradat
2279 2813 2339 2852 ea
2385 2813 2506 2868 qum
2549 2809 2671 2853 sunt
2722 2799 2825 2854 sibi
2870 2801 3224 2856 observanda.
3265 2800 3419 2868 Quod
3445 2844 3462 2870 ,
3494 2801 3690 2858 fratres

2075 2889 2401 2959 cbarissimi,
2432 2903 2490 2945 ut
2521 2893 2834 2948 memoriter
2864 2894 3096 2951 retinere
3122 2905 3176 2949 et
3214 2895 3503 2950 salubriter
3529 2911 3690 2965 pera-

2076 2998 2202 3053 gere
2255 2985 2548 3049 valeamus,
2602 2987 2946 3056 omnipotens
2999 2987 3140 3043 Deus
3192 2986 3346 3042 nobis
3383 2990 3691 3044 concedere

2077 3078 2347 3149 dignetur,
2373 3082 2524 3150 cujus
2544 3097 2767 3152 regnum
2798 3093 2850 3136 et
2878 3083 3160 3151 imperium
3188 3083 3305 3138 sine
3342 3082 3449 3139 ﬁne
3473 3099 3690 3154 perma-

364 3177 625 3249 proferre,
651 3175 932 3246 epistolam
965 3181 1020 3227 et
1043 3172 1381 3242 evangelium
1407 3171 1544 3227 bene
1570 3171 1752 3241 legere
1781 3174 1968 3241 possit,
1999 3186 2044 3247 ρ
2077 3181 2171 3227 net
2201 3171 2252 3225 in
2283 3173 2480 3227 saecula
2509 3175 2851 3229 saeculorum.
2883 3175 3078 3230 Amen.

405 3321 3640 3352 Μ

1876 3457 2165 3521 SANCTI

365 3622 1537 3746 EUTYCHIANI
1655 3623 1973 3736 PA]

2078 3620 2202 3734 Ε
2310 3583 2568 3737 n'r
2682 3618 3691 3739 murrinus

1483 3837 1819 3894 EPISTOLA
1863 3839 1947 3893 ET
1990 3839 2311 3896 DECRETA
2342 3841 2567 3898 BUBIA.

901 3985 1235 4043 EPISTOLA
1270 3985 1288 4040 l
1319 3980 1418 4057 (t).

483 4150 548 4188 AD
586 4143 823 4186 JOA‘NNEH
863 4141 932 4179 ΕΤ
974 4140 1040 4178 AD
1081 4137 1252 4177 OINES
1292 4134 1568 4175 EPISCOI‘OS
1605 4119 1855 4173 BEOTICJS

1010 4276 1325 4316 PBOVINCIJS.

719 4383 794 4436 De
833 4382 936 4452 ﬁde
960 4379 1336 4434 Incarnationis
1373 4375 1605 4428 Domini.

364 4509 584 4558 Christus
601 4511 655 4553 ut
672 4502 801 4554 salva
823 4501 1123 4564 proprietate
1148 4499 1402 4564 utriusque
1412 4502 1622 4564 patum,
1644 4504 1794 4541 verus
1814 4492 1968 4550 Dcus,

803 4559 856 4612 et
877 4559 1024 4611 homo
1047 4573 1197 4609 verus
1221 4559 1465 4609 extiterit.

364 4701 686 4758 Charissimis
732 4695 972 4768 fratribus
1010 4691 1202 4746 Joanni
1234 4701 1278 4744 et
1307 4690 1538 4744 omnibus
1587 4705 1674 4758 per
1706 4685 1968 4739 Bcoticam

438 4795 747 4866 provinciam
778 4789 1063 4843 constitutis
1092 4786 1362 4853 episcopis,
1399 4782 1752 4853 Entychianus
1775 4780 1971 4849 episco-

439 4906 532 4957 pus
561 4888 611 4939 in
637 4884 854 4938 Domino
872 4883 1105 4936 salutem.

439 5021 691 5074 llortatnr
723 5032 820 5072 nos
851 5018 1075 5085 aequitas
1119 5011 1512 5082 postulationis,
1551 5007 1819 5062 desiderio
1849 5008 1960 5060 fra-

366 5113 634 5168 ternitatis
667 5121 773 5164 ιυω
805 5108 1032 5178 (Syrum.
1066 5123 1146 5176 ep.
1176 5105 1210 5158 5
1231 5145 1246 5169 ,
1279 5103 1346 5155 ad
1380 5102 1439 5157 S.
1472 5099 1809 5171 Caesarium),
1842 5113 1962 5168 gra-

365 5219 542 5264 tanter
562 5223 802 5262 annuere
817 5214 862 5270 α,
878 5216 932 5259 et
952 5203 1212 5258 consultis
1238 5203 1342 5256 tuis
1360 5201 1593 5255 breviter
1611 5200 1960 5268 respondere.

437 5347 517 5418 (l)
603 5346 755 5402 Prior
827 5343 944 5398 haec
1011 5341 1238 5410 epistola
1304 5338 1619 5418 Eutychiani
1705 5338 1965 5418 adversus

361 5409 510 5476 Pauli
542 5419 875 5473 Samosateni
903 5430 1111 5470 venena
1166 5409 1736 5482 paratumantidotum
1779 5409 1962 5465 habet.

362 5495 531 5547 Docet
551 5491 695 5545 enim
728 5488 998 5543 Christum
1031 5486 1336 5550 Dominum,
1367 5497 1526 5553 quem
1553 5482 1746 5536 Paulus
1775 5498 1964 5550 purum

362 5564 638 5619 hominem
660 5575 782 5616 esse
803 5558 1035 5624 dicebat,
1063 5573 1247 5612 verum
1271 5567 1326 5611 et
1346 5567 1609 5610 aeternum
1632 5554 1725 5608 Det
1752 5553 1964 5620 Filium,

2070 3981 2138 4036 Et
2163 3984 2406 4053 quamvis
2453 3983 2800 4039 dilectionem
2849 3992 2992 4040 tuam
3023 3988 3190 4042 sciam
3231 3988 3298 4042 ad
3329 4003 3493 4044 omne
3539 4005 3690 4060 opus

2069 4075 2268 4130 bonum
2294 4092 2416 4130 esse
2441 4075 2687 4130 devotam
2715 4077 2804 4150 (S.
2837 4075 2964 4145 Leo,
2996 4097 3076 4149 ep.
3108 4081 3229 4150 '46),
3264 4091 3320 4135 ut
3352 4092 3532 4137 tamen
3563 4085 3690 4138 efﬁ-

2072 4170 2252 4223 cacior
2278 4169 2370 4223 ﬁat
2399 4169 2463 4224 ad
2490 4169 2628 4234 illos,
2657 4173 2745 4239 qui
2773 4186 2905 4226 sane
2931 4188 3036 4226 non
3061 4173 3294 4242 sapiunt,
3327 4177 3557 4244 qualiter
3584 4192 3688 4231 eos

2077 4262 2144 4316 de
2176 4261 2548 4318 incarnatione
2586 4263 2882 4319 Salvatoris
2916 4267 3082 4318 nostri
3134 4265 3427 4321 informare
3458 4267 3686 4335 debeas,

2073 4356 2411 4410 mandamus.
2439 4356 2611 4410 linum
2639 4359 2799 4425 igitur
2821 4357 2923 4413 hoc
2946 4359 3222 4414 intmobile
3246 4360 3686 4429 fundamentum,

1992 4433 2046 4492 D
2075 4466 2176 4503 una
2211 4453 2325 4504 haec
2353 4450 2481 4505 felix
2510 4451 2630 4506 fidei
2655 4461 2832 4522 petra,
2868 4453 3006 4506 Petri
3039 4469 3134 4508 ore
3156 4453 3403 4509 confessa
3434 4473 3446 4507 :
3475 4452 3556 4506 Tu
3605 4473 3687 4520 es,

2073 4541 2511 4612 inquit,Christus
2534 4543 2706 4599 Filius
2738 4543 2833 4598 Dei
2868 4546 2962 4598 rivi
2994 4547 3076 4615 (S.
3112 4547 3329 4613 Maulr.,
3367 4549 3498 4618 xvi),
3535 4558 3692 4605 bruta

2075 4637 2126 4690 in
2160 4652 2216 4689 se
2240 4649 2551 4705 argumenta
2583 4639 2856 4693 sustinens
2882 4640 3148 4704 veritatis,
3176 4653 3392 4710 quantze
3415 4644 3693 4711 perversi-

2076 4732 2199 4785 tatis
2213 4731 2559 4799 qnmstiones,
2579 4742 2633 4786 et
2656 4733 2990 4787 inﬁdelitatis
3019 4735 3300 4788 calumniae
3317 4737 3689 4791 movebuntur

2079 4823 2164 4892 (S.
2199 4823 2323 4887 Leo,
2361 4842 2410 4891 ρ.
2446 4825 2536 4886 97,
2565 4841 2626 4878 ea;
2656 4825 2716 4880 S.
2757 4825 2950 4879 Hilarii
2993 4828 3136 4881 libris
3163 4828 3225 4880 de
3255 4826 3528 4892 Trinitalc,
3555 4846 3691 4898 quos

2073 4918 2266 4986 citat).
2295 4915 2411 4969 Jam
2442 4917 2491 4969 in
2523 4919 2732 4970 ueteris
2759 4918 3090 4984 αἰδιιθηειηιο
3119 4921 3410 4973 voluntatis
3437 4930 3688 4989 pateram

2069 5009 2156 5061 sit.
2193 5009 2331 5077 Ergo
2380 5018 2564 5076 partus
2609 5019 2662 5062 et
2709 5023 2926 5078 corpus,
2980 5020 3205 5080 postque
3235 5027 3389 5075 crux,
3422 5028 3565 5066 mors
3599 5014 3687 5067 in-

2073 5100 2229 5165 ferni,
2273 5101 2419 5155 salus
2465 5112 2650 5156 nostra
2684 5112 2766 5156 est
2792 5101 2817 5139 1’
2851 5103 3066 5158 ltutnani
3098 5107 3239 5160 enim
3271 5107 3485 5175 generis
3516 5123 3689 5163 causa

2070 5197 2166 5253 Dei
2191 5196 2360 5252 Filius
2383 5210 2536 5252 natus
2561 5215 2626 5252 ex
2655 5197 2872 5269 Virgine
2899 5211 2977 5254 est
3005 5211 3060 5255 et
3089 5201 3290 5270 Spiritu
3323 5213 3532 5266 sancto,
3566 5205 3694 5272 ipso

2073 5337 2126 5390 in
2180 5347 2421 5401 tempore
2467 5338 2660 5392 virtute
2711 5340 2942 5407 Spiritus
2996 5342 3178 5396 Sancti
3233 5341 3282 5394 in
3330 5355 3483 5395 ntcro
3514 5345 3693 5401 beatae

2070 5409 2252 5464 Maria:
2299 5408 2914 5487 Virginis__incarna_tuin
2948 5427 3088 5472 esse,
3121 5425 3172 5487 et
3203 5431 3297 5482 per
3330 5415 3432 5467 hoc
3474 5432 3694 5487 nt-qua-

2069 5496 2230 5550 quam
2256 5491 2500 5536 naturam
2527 5480 2761 5536 divinam
2787 5483 3121 5538 immutatam
3153 5480 3337 5540 fuisse.
3374 5480 3579 5542 Seven:
3606 5489 3696 5545 Bt-

2072 5567 2211 5607 NIUS.

1597 5691 1979 5749 LECTIONES
2020 5689 2429 5747 VARIANTES.

432 5827 457 5854 ⁸
497 5826 712 5874 lnnuere
737 5818 880 5871 Labb.
1271 5881 1277 5885 Α
1817 5877 1825 5884 .
1871 5875 1890 5885 η
1949 5877 1959 5885 .

433 5886 460 5925 b
489 5888 641 5950 Virgo
656 5925 668 5948 _,
693 5890 864 5947 partus
888 5888 942 5931 et
959 5893 1154 5944 corpus,
1178 5881 1433 5941 postquam
1452 5889 1593 5937 crux,
1628 5889 1777 5933 mors,
1815 5875 1980 5935 inferi,

2079 5808 2213 5859 salus
2235 5820 2399 5862 nostra
2425 5821 2518 5862 cst.
2547 5813 2628 5862 Sic
2654 5815 2847 5865 omnino
2871 5815 3154 5878 legendum.
