3950 6396
216 400 292 454 ιω
1604 384 1936 445 EPISTOLA
1979 388 2017 442 Ι.
3364 392 3470 446 fit)

211 518 289 571 situ
317 517 360 569 in
393 516 481 569 hac
524 514 829 583 operatione
859 510 1191 575 famulante.
1222 518 1276 565 ct
1298 524 1415 573 sua,
1450 507 1539 564 Dei
1568 508 1757 563 videli-
1784 512 1833 571 Α
1864 506 1926 562 S.
1957 505 2206 576 Hilario),
2240 514 2289 561 et
2332 502 2628 561 secundum
2660 501 3048 574 plenitudinem
3081 509 3384 573 temporum
3416 505 3469 559 in

214 621 297 672 cct,
327 610 638 662 inutnhrante
661 609 886 670 virtute,
914 602 1163 675 corporis
1190 604 1287 658 sibi
1320 602 1467 657 initia
1495 592 1756 663 consevit,
1864 599 2154 670 semetipso
2186 598 2497 669 profuturus
2537 596 2590 654 in
2641 597 2819 652 Deutn‘
2860 595 3156 659 hl-minem.
3204 595 3347 652 hunc
3377 612 3474 667 per

215 713 256 757 et
273 701 469 757 exordia
486 700 979 765 earnisinstituitﬁ,
1002 700 1235 753 uthomo
1254 697 1423 752 factus
1441 712 1505 753 ex
1530 696 1757 766 virgine.
1865 692 2042 746 omnia
2086 690 2383 762 evangelici
2424 692 2692 746 sermonis
2722 689 2937 743 modum
2974 690 3160 749 tenuit.
3195 702 3249 744 ut
3277 706 3338 744 se
3382 689 3477 745 Dei

216 807 420 850 naturam
445 796 492 849 in
524 811 580 851 se
608 796 783 849 carnis
810 794 1107 863 acciperet,
1139 807 1233 862 per
1256 805 1419 862 quam
1468 788 1623 859 hujus
1667 787 1763 841 ad-
1866 781 2059 837 Filium
2092 782 2242 839 credi
2273 782 2513 846 doceret,
2536 793 2589 837 et
2617 781 2850 837 hominis
2880 782 3045 836 tilium
3078 781 3399 851 praulicaret
3422 794 3480 837 et

217 890 446 942 mixtionis
484 890 808 954 societatem,
864 886 1255 942 sanctiﬁcatum
1307 886 1358 939 in
1407 900 1473 940 eo
1526 882 1760 937 universi
1868 878 2208 944 admoneret,
2247 878 2475 948 loquens
2503 885 2559 931 et
2603 892 2801 948 gerens
2855 876 3017 930 homo
3064 876 3312 954 universa
3356 890 3481 946 qua:

218 981 395 1037 humani
420 983 620 1051 generis
648 997 846 1052 corpus
894 981 1172 1036 existeret.
1208 981 1273 1034 Et
1300 975 1756 1050 quemadmodum
1870 969 1963 1024 Dei
1989 979 2135 1031 sunt,
2157 968 2383 1039 loquens
2406 979 2462 1024 et
2482 984 2680 1041 gerens
2697 968 2893 1023 deinde
2919 968 3059 1023 Deus
3082 969 3333 1024 universa
3359 984 3481 1039 qua:

217 1076 431 1129 amnesin
458 1077 568 1143 ipso
598 1090 689 1145 per
712 1077 784 1137 id,
818 1076 961 1146 (μιοά
990 1089 1305 1145 corporeum
1336 1088 1396 1128 se
1418 1087 1542 1128 esse
1570 1069 1757 1133 νοιιιῑι,
1870 1058 2102 1115 hominis
2132 1072 2289 1126 sunt;
2321 1061 2393 1115 ita
2424 1071 2625 1125 tamen,
2661 1071 2719 1115 ut
2740 1062 2860 1131 ipso
2888 1060 2981 1115 illo
3012 1060 3290 1132 utriusque
3316 1077 3458 1132 gene

218 1168 549 1229 conderentur,
582 1168 651 1223 ita
683 1184 895 1223 rursum
930 1168 981 1222 in
1008 1183 1199 1223 omnes
1226 1170 1340 1239 ipse
1373 1183 1469 1235 per
1512 1166 1589 1231 id.
1619 1164 1764 1236 (ιιιοά

1911 1158 1945 1209 is
1965 1168 2239 1221 sermone,
2273 1169 2548 1224 nunquam
2571 1153 2673 1207 nisi
2694 1168 2815 1207 cum
2839 1152 3231 1223 signiﬁcatione
3253 1152 3489 1209 hominis

218 1260 310 1329 ejus
330 1270 401 1315 est
426 1261 696 1327 invisibile,
731 1260 1050 1318 referretur.
1087 1262 1179 1318 Dei
1229 1262 1393 1333 igitur
1418 1261 1597 1331 imago
1630 1260 1767 1313 invi-

1911 1254 2081 1300 icntns
2132 1244 2203 1299 sit
2247 1254 2302 1301 et
2349 1246 2463 1301 Dei.
2515 1245 2639 1301 llzec
2673 1246 2690 1283 ῖ
2722 1248 2905 1317 itaque
2949 1245 3172 1303 fallendi
3214 1247 3497 1316 simplices

220 1354 371 1413 sibilis.
416 1354 660 1424 pudorem
707 1357 931 1411 humani
975 1355 1181 1411 exordii
1233 1372 1338 1410 non
1392 1354 1682 1421 recusavit,
1715 1362 1770 1408 et

1911 1348 2034 1410 tque
2063 1338 2395 1410 ignorantes,
2432 1339 2698 1395 haereticis
2724 1342 2939 1397 occasio
2965 1353 3070 1410 est,
3100 1353 3156 1397 ut
3184 1358 3307 1413 quae
3337 1345 3405 1399 ab
3426 1360 3493 1400 eo

221 1461 293 1515 per
330 1449 710 1518 conceptionem
739 1490 755 1516 ,
818 1458 1027 1516 partum
1051 1488 1068 1514 ,
1124 1447 1358 1518 vagitum
1384 1488 1400 1514 ,
1455 1455 1511 1502 et
1561 1460 1766 1511 cunas,
1874 1433 2170 1489 secundum
2204 1434 2476 1489 hominem
2507 1435 2645 1489 dicta
2670 1446 2817 1503 sunt,
2849 1435 2989 1491 dicta
3037 1452 3159 1492 esse
3187 1437 3489 1493 secundum

218 1554 463 1608 omnesque
513 1552 709 1595 nostra:
767 1550 974 1594 natura:
1021 1539 1378 1595 contumelias
1423 1537 1769 1593 transcurrit.

1911 1526 2070 1580 ivinte
2094 1536 2301 1582 natura:
2328 1528 2701 1585 inﬁrmitatem
2728 1530 3058 1585 mentiantur
3088 1546 3103 1584 :
3136 1539 3192 1585 et
3211 1532 3333 1598 quia
3356 1548 3497 1587 unus

219 1629 326 1695 Quid
354 1630 544 1684 tandem
576 1632 795 1703 dignum
847 1647 877 1686 a
924 1631 1078 1685 nobis
1124 1640 1286 1685 tante
1326 1629 1655 1700 dignationis
1696 1629 1774 1681 at.
1877 1627 2037 1689 atque
2068 1620 2210 1675 idem
2242 1629 2347 1684 est,
2384 1620 2611 1699 loquens
2643 1622 2822 1681 omnia
2863 1637 2984 1692 qua:
3028 1623 3266 1692 loquitur
3299 1624 3367 1679 de
3407 1639 3496 1682 se-

217 1720 326 1775 iecttt
348 1718 372 1759 δ
393 1723 741 1792 rependetur?
769 1722 1148 1780 [inenarrabilis
1174 1736 1305 1792 ergo
1330 1738 1359 1775 a
1391 1721 1501 1776 Deo
1522 1720 1773 1790 originis,
1880 1712 2140 1783 metipso,
2165 1714 2343 1768 omnia
2372 1730 2497 1769 eum
2524 1714 2591 1768 de
2621 1713 2896 1769 divinitate
2941 1714 3180 1770 locutum
3210 1732 3333 1773 esse
3360 1731 3497 1771 con-

220 1827 327 1865 unus
366 1814 650 1881 unigenitus
701 1813 867 1879 Dens,
917 1812 968 1866 in
996 1813 1242 1883 corporis
1290 1812 1512 1866 humani
1547 1813 1774 1865 formam
1880 1805 2126 1861 tendant.
2177 1805 2285 1860 Nec
2330 1821 2462 1862 sane
2515 1822 2798 1878 negamus,
2855 1817 3025 1863 totum
3073 1809 3248 1873 illum.
3304 1811 3396 1880 qui
3446 1811 3497 1867 ei

216 1914 381 1959 sancta:
408 1904 626 1976 Virginis
656 1917 818 1962 utero
848 1906 1087 1961 insertus
1132 1906 1395 1960 accrescit
1424 1922 1439 1958 :
1474 1904 1563 1975 qui
1596 1904 1777 1959 omnia
1806 1914 1854 1973 Β
1883 1908 2086 1961 manet.
2143 1910 2351 1954 naturae
2393 1916 2506 1955 suae
2556 1916 2680 1956 esse
2710 1916 3041 1958 sermonem.
3100 1902 3206 1961 Sed
3253 1905 3300 1959 si
3342 1904 3503 1961 Jesus

220 1998 437 2063 continet,
467 1997 597 2053 intra
631 2016 819 2070 quem,
852 2007 908 2053 et
936 2015 1031 2068 per
1060 2014 1219 2070 quem
1251 2006 1444 2054 cuncta
1477 2006 1624 2063 sunt,
1679 1996 1780 2051 hu-
1882 1991 2131 2049 Christus
2157 2005 2210 2049 et
2242 1994 2405 2051 homo
2434 2005 2489 2051 et
2520 1996 2687 2064 Deus,
2734 2007 2790 2053 et
2836 2013 3011 2070 neque
3056 2014 3179 2055 cum
3228 2000 3393 2056 homo
3436 2003 3507 2058 sit

218 2092 331 2145 mani
362 2100 527 2161 partus
556 2094 674 2164 lege
711 2094 1003 2161 profertur.
1035 2093 1114 2146 Ad
1145 2092 1303 2161 cujus
1327 2106 1517 2146 vocem
1548 2090 1782 2145 archan-

218 2187 316 2253 geli,
337 2198 478 2255 atque
499 2188 669 2257 angeli
704 2198 963 2251 tremunt,
997 2187 1191 2241 caelum
1220 2195 1275 2239 et
1318 2193 1484 2250 terra,
1519 2193 1574 2238 et
1599 2184 1783 2237 omnia

219 2282 344 2351 hujus
367 2284 533 2338 mundi
568 2284 916 2339 resolvuntur
941 2282 1229 2341 elementa,
1261 2280 1466 2349 vagitus
1492 2277 1783 2347 anl'antia:

219 2378 407 2431 auditur.
439 2377 532 2446 Qui
560 2378 852 2433 invisibilis
884 2386 940 2431 et
960 2374 1523 2445 incomprehensibilis
1545 2382 1650 2441 est,
1677 2390 1783 2428 non

220 2470 328 2533 visu,
356 2486 521 2529 sensu.
552 2483 809 2538 tactuque
843 2469 1227 2531 moderandus.
1259 2469 1416 2522 cunis
1442 2478 1526 2522 est
1557 2467 1784 2523 obvolu-

221 2572 304 2616 tus.
326 2564 437 2619 iimc
466 2566 506 2619 si
534 2572 659 2635 quis
688 2565 908 2634 indigna
939 2564 1046 2617 Deo
1071 2563 1279 2621 recolit,
1312 2569 1459 2615 tanto
1480 2576 1539 2615 se
1569 2560 1789 2629 majoris

218 2655 421 2711 bettelicii
469 2658 764 2711 obnoxium
823 2657 1131 2721 conﬁtetur,
1185 2667 1390 2724 quanto
1437 2654 1620 2709 minus
1674 2653 1791 2708 hinc

221 2746 294 2803 Dei
315 2761 669 2805 convenerunt
695 2750 988 2816 majestati.
1014 2748 1128 2803 Non
1151 2748 1243 2802 ille
1274 2748 1422 2817 eguit
1450 2746 1615 2801 homo
1641 2745 1781 2800 el'lici

220 2858 295 2909 per
336 2861 477 2913 quem
528 2847 698 2902 homo
745 2844 922 2900 factus
968 2854 1092 2898 est:
1126 2842 1219 2896 sed
1271 2856 1368 2896 nos
1416 2842 1686 2912 egnimus,
1736 2837 1796 2893 ut

221 2935 333 2991 Deus
354 2954 470 2993 caro
501 2940 681 3003 ﬁeret,
712 2953 767 2992 et
796 2936 1061 2990 habitaret
1086 2936 1134 2988 in
1166 2934 1343 2998 nobis,
1374 2933 1427 2987 id
1453 2943 1559 2997 est,
1587 2947 1795 2987 aSSnm-

221 3034 577 3100 ptionecarnis,
609 3047 745 3087 unus
772 3032 981 3085 interna
1007 3029 1279 3083 univetwae
1304 3028 1482 3081 carnis
1511 3025 1796 3080 int-oleret.

219 3126 467 3183 Humilitas
496 3130 619 3199 ejus
652 3136 838 3183 nostra
886 3125 1140 3178 nobilitas
1170 3132 1252 3177 est
1282 3137 1298 3173 :
1327 3118 1652 3176 contumelia
1682 3118 1798 3188 ejus

220 3218 367 3275 honor
392 3234 572 3279 noster
599 3231 705 3276 est.
734 3218 890 3286 Quod
916 3217 1008 3272 ille
1034 3217 1175 3270 Deus
1204 3215 1259 3269 in
1285 3228 1450 3268 carne
1469 3214 1797 3278 consistens,

1886 2096 1996 2141 tum
2026 2088 2255 2155 primum
2292 2089 2455 2155 Dens,
2512 2107 2688 2160 neque
2736 2101 2871 2157 tttm,
2905 2108 3028 2148 cum
3058 2102 3113 2147 et
3142 2094 3307 2150 homo
3335 2096 3406 2150 sit
3449 2108 3509 2151 et

1889 2179 2052 2247 Deus,
2082 2193 2190 2235 tum
2220 2198 2325 2237 non
2342 2185 2501 2238 etiam
2530 2194 2585 2239 et
2619 2183 2781 2251 Deus,
2805 2202 2981 2256 neque
3010 2197 3126 2257 post
3160 2189 3435 2247 hominem
3456 2192 3511 2247 in

1887 2272 2022 2339 Deo,
2052 2289 2159 2329 non
2188 2285 2331 2330 totus
2356 2276 2518 2332 homo
2542 2287 2688 2333 totus
2702 2279 2863 2346 Deus,
2886 2296 3048 2336 unum
3065 2291 3227 2353 atque
3252 2285 3394 2341 idem
3418 2303 3513 2343 ne-

1889 2383 2041 2422 cesse
2058 2380 2137 2423 est
2152 2368 2493 2439 dicaturejus
2518 2387 2641 2428 esse
2662 2386 3081 2440 sacramentum,
3110 2379 3254 2449 quod
3276 2385 3511 2449 generis.

1894 2463 2107 2517 Etcum
2144 2465 2194 2518 in
2227 2480 2294 2520 eo
2329 2466 2625 2521 secundum
2661 2476 2873 2539 tempus
2926 2470 3189 2527 discernis
3241 2474 3515 2535 hominem

1892 2572 1922 2611 a
1957 2556 2097 2621 Deo,
2150 2558 2241 2612 Dei
2292 2567 2419 2613 tunc
2446 2570 2607 2629 atque
2638 2560 2873 2617 hominis
2903 2563 3152 2621 discerne
3180 2581 3512 2627 sermonem.

1894 2648 1961 2703 Et
1983 2666 2103 2705 enm
2139 2651 2304 2705 Deum
2352 2660 2512 2721 atque
2543 2652 2816 2709 hominem
2847 2656 2900 2709 in
2935 2666 3181 2728 tempore
3210 2661 3509 2728 conﬁteris.

1899 2740 1993 2796 Dei
2044 2752 2169 2798 tunc
2218 2752 2380 2814 atque
2413 2745 2644 2799 hominis
2691 2748 2740 2800 in
2791 2757 3036 2816 tempore
3088 2750 3228 2806 dicta
3261 2754 3513 2823 diiudica.

1897 2835 2032 2888 Cttm
2064 2852 2193 2891 vero
2218 2847 2300 2892 est
2333 2838 2551 2895 homine
2578 2850 2631 2893 et
2654 2841 2786 2906 Deo,
2815 2858 3030 2898 rursum
3065 2848 3223 2903 totiu~
3256 2848 3518 2921 hominis,

1899 2927 2061 2981 totius
2110 2928 2222 2999 jam
2275 2930 2367 2985 Dei
2404 2943 2617 3000 tempus
2656 2932 2909 3006 intelligis
2943 2956 2956 2990 :
2990 2938 3257 3010 siquidem
3290 2944 3419 3000 illud
3453 2949 3521 3003 ad

1899 3019 2101 3075 demon
2137 3021 2425 3077 trationem
2477 3026 2740 3096 temporis
2771 3027 2972 3083 dit-tum
3004 3040 3107 3098 est,
3144 3038 3372 3104 tempori
3398 3053 3526 3095 coa-

1901 3120 2073 3184 ptato,
2094 3128 2212 3184 quae
2235 3114 2375 3168 dit-ta
2404 3124 2531 3171 sunt
2554 3136 2568 3171 :
2602 3128 2657 3171 ut
2686 3134 2808 3174 cum
2836 3121 2977 3177 aliud
3004 3124 3074 3179 sit
3092 3138 3219 3183 ante
3244 3130 3518 3189 hominem

1908 3206 2069 3272 Deus,
2103 3206 2246 3262 aliud
2271 3207 2335 3262 sit
2363 3208 2529 3264 homo
2554 3221 2608 3267 et
2631 3210 2793 3276 Dens,
2824 3215 2969 3270 aliud
3000 3218 3069 3273 sit
3096 3231 3215 3288 post
3244 3220 3519 3283 hominem

222 3312 302 3368 hoc
332 3330 417 3369 nos
446 3315 685 3369 vicissim
712 3314 762 3367 in
802 3312 966 3366 Deum
993 3326 1056 3365 ex
1090 3324 1253 3363 carne
1282 3306 1545 3362 renovati.
1592 3304 1754 3359 Plane
1776 3300 1801 3339 ά
1830 3307 1875 3369 C
1908 3309 1964 3354 et
1992 3299 2184 3366 Deum.
2238 3310 2381 3356 totus
2414 3301 2577 3359 homo
2625 3316 2679 3361 et
2711 3316 2855 3361 totus
2884 3309 3044 3376 Dens,
3079 3329 3184 3369 non
3226 3319 3524 3377 confundas

222 3410 354 3462 vitam
400 3426 546 3464 suam
599 3408 789 3472 nescit,
841 3407 930 3477 qtti
985 3404 1259 3459 Chrismm
1293 3401 1479 3457 Jesum
1513 3409 1571 3455 ut
1614 3415 1801 3457 verum

220 3501 380 3569 Deum,
422 3506 489 3559 ita
537 3512 596 3558 et
639 3516 826 3557 verum
887 3508 909 3533 ε
956 3499 1166 3568 ignorat
1212 3496 1506 3551 hominem.
1567 3494 1631 3548 Et
1686 3492 1806 3561 ejus

222 3596 320 3650 dem
365 3598 584 3668 periculi
642 3612 733 3652 res
782 3603 884 3655 est.
940 3593 1123 3648 Jesum
1178 3589 1475 3655 Christum,
1503 3589 1588 3645 vel
1633 3587 1807 3657 Spiri-

223 3700 313 3743 tum
341 3702 604 3755 sanctum,
641 3690 807 3745 Deum
840 3702 947 3741 nou
978 3684 1224 3747 credere,
1255 3684 1340 3739 vel
1367 3698 1588 3738 earnem
1637 3681 1808 3753 nostri

224 3786 432 3852 corporis
462 3784 513 3837 in
540 3782 762 3836 Chri~tn
784 3778 1084 3848 denegaret
1128 3774 1175 3848 (1
1186 3776 1300 3829 dem
1349 3776 1411 3830 S.
1442 3772 1566 3843 Leo,
1595 3773 1804 3839 ibidem,

224 3892 273 3928 ex
290 3878 449 3931 eodem
476 3877 539 3932 S.
578 3871 829 3941 Hilario).
861 3870 1040 3925 Omnis
1084 3885 1223 3941 ergo,
1256 3870 1349 3934 ait,
1378 3870 1464 3937 qui
1486 3867 1811 3935 conﬁtebitur

226 3986 289 4022 an:
313 3986 474 4023 coram
507 3968 821 4031 hominibus,
852 3963 1135 4031 conﬁtebor
1162 3971 1209 4016 et
1236 3977 1328 4031 ego
1358 3976 1472 4014 eum
1501 3976 1672 4014 coram
1706 3957 1811 4012 Pa-

226 4074 284 4117 tre
318 4081 443 4129 meo,
490 4062 581 4129 qui
612 4062 665 4113 in
695 4058 835 4113 cretis
863 4066 936 4110 est
971 4074 984 4109 :
1016 4056 1102 4125 qui
1130 4063 1298 4106 autem
1330 4052 1587 4123 negaverit
1617 4068 1696 4105 me
1724 4067 1811 4104 co-

229 4172 319 4209 ram
348 4155 653 4218 hominibus,
689 4150 886 4221 negabo
916 4157 962 4201 et
993 4163 1105 4200 eum
1148 4161 1320 4199 coram
1354 4142 1514 4198 Patre
1544 4158 1674 4207 meo,
1726 4144 1813 4207 qui

228 4253 353 4304 estin
378 4251 514 4305 uelis
545 4246 764 4319 (Matth.
789 4248 867 4309 ε).
901 4240 1026 4295 Hmc
1061 4238 1274 4293 Verbum
1315 4255 1436 4292 caro
1480 4241 1673 4309 factum
1722 4236 1810 4307 (S.

229 4342 364 4398 Joau.
386 4352 428 4411 ι)
454 4342 793 4413 ioquebnlur,
813 4346 871 4393 et
894 4334 1054 4389 homo
1080 4331 1238 4387 Jesus
1266 4331 1536 4393 Christus,
1558 4328 1814 4385 Dominus

228 4436 504 4506 maiestatis
547 4432 800 4495 docebat,
862 4427 1125 4483 mediator
1156 4426 1271 4496 ipse
1301 4426 1351 4479 in
1400 4440 1457 4479 se
1489 4422 1555 4477 ad
1585 4423 1811 4477 salutem

232 4529 463 4585 Ecclesia:
490 4529 820 4586 constitutus
847 4532 902 4579 et
924 4522 1043 4593 ipso
1069 4520 1159 4574 illo
1188 4522 1328 4573 inter
1359 4518 1528 4573 Deum
1557 4528 1610 4571 et
1639 4516 1811 4570 homi—

230 4640 313 4679 nes
344 4624 647 4681 mediatoris
678 4626 1040 4680 sacramento,
1074 4614 1342 4683 utrimque
1374 4629 1511 4667 unus
1548 4598 1810 4678 existens,

1910 3395 2242 3465 temporibus
2265 3405 2322 3451 et
2346 3398 2635 3466 generibus
2662 3399 3080 3468 distiensationis
3096 3421 3520 3479 sacramentum,

1912 3505 2033 3545 cum
2062 3503 2158 3557 pro
2182 3489 2443 3561 qualitate
2470 3506 2751 3561 generum,
2772 3509 2835 3550 ac
2854 3504 3186 3567 naturarum,
3217 3503 3379 3559 alium
3400 3520 3523 3563 cum

1915 3595 2254 3639 sacramento
2280 3582 2512 3640 hominis
2533 3601 2756 3642 necesse
2783 3598 2869 3644 est
2893 3606 3199 3649 sermonem
3226 3595 3389 3655 fuisse
3413 3615 3522 3657 non

1916 3689 2067 3745 nato,
2108 3679 2273 3735 alium
2324 3679 2500 3736 adhuc
2555 3682 2836 3751 morituro,
2892 3686 3053 3741 alium
3105 3693 3266 3745 etiam
3295 3701 3525 3751 aeterno.

1915 3772 2095 3829 Nostri
2125 3774 2285 3841 igitur
2310 3788 2471 3830 causa
2506 3775 2620 3829 hmc
2650 3777 2830 3831 omnia
2858 3777 3018 3834 Jesns
3040 3780 3285 3839 Christus
3304 3801 3527 3856 gerens.

1913 3875 1968 3921 et
1999 3866 2245 3937 corporis
2292 3868 2463 3923 nostri
2504 3866 2666 3922 homo
2700 3878 2876 3936 natus,
2911 3874 3205 3929 secundum
3237 3890 3529 3936 consuetu-

1914 3960 2094 4017 dinem
2127 3969 2333 4015 natnrte
2361 3970 2558 4016 nostrae
2578 3962 2785 4017 locutus
2807 3974 2909 4025 est,
2945 3980 3051 4020 non
3076 3977 3250 4024 tamen
3272 3972 3531 4030 amittens

1916 4064 2127 4107 natura:
2158 4067 2269 4106 sua:
2313 4068 2457 4119 esse,
2507 4054 2649 4123 quod
2684 4054 2825 4109 Deus
2872 4066 2974 4110 cst.
3026 4056 3158 4113 Nam
3207 4066 3419 4119 tametsi
3473 4065 3525 4122 in

1918 4157 2072 4216 partu
2102 4155 2156 4201 et
2185 4147 2435 4215 passione
2464 4157 2518 4201 et
2549 4158 2725 4202 morte
2756 4157 2963 4203 natnrze
3010 4162 3211 4207 nostra:
3240 4170 3352 4210 rem
3402 4173 3527 4229 per.

1918 4242 2108 4313 egerit,
2165 4256 2254 4296 res
2282 4250 2462 4295 tamen
2508 4242 2651 4310 ipsas
2697 4258 2890 4299 omnes
2935 4244 3134 4302 virtute
3162 4258 3368 4304 natura:
3413 4267 3527 4308 sua:

1918 4335 2102 4407 gessit.
2132 4334 2366 4390 Videsne
2393 4336 2459 4389 ita
2488 4335 2654 4390 Deum
2695 4345 2751 4390 et
2807 4337 3077 4394 hominem
3120 4343 3421 4413 praedicari,
3472 4358 3532 4402 ιιι

1920 4445 2065 4484 mors
2091 4427 2311 4493 homini,
2342 4427 2450 4483 Deo
2472 4428 2792 4483 verocarnis
2818 4430 3077 4485 excitatio
3102 4432 3386 4503 deputetur
3406 4438 3530 4513 (ψ

1921 4540 2027 4579 non
2060 4534 2237 4578 tamen
2268 4534 2326 4577 ut
2357 4523 2495 4577 alius
2524 4522 2612 4580 sit.
2660 4524 2751 4592 qui
2801 4536 3044 4581 mortuus
3071 4536 3174 4591 est,
3207 4540 3257 4583 et
3283 4532 3421 4588 alius
3460 4533 3531 4589 sit

1921 4633 2017 4687 per
2062 4631 2219 4682 quem
2254 4626 2497 4669 mortuus
2546 4615 2796 4684 resurgit.
2852 4615 3089 4685 Spoliata
3141 4621 3281 4676 enim
3335 4639 3526 4692 carne,

233 4718 345 4769 dum
374 4717 480 4783 ipse
504 4732 571 4773 ex
602 4714 766 4769 unitis
795 4711 849 4765 in
881 4709 1109 4779 idipsnm
1142 4706 1367 4767 naturis,
1392 4714 1599 4758 natura:
1620 4704 1815 4758 ntrius-
1840 4709 1893 4769 1)
1919 4709 2165 4765 Christus
2186 4716 2270 4763 est
2300 4718 2543 4761 mortuus
2574 4723 2587 4761 :
2616 4720 2671 4762 et
2692 4723 2929 4775 rursum,
2952 4708 3225 4768 Christum
3251 4732 3278 4767 a
3303 4718 3531 4776 mortuis

232 4825 327 4880 qtte
355 4826 435 4865 rt-s
456 4811 642 4866 eadem
675 4816 793 4868 est;
845 4804 917 4857 ita
947 4811 1145 4865 nmen,
1179 4807 1237 4853 ut
1276 4807 1469 4853 neutro
1512 4805 1723 4851 careret
1762 4796 1815 4850 in

240 4914 465 4974 utroque,
499 4921 565 4959 ne
612 4901 752 4956 forte
789 4898 930 4952 Dens
970 4909 1111 4956 esse,
1145 4892 1308 4947 homo
1345 4888 1636 4949 nascendo,
1670 4885 1817 4940 desi-

240 5008 423 5053 neret:
453 5009 505 5053 et
552 4999 717 5052 homo
747 5006 983 5056 rursum,
1019 4988 1157 5043 Dens
1184 4984 1473 5049 manendo,
1517 4997 1622 5037 non
1654 4991 1819 5036 esset.

246 5092 368 5147 lixc
389 5093 554 5163 itaque
577 5094 822 5145 lmmanze
845 5080 1187 5141 beatitudinis
1215 5080 1347 5135 ﬁdes
1376 5094 1498 5133 vera
1523 5084 1625 5141 est,
1654 5076 1818 5131 Deum

248 5195 294 5239 et
325 5186 577 5240 hominem
610 5180 921 5253 praxlicare,
944 5176 1182 5230 Verbum
1213 5182 1265 5229 et
1293 5186 1507 5226 carnem
1538 5167 1783 5225 conﬁteri
1810 5186 1824 5220 :

248 5296 412 5350 neque
442 5281 602 5334 Deum
635 5275 857 5341 nescire,
888 5270 1035 5341 quod
1064 5269 1231 5323 homo
1260 5266 1329 5319 sit
1359 5282 1373 5316 :
1408 5278 1579 5333 neque
1605 5274 1823 5315 carnem

254 5374 482 5442 ignorare
525 5371 667 5442 quod
697 5368 925 5424 Verbum
972 5366 1062 5417 sit.
1116 5360 1289 5416 Natus
1318 5357 1476 5427 igitur
1524 5354 1829 5426 unigenitns

249 5465 386 5523 Deus
401 5484 459 5523 ex
478 5464 676 5535 virgine
697 5462 852 5519 homo
878 5462 899 5535 (
912 5459 1081 5524 Idem,
1105 5456 1282 5511 eadem
1300 5452 1534 5525 epistola,
1569 5466 1630 5504 ex
1657 5447 1830 5503 eodem

1920 4806 2185 4870 excitans,
2219 4803 2361 4860 idem
2415 4802 2665 4857 Christus
2704 4812 2807 4863 est.
2852 4819 3017 4860 carne
3045 4821 3105 4861 se
3133 4810 3389 4879 spoliaos.
3423 4812 3530 4869 Na-

1920 4908 2093 4955 turam
2126 4896 2239 4959 Dei,
2274 4898 2325 4950 in
2356 4894 2551 4949 virtute
2574 4896 2983 4951 resurrectionis
3012 4898 3246 4969 intelligo
3270 4920 3283 4956 :
3312 4902 3533 4974 dispen-

1923 4996 2187 5051 sationem
2243 4989 2476 5045 hominis
2524 4988 2578 5043 in
2624 4998 2797 5044 morte
2837 5006 3090 5060 agnosce.
3142 4991 3211 5048 Et
3252 5010 3371 5050 cum
3425 4998 3535 5055 sint

1923 5095 2153 5155 utraque
2182 5083 2295 5137 suis
2340 5090 2489 5153 gesta
2536 5079 2763 5143 naturis.
2820 5096 2985 5136 unum
3034 5092 3210 5140 tamen
3256 5086 3529 5146 Christum

1925 5180 2106 5237 Jesum
2153 5194 2277 5235 eum
2322 5185 2595 5232 memento
2620 5189 2762 5233 esse.
2795 5177 2883 5246 qui
2917 5186 3202 5248 utrumque
3251 5190 3352 5235 est.
3401 5181 3533 5240 Haec

2001 5318 2078 5391 (ί)
2106 5318 2251 5375 “em
2282 5318 2340 5375 δ,
2374 5313 2727 5391 ιεο,.ίὴῑᾱειη
2752 5355 2767 5377 ,
2801 5329 2865 5368 ex
2880 5314 3085 5391 rodom
3114 5315 3171 5371 S.
3202 5314 3424 5372 Hilario.
3460 5319 3537 5374 Ex

1931 5385 2126 5465 quibus
2152 5392 2318 5445 Iecn-r
2350 5386 2641 5465 perpendat
2684 5385 2994 5465 qnamhazc
3037 5387 3195 5465 distet
3236 5401 3466 5458 purpura
3506 5405 3537 5443 a

1934 5457 2127 5522 vitibus
2152 5477 2215 5518 ac
2230 5458 2559 5533 quotidianis
2587 5457 2903 5513 mercatoris
2932 5458 3249 5528 panniculis.

1488 5651 1870 5714 LECTIONES
1904 5646 2319 5709 VARIANTES.

324 5813 753 5912 omnes

329 5876 348 5912 ι’
370 5878 568 5931 ,ωεαυὶ
590 5876 722 5929 ubi).

329 5942 348 5974 ε
373 5940 537 6004 Vagitu
566 5940 702 5993 Labb.

532 6022 794 6091 Panos.
843 6024 923 6083 ν.

2007 5788 2034 5828 τι
2058 5788 2178 5839 Nam
2200 5787 2272 5837 sic
2292 5784 2437 5848 plano
2466 5781 2605 5838 Lnbb.

2008 5862 2031 5885 ⁸⁵
2054 5852 2130 5904 Ne
2155 5852 2225 5900 sic
2248 5850 2392 5904 ιαῡῡ.

2013 5913 2032 5956 f
2061 5914 2188 5968 Hinc
2216 5910 2357 5964 Lubb.
