3950 6328
460 298 565 354 175

1261 293 1318 348 S.
1359 285 1778 348 EUTYCHIAN!
1818 280 2019 340 PAPIE
2059 279 2148 337 ΕΤ
2187 275 2538 337 MAR'I‘YRIS
2583 272 2911 334 EPISTOLA
2953 273 3016 329 Il.

3658 265 3760 323 176

460 447 505 490 et
530 433 654 488 mihi
677 432 978 499 eosdedisti,
1006 441 1051 488 et
1077 447 1357 486 sermonem
1371 441 1514 484 tutmt
1531 435 1874 482 servaverunt.
1903 420 2052 474 Nunc
2081 422 2135 479 Λ
2160 434 2252 472 nos
2278 434 2451 471 sumus
2479 416 2531 469 in
2551 416 2653 494 hoc
2689 412 2904 467 mundo.
2934 409 3114 466 Timor
3143 421 3244 462 non
3273 416 3345 462 est
3375 406 3428 460 in
3469 403 3721 461 cltaritate
3743 448 3760 473 ,

460 538 804 600 cognoverunt
827 529 946 599 quia
973 527 1142 581 omnia
1173 541 1288 595 qua:
1315 512 1501 578 dedisti
1529 523 1673 584 milti,
1706 521 1795 573 abs
1821 530 1870 573 te
1896 525 2013 571 sunt
2037 531 2056 568 .'

457 625 577 691 quia
603 621 752 676 verba
768 637 882 691 quae
900 621 1085 674 dedisti
1103 620 1248 684 nti/ti,
1278 618 1395 674 dedi
1420 619 1512 681 eis,
1530 627 1577 671 et
1594 617 1693 686 ipsi
1715 621 2018 683 acceperunt
2040 624 2060 664 .°

458 729 506 770 et
535 725 879 789 cognoverunt
903 731 1019 768 vere
1036 714 1155 778 quia
1184 731 1215 766 a
1243 723 1288 766 te
1317 712 1484 776 exivi,
1515 720 1562 764 et
1588 707 1914 776 crediderunt
1938 705 2060 773 quia

462 820 517 862 tu
546 826 625 862 me
651 807 850 862 misisti.
876 805 984 878 Ego
1006 823 1098 872 pro
1115 807 1185 859 eis
1197 821 1341 874 rogo,
1368 820 1469 858 non
1492 818 1584 873 pro
1606 800 1794 854 mundo
1809 814 1951 869 roqo,
1971 796 2060 851 sed

464 918 557 967 pro
582 901 653 953 eis
678 916 804 970 quos
834 898 1017 953 dedisti
1047 898 1172 952 mihi
1195 938 1210 963 ,
1239 898 1358 964 quia
1383 897 1456 948 tui
1486 903 1624 948 sunt.
1653 891 1720 945 Et
1748 908 1859 945 mea
1888 890 2061 944 omnia

462 1005 552 1047 tua
572 1005 713 1059 sunt,
744 1004 791 1048 et
820 1003 908 1045 tua
931 1009 1041 1046 mea
1064 1000 1203 1057 sunt,
1234 999 1280 1043 et
1311 989 1625 1056 clariﬁcatus
1651 1003 1765 1040 sum
1790 986 1843 1039 in
1870 985 1963 1038 eis.“
1993 981 2060 1035 Et

451 1092 569 1159 jam
597 1105 700 1142 non
730 1105 842 1141 sum
868 1088 920 1140 in
951 1086 1172 1150 mundo,
1204 1094 1250 1138 et
1275 1084 1328 1137 hi
1353 1084 1405 1136 in
1450 1081 1641 1135 mundo
1673 1091 1829 1144 sunt,
1883 1087 1930 1132 et
1971 1090 2062 1146 ego

463 1182 532 1234 ttd
559 1192 605 1235 te
633 1181 795 1235 venio.
835 1178 993 1232 Pater
1038 1187 1241 1241 sancte,
1276 1191 1420 1230 serva
1465 1191 1548 1228 eos
1599 1175 1654 1227 in
1701 1171 1902 1225 nomine
1951 1178 2058 1234 tuo,

462 1293 588 1345 quos
622 1275 810 1329 dedisti
855 1273 1016 1338 mihi,
1058 1284 1104 1327 et
1156 1288 1313 1325 unum
1352 1271 1474 1335 sint,
1525 1269 1652 1323 sicut
1694 1277 1740 1319 et
1779 1281 1891 1319 nos.
1936 1261 2062 1317 Cum

459 1383 621 1420 essent
647 1365 863 1430 cumeis,
880 1379 970 1434 ego
988 1363 1246 1417 servabam
1266 1378 1350 1415 eos
1380 1362 1431 1414 in
1455 1360 1775 1412 nominetuo.
1808 1355 1949 1422 Quos
1975 1353 2064 1406 de-

462 1458 582 1511 disti
609 1457 753 1520 mihi,
774 1456 1021 1511 custodivi
1046 1471 1062 1508 :
1086 1466 1131 1508 et
1151 1471 1296 1508 nemo
1315 1470 1376 1507 ex
1397 1453 1473 1506 his
1492 1451 1662 1519 periit,
1683 1449 1782 1502 nisi
1797 1449 1934 1515 ﬁlius
1950 1464 2064 1515 per-

464 1550 692 1613 ditionis,
716 1561 769 1604 ut
789 1549 1061 1618 Scriptura
1077 1548 1370 1616 impleatur.
1399 1543 1450 1598 Ν
1455 1560 1553 1597 unc
1574 1553 1744 1598 autem
1758 1541 1825 1594 ad
1839 1551 1885 1595 te
1898 1541 2064 1607 venio,

462 1654 508 1696 et
531 1643 638 1695 luec
661 1644 840 1712 loquor
867 1641 918 1692 in
946 1639 1158 1703 mundo,
1183 1649 1235 1690 ut
1259 1636 1477 1690 habeant
1503 1634 1748 1705 gaudium
1774 1648 1940 1686 meum
1964 1633 2062 1685 int-

462 1737 651 1805 pletum
681 1736 734 1788 in
765 1733 1068 1800 semetipsis.
1118 1730 1225 1800 ligo
1253 1729 1369 1783 dedi
1392 1729 1466 1781 eis
1501 1741 1784 1781 sermonem
1812 1735 1954 1778 tuum
1980 1740 1997 1777 .'
2019 1734 2068 1777 et

2159 510 2249 565 sed
2272 513 2497 579 perfecta
2524 506 2748 560 cltaritas
2776 508 2917 578 foras
2953 503 3105 556 mittit
3141 501 3372 555 timorem
3389 540 3404 566 ,
3429 499 3672 570 quoniam
3701 500 3768 552 ti-

2159 619 2272 656 mor
2296 616 2496 671 paenam
2528 599 2695 654 habet.
2731 597 2832 665 Qui
2877 607 3043 651 autem
3071 595 3244 661 timet,
3277 610 3379 648 non
3409 604 3481 648 est
3509 593 3767 664 perfectus

2159 695 2211 748 in
2243 693 2509 746 charitate.
2549 690 2662 745 Nos
2682 706 2802 760 ergo
2831 689 3109 760 diligamus
3140 686 3323 752 Deum,
3352 685 3594 756 quoniam
3625 684 3767 739 Deus

2161 786 2302 857 prior
2321 784 2502 839 dilexit
2532 800 2645 838 nos.
2677 782 2739 839 Si
2758 781 2870 851 quis
2891 781 3097 847 dixerit,
3121 780 3363 850 quoniam
3386 777 3545 847 diligo
3575 777 3766 842 Deum,

2163 889 2208 933 et
2241 879 2452 948 fratrem
2478 894 2627 933 suum
2651 877 2835 943 oderit,
2865 875 3087 930 mendax
3113 886 3206 929 est.
3235 874 3339 942 Qui
3357 883 3525 927 autem
3555 889 3658 926 non
3684 871 3772 926 di—

2165 974 2281 1043 ligit
2315 977 2527 1043 fratrem
2553 987 2704 1025 suum
2741 986 2890 1040 quem
2915 969 3071 1036 videt,
3102 966 3274 1022 Deum
3302 983 3448 1034 quem
3476 982 3577 1020 non
3609 964 3770 1031 videt,

2163 1064 2414 1132 quomodo
2446 1071 2602 1132 potest
2629 1061 2880 1132 diligere?
2911 1059 2976 1114 Et
3018 1060 3113 1113 hoc
3142 1057 3438 1112 mandatum
3465 1057 3710 1110 habemus
3740 1073 3775 1109 a

2166 1153 2307 1222 Deo,
2343 1168 2396 1209 ut
2441 1155 2526 1226 qui
2567 1153 2734 1224 diligit
2777 1152 2978 1218 Deum,
3027 1151 3208 1222 diligat
3251 1160 3296 1203 et
3343 1153 3554 1221 fratrem
3594 1164 3772 1203 suum.

2170 1247 2348 1302 Omnis
2373 1248 2460 1318 qui
2484 1246 2673 1310 credit,
2706 1245 2946 1316 quoniam
2973 1243 3124 1298 Jesus
3163 1250 3238 1298 est
3278 1241 3507 1297 Christus
3527 1284 3541 1308 ,
3572 1257 3635 1295 ex
3661 1240 3778 1295 Deo

2167 1349 2318 1393 natus
2349 1349 2442 1392 est.
2478 1336 2543 1391 Et
2570 1336 2735 1390 omnis
2757 1337 2846 1406 qui
2875 1335 3042 1406 diligit
3068 1351 3205 1401 eum,
3236 1334 3324 1406 qui
3358 1333 3566 1405 genuit.
3601 1333 3781 1404 diligit

2169 1441 2212 1486 et
2242 1448 2378 1495 eum,
2411 1433 2498 1503 qui
2529 1440 2681 1486 natus
2710 1441 2784 1484 est
2808 1446 2873 1484 ex
2899 1445 2976 1485 eo.
3009 1427 3076 1482 In
3102 1429 3197 1482 hoc
3226 1427 3600 1498 cognoscimus,
3643 1440 3778 1497 quo—

2171 1526 2310 1579 niam
2351 1525 2621 1595 diligemus
2667 1534 2814 1577 natos
2857 1521 2984 1587 Dei,
3023 1539 3138 1576 cum
3183 1519 3347 1574 Deum
3385 1520 3700 1590 diligamus,
3734 1524 3785 1570 et

2172 1618 2416 1671 mandata
2446 1619 2559 1687 ejus
2585 1618 2856 1687 faciamus.
2895 1614 3021 1669 Hinc
3049 1625 3119 1668 est
3144 1614 3278 1669 enim
3307 1612 3534 1667 churitas
3562 1609 3692 1675 Dei,
3725 1619 3785 1665 ut

2172 1711 2414 1765 mandata
2445 1715 2556 1782 ejus
2583 1711 2930 1766 custodiamus
2954 1726 2972 1763 :
2998 1718 3044 1763 et
3068 1707 3309 1762 mandata
3334 1710 3445 1778 ejus
3467 1706 3644 1776 gravia
3672 1720 3785 1758 non

465 1802 682 1884 mundus
702 1827 817 1882 odio
833 1826 1008 1878 habuit
1029 1841 1130 1887 eos,
1149 1824 1269 1875 auia
1293 1839 1392 1876 non
1421 1830 1536 1874 sunt
1553 1820 1616 1873 de
1639 1817 1999 1880 mundo.sicut
2021 1824 2066 1869 et
2096 1825 2144 1885 Β
2169 1817 2286 1862 sunt
2315 1807 2359 1877 (ι
2388 1805 2572 1874 Joan.,
2603 1807 2681 1878 v).
2718 1807 2784 1862 Et
2827 1821 2923 1877 per
2951 1804 3268 1876 prophetam
3287 1844 3302 1870 ,
3338 1802 3614 1868 Dominus,
3655 1814 3780 1854 mo-

463 1939 556 1994 ego
579 1937 679 1975 non
697 1936 810 1974 sum
830 1919 893 1972 de
918 1916 1130 1971 mundo.
1157 1913 1278 1969 Non
1303 1929 1426 1984 rogo
1444 1923 1498 1966 ut
1515 1911 1667 1966 tollas
1680 1927 1762 1964 eos
1777 1911 1840 1963 de
1854 1907 2065 1974 mundo,

459 2015 549 2068 sed
578 2025 632 2067 ut
658 2029 820 2067 serves
855 2027 940 2065 eos
966 2028 998 2063 a
1025 2009 1180 2062 malo.
1213 2006 1289 2060 De
1317 2007 1508 2059 mundo
1548 2021 1647 2058 non
1687 2013 1839 2064 sunt.
1868 2003 1998 2055 sicut
2022 2010 2069 2054 et

461 2125 553 2178 ego
577 2124 678 2162 non
700 2125 811 2161 sum
835 2107 897 2159 de
918 2106 1124 2158 mundo.
1154 2102 1437 2169 Sancti/ica
1457 2116 1542 2154 eos
1560 2100 1613 2152 in
1639 2099 1861 2152 veritate.
1889 2095 2068 2152 Sermo

462 2210 577 2254 tuus
602 2201 785 2254 veritas
811 2209 902 2252 est.
941 2198 1088 2252 Stcut
1113 2208 1168 2250 tu
1199 2211 1277 2248 nte
1307 2193 1489 2246 misisti
1515 2194 1569 2246 in
1607 2190 1873 2255 mundum,
1903 2199 1948 2241 et
1977 2203 2068 2258 ego

465 2294 578 2349 misi
609 2309 693 2347 eos
717 2293 769 2346 in
800 2290 1063 2346 mundum.
1093 2288 1156 2343 Et
1180 2304 1272 2359 pro
1294 2288 1364 2340 eis
1386 2303 1476 2356 ego
1506 2286 1773 2351 sancti/ica
1797 2285 2066 2351 meipsum,

463 2396 516 2438 ut
541 2386 644 2440 sint
671 2394 718 2439 et
746 2384 846 2454 ipsi
870 2382 1174 2449 sanctiﬁcati
1196 2382 1257 2434 in
1276 2380 1502 2432 veritate.
1537 2377 1659 2432 Non
1683 2395 1774 2445 pro
1797 2376 1867 2429 eis
1902 2385 2069 2427 autem

461 2497 586 2551 rogo
614 2489 834 2544 tantunt,
867 2478 956 2533 sed
994 2488 1040 2532 et
1069 2493 1162 2546 pro
1189 2478 1260 2530 eis
1293 2476 1381 2546 qui
1406 2474 1653 2528 credituri
1681 2484 1797 2527 sunt
1829 2488 1920 2542 per
1959 2487 2070 2524 ver-

465 2577 583 2627 bum
611 2589 783 2629 eorum
814 2575 865 2627 in
897 2587 991 2635 me,
1019 2581 1071 2624 ut
1094 2586 1266 2623 omnes
1297 2585 1457 2622 unum
1484 2569 1607 2632 sint,
1638 2579 1683 2621 et
1712 2569 1930 2621 mundus
1959 2582 2070 2620 cre-

463 2669 549 2721 dat
584 2669 704 2739 quia
743 2680 796 2720 tu
826 2685 904 2720 me
933 2666 1136 2719 misisti.
1165 2662 1231 2716 Et
1255 2680 1346 2735 ego
1372 2663 1676 2729 claritatem,
1704 2680 1857 2732 qttam
1887 2663 2072 2716 dedisti

465 2763 621 2827 mihi,
655 2761 772 2814 dedi
801 2761 891 2822 eis.
923 2769 975 2814 ut
999 2760 1100 2814 sint
1129 2774 1306 2812 unum.
1334 2758 1462 2811 sicut
1491 2767 1537 2810 et
1555 2773 1655 2811 .nos
1685 2773 1844 2809 unum
1871 2773 2066 2809 sumus.

466 2854 578 2924 Ego
613 2854 662 2906 in
692 2853 780 2919 eis,
818 2861 861 2906 et
892 2863 945 2905 tu
990 2853 1041 2904 in
1073 2868 1170 2915 me,
1205 2860 1258 2902 ut
1287 2852 1387 2904 sint
1427 2851 1760 2904 consummati
1789 2850 1844 2902 itt
1872 2865 2067 2912 unum.

464 2959 519 3000 ut
548 2957 818 3016 cognoscat
845 2947 1087 3011 mundus,
1115 2948 1235 3012 quia
1265 2956 1318 2998 tu
1344 2961 1422 2998 nte
1452 2945 1664 3010 misisti,
1700 2955 1745 2997 et
1776 2944 1934 2998 dilexi
1964 2960 2068 3006 eos,

462 3042 592 3094 sient
618 3048 667 3093 et
693 3056 771 3093 me
795 3040 1040 3092 dilexisti.
1078 3037 1255 3102 Pater,
1286 3054 1410 3102 quos
1452 3037 1634 3090 dedisti
1663 3037 1820 3100 mihi,
1852 3038 1986 3103 volo,
2018 3046 2072 3090 ut

464 3137 550 3189 ubi
580 3151 672 3206 ego
710 3150 822 3186 sunt
843 3175 857 3198 ,
888 3142 933 3186 et
959 3131 1034 3186 illi
1061 3132 1162 3184 sint
1201 3147 1425 3196 mecum,
1462 3142 1516 3182 ut
1558 3131 1758 3184 videant
1787 3131 2070 3183 claritatem

2172 1900 2386 1964 nt-ndo,
2435 1916 2502 1956 ne
2542 1899 2808 1955 lzedantur
2846 1898 3094 1969 discipuli
3148 1897 3265 1960 sui,
3299 1893 3607 1965 horumque
3649 1906 3785 1949 suc-

2172 2007 2442 2056 cessores,
2475 1993 2648 2063 inquit
2676 1991 2872 2056 (Psal.,
2909 2007 3080 2055 χχιιι,
3113 2006 3175 2045 ex
3200 2005 3332 2043 vers.
3368 1987 3430 2042 S.
3474 1984 3788 2057 Hieronymi

2172 2104 2326 2157 quant
2344 2103 2460 2140 cum
2482 2096 2643 2142 vetere
2667 2097 2714 2141 et
2733 2085 2918 2140 Italica
2936 2081 3226 2155 permiscet)
3257 2100 3274 2136 :
3304 2080 3604 2138 Circumdat
3626 2098 3790 2153 auge-

2174 2179 2254 2234 lus
2275 2179 2483 2234 Domini
2510 2182 2563 2234 in
2585 2197 2715 2252 ggra
2731 2180 2960 2234 timentes
2977 2195 3109 2245 eum,
3139 2187 3186 2232 et
3203 2186 3340 2234 eruet
3366 2193 3471 2233 eos.
3495 2174 3716 2231 (instate
3738 2185 3788 2229 et

2174 2272 2355 2339 uidete,
2382 2274 2624 2343 quoniam
2654 2273 2815 2327 bonus
2834 2283 2905 2328 est
2933 2271 3206 2326 Dominus.
3237 2271 3427 2325 Beatus
3453 2271 3530 2325 vir
3554 2271 3644 2339 qui
3669 2287 3788 2341 spe-

2174 2377 2254 2420 rat
2279 2367 2332 2420 in
2359 2383 2436 2420 eo.
2471 2365 2665 2421 Timete
2688 2366 2982 2432 Dominum,
3004 2383 3178 2421 omnes
3196 2366 3359 2420 sancti
3383 2367 3517 2436 ejus,
3541 2366 3787 2436 quoniam

2175 2476 2278 2512 non
2303 2469 2376 2513 est
2402 2459 2578 2529 inopia
2613 2459 2904 2514 timentibus
2947 2476 3080 2512 eum.
3116 2457 3311 2512 Leones
3340 2458 3672 2529 indiguerunt
3691 2500 3705 2518 ,
3737 2468 3788 2511 et

2174 2554 2456 2606 esurierunt
2493 2568 2510 2606 :
2549 2552 2890 2623 quterentibus
2928 2550 3238 2616 Dominum,
3281 2567 3385 2605 non
3431 2550 3590 2605 deerit
3635 2567 3787 2605 omne

2175 2646 2384 2700 bonunt.
2432 2645 2730 2712 Ambulate,
2761 2646 2887 2715 ﬁlii,
2931 2647 3103 2699 audite
3150 2661 3264 2712 me,
3298 2645 3527 2699 timorem
3577 2644 3787 2699 Domini

2176 2739 2365 2793 docebo
2391 2754 2496 2793 vos.
2533 2739 2662 2806 Quis
2689 2748 2762 2794 est
2792 2739 2868 2792 vir
2889 2740 2978 2809 qui
3003 2740 3120 2793 velit
3165 2740 3340 2805 vitam,
3371 2738 3537 2810 diligit
3568 2737 3678 2792 dies
3707 2738 3788 2791 vi-

2177 2831 2294 2884 dere
2319 2829 2475 2884 bonos
2494 2830 2519 2882 ἔ)
2549 2828 2759 2884 Custodi
2787 2831 3017 2902 linguam
3039 2838 3179 2883 tuam
3209 2846 3240 2883 a
3269 2830 3425 2894 ntalo,
3458 2840 3506 2883 et
3533 2829 3672 2883 labia
3699 2840 3789 2883 tua

2177 2942 2240 2978 ne
2269 2927 2544 2995 loquantur
2590 2927 2785 2981 dolum.
2819 2925 3023 2981 Recede
3063 2943 3095 2980 a
3139 2926 3307 2990 malo,
3341 2935 3389 2980 et
3439 2928 3522 2998 fac
3553 2927 3743 2981 bonum
3769 2943 3788 2981 :

2178 3037 2348 3092 quwre
2377 3037 2585 3090 pacem,
2616 3031 2662 3075 et
2691 3037 2991 3092 persequere
3028 3035 3162 3074 eam.
3200 3020 3354 3074 Oculi
3380 3017 3591 3074 Domini
3630 3036 3790 3090 super

2171 3114 2363 3182 justas,
2392 3122 2440 3166 et
2465 3129 2614 3167 aures
2637 3114 2746 3183 ejus
2769 3113 2838 3166 ad
2867 3114 3141 3168 clamorem
3164 3129 3356 3166 eorum.
3404 3111 3585 3167 Vultus
3613 3123 3790 3167 autent

468 3248 652 3297 nteant,
681 3246 833 3300 quam
872 3227 1056 3280 dedisti
1097 3225 1222 3278 mihi
1244 3267 1256 3289 ,
1287 3226 1407 3294 quia
1436 3225 1661 3277 dilexisti
1694 3241 1771 3277 me
1810 3234 1928 3278 ante
1954 3240 2070 3277 con.

2179 3204 2392 3259 Domini
2417 3206 2469 3259 in
2508 3206 2748 3275 facientes
2775 3206 2969 3260 malum
2990 3248 3006 3274 ,
3037 3218 3092 3258 ut
3122 3207 3301 3278 perdat
3337 3206 3400 3260 de
3428 3216 3564 3261 terra
3590 3223 3791 3261 memo-

469 3325 780 3378 stitutiouem
811 3321 1016 3374 mundi.
1054 3317 1211 3372 I’ater
1229 3321 1391 3389 juste,
1425 3319 1643 3371 mundus
1666 3328 1720 3371 te
1747 3336 1848 3372 non
1890 3335 2076 3389 cogno-

469 3420 559 3481 vit,
592 3435 681 3487 ego
701 3425 868 3469 autem
897 3425 944 3469 te
963 3415 1204 3484 cognovi,
1233 3421 1279 3465 et
1303 3413 1356 3465 hi
1377 3421 1736 3482 cognoverunt,
1768 3412 1890 3476 quia
1920 3422 1973 3466 tu
1998 3429 2078 3465 me

471 3511 674 3564 misisti.
704 3508 770 3563 Et
789 3520 962 3562 notum
984 3507 1080 3574 feci
1105 3507 1175 3560 eis
1202 3522 1382 3559 nomen
1407 3518 1572 3572 tuum,
1598 3516 1643 3559 et
1665 3515 1840 3559 notum
1865 3505 2073 3573 faciam,

470 3613 524 3654 ut
550 3603 752 3657 dilectio
771 3644 784 3666 ,
816 3618 915 3671 qua
943 3600 1168 3654 dilexisti
1197 3615 1292 3662 me,
1319 3598 1370 3650 in
1398 3599 1521 3664 ipsis
1543 3600 1626 3659 sit,
1658 3609 1703 3651 et
1730 3615 1823 3668 ego
1847 3599 1898 3652 in
1928 3600 2073 3666 ipsis.

476 3696 544 3752 Et
571 3697 712 3751 idem
756 3694 994 3748 Joannes
1025 3692 1301 3763 apostolus
1330 3701 1384 3746 et
1419 3691 1773 3762 evangelista,
1806 3695 1857 3745 in
1907 3693 2075 3760 prima

474 3807 566 3846 sua
592 3789 837 3858 epistola,
869 3786 1121 3856 loquitur,
1141 3783 1327 3840 dicens
1354 3783 1398 3856 (Ι
1421 3783 1579 3837 Joan.
1612 3782 1686 3854 μ’)
1713 3804 1724 3837 :
1752 3785 2073 3850 Charissimi,

474 3884 749 3953 diligamus
765 3878 1135 3947 invicem,-quia
1151 3877 1377 3931 charitas
1394 3893 1454 3930 ex
1485 3875 1586 3930 Deo
1614 3887 1684 3930 est
1711 3895 1722 3931 :
1747 3887 1793 3931 et
1815 3878 1979 3932 omnis
1992 3878 2078 3943 qui

473 3979 662 4048 diligit,
697 3992 758 4030 ex
791 3974 895 4028 Deo
941 3981 1088 4026 natus
1119 3979 1227 4036 est,
1257 3980 1304 4024 et
1331 3970 1591 4041 cognoscit
1621 3967 1804 4025 Deum.
1843 3970 1945 4038 Qui
1975 3987 2076 4024 non

476 4078 665 4148 diligit,
697 4092 799 4128 nou
829 4074 965 4127 novit
994 4071 1177 4134 Deum,
1209 4069 1328 4137 quia
1362 4066 1498 4120 Deus
1515 4068 1736 4121 citat-itas
1761 4076 1851 4120 est.
1884 4066 1951 4120 In
1982 4067 2076 4119 hoc

478 4171 718 4242 apparuit
753 4168 976 4222 cltoritus
1010 4165 1100 4218 Dei
1147 4168 1200 4218 in
1236 4161 1406 4226 nobis,
1440 4162 1678 4232 quoniam
1711 4159 1904 4213 Filium
1931 4177 2077 4213 suum

477 4266 796 4337 unigenitum
815 4262 948 4315 misit
973 4259 1107 4314 Deus
1126 4261 1175 4312 in
1203 4257 1470 4314 mundum.
1498 4267 1550 4308 ut
1579 4257 1804 4309 vivamus
1830 4269 1917 4322 per
1939 4269 2071 4306 eunt.

479 4361 506 4414 1
517 4379 548 4414 n
572 4362 666 4413 hoc
687 4367 758 4412 est
779 4355 1022 4419 c/taritas,
1049 4369 1147 4405 non
1166 4351 1311 4422 quasi
1326 4367 1416 4403 nos
1435 4349 1763 4403 dilexerinius
1785 4347 1966 4412 Deum,
1992 4348 2080 4401 sed

476 4454 716 4525 quoniam
736 4452 845 4520 ipse
860 4448 1038 4502 dtlexit
1058 4463 1170 4510 nos,
1189 4455 1233 4497 et
1249 4444 1384 4497 misit
1401 4442 1567 4510 ﬁlium
1589 4459 1734 4495 suum
1755 4441 2079 4513 propitiatio-

477 4565 592 4602 uem
615 4565 629 4618 ι
649 4561 707 4600 ro
730 4543 944 4611 peccatis
975 4540 1176 4594 nostris.
1201 4536 1498 4590 Charissimi
1517 4577 1529 4598 ,
1561 4535 1604 4587 si
1629 4535 1700 4586 sic
1730 4532 1866 4586 Deus
1893 4532 2072 4586 dilexit

2179 3300 2310 3352 riam
2335 3315 2530 3354 eorum.
2565 3299 2921 3354 Clamaverunt
2956 3301 3119 3371 justi,
3151 3309 3196 3354 et
3235 3299 3484 3355 Dominus
3525 3302 3793 3355 exaudivit

2181 3408 2284 3453 eos.
2316 3402 2362 3446 et
2389 3408 2452 3446 ex
2478 3392 2713 3446 onmibus
2755 3392 3169 3448 tribulationibus
3211 3409 3385 3447 eorum
3419 3394 3647 3448 liberauit
3675 3410 3789 3449 eos.

2179 3487 2345 3542 Juxta
2374 3497 2448 3542 est
2472 3486 2724 3542 Dominus
2750 3488 2983 3542 contritis
3007 3488 3180 3553 corde,
3210 3497 3256 3542 et
3280 3487 3572 3558 confractos
3597 3490 3794 3556 spiritu

2179 3581 2414 3635 salvabit.
2450 3579 2616 3634 Multa
2647 3582 2783 3634 ntala
2801 3584 2967 3652 justo,
2996 3591 3042 3635 et
3067 3597 3130 3635 ex
3155 3581 3386 3635 omnibus
3420 3581 3524 3635 illis
3555 3580 3795 3636 liberabit

2181 3690 2293 3727 eum
2312 3672 2580 3728 Dominus.
2605 3670 2835 3728 Custodit
2866 3672 3117 3727 Dominus
3138 3672 3309 3726 omnia
3331 3689 3445 3727 ossa
3470 3673 3603 3744 ejus,
3627 3690 3795 3729 unum

2181 3784 2243 3822 ex
2267 3768 2344 3822 his
2371 3783 2472 3821 non
2509 3767 2875 3840 confringetur.
2916 3766 3199 3838 lnter/iciet
3224 3768 3438 3838 impium
3467 3769 3664 3824 malitia
3688 3813 3705 3836 ,
3740 3781 3797 3826 et

2181 3862 2406 3916 odientes
2419 3863 2621 3934 justum
2646 3863 3004 3932 culpabuntur.
3036 3860 3271 3916 Redimet
3307 3860 3555 3916 Dominus
3581 3864 3794 3918 animas

2180 3971 2441 4009 servorum
2482 3971 2726 4020 suorum,
2773 3966 2819 4009 et
2865 3953 3096 4009 liberabit
3138 3971 3240 4010 eos.
3291 3953 3393 4008 Vos
3419 3971 3572 4025 ergo,
3602 3955 3797 4024 fratres

2183 4047 2379 4118 (Psal.,
2425 4050 2567 4119 Liv),
2613 4065 2764 4121 super
2797 4047 3073 4102 Dominum
3117 4051 3291 4119 ponite
3328 4047 3486 4102 corda
3510 4060 3711 4113 vestra,
3741 4058 3796 4104 et

2181 4144 2290 4214 ipse
2319 4144 2536 4198 enutriet
2562 4158 2668 4206 vos,
2700 4143 2823 4213 quia
2851 4159 2955 4196 non
2985 4141 3123 4196 dabit
3150 4142 3204 4194 in
3227 4151 3468 4195 teternum
3499 4141 3800 4212 ﬂuctuatio-

2183 4253 2296 4290 nem
2319 4237 2494 4306 justis.
2530 4234 2670 4290 Deus
2697 4246 2864 4290 autem
2897 4235 3148 4290 Dominus
3178 4245 3348 4289 noster
3371 4233 3584 4289 deducet
3613 4235 3800 4289 inimi-

2189 4347 2272 4384 cos
2295 4341 2514 4396 nostros,
2537 4331 2685 4399 juxta
2713 4329 2994 4400 Propheta
3017 4343 3223 4392 vocem,
3244 4329 3296 4380 in
3321 4337 3526 4392 puteum
3553 4327 3796 4384 interitus

2183 4425 2424 4491 quoniam
2453 4423 2547 4476 viri
2573 4424 2880 4491 sanguinum
2905 4431 2952 4477 et
2979 4421 3143 4475 dolosi
3170 4437 3273 4475 non
3302 4419 3645 4474 dimidiabunt
3674 4420 3792 4476 dies

2191 4530 2328 4568 suos.
2369 4513 2477 4570 Vox
2501 4527 2668 4570 autem
2687 4533 2884 4587 semper
2901 4527 3102 4583 sperate
3121 4515 3175 4569 in
3204 4514 3448 4581 Domino,
3469 4524 3516 4569 et
3541 4513 3798 4584 fiduciam

480 4660 592 4708 nos,
621 4654 670 4696 ct
695 4657 785 4694 nos
813 4637 1045 4692 debemus
1072 4634 1372 4686 alterutrum
1399 4630 1630 4700 diligere.
1659 4627 1822 4680 Deum
1847 4643 1994 4680 nemo
2016 4626 2070 4679 vi-

2189 4607 2417 4662 Itabetote
2444 4610 2497 4662 in
2526 4625 2606 4675 eo,
2629 4611 2749 4680 quia
2779 4611 2889 4680 ipse
2912 4609 3145 4665 liberabit
3171 4627 3283 4666 nos.
3309 4607 3336 4662 l
3343 4627 3431 4680 pse
3455 4621 3527 4666 est
3547 4611 3680 4664 enim
3705 4611 3799 4665 be-

480 4739 554 4791 dit
583 4750 842 4805 umquam.
874 4732 931 4791 Si
955 4729 1228 4800 diligamus
1250 4725 1479 4789 invicem,
1515 4725 1648 4776 Deus
1667 4723 1719 4776 in
1734 4723 1877 4775 nobis
1909 4729 2075 4774 manet

481 4842 526 4884 et
543 4830 763 4883 Charitas
777 4829 886 4896 ejus
910 4826 962 4877 in
989 4822 1129 4876 nobis
1157 4823 1382 4889 perfecta
1399 4827 1488 4870 est.
1511 4815 1574 4868 In
1595 4816 1689 4868 hoc
1717 4815 2070 4886 intelligimus,

483 4923 721 4992 quoniam
757 4922 807 4974 in
855 4935 912 4973 eo
944 4929 1224 4977 manemus,
1253 4922 1299 4964 et
1326 4913 1434 4978 ipse
1463 4910 1515 4962 in
1555 4907 1714 4972 nobis,
1747 4909 1986 4977 quoniam
2016 4906 2078 4960 de

483 5020 666 5089 spiritu
706 5031 797 5070 suo
823 5012 960 5066 dedit
987 5009 1146 5064 nobis.
1185 5005 1248 5059 Et
1286 5021 1377 5057 uos
1404 5002 1619 5055 vidimus
1647 5011 1693 5056 et
1725 5001 2073 5068 testiﬁcantur,

484 5115 721 5185 quoniam
754 5108 906 5161 Pater
943 5105 1073 5158 misit
1109 5101 1300 5156 Filium
1344 5113 1491 5151 suunt
1533 5097 1831 5150 salvatorem
1877 5093 2074 5147 mundi.

487 5208 726 5277 Quisquis
747 5202 1004 5271 confessus
1033 5198 1215 5267 fuerit,
1240 5193 1478 5264 quoniam
1502 5190 1536 5243 Ι
1541 5207 1652 5244 esus
1689 5199 1760 5243 est
1781 5191 1920 5259 ﬁlius
1943 5187 2073 5252 Dei,

479 5304 623 5360 Deus
652 5302 702 5353 in
727 5314 782 5352 eo
808 5303 974 5348 manet
1005 5302 1049 5346 et
1075 5297 1185 5360 ipse
1208 5290 1261 5342 iu
1291 5287 1416 5340 Deo.
1452 5284 1518 5338 Et
1541 5300 1631 5337 nos
1655 5284 1872 5336 vidimus
1898 5294 1944 5336 et
1976 5299 2081 5336 cre-

480 5397 704 5450 didimus
724 5388 982 5450 charitati,
1011 5401 1160 5454 quam
1187 5381 1331 5435 habet
1357 5378 1496 5433 Deus
1523 5379 1574 5430 iu
1607 5376 1767 5439 nobis,
1797 5375 1932 5430 Deus
1957 5376 2082 5429 cha-

477 5491 601 5544 ritas
630 5496 700 5541 est
725 5501 741 5538 :
765 5494 810 5536 et
846 5480 930 5551 qui
966 5486 1131 5532 manet
1168 5476 1222 5527 in
1265 5473 1535 5534 cltart'tate,
1573 5470 1627 5523 in
1665 5470 1767 5522 Deo
1796 5478 2002 5535 manet,
2033 5476 2080 5521 et

481 5581 647 5636 Deum
680 5581 732 5631 in
759 5592 836 5630 eo.
870 5571 936 5625 In
965 5573 1057 5624 hoc
1094 5567 1318 5636 perfecta
1346 5573 1418 5618 cst
1443 5562 1666 5616 charitas
1697 5560 1955 5614 nobiscum
1976 5602 1989 5625 ,
2026 5571 2082 5614 ttt

483 5677 723 5747 fiduciam
752 5669 1027 5727 habeamus
1054 5666 1106 5718 in
1137 5664 1217 5717 die
1235 5658 1450 5733 jttdicii,
1479 5658 1599 5730 quia
1627 5657 1759 5712 sicut
1785 5655 1872 5710 ille
1911 5665 2006 5723 est,
2036 5664 2081 5710 ct

2186 4701 2414 4755 uedictus
2459 4719 2491 4754 a
2528 4703 2717 4756 steculo
2773 4719 2930 4773 usque
2974 4703 3027 4756 in
3064 4703 3346 4770 steculum,
3401 4711 3449 4755 et
3493 4702 3637 4772 regni
3677 4703 3798 4772 ejus

2185 4809 2284 4847 non
2331 4793 2425 4847 erit
2472 4793 2591 4860 ﬁnis
2620 4792 2771 4865 (Luc,
2803 4792 2842 4866 ι)
2900 4794 3026 4848 Data
3068 4794 3280 4850 decimo
3319 4794 3479 4851 tertio
3527 4793 3796 4850 kalendas

2183 4885 2416 4940 ocmbris
2449 4886 2628 4958 (unum
2655 4887 2761 4941 285
2783 4884 2833 4957 ),
2865 4884 3004 4942 Caro
3045 4885 3296 4944 Secundo
3324 4896 3380 4943 ct
3427 4886 3627 4943 Carino
3656 4886 3796 4944 viris

2182 4980 2499 5035 clarissimis
2532 4979 2848 5035 consulibus
2881 4979 2984 5052 (l).

2254 5095 2334 5168 (l)
2379 5098 2448 5152 i5
2479 5097 2680 5151 kalend.
2714 5099 2877 5152 octob.
2934 5096 3066 5152 Caro
3097 5141 3111 5162 ,
3167 5106 3272 5153 etc.
3329 5095 3462 5153 Hinc
3496 5097 3796 5153 conﬁrma-

2184 5178 2288 5233 tur,
2315 5169 2456 5237 «μιυά
2489 5184 2652 5241 supra
2697 5169 2946 5241 diximus
2989 5171 3039 5224 in
3096 5170 3238 5223 notis
3289 5169 3353 5223 ad
3385 5168 3559 5224 Vitam
3614 5168 3792 5241 Euty-

2183 5242 2393 5304 chiaui,
2444 5239 2621 5296 verlits
2655 5260 2668 5296 :
2713 5252 2879 5297 octav.
2929 5239 3135 5295 kalend.
3171 5242 3394 5312 augusti,
3431 5243 3610 5295 verius
3641 5239 3791 5303 esse.

2189 5312 2585 5384 Eutycltiuuum
2619 5323 2772 5366 sexta
2805 5315 2924 5369 idus
2953 5312 3278 5384 decetttbris,
3314 5329 3420 5384 non
3447 5323 3628 5367 autem
3658 5323 3789 5368 octo

2186 5383 2442 5439 kalendas
2462 5386 2667 5454 augusu
2687 5426 2702 5450 ,
2732 5384 3050 5440 decessisse.
3085 5383 3207 5439 Hum
3230 5383 3454 5455 epistola
3484 5384 3631 5440 enim
3665 5392 3795 5455 post

2185 5466 2468 5527 augustum
2523 5471 2709 5511 Iliense
2763 5456 3054 5526 septetnbri
3113 5456 3310 5522 scripta
3353 5465 3436 5510 est
3483 5475 3496 5510 :
3549 5455 3788 5527 ideoque

2185 5526 2546 5584 certissimum
2579 5538 2682 5594 est,
2718 5543 2841 5584 eum
2870 5530 3083 5592 saltem,
3107 5528 3250 5597 quod
3277 5527 3463 5582 scribit
3495 5526 3790 5597 pontiﬁca-

2185 5600 2282 5729 llis,
2318 5615 2503 5656 mense
2525 5599 2661 5671 julio
2689 5615 2754 5657 ex
2784 5600 2881 5656 hac
2912 5599 3015 5655 vita
3065 5616 3172 5657 non
3225 5604 3538 5668 emtgrasse.
3581 5597 3790 5656 Ssvn.

2233 5687 2391 5728 INIUS.

2233 5687 2391 5728 ΙΝΙυί
