3950 6370
163 454 238 509 177
960 449 1017 503 ς.
1065 442 1476 503 EUTYCHIANI
1519 442 1718 500 ΡΑΡᾹΞ

1889 441 2245 499 MARTYRIS
2275 442 2592 498 DECRETA
2607 483 2619 496 .

3345 445 3444 497 I78

363 673 1262 790 nucum-ra
1354 671 2529 788 nuncnum
2598 673 3219 824 nam,

161 945 208 1003 δι
245 943 300 1001 1N
361 943 514 1001 lPSO
571 939 1004 1000 EUTYCHlA-Nl
1058 937 1314 994 NOMINE
1375 938 1609 994 EltllOlt
1669 935 1803 992 NON
1861 935 2013 1003 EST,
2067 937 2232 1007 owe
2291 937 2428 994 NON
2486 939 2864 996 HABENTUR
2932 939 2998 995 IN
3059 939 3447 1007 PRIORIBUS,

707 1041 754 1094 Α
811 1033 1080 1093 LABBEO
1136 1031 1502 1090 DESUMPTA
1564 1031 1660 1087 EX
1721 1030 2078 1088 GRATIANO
2131 1032 2222 1088 ET
2282 1032 2493 1090 IVONE
2548 1032 2636 1090 ET
2677 1033 2877 1091 ALllS.

832 1254 1047 1296 PBIIUI.

163 1344 260 1401 Non
284 1354 350 1400 est
369 1339 721 1398 obedientium
752 1337 1009 1407 episcopo,
1033 1333 1120 1405 qui
1145 1345 1238 1403 pro
1262 1326 1513 1384 luereticis
1535 1328 1746 1382 missam

765 1449 946 1487 canere
965 1432 1123 1495 iubet.

218 1554 262 1610 Si
286 1554 401 1624 quis
427 1552 752 1624 episc0pns,
786 1558 880 1604 aut
915 1548 1116 1610 abbas.
1150 1545 1470 1618 presbytero
1496 1550 1586 1596 aut
1627 1553 1745 1595 mo-

167 1651 308 1705 nacho
330 1663 434 1704 suo
469 1647 701 1718 jusserit
729 1646 924 1700 missas
963 1659 1059 1713 pro
1088 1641 1354 1698 Itmreticis
1380 1639 1460 1710 (l)
1485 1644 1706 1691 cantare
1727 1675 1742 1702 ,

158 1759 242 1801 non
265 1744 402 1800 licet.
438 1740 555 1797 Non
584 1740 733 1798 enim
760 1738 977 1810 expedit
1003 1739 1081 1795 ris
1109 1735 1342 1793 obedire.

786 1870 1086 1912 SBCUNDUI.

187 1953 433 2008 Abbatissa
461 1967 778 2024 prorsum
819 1951 985 2005 velare
1024 1947 1267 2020 virginem
1285 1989 1300 2014 ,
1332 1946 1408 2001 vel
1433 1945 1670 2011 viduam,

713 2042 1204 2098 excommunicetnr.

219 2139 570 2194 Nihilominus
592 2139 760 2194 etiam
784 2137 838 2190 in
863 2133 1185 2206 quibusdam
1209 2133 1344 2187 locis
1371 2131 1644 2186 insolitum
1662 2131 1744 2185 in-

166 2231 384 2285 venimus
415 2247 572 2286 usum
604 2229 850 2285 stultitia:
879 2227 1123 2298 plenum,
1150 2235 1204 2280 et
1232 2223 1617 2279 ecclesiasticas
1641 2237 1742 2277 au-

164 2323 368 2377 ctoritati
399 2323 758 2386 contrarium,
793 2335 862 2375 eo
889 2318 1031 2391 quod
1065 2316 1323 2372 videlicet
1351 2316 1628 2371 nonnulla:
1649 2314 1746 2369 ab-

165 2415 387 2476 batisszn,
420 2426 476 2470 et
517 2415 714 2486 aliqua:
759 2429 825 2469 ex
873 2409 1417 2473 sanctimonialibus,
1465 2408 1640 2462 viduis
1689 2418 1746 2463 et

165 2507 333 2578 puellis
364 2507 689 2578 virginibus,
718 2517 909 2561 contra
939 2504 1040 2570 fas,
1069 2502 1249 2558 velum
1291 2503 1571 2572 imponere
1602 2515 1744 2571 prae-

169 2614 354 2657 sumant
377 2645 394 2667 .
421 2613 478 2658 et
508 2601 632 2656 ideo
662 2601 936 2656 nonnullae
967 2599 1167 2670 injuste
1208 2596 1401 2652 velatae
1448 2604 1638 2666 putant
1686 2609 1746 2650 se

169 2697 365 2754 liberius
395 2698 513 2753 suis
550 2697 860 2752 carnalibus
897 2693 1183 2750 desideriis
1225 2706 1386 2763 posse
1416 2691 1622 2746 servire
1643 2731 1659 2758 ,
1692 2698 1750 2744 et

169 2806 272 2845 suas
297 2791 604 2846 voluntates
635 2790 877 2861 explere.
904 2787 1249 2858 Quapropter
1270 2785 1582 2847 statuimus,
1618 2794 1674 2838 ut
1702 2783 1750 2838 si

167 2884 414 2939 abbatissa
443 2893 538 2938 aut
561 2882 818 2954 qmelibet
845 2879 1297 2946 sanctimonialis,
1335 2887 1454 2948 post
1483 2877 1624 2932 hanc
1651 2875 1748 2932 de-

170 2975 444 3031 ﬁnitionem
467 3019 483 3040 ,
520 2976 569 3030 in
619 2983 822 3030 tantam
869 2973 1148 3030 audaciam
1195 2971 1498 3041 proruperit
1522 3013 1537 3037 ,
1573 2981 1624 3024 ut
1657 2978 1753 3025 aut

170 3069 361 3124 viduam
386 3080 480 3122 aut
510 3067 743 3138 puellam
770 3068 1029 3138 virginem
1055 3067 1236 3120 velare
1264 3073 1581 3134 prmsumat,
1607 3061 1753 3133 judi-

169 3163 240 3215 cio
265 3160 527 3217 canonico
556 3175 732 3231 usque
774 3159 1309 3214 ad‘satisl‘actionem
1351 3155 1610 3210 subdatur
1641 3152 1752 3224 (In

167 3256 332 3313 terret.
358 3256 468 3312 Ivo.
495 3257 584 3312 lib.
614 3269 696 3325 tu,
719 3255 810 3321 20,
842 3271 894 3326 q.
917 3254 972 3309 2.
999 3253 1286 3308 Statuimus
1307 3260 1363 3306 ut
1389 3250 1433 3305 si
1450 3247 1750 3320 abbatissa.)

821 3385 1076 3426 TBRTIUI.

169 3467 410 3525 Fidelium
457 3466 717 3523 consortio
761 3473 974 3532 careat,
1021 3464 1110 3533 qui
1149 3461 1500 3535 paenitentiam
1536 3461 1753 3532 perjurii

745 3576 896 3631 agere
917 3559 1159 3614 noluerit.

229 3679 628 3738 Praedicaudum
659 3687 746 3733 est
772 3675 970 3742 etiam,
998 3685 1054 3730 ut
1086 3674 1381 3745 pcrjurium
1429 3671 1618 3726 ﬁdeles
1659 3685 1753 3726 ca-

169 3785 329 3840 veant,
356 3786 408 3832 et
439 3775 508 3828 ab
529 3773 637 3828 hoc
661 3784 1011 3839 summOperc
1031 3767 1360 3833 abstineant,
1386 3765 1620 3821 scientes
1652 3762 1756 3818 hoc

169 3868 354 3936 grande
379 3867 566 3925 scelus
596 3879 744 3929 esse,
779 3871 835 3918 et
876 3861 929 3916 in
965 3862 1082 3932 lege
1122 3871 1174 3915 et
1205 3859 1256 3913 in
1292 3858 1571 3928 prophetis
1617 3867 1670 3912 et
1699 3857 1755 3911 in

171 3964 498 4037 Evangelium
516 3961 849 4035 prohibitum
872 3958 1082 4033 (Leuit.,
1101 3972 1177 4022 vi;
1199 3956 1382 4021 Iosue,
1403 3971 1476 4018 Ix;
1494 3952 1750 4022 Malach.,

172 4076 250 4124 Ill;
277 4059 486 4125 lauti"
516 4058 592 4130 v).
629 4053 951 4110 Audivimus
980 4060 1158 4108 autem
1184 4048 1445 4121 quosdam
1468 4047 1752 4118 parvipen-
1779 4044 1823 4106 C

173 4153 286 4210 dere
301 4155 394 4210 hoc
407 4153 614 4215 scelus,
629 4160 688 4207 et
702 4150 875 4206 levem
891 4143 1292 4216 quodammodo
1309 4140 1558 4212 perjuriis
1583 4139 1755 4209 putui-

172 4248 334 4302 tentise
348 4245 570 4302 modum
591 4246 893 4313 imponere.
915 4239 1016 4308 Qui
1046 4252 1206 4293 nosse
1232 4235 1453 4300 debent,
1488 4233 1651 4288 talem
1684 4232 1755 4289 de

173 4341 384 4410 perjurio
414 4337 792 4410 penitentiam
824 4332 1025 4402 imponi
1065 4330 1294 4391 debere,
1326 4328 1537 4399 qualem
1586 4335 1641 4382 et
1685 4325 1754 4381 de

169 4433 438 4499 adulterio,
471 4431 623 4488 etde
654 4428 1034 4491 fornicatione,
1058 4434 1113 4478 ct
1143 4421 1211 4477 dc
1240 4419 1531 4476 liomiridio
1560 4427 1755 4489 sponte

171 4529 439 4583 commisso
462 4570 477 4591 ,
506 4534 563 4582 et
591 4523 660 4578 de
705 4519 917 4576 (ueteris
942 4515 1314 4574 criminalibus
1354 4511 1517 4568 vitiis.
1548 4510 1606 4566 Si
1635 4511 1756 4581 quis

172 4637 288 4677 vero
313 4627 622 4692 perpetrato
655 4616 912 4688 pcrjurio,
945 4622 1038 4668 aut
1065 4609 1308 4682 quolibet
1332 4607 1598 4664 criminnli
1631 4621 1750 4677 pec-

171 4727 302 4781 cato,
331 4717 524 4772 timens
570 4710 942 4784 paenitentiam
977 4708 1187 4777 longam
1207 4746 1222 4770 ,
1253 4701 1321 4756 ad
1349 4699 1754 4756 conifeSsionem

174 4811 342 4865 venire
367 4807 598 4862 viiluerit
619 4846 635 4870 ,
667 4805 734 4860 ab
777 4800 1018 4859 Ecclesia
1058 4795 1401 4869 repellendus
1425 4804 1546 4862 est,
1578 4793 1693 4850 sive
1723 4810 1754 4850 a

172 4901 532 4959 communione
559 4908 613 4954 et
637 4895 915 4954 consortio
943 4891 1202 4955 ﬁdelium,
1236 4900 1297 4945 ut
1324 4887 1503 4944 nullus
1534 4903 1655 4943 cum
1681 4903 1749 4944 eo

170 4997 404 5055 coriiedat
423 5040 438 5063 ,
471 5009 647 5066 neque
677 4992 860 5061 bibat,
899 5003 1076 5061 neque
1107 4997 1226 5044 oret
1252 5027 1268 5056 ,
1303 4998 1480 5057 neque
1509 4983 1563 5040 in
1593 4982 1755 5040 domo

175 5105 264 5146 sua
290 5107 407 5148 eum
441 5089 686 5160 recipiat.

801 5196 1072 5248 QUARTUI.

177 5279 397 5336 Membra
424 5281 748 5343 detmcans.
779 5277 958 5332 domos
986 5271 1284 5339 incendens,
1314 5271 1507 5342 absque
1523 5269 1758 5339 iudiciali

549 5373 848 5430 auctoritate
873 5365 1358 5426 excommunicetur.

244 5488 303 5546 Si
330 5490 442 5562 quis
463 5489 824 5547 membrorum
858 5482 1250 5545 truncationes.
1272 5488 1327 5536 et
1350 5478 1636 5535 domorum
1666 5476 1751 5533 in-

248 5624 329 5700 (t)
363 5625 547 5686 Cieteri
593 5626 913 5686 collectores
950 5619 1160 5679 addunt
1197 5617 1463 5676 mortuis:
1492 5631 1593 5688 pro
1620 5615 1759 5672 vivis

1783 5447 1837 5510 D

1771 1237 1825 1291 Α
1849 1229 2037 1285 cendia
2063 1229 2273 1297 fecerit,
2298 1230 2412 1286 sive
2437 1230 2552 1286 ﬁeri
2571 1231 2816 1302 jusserit,
2851 1243 2943 1288 aut
2975 1235 3190 1289 facienti
3221 1251 3452 1294 consen-

1851 1324 2002 1388 serit,
2035 1306 2314 1393 quouSqu'e
2343 1323 2410 1378 de
2437 1323 2520 1379 bis
2563 1326 2851 1398 Unicuique
2892 1327 3138 1398 lrgaliter
3168 1338 3221 1382 et
3248 1330 3452 1385 arnica-

1851 1418 2032 1472 biliter
2055 1433 2237 1472 coram
2264 1419 2524 1490 episcopo
2548 1421 2804 1484 civitatis,
2837 1422 3061 1492 aliisque
3088 1423 3317 1493 civibus,
3348 1442 3452 1482 non

1851 1512 2245 1576 emendaverit,
2280 1513 2348 1568 ab
2377 1512 2615 1569 Eorlesia
2651 1532 2709 1570 sc
2740 1517 3005 1584 privatum
3039 1529 3354 1587 cognoscat.
3385 1521 3440 1572 Si

1852 1621 1980 1662 vero
2009 1618 2128 1675 post
2157 1608 2445 1663 secundum
2475 1617 2528 1663 et
2549 1611 2760 1665 tertium
2789 1611 3229 1674 conventionem,
3259 1622 3450 1666 cuncta

1852 1701 1906 1755 in
1929 1701 2126 1771 quibus
2149 1701 2413 1770 arguitur,
2441 1716 2545 1755 non
2570 1701 2960 1765 emendaverit,
2987 1710 3254 1773 tamquam
3279 1704 3458 1756 ethni-

1852 1809 1948 1847 cus
1984 1803 2038 1847 et
2068 1793 2405 1862 publicanus,
2445 1794 2513 1851 ab
2535 1795 2704 1849 -onmi
2753 1795 3176 1850 Christianorum
3224 1795 3454 1865 collegio

1851 1898 2154 1957 separetur.

2529 2017 2788 2065 QUINTUM.

1950 2115 2016 2172 In
2045 2126 2291 2187 potestate
2322 2118 2490 2186 ﬁdelis
2516 2119 2614 2185 sit,
2645 2129 2758 2188 post
2789 2119 3096 2189 baptismum
3124 2120 3356 2189 recipere

2237 2230 2450 2270 uxorem
2476 2230 2630 2284 quant
2655 2225 2774 2269 ante
2799 2214 3085 2269 dimiserat.

1928 2333 1983 2386 Si
2025 2331 2145 2403 quis
2193 2331 2409 2401 gentilis
2456 2333 2715 2403 gentilem
2763 2349 2986 2388 nXorcm
3024 2333 3294 2388 dimiserit
3333 2343 3457 2389 ante

1852 2427 2218 2497 baptismum;
2264 2437 2386 2497 post
2419 2428 2742 2498 baptismum
2787 2427 2839 2482 in
2888 2436 3155 2498 potestate
3185 2430 3302 2499 cjus
3330 2431 3428 2485 erit

1851 2535 1971 2578 eam
2003 2519 2225 2586 habere,
2255 2520 2340 2576 vel
2372 2534 2478 2576 non
2508 2520 2732 2576 habere.

2545 2653 2770 2692 SEXTUM.

1957 2752 2152 2807 Fidelis
2181 2754 2442 2820 infidelem
2470 2753 2813 2808 discedentem
2840 2758 2982 2824 sequi
3007 2771 3110 2809 non
3135 2757 3356 2826 cogitur.

1930 2866 2105 2923 Simili
2134 2868 2316 2935 modo,
2349 2868 2393 2923 si
2423 2883 2561 2923 unus
2592 2883 2656 2922 ex
2682 2867 2984 2939 conjugatis
3016 2869 3317 2937 baptizatus
3347 2883 3464 2937 εει,

1856 2974 1911 3016 et
1940 2963 2078 3017 alter
2104 2964 2347 3032 gentilis,
2382 2975 2433 3018 et
2467 2962 2617 3035 sequi
2652 2977 2756 3018 non
2791 2963 2934 3024 vult,
2964 2965 3103 3019 sicut
3129 2965 3258 3020 dicit
3286 2969 3462 3036 Apos-

1857 3055 2000 3112 tolus
2031 3074 2044 3111 :
2075 3055 2314 3126 lnﬁdelis
2340 3057 2385 3112 si
2414 3057 2650 3118 discedit,
2686 3057 2920 3111 discedat
2951 3059 2995 3127 (l
3022 3055 3169 3125 Con,
3206 3059 3328 3131 vn).

2521 3188 2809 3228 δερτηιωι.

2328 3289 2591 3360 Synodale
2611 3291 2982 3362 juramentum.

1932 3429 2235 3500 Episcopus
2293 3429 2345 3483 in
2402 3428 2612 3500 synodo
2662 3430 2943 3497 residens,
2997 3442 3116 3503 post
3169 3449 3463 3504 congruam

1859 3523 2241 3578 allocutionem
2287 3530 2496 3593 septem
2524 3538 2588 3577 ex
2630 3523 2786 3593 plebe
2825 3525 2943 3594 ejus
2991 3534 3016 3560 τι
3046 3526 3349 3595 parocbize,
3382 3529 3466 3582 vel

1859 3633 1926 3673 eo
1953 3619 2204 3688 amplius,
2241 3626 2402 3687 prout
2433 3617 2628 3672 viderit
2654 3619 2941 3689 expedire,
2975 3620 3332 3686 maturiores,
3365 3622 3464 3677 lio-

1861 3710 2162 3776 nestiorcs,
2196 3722 2362 3779 atque
2389 3709 2697 3766 veraciores
2725 3712 2869 3767 viros
2890 3757 2903 3780 ,
2941 3714 2992 3766 in
3038 3712 3274 3768 medium
3309 3714 3470 3771 debet

1859 3802 2126 3858 advocare
2156 3820 2168 3856 τ
2205 3811 2260 3857 et
2286 3802 2447 3857 illatis
2468 3801 2494 3840 δ
2539 3817 2850 3858 sanctorum
2886 3804 3200 3874 pignoribus
3222 3849 3235 3870 ,
3267 3823 3464 3861 unum-

1859 3910 2128 3965 quemque
2172 3895 2385 3950 il‘lorum
2433 3894 2523 3949 tali
2570 3904 2912 3952 sacramento
2957 3898 3365 3969 constringere,
3410 3911 3470 3955 ut

1862 3970 2058 4042 amodo
2105 3988 2159 4043 in
2203 3997 2379 4043 antec
2422 3987 2682 4059 quidquid
2728 3989 2901 4054 nosti,
2953 3999 3046 4044 aut
3097 3989 3325 4056 audisti,
3374 4003 3469 4048 aut

1861 4081 2202 4152 postmodum
2229 4081 2584 4152 iuquisiturus
2623 4097 2703 4149 es,
2739 4081 2881 4150 quod
2909 4092 3093 4138 contra
3127 4084 3464 4141 voluntatem

1862 4182 1954 4237 Dei
1985 4190 2039 4242 et
2068 4191 2270 4236 rectam
2305 4178 2754 4234 cliristianitatem
2787 4180 2841 4233 in
2881 4179 2982 4234 ista
3019 4179 3305 4250 parochia,
3348 4179 3462 4236 far.-

1861 4273 1974 4330 tum
2003 4274 2104 4339 sit,
2135 4283 2226 4327 aut
2254 4271 2491 4327 futurum
2522 4271 2626 4326 erit
2646 4315 2658 4332 .
2690 4272 2734 4326 si
2764 4272 2817 4326 in
2839 4271 3030 4326 diebus
3062 4273 3165 4327 tuis
3186 4274 3462 4340 evenerit,

1862 4379 2067 4429 tantum
2114 4381 2172 4425 ut
2201 4371 2268 4426 ad
2311 4381 2454 4426 tuam
2496 4372 2860 4443 cognitionem
2910 4387 3256 4444 quocumque
3305 4374 3468 4429 modo

1860 4464 2173 4534 perveniat,
2207 4466 2251 4518 si
2283 4465 2426 4533 scis,
2459 4474 2551 4519 aut
2594 4465 2887 4520 indicatum
2932 4464 3094 4519 fuerit
3137 4465 3263 4528 tibi,
3295 4481 3466 4538 syno-

1861 4557 2038 4612 dalem
2065 4572 2283 4613 causam
2314 4573 2464 4624 esse,
2494 4568 2549 4614 et
2577 4557 2644 4613 ad
2683 4559 3039 4614 ministerium
3082 4557 3319 4630 episcOpi
3346 4575 3468 4631 per-

1863 4655 2062 4718 tinere,
2110 4652 2256 4724 quod
2300 4662 2354 4708 tu
2397 4668 2494 4709 nec
2542 4662 2762 4721 propter
2798 4668 3075 4718 amorem,
3121 4669 3221 4708 nec
3249 4663 3469 4725 propter

1862 4745 2136 4804 timorem.
2172 4760 2273 4801 nec
2299 4754 2524 4816 propter
2555 4744 2859 4816 praemium,
2890 4759 2991 4800 nec
3016 4754 3238 4816 propter
3269 4760 3467 4815 paren-

1863 4838 2061 4903 telam,
2093 4837 2362 4894 ullatenus
2395 4837 2538 4893 celes
2561 4838 2852 4908 episcopo,
2885 4843 2980 4890 aut
2998 4836 3117 4907 ejus
3147 4821 3349 4902 misso,
3376 4837 3465 4891 cui

1861 4931 1968 4989 lioc
2015 4932 2288 5003 inquirere
2331 4931 2586 5002 jusserit,
2647 4929 3098 5000 quandocumque
3144 4944 3211 4984 ex
3263 4927 3366 4984 hoc
3413 4938 3467 4984 te

1863 5027 2278 5096 interrogaverit
2321 5025 2442 5079 :sic
2485 5036 2536 5080 te
2588 5023 2729 5078 Deus
2754 5022 3012 5092 adjuvet,
3056 5033 3110 5077 ct
3138 5022 3251 5076 istm
3283 5031 3470 5078 sancto

1863 5137 1980 5178 rum
2010 5120 2251 5192 reliquizn
2271 5162 2286 5184 ,
2328 5127 2384 5175 et
2423 5117 2550 5174 illud
2579 5115 2606 5155 ά
2638 5127 3033 5173 sacramentum
3054 5159 3070 5182 ,
3101 5115 3244 5187 quod
3267 5116 3413 5184 juste
3445 5127 3468 5152 ε

1857 5215 2060 5287 juravit
2094 5214 2162 5268 de
2210 5211 2455 5285 synodali
2500 5225 2697 5276 causa,
2743 5209 2887 5280 quod
2918 5217 2973 5264 tu
3006 5208 3135 5263 illud
3165 5223 3229 5263 ex
3272 5217 3358 5267 te.
3394 5208 3466 5260 ita

1863 5307 2200 5371 observabis,
2223 5306 2276 5360 in
2297 5314 2556 5376 quantum
2586 5303 2755 5373 sapis,
2782 5310 2874 5357 aut
2898 5300 3122 5367 audisti,
3142 5310 3233 5354 aut
3259 5299 3327 5352 ab
3356 5297 3460 5354 bac

1864 5401 1953 5458 die
1984 5401 2037 5457 in
2065 5408 2222 5457 antea
2251 5398 2609 5471 inquisiturus
2637 5410 2718 5463 es,
2749 5395 2830 5452 sic
2861 5405 2914 5450 te
2943 5392 3351 5462 Deus‘adjuvet.

1868 5541 2011 5597 cnim
2043 5549 2097 5596 et
2117 5538 2242 5667 aliis
2271 5535 2425 5593 malis
2455 5533 2617 5592 ctiam
2640 5531 2860 5606 speciali
2882 5529 3124 5588 oratione
3151 5526 3355 5583 licitum
3384 5535 3471 5582 est

1868 5628 2040 5667 orare.
2162 5626 2278 5667 ua.

1864 5628 2040 5670 orare.
2117 5626 2278 5667 LABB.

1409 5757 1790 5820 LECTIONES
1825 5755 2240 5816 VARIANTES.

246 5883 590 6004 1mm-

249 5955 604 6070 ἴ

1933 5873 1960 5916 ἀ
1988 5870 2306 5924 Burcltardus
2342 5865 2476 5936 legit,
2502 5867 2662 5929 istud;
2701 5873 2748 5917 et
2789 5867 3028 5929 prmponu
3049 5859 3174 5912 hunc
3199 5850 3454 5907 rubricam

1863 5935 2206 5988 iuramentqu
2237 5940 2545 5985 ceterorum.

1941 6004 1964 6028 ⁸⁵
1992 5997 2091 6049 iste
2121 5997 2257 6052 lattb.
