3950 6350
435 419 534 475 ’179

1096 557 1364 598 οοτλνυιι.

427 676 524 739 (Ex
545 674 779 739 decreto,
804 677 937 741 quod
976 684 1054 728 est
1076 675 1315 728 librorum
1354 677 1606 728 sexdecim
1624 716 1638 740 ,
1668 677 1794 729 libro
1822 678 2025 742 ,decimo

905 769 1097 825 quarto,
1121 765 1282 827 capite
1307 762 1565 829 secundo.)

703 868 771 923 Et
791 868 982 924 malum
1009 867 1261 923 ebrietatis
1286 870 1492 923 omnino
1520 868 1722 924 vitetur.

507 983 699 1039 Malum
738 999 988 1055 magnum
1020 983 1298 1039 ebrietatis
1320 1024 1335 1047 ,
1364 984 1507 1040 unde
1536 986 1717 1039 omnia
1751 986 1881 1043 vitia
1908 988 2028 1058 pul-

432 1078 624 1143 lulant,
643 1076 965 1133 Chrisﬁanis
988 1076 1162 1131 modis
1184 1076 1436 1131 omnibus
1452 1092 1646 1133 cavere
1666 1080 2028 1149 praecipimus.

432 1170 533 1239 Qui
576 1180 757 1223 autem
787 1168 887 1223 hoc
925 1168 1094 1222 vitare
1141 1167 1403 1236 noluerit,
1454 1172 2029 1227 excommunicandum

430 1278 553 1319 esse
580 1262 936 1329 decrevimus,
964 1276 1132 1334 usque
1154 1262 1219 1316 ad
1244 1277 1538 1333 congruam
1568 1264 2027 1323 emendationem.

1137 1370 1337 1411 NONUI.

872 1468 970 1533 (Ex
996 1471 1192 1532 eodem,
1220 1472 1384 1535 capite
1410 1472 1604 1535 tertio.)

434 1572 585 1640 Quod
633 1573 857 1645 episcopi
904 1584 950 1628 et
993 1575 1089 1630 Dei
1129 1576 1352 1630 ministri
1398 1578 1637 1632 ebrietate
1676 1592 1780 1631 non
1820 1577 2037 1631 debeant

1128 1686 1356 1741 gravari.

505 1826 754 1896 Episcopi
782 1833 837 1881 et
874 1826 964 1881 Dei
998 1826 1267 1892 ministri,
1315 1838 1422 1880 non
1453 1826 1653 1881 debent
1678 1826 2035 1881 comessatio-

434 1920 593 1975 nibus
619 1928 675 1974 et
703 1920 1013 1974 viuolentiis
1043 1920 1225 1975 nimiis
1268 1920 1602 1984 incumbere,
1639 1920 1733 1975 sed
1776 1919 2031 1973 conside-

433 2023 556 2069 rent
609 2013 931 2068 sententiani
991 2014 1236 2081 Domini,
1287 2013 1583 2068 dicentes:
1627 2012 1918 2076 Attendite,
1972 2028 2035 2064 nc

440 2116 714 2178 graventur
763 2108 922 2162 corda
960 2118 1125 2163 vestra
1158 2110 1209 2163 in
1250 2109 1469 2179 crapula
1498 2117 1544 2162 et
1588 2108 1827 2162 ebrietate
1856 2105 2033 2177 (Luc.,

442 2217 570 2267 xxi;
603 2200 623 2254 l
652 2200 855 2268 Thess.,
887 2199 992 2273 ιιι).
1024 2202 1299 2257 Moderate
1347 2201 1492 2257 enim
1522 2201 1731 2267 cibum,
1772 2209 1826 2254 ct
1857 2214 2041 2254 neces-

1418 423 1505 479 DE
1535 421 1806 483 SANCTO
1841 422 2005 481 (ΖΜΟ
2045 424 2332 483 ROMANO
2370 426 2617 484 PONTIF
2622 427 2753 484 ιϋις.

2051 544 2105 606 Α
2132 546 2331 600 sarium
2362 554 2632 616 sumptum
2665 553 2899 613 sumant,
2933 555 2989 601 ut
3014 546 3163 617 juxta
3196 548 3526 620 apostolum,
3559 548 3740 607 sobrii

3637 436 3741 489 {80

2135 640 2262 707 sint,
2296 648 2350 696 et
2378 640 2549 713 parati
2579 639 2646 695 ad
2677 638 2957 699 servitium
2972 640 3088 697 Dei.

2796 768 3050 811 οεοικιτκ.

2541 870 2635 936 (Ex
2664 872 2860 933 eodem,
2896 875 3057 936 capite
3090 873 3332 936 decimo.)

2137 981 2328 1050 Quales
2363 998 2595 1053 personis
2636 984 2957 1036 sarerdotum
2997 983 3164 1051 epulis
3211 984 3453 1037 interesse
3501 982 3745 1037 debeant.

2207 1075 2616 1132 Observandum
2639 1083 2721 1130 est
2740 1075 2917 1139 nobis,
2935 1083 3061 1129 utet
3082 1089 3177 1128 vos
3202 1075 3271 1128 ab
3291 1074 3553 1129 ebrietate
3575 1074 3747 1129 absti-

2140 1175 2313 1226 neatis
2334 1212 2349 1237 ,
2381 1180 2436 1225 et
2465 1180 2518 1223 ut
2554 1168 2738 1239 plebes
2776 1169 3003 1224 subdita:
3033 1169 3366 1231 abstineant,
3410 1169 3747 1237 prmdiretis.

2138 1264 2208 1319 Et
2234 1280 2406 1334 neque
2430 1278 2524 1334 per
2545 1263 2797 1317 tabernas
2819 1262 2954 1316 eatis
2979 1261 3229 1325 bibendo,
3256 1270 3350 1315 aut
3374 1262 3748 1327 comedeudo,

2140 1371 2313 1426 neque
2341 1356 2530 1411 domos
2546 1364 2635 1407 aut
2660 1354 2807 1408 vicos
2829 1353 3141 1407 curiositate
3161 1352 3403 1422 qualibet
3422 1354 3751 1423 peragretis,

2142 1464 2315 1518 neque
2354 1462 2475 1503 cum
2517 1444 2765 1510 feminis,
2816 1453 2909 1498 aut
2944 1459 3066 1499 eum
3124 1444 3453 1510 quibuslibet
3495 1446 3755 1513 personis

2141 1540 2386 1610 impuris,
2416 1538 2659 1593 convivia
2684 1537 3006 1603 exerceatis,
3043 1535 3145 1589 nisi
3176 1535 3316 1590 forte
3356 1535 3757 1605 paterfamilias

2140 1633 2365 1705 quilibet
2408 1647 2505 1687 vos
2548 1630 2853 1685 invitaverit
2895 1630 2961 1684 ad
3005 1628 3224 1683 domum
3277 1644 3463 1695 suam,
3515 1638 3573 1684 et
3615 1645 3746 1685 cum

2142 1733 2371 1799 conjuge
2414 1742 2543 1793 sua,
2591 1736 2645 1780 et
2689 1740 2809 1779 cum
2854 1724 3007 1793 plebe
3034 1723 3165 1777 velit
3191 1721 3470 1777 vobiscum
3519 1720 3756 1792 spiritali

2143 1822 2338 1894 gaudio
2388 1822 2594 1888 laetari,
2629 1829 2684 1875 et
2715 1820 3000 1874 verborum
3040 1827 3344 1871 vestrorum
3390 1814 3752 1870 refecﬁonem

2144 1915 2423 1983 accipere,
2455 1923 2511 1968 et
2552 1913 2702 1967 Vobis
2752 1910 3100 1966 refectionem
3149 1908 3420 1964 carnalem
3466 1908 3758 1962 charitatis

2144 2007 2325 2063 ofﬁcio
2354 2005 2638 2062 exhibere.
2662 2006 2890 2075 Oportet
2917 2004 3060 2057 enim
3081 2046 3093 2067 ,
3122 2010 3179 2056 ut
3202 2002 3246 2055 si
3277 2000 3494 2071 quando
3522 2001 3760 2070 quilibet

2148 2102 2382 2157 ﬁdelium
2428 2098 2734 2155 carnalibus
2777 2110 2872 2151 vos
2922 2093 3332 2164 reﬁ‘eitcpulis,
3361 2109 3391 2145 a
3424 2093 3579 2147 vobis
3622 2092 3754 2146 reﬁ-

2144 2198 2319 2251 ciatur
2348 2193 2717 2265 spiritualibus
2745 2192 2939 2261 epulis.

445 2298 3751 2328 Μ

1321 2396 1683 2460 SYNODUS
1743 2394 2378 2459 MESOPOTAMICA
2426 2394 2858 2456 ARCHELAI.

507 2518 759 2591 Synodus
805 2518 986 2573 divina
1016 2528 1069 2574 et
1099 2534 1250 2574 sacra
1298 2520 1672 2589 particularis,
1720 2520 1944 2575 collecta
1977 2520 2029 2574 in

434 2612 817 2680 Mesopotamia
851 2612 918 2665 ab
950 2612 1216 2667 Archelao
1236 2610 1634 2668 Carcharorum
1666 2614 1951 2683 cpiscOpo,
1982 2622 2037 2666 ct

437 2704 674 2761 Diodoro
717 2704 1032 2772 sacerdote,
1082 2716 1270 2761 contra
1318 2707 1525 2761 Maucm
1579 2706 1931 2772 infernalem,
1983 2719 2037 2760 et

436 2797 806 2853 Diodunadem
854 2799 1228 2870 presbyterum
1262 2818 1272 2852 :
1308 2816 1429 2871 qua:
1475 2800 1661 2856 multis
1704 2800 1879 2856 modis
1909 2814 2039 2855 con-

438 2891 632 2948 iutatos
660 2894 824 2949 hosce
853 2893 1145 2949 abdicavit.

2209 2517 2421 2583 Σὺνοδος
2468 2522 2572 2573 θεία
2612 2521 2695 2573 καὶ
2736 2518 2851 2595 ἱερὰ
2908 2524 3084 2595 prpter}
3136 2522 3557 2593 συναθροισθεῖσα
3600 2522 3645 2573 ἰν
3690 2530 3754 2596 τῇ

2136 2618 2527 2687 Μεσοποταμία,
2562 2615 2661 2668 ἀπὸ
2691 2613 2963 2688 Αρχελάον
3003 2612 3285 2667 ἐπισκόπου
3317 2615 3637 2689 καρχάρων,
3673 2612 3756 2667 καί

2140 2706 2393 2784 Διοδώρου
2442 2709 2637 2784 ἱερέως,
2692 2710 2817 2761 κατά
2871 2707 3123 2766 Materno;
3181 2712 3271 2760 τοῦ
3322 2705 3619 2779 ἐρεϐὡδοις,
3673 2712 3757 2760 καὶ

2144 2800 2481 2879 Διοδωριὰδου
2542 2803 2925 2879 πρεσϐυτέρου’
2978 2802 3088 2859 ἥτις
3150 2801 3489 2872 πολυτρόπως
3545 2803 3757 2859 τούτοις

2151 2896 2390 2969 ἐλέγξασα
2419 2897 2692 2971 ἁπεκὲρυξε
2706 2938 2716 2949 .

442 3063 3719 3089 W

637 3192 880 3307 DE
956 3189 1099 3303 S.
1180 3186 1613 3305 CAIO
1691 3185 2489 3301 ROMANO
2563 3182 3555 3299 PONTIPICE

1483 3390 1977 3474 NOTITIA
2047 3388 2719 3472 HISTORICA.

538 3583 650 3638 Caii
676 3596 826 3654 papw
856 3578 1184 3651 pontiﬁcatus
1212 3584 1256 3629 et
1287 3574 1473 3627 obitus.
1496 3602 1566 3612 -—
1590 3572 1820 3627 Sanctus
1847 3571 2007 3626 Caius
2028 3612 2042 3637 ,
2073 3571 2117 3634 C
2151 3572 2354 3637 quievit.
2388 3570 2535 3626 inter
2564 3581 2832 3644 martyres
2877 3582 3055 3627 tamen
3094 3574 3213 3640 ejus
3256 3574 3510 3628 memoria
3538 3574 3589 3628 iu
3617 3590 3761 3628 non-

445 3693 602 3750 quem
655 3672 965 3730 Pontiﬁcale
995 3668 1206 3724 Damasi
1256 3664 1436 3727 tradit,
1473 3664 1687 3718 natione
1728 3662 1893 3716 fuisse
1927 3661 2049 3716 Dal-

448 3781 667 3833 matem,
694 3782 759 3823 ex
785 3781 983 3837 genere
1005 3760 1338 3823 Diocletiani,
1367 3774 1429 3813 ex
1456 3758 1614 3811 Patre
1639 3756 1789 3823 Caio,
1824 3765 1880 3811 ut
1900 3766 2053 3827 putat

445 3861 766 3919 Coutantius
791 3900 806 3922 ,
845 3871 1001 3927 quem
1050 3862 1345 3922 sequuntur
1374 3853 1631 3905 Anctores
1660 3848 1814 3901 L‘Art
1840 3850 1903 3902 de
1933 3850 2054 3902 réri-

450 3956 546 4026 ﬁer
576 3956 647 4008 les
675 3952 837 4010 dates,
874 3950 926 4001 in
954 3948 1130 4004 locum
1164 3942 1477 4014 Eutychiani
1508 3940 1762 3996 sull‘ectus
1793 3940 2053 3994 fuitanno

448 4045 667 4105 Domini
699 4044 827 4108 ιϐ’»,
854 4040 941 4095 die
994 4054 1107 4093 xvn
1139 4034 1475 4100 decembris,
1531 4032 1658 4089 lcria
1687 4032 1918 4088 secunda
1951 4030 2053 4105 (l).

452 4140 583 4195 Erat
623 4138 701 4193 vir
728 4149 929 4206 magna?
954 4130 1257 4203 prudentiae,
1291 4124 1585 4198 ntagnteque
1624 4126 1838 4187 virtutis,
1890 4135 1945 4178 ιιι
1975 4137 2058 4178 est

452 4238 506 4291 in
557 4231 705 4288 Actis
734 4230 766 4285 8
796 4224 1097 4285 Sebastiani
1124 4222 1225 4295 (2).
1260 4222 1344 4277 Ab
1371 4236 1436 4275 eo
1463 4219 1835 4275 conﬁrmatum
1866 4218 2057 4273 dicitur

452 4326 752 4381 institutum
783 4318 1039 4375 Ecclesia:
1070 4327 1245 4378 vetus,
1280 4326 1338 4367 nt
1378 4311 1569 4367 Clerici
1613 4326 1706 4381 per
1735 4321 1939 4381 septem
1970 4327 2057 4366 or—

456 4419 641 4475 dinum
668 4412 867 4487 gradus
907 4409 1289 4465 documentum
1324 4404 1397 4459 fui
1426 4405 1649 4469 dantes;
1682 4404 1963 4459 tenderent
1990 4404 2058 4459 ad

459 4510 828 4582 episcopatum
880 4501 983 4576 ('5).
1036 4501 1167 4568 Qua:
1213 4506 1475 4571 prictcrea
1535 4497 1705 4567 gessit
1751 4496 2055 4567 pontificem

459 4614 628 4673 agens
649 4613 745 4670 per
774 4610 946 4649 annos
975 4591 1278 4658 duodecim,
1313 4604 1527 4646 menses
1555 4600 1810 4662 quatuor,
1850 4601 1903 4644 et
1946 4589 2061 4645 dies

463 4695 722 4766 quinque,
755 4690 922 4743 latent
965 4684 1200 4741 tenebris
1226 4685 1412 4739 obruta
1444 4683 1742 4747 vetustatis,
1769 4684 1951 4738 vivere
1977 4682 2064 4739 de-

461 4788 551 4844 siit
592 4804 622 4841 χ
660 4782 922 4840 kalendas
970 4780 1132 4842 maii,
1176 4776 1502 4833 Diocletiano
1548 4776 1613 4833 VI
1645 4787 1699 4832 et
1748 4774 2064 4832 Constantio

2156 3665 2313 3718 nullis
2347 3666 2741 3735 tnartyrnlogiis
2786 3678 3120 3721 rccensetur.
3156 3668 3263 3720 Nec
3294 3668 3506 3731 mirum.
3539 3684 3663 3723 cum
3696 3688 3767 3723 eo

2158 3757 2307 3811 titulo
2350 3757 2383 3811 ii
2408 3758 2567 3811 etiam
2617 3758 2908 3827 aliquando
2950 3770 3365 3823 exornarentur,
3414 3760 3502 3831 qui
3529 3764 3631 3817 etsi
3666 3779 3767 3832 pro

2156 3848 2353 3902 Chrisﬁ
2386 3849 2491 3903 lide
2517 3860 2805 3913 certantes,
2837 3850 2997 3903 vitam
3028 3866 3147 3905 cum
3180 3864 3349 3907 morte
3374 3869 3478 3907 non
3508 3868 3765 3909 cauimu-

2160 3951 2385 4005 tasseut,
2422 3942 2768 3997 nihilominus
2808 3959 2906 4012 pro
2934 3944 3149 4011 pietate,
3181 3947 3307 3999 dum
3341 3948 3602 4017 viverent,
3634 3966 3767 4021 per-

2166 4037 2495 4099 secutiones,
2528 4035 2775 4101 ludibria,
2823 4036 3036 4091 labores
3079 4040 3343 4108 perpessi,
3373 4039 3424 4093 iu
3455 4055 3584 4109 pace
3611 4042 3771 4123 quie-

2160 4143 2349 4189 verunt
2387 4154 2398 4187 :
2438 4132 2581 4203 quod
2613 4133 2744 4187 Caio
2786 4132 3022 4203 pontiﬁci
3052 4134 3340 4203 contigisse
3378 4135 3607 4189 dubitari
3656 4153 3767 4193 non

2163 4236 2359 4299 potest,
2380 4228 2468 4296 qui
2487 4227 2585 4281 sub
2602 4226 3016 4294 imperatoribus
3033 4226 3356 4281 Diocletiano
3374 4236 3429 4282 et
3444 4226 3770 4284 Maximiano

2164 4322 2527 4391 pontificatum
2560 4321 2748 4377 tenuit.
2778 4321 2948 4375 Minus
2974 4321 3133 4376 etiam
3162 4331 3412 4377 accurata
3439 4335 3519 4378 est
3545 4323 3769 4380 Eusebii

2161 4414 2522 4487 Chronologia
2566 4413 2646 4485 (Ι)
2704 4415 2831 4470 dum
2888 4416 3043 4470 annis
3091 4416 3398 4483 quindecim
3448 4419 3667 4474 circiter
3713 4432 3773 4478 et

2164 4524 2333 4579 usque
2381 4509 2448 4563 ad
2493 4524 2588 4563 sua
2632 4510 2743 4564 fere
2796 4521 3034 4580 tempora
3072 4526 3349 4566 romanam
3380 4515 3565 4569 sedem
3598 4530 3764 4573 occu-

2168 4619 2325 4674 passe
2346 4606 2420 4657 ait
2440 4620 2453 4669 ;
2481 4618 2641 4675 quem
2664 4619 2863 4659 annum
2884 4604 3150 4661 decimum
3181 4607 3395 4662 tertium
3415 4609 3499 4663 vix
3521 4611 3769 4681 attigisse

2167 4707 2399 4753 constat.

2241 4790 2351 4844 Caii
2401 4791 2677 4847 Decretalis
2721 4794 2945 4849 subdita.
2975 4824 3048 4835 --
3077 4794 3301 4851 Unicam
3346 4796 3477 4852 Caio
3537 4814 3770 4857 romano

465 4882 682 4936 Caesare
709 4876 754 4931 ll
778 4873 1109 4938 consulibus,
1137 4880 1194 4925 ut
1225 4870 1277 4924 iu
1306 4871 1548 4941 catalogo
1572 4868 1910 4924 Bucberiauo
1936 4868 2066 4939 legi-

2174 4884 2407 4955 pontiﬁci
2439 4887 2794 4954 decretaletu,
2829 4888 2990 4943 Felici
3031 4891 3287 4959 episcopo
3334 4890 3535 4955 datam,
3570 4892 3771 4948 inscri-

464 4982 554 5027 lur
586 4990 599 5025 :
632 4970 700 5025 de
728 4983 835 5039 quo
865 4966 1025 5023 etiam
1051 4962 1319 5019 indiculus
1348 4962 1696 5034 depositionis
1726 4960 1873 5017 addit
1904 4980 1917 5015 :
1959 4959 2062 5015 De-

442 5066 602 5119 'cimo
643 5061 744 5116 kal.
770 5059 911 5123 maii,
962 5058 1072 5112 ϐαίὶ
1107 5058 1159 5111 in
1185 5053 1408 5111 Callisti.
1449 5053 1713 5111 Caeterum
1746 5058 1791 5110 si
1818 5055 1949 5111 lides
1976 5071 2067 5111 ca-

468 5156 659 5228 talogis
676 5168 1021 5209 romanorum
1050 5150 1358 5221 pontilicum
1392 5148 1634 5206 habenda
1662 5147 1849 5205 :Caius
1864 5151 2067 5223 fugiens

472 5249 871 5321 persecutionem
898 5244 1202 5300 Diocletiani
1236 5245 1290 5298 in
1327 5243 1519 5314 cryptis
1534 5243 1768 5297 habitans
1805 5247 2067 5315 confessor

548 5426 625 5501 (l)
654 5425 926 5501 Contant.,
979 5419 1573 5501 Epist._rom_.‘pnntil‘.,
1614 5430 1747 5501 tam.
1782 5436 1819 5501 t_,
1846 5418 2059 5501 p._"506,

472 5490 569 5585 cui
590 5490 752 5555 etiam
781 5490 1134 5568 adstipulatur
1153 5494 1321 5549 Mansi
1340 5490 1391 5548 iit
1423 5503 1537 5547 not.
1561 5491 1629 5546 ad
1658 5491 1879 5547 annales
1903 5490 2065 5546 Baro-

475 5589 624 5717 ῃηξὲ)
655 5643 773 5717 Act.
801 5640 1143 5704 Sanctorum,
1183 5636 1323 5709 apud
1348 5634 1620 5701 Bolland.,
1642 5634 1729 5690 die
1749 5634 1819 5691 20
1835 5634 2068 5705 januarii

472 5716 1001 5857 03%)1geptenarius
1053 5780 1283 5857 Odinum
1304 5853 1313 5857 _
1333 5796 1589 5857 numerus
1617 5789 1704 5835 est
1732 5778 1798 5857 _in
1828 5778 2066 5857 [Spistola

471 5850 917 5983 Co‘rnflsii'Papae
958 5855 1103 5924 apud
1155 5853 1381 5921 Euseb,
1444 5850 1585 5907 Hist.
1638 5850 1787 5919 eccl.,
1839 5850 1935 5908 lib.
1990 5867 2064 5917 vr,

471 5942 584 5983 cap.
690 5967 703 5980 .

466 5942 584 5997 cap.
610 5942 703 5983 aa.

2174 4978 2275 5046 psit
2318 4976 2588 5041 Isidorus,
2639 4994 2729 5034 sex
2773 4982 2947 5048 capita
2995 4982 3466 5050 complectentem.
3505 4984 3769 5056 Primum,

2172 5085 2409 5140 paganos
2432 5081 2486 5126 et
2514 5071 2797 5126 haereticos
2821 5088 2924 5126 non
2954 5088 3111 5142 posse
3132 5089 3389 5130 accusare
3418 5074 3769 5134 christianos.

2172 5162 2473 5219 Secundum
2500 5206 2515 5231 ,
2557 5167 2870 5235 episcopum
2913 5182 3017 5220 non
3062 5182 3186 5222 esse
3216 5169 3578 5224 accusandum
3626 5172 3771 5242 apud

2170 5255 2378 5325 judices
2407 5257 2714 5312 saeculares.
2750 5257 2988 5312 Tertium
3032 5258 3100 5313 de
3128 5260 3403 5328 episc0po,
3455 5261 3773 5334 presbytero

2175 5361 2229 5405 et
2256 5350 2505 5414 diacono,
2538 5350 2623 5405 vel
2656 5351 2875 5421 reliquis
2922 5352 3159 5419 clericis,
3205 5353 3344 5423 apud
3375 5355 3661 5426 episcopos
3683 5374 3775 5415 ac-

2169 5441 2442 5497 cusandis.
2467 5441 2727 5509 Quartum
2758 5442 2827 5499 de
2872 5444 2978 5509 his,
3023 5445 3116 5515 qtti
3148 5456 3347 5516 negant
3378 5447 3538 5503 Verbi
3574 5442 3670 5505 Dei
3699 5452 3775 5506 in-

2170 5535 2555 5590 carnationem.
2592 5536 2879 5604 Quintum,
2911 5538 3051 5607 quod
3092 5537 3158 5592 ad
3204 5554 3354 5608 spem
3387 5539 3510 5593 vitm
3549 5551 3771 5599 αξιοι-πω

2174 5627 2441 5698 perveniri
2495 5642 2599 5681 non
2656 5632 2843 5698 possit,
2877 5631 2977 5685 nisi
3039 5648 3133 5700 per
3178 5632 3531 5688 mediatorem
3566 5635 3663 5692 Dei
3718 5648 3774 5693 et

2173 5723 2451 5783 hominum
2476 5722 2658 5777 Jcsum
2685 5724 2979 5780 Christum.
3011 5724 3252 5793 Sextum,
3281 5724 3348 5781 de
3374 5727 3657 5785 ordinibus
3680 5744 3771 5786 ec-

2249 5922 2328 5999 (1)
2354 5926 2579 5998 Euseb.,
2616 5926 2750 5984 Hist.
2779 5929 2928 5998 ecel.,
2961 5929 3054 5987 lib.
3082 5944 3177 5998 vn,
3208 5944 3326 6001 cap.
3357 5928 3447 5985 32.
