3950 6332
195 363 269 422 181
959 372 1049 429 DE
1091 370 1402 432 DECRETO
1440 373 1602 431 CAIO
1642 372 2033 434 ADSCBIPTO
2059 375 2265 434 CIRCA
2294 374 2754 436 ORDINANDOS.

3419 381 3521 438 182

194 481 494 536 clesiasticis.
517 483 659 540 Data
691 495 787 542 est
809 487 1063 544 kalendis
1087 488 1282 554 martii,
1316 487 1643 542 diocletiano
1671 486 1740 542 Vl
1754 495 1809 551 et
1835 491 1889 551 Α
1917 490 2265 560 testimoniis,
2299 494 2493 565 quibus
2539 495 2607 550 ad
2652 497 2889 554 Leonem
2937 499 3239 570 Augustum
3302 508 3532 555 constat

196 570 481 629 Constantio
511 573 562 630 Il
592 576 741 632 viris
763 579 1088 633 clarissimis
1118 594 1254 634 coss.
1277 578 1407 646 Quae
1441 579 1519 634 vel
1547 594 1650 633 una
1677 579 1803 634 sub-

200 666 383 735 scriptio
404 667 664 726 fraudem
699 673 913 742 prodit.
948 673 1053 728 Sed
1098 673 1454 742 imprudentia
1492 673 1806 742 impuStoris

201 775 296 814 cum
324 761 597 830 pravitate
625 775 834 830 certat,
867 777 1050 836 utpote
1076 766 1163 844 qui
1187 766 1454 836 integrum
1475 764 1672 820 Leonis
1691 763 1804 818 Ma.

202 853 271 922 gui
295 865 467 925 caput,
504 858 656 928 quod
691 859 746 912 in
786 861 1026 930 Epistula
1049 860 1141 924 97,
1173 860 1468 916 secundum
1501 868 1604 925 est,
1646 874 1801 912 suum

203 945 395 1014 fecerit,
435 959 494 1004 et
536 951 774 1006 totidem
827 955 1012 1012 verbis
1055 956 1106 1020 in
1158 954 1490 1008 Decretalem
1542 951 1801 1007 intulerit.

204 1041 310 1108 Qua:
333 1045 375 1096 si
406 1043 580 1099 Leoni
627 1047 811 1118 Magni
864 1047 1022 1103 Caius
1064 1049 1411 1113 fmnerasset,
1447 1048 1497 1100 in
1534 1055 1793 1101 -veterum

217 1159 524 1176 -ιιν

1915 582 2194 654 Epistula,
2228 602 2287 639 ca
2320 586 2482 642 dubio
2513 589 2698 656 procul
2750 589 2858 643 Leo
2909 605 3044 660 papa
3088 602 3519 646 annumerasset.

1916 676 2081 737 Multo
2113 679 2282 749 magis
2311 681 2452 734 enim
2483 681 2670 736 Caium
2698 692 2750 738 et
2771 683 3133 749 decessorem,
3179 693 3232 739 et
3260 684 3527 755 antiquio-

1918 785 2032 824 rem
2065 786 2364 825 memorarc
2395 772 2598 841 debuit,
2642 790 2801 845 quam
2851 774 3205 830 Athanasium
3228 817 3243 842 ,
3291 774 3522 830 Ambro-

1915 864 2075 927 sium,
2109 866 2496 934 Augustinum,
2527 881 2752 935 quorum
2783 867 3156 924 auctoritatem
3185 875 3409 938 usurpat
3436 866 3529 923 de~

1912 954 2172 1016 bellandis
2197 957 2483 1014 haereticis.
2509 958 2750 1015 Luursa.

531 1154 3502 1178 Mm

963 1258 1201 1370 DE
1277 1250 2138 1370 DECRETO
2213 1249 2778 1364 πιπαο

1024 1453 1210 1522 QUOD
1249 1453 1409 1509 CAIO
1453 1451 1946 1518 ADSCRIBITUB,
1989 1450 2195 1506 CIRCA
2241 1450 2705 1510 ORDINANDOS.

262 1574 305 1630 1.
346 1574 503 1644 Papae
534 1575 703 1645 hujus
743 1591 853 1630 non
889 1574 1046 1629 modo
1077 1573 1221 1628 nulla
1252 1572 1316 1625 ad
1352 1587 1449 1626 nos
1481 1571 1800 1626 transmissa
1835 1571 1883 1632 B
1913 1569 2180 1631 Ecclesia,
2209 1584 2272 1624 ac
2311 1571 2626 1626 nominatim
2667 1571 2908 1628 Romana
2930 1616 2942 1639 ,
2978 1573 3046 1628 ab
3077 1575 3331 1630 omnibus
3362 1590 3523 1631 exae-

204 1673 274 1721 est
290 1666 491 1721 sincera
521 1668 784 1736 epistola,
810 1667 905 1722 sed
939 1683 1035 1722 nec
1063 1667 1166 1732 ulla
1192 1680 1415 1735 usquam
1446 1673 1795 1719 memoratur.

209 1761 417 1816 Tantum
437 1762 500 1817 in
547 1762 852 1831 pontificali
888 1762 1024 1816 libro
1053 1761 1248 1816 dicitur
1274 1758 1654 1822 constituisse;
1690 1776 1708 1807 ‹
1746 1767 1806 1810 ut

210 1871 377 1910 omnes
419 1855 645 1911 ordines
672 1856 727 1908 in
759 1855 1001 1910 Ecclesia
1033 1855 1111 1908 sic
1139 1853 1535 1908 ascenderem:
1582 1851 1636 1905 Si
1683 1850 1805 1920 quis

209 1951 472 2021 episcopus
500 1949 618 2004 fieri
661 1958 990 2012 mereretur,
1024 1961 1079 2002 ut
1117 1956 1263 2003 esset
1291 1946 1574 2009 ostiarius,
1609 1945 1799 2011 lector,

211 2043 482 2107 exorcista,
510 2041 821 2112 acolythus,
848 2055 1082 2107 sequens
1109 2037 1494 2102 subdiaconus,
1523 2036 1808 2103 diaconus,

210 2135 492 2206 presbyter,
527 2143 581 2188 et
606 2133 806 2188 exinde
834 2134 1121 2202 episcopus
1148 2131 1510 2185 ordinaretur.
1555 2149 1571 2180 ι

271 2227 322 2281 Si.
351 2226 465 2293 Quo
493 2226 716 2280 decreto
746 2229 788 2278 si
829 2225 1180 2280 constituisse
1221 2222 1552 2292 intelligatur
1590 2221 1810 2285 decere,

209 2319 492 2388 utquisque
524 2334 619 2385 per
648 2318 1021 2372 ecclesiastica
1051 2316 1137 2370 illa
1166 2315 1364 2381 ofﬁcia,
1397 2331 1503 2369 non
1543 2315 1810 2383 praecipiti

210 2411 357 2475 saltu,
387 2412 452 2464 ad
483 2413 857 2479 ep‘iscoriaturn
897 2408 1222 2474 adscendat;
1262 2409 1371 2478 jam
1407 2407 1510 2463 hoc
1539 2419 1663 2461 ante
1692 2406 1807 2460 Caii

214 2513 438 2574 tempora
486 2519 583 2557 usu
617 2514 894 2573 receptum
937 2501 1104 2557 fuisse
1133 2501 1294 2557 fidem
1332 2501 1458 2556 facit
1484 2501 1805 2573 Cyprianus,

213 2613 323 2651 cum
373 2597 608 2652 Cornelii
666 2596 1067 2651 ordinationem
1123 2597 1413 2666 legitimam
1465 2594 1627 2648 fuisse
1683 2594 1808 2648 inde

215 2689 390 2760 probat
438 2689 689 2760 (ϐω-πει,
734 2707 816 2761 ep.
873 2688 963 2751 10,
1009 2706 1061 2743 n.
1093 2690 1168 2758 7),
1213 2687 1351 2758 quod
1383 2705 1400 2738 ‹
1443 2704 1547 2742 non
1598 2687 1697 2740 iste
1741 2685 1807 2739 ad

219 2783 569 2852 episcopatum
599 2782 779 2836 subito
809 2783 1167 2852 pervenisset,
1194 2781 1286 2836 sed
1314 2797 1407 2854 per
1430 2781 1608 2835 omnia
1636 2779 1806 2834 eccle-

219 2874 417 2929 siastica
448 2874 624 2928 ofﬁcia
657 2884 953 2944 promotus.
987 2883 1040 2932 et
1073 2874 1125 2931 in
1154 2872 1353 2930 divinis
1380 2873 1808 2942 administratio-

221 2966 360 3019 nibus
387 2966 546 3019 Deum
577 2982 722 3034 sche
752 2966 1100 3034 promeritus,
1144 2965 1210 3018 ad
1255 2965 1541 3018 sacerdotii
1581 2964 1811 3018 sublime

218 3056 465 3128 fastigium
495 3058 704 3112 cunctis
733 3058 1011 3127 religionis
1036 3057 1295 3125 gradibus
1323 3055 1621 3111 adscendit.
1665 3076 1681 3107 ι
1709 3057 1810 3124 Qui

1914 1673 2026 1716 tum
2070 1678 2176 1717 non
2205 1678 2326 1717 esse
2367 1663 2691 1732 probemus,
2723 1675 2778 1720 ut
2824 1677 3032 1736 septem
3071 1666 3362 1738 praedictos
3402 1682 3530 1736 gra-

1916 1755 2016 1808 dus
2070 1756 2218 1832 prius
2270 1754 2501 1820 obeant,
2549 1772 2710 1826 quam
2768 1757 2835 1812 ad
2889 1759 3258 1830 episcopatum
3315 1758 3532 1813 valeant

1915 1846 2116 1901 efferri.

1987 1941 2045 1994 4.
2079 1941 2298 1996 Siricius
2327 1944 2488 2013 epist.
2522 1945 2573 2008 1,
2608 1943 2674 1998 ad
2707 1942 3026 2011 Himerium,
3058 1961 3112 2000 η.
3149 1944 3181 1999 9
3213 1955 3266 2000 et
3291 1945 3378 2013 10,
3411 1958 3536 2000 nec-

1920 2050 2028 2090 non
2055 2035 2302 2091 Zusimus
2331 2037 2491 2108 epist.
2524 2037 2579 2101 9,
2611 2036 2676 2092 ad
2710 2037 3059 2110 Hesychium,
3089 2055 3139 2092 n.
3173 2037 3210 2093 2
3237 2046 3290 2093 et
3324 2038 3378 2104 5,
3406 2039 3526 2107 qui-

1921 2129 2025 2183 bus
2081 2132 2304 2201 quisqne
2356 2132 2612 2201 gradibus
2669 2131 2734 2186 ad
2781 2132 3020 2203 episcopi
3074 2140 3168 2186 aut
3223 2130 3522 2202 presbyteri

1922 2222 2236 2292 dignitatem
2285 2223 2666 2293 provehcndus
2716 2235 2860 2280 esset
2913 2223 3269 2288 definientes,
3322 2238 3428 2277 non
3471 2222 3524 2276 in

1922 2314 2150 2375 ostiarii,
2176 2314 2270 2368 sed
2299 2339 2316 2365 ι
2348 2315 2399 2368 in
2430 2315 2690 2370 lectorum
2720 2317 2966 2386 primitus
2993 2315 3180 2388 gradu,
3214 2335 3233 2368 ›
3264 2325 3319 2369 ut
3348 2314 3525 2369 verbis

1921 2420 2136 2466 utamur
2180 2410 2417 2475 Zosimi,
2459 2429 2475 2461 ι
2525 2411 2693 2466 divini
2749 2411 3049 2466 rudimenta
3101 2409 3302 2465 servitii
3347 2428 3366 2461 ι
3405 2407 3530 2479 poni

1919 2503 2257 2572 praecipiunt.
2281 2502 2451 2557 Immo
2480 2503 2606 2557 dum
2637 2503 2863 2559 Siricins
2883 2505 2949 2557 de
2978 2519 3064 2569 eo,
3091 2504 3178 2573 qui
3205 2501 3530 2573 grandzevus

1918 2595 2241 2665 baptizatur,
2273 2596 2576 2660 constituit,
2611 2605 2670 2650 ut
2702 2597 2744 2651 si
2778 2596 2844 2650 ad
2876 2611 3084 2650 saeram
3119 2596 3363 2650 militiam
3401 2611 3524 2664 per-

1922 2688 2103 2742 venire
2131 2686 2371 2753 festinat,
2407 2688 2586 2742 statim
2636 2688 2685 2760 (a
2718 2698 2969 2757 suscepto
3023 2686 3315 2757 baptismo)
3362 2687 3525 2740 lecto-

1916 2795 2036 2836 rum
2065 2790 2156 2834 aut
2183 2781 2574 2841 exorcistarum
2617 2796 2849 2836 numero
2875 2780 3130 2843 societur,
3176 2798 3193 2830 ι
3234 2794 3337 2833 non
3369 2777 3436 2832 ab
3461 2793 3528 2832 eo

1916 2884 2204 2943 utrumque
2253 2872 2505 2942 gradum,
2542 2871 2638 2928 sed
2683 2872 3004 2930 alterutrum
3055 2880 3264 2926 tantum
3311 2869 3527 2925 videtur

1917 2967 2154 3036 exigere.
2189 2965 2285 3020 Cui
2327 2966 2621 3023 concinens
2661 2965 2911 3021 Zosimus
2942 2966 3009 3020 de
3039 2965 3229 3020 eodem
3261 2965 3526 3030 decernit,

1925 3080 1943 3112 (
1982 3072 2040 3115 ut
2073 3073 2190 3131 post
2220 3060 2546 3130 baptismum
2575 3063 2781 3126 statim,
2830 3061 2871 3112 si
2897 3059 3092 3113 divina:
3135 3060 3342 3113 militim
3382 3057 3532 3112 desi-

221 3161 381 3205 autem
397 3151 588 3204 sintilli
611 3151 832 3220 gradus,
857 3151 970 3218 ipse
989 3164 1088 3202 nos
1103 3149 1262 3203 docet
1278 3146 1585 3209 Cornelius,
1610 3162 1729 3201 cum
1756 3149 1808 3202 in
1837 3162 1882 3223 ι’]
1919 3156 2074 3211 derat
2102 3155 2431 3224 mancipari,
2459 3155 2573 3209 sive
2605 3154 2748 3209 inter
2792 3154 3023 3209 lectores
3050 3157 3164 3209 sive
3196 3155 3335 3208 inter
3370 3168 3532 3206 exor-

222 3243 431 3298 ecclesia
455 3259 548 3297 sua
576 3254 700 3296 tunc
723 3242 969 3296 extitisse
989 3240 1395 3310 memorat(Ep.
1416 3241 1470 3307 9,
1492 3258 1545 3293 η.
1569 3241 1624 3310 4)
1647 3259 1665 3292 ‹
1691 3256 1813 3309 prc-

221 3341 448 3412 sbyteros
469 3340 560 3404 46,
585 3340 846 3393 diaconos
877 3340 929 3401 7,
967 3339 1332 3393 subdiaconus
1361 3338 1603 3402 totidem,
1629 3338 1812 3408 acoly-

223 3431 332 3484 thus
371 3433 456 3494 42,
493 3431 790 3486 exorcistas
835 3440 890 3484 et
941 3430 1172 3484 lectores
1218 3446 1340 3483 cum
1392 3430 1627 3483 ostiariis
1657 3429 1746 3483 5'2.
1785 3449 1805 3481 ι

220 3523 510 3578 Cornelium
545 3532 724 3578 tamen
769 3523 1012 3576 omnium
1053 3521 1268 3575 illorum
1300 3521 1562 3592 graduum
1595 3521 1808 3588 ofﬁciis,

220 3616 359 3670 nullo
387 3626 643 3684 excepto,
681 3615 923 3669 funcmm
957 3629 1108 3678 esse,
1156 3629 1262 3666 non
1296 3614 1466 3668 ausim
1512 3613 1806 3670 afﬁrmare.

283 3709 334 3764 5.
364 3710 412 3764 Si
450 3725 578 3764 vero
608 3710 861 3778 superius
889 3708 1241 3761 constitutum
1275 3706 1441 3762 veluli
1477 3707 1562 3760 lex
1591 3721 1813 3769 censea-

219 3811 298 3856 tur
338 3803 722 3864 ecclesiastica,
754 3817 782 3856 a
815 3817 915 3871 qua
960 3817 1141 3865 neruo,
1169 3802 1271 3855 nisi
1306 3817 1400 3869 per
1444 3816 1567 3854 eum
1598 3801 1686 3871 qui
1732 3801 1812 3856 le-

217 3912 329 3967 gem
372 3897 524 3959 tulit,
560 3896 818 3950 immunis
861 3895 984 3958 fiat,
1017 3893 1149 3947 illud
1194 3894 1326 3947 Caio
1356 3893 1514 3964 longe
1545 3895 1816 3949 recentius

218 4005 331 4045 esse
379 3989 618 4060 pluribus
645 3987 910 4058 exemplis
962 3986 1120 4042 facile
1166 3985 1591 4040 demonstratur.
1625 3986 1814 4042 Poste-

214 4082 321 4137 rius
377 4093 456 4137 est
508 4082 611 4136 hoc
669 4095 802 4151 papa
859 4078 1146 4134 concilium
1207 4077 1566 4142 Sardicense,
1632 4087 1817 4146 utpote

213 4192 350 4231 anno
379 4175 806 4241 547,1tabitum,
854 4175 1008 4243 cujus
1049 4189 1261 4228 canone
1302 4173 1368 4226 ἑο
1411 4171 1642 4244 (Isidoro
1672 4171 1816 4226 Mer-

211 4273 364 4323 catori
385 4272 499 4335 15),
517 4271 784 4332 sancitur,
814 4287 831 4319 ι
861 4267 982 4322 utsi
1006 4269 1126 4337 quis
1149 4283 1214 4320 ex
1241 4265 1362 4321 foro
1379 4268 1491 4320 sive
1514 4265 1686 4332 dives,
1706 4267 1819 4320 sive

212 4364 592 4430 scholasticus,
638 4363 929 4432 episcopus
972 4360 1091 4416 ﬁeri
1135 4360 1330 4431 dignus
1376 4358 1659 4424 habeatur,
1713 4373 1819 4413 non

211 4461 354 4528 prius
382 4459 769 4521 constituatur,
817 4471 975 4524 quam
1006 4455 1226 4508 lectoris
1253 4462 1308 4508 et
1345 4451 1557 4506 diaconi
1592 4463 1644 4504 rt.
1670 4467 1820 4521 prcs-

1921 3249 2085 3310 cistas
2111 3258 2377 3302 teneatur.
2410 3266 2428 3298 ι
2458 3247 2795 3317 Quamquam
2825 3248 2926 3302 iste
2955 3247 3156 3302 Zosimi
3180 3247 3332 3302 locus
3357 3244 3530 3315 expli-

1919 3343 2055 3406 cari,
2107 3339 2187 3394 sic
2243 3349 2450 3408 potest,
2510 3347 2566 3392 ut
2617 3338 2842 3408 perinde
2894 3341 2992 3412 ipsi
3044 3340 3114 3394 sit
3155 3358 3174 3390 ‹
3221 3340 3334 3392 sive
3390 3339 3529 3391 inter

1918 3435 2171 3500 lectores,
2205 3434 2318 3488 sive
2368 3434 2508 3488 inter
2556 3434 2873 3498 exorcistas,
2914 3455 2932 3488 ι
2969 3445 3128 3505 atque
3161 3453 3176 3484 ι
3230 3445 3338 3487 tum
3391 3433 3532 3485 inter

1917 3529 2149 3582 lectores
2205 3537 2313 3580 tum
2338 3569 2352 3593 ,
2399 3537 2532 3593 etc.,
2566 3546 2585 3578 ι
2621 3528 2854 3582 maxime
2905 3545 3027 3583 cum
3081 3528 3166 3581 his
3193 3525 3482 3596 praemittat
3516 3541 3528 3574 :

1924 3640 1941 3672 ι
1981 3623 2277 3677 Assuescat
2307 3621 2358 3675 iu
2391 3621 2600 3676 Domini
2637 3621 2861 3688 castris,
2905 3624 2958 3677 in
2990 3622 3251 3676 lectorum
3283 3616 3529 3687 primitus

1919 3714 2085 3768 divini
2118 3714 2420 3770 rudimenta
2447 3715 2686 3782 servitii;
2720 3732 2818 3770 nec
2844 3715 2916 3768 illi
2948 3716 3050 3769 vile
3078 3714 3147 3766 sit
3172 3709 3529 3773 exorcistam,

1921 3807 2264 3879 acolythum,
2322 3807 2748 3873 subdiaconurn,
2803 3807 3088 3861 diaconum
3143 3820 3235 3875 per
3283 3803 3528 3858 ordinem

1924 3902 2062 3956 ﬁeri.
2099 3921 2117 3954 ι
2152 3901 2286 3956 Illud
2318 3902 2530 3965 mirum,
2581 3901 2725 3972 quod
2754 3916 2876 3956 cum
2919 3897 3145 3954 Siricius
3182 3907 3236 3952 et
3283 3896 3530 3952 Zosimus

1923 3995 1977 4048 in
2008 3994 2240 4048 laudatis
2269 3995 2514 4064 epistolis
2542 3994 2784 4064 singulos
2814 4002 2921 4046 tam
2949 4001 3200 4046 accurate
3223 3989 3532 4045 describant

1926 4087 2145 4157 gradus,
2176 4088 2369 4159 quibus
2397 4087 2465 4142 ad
2496 4087 2782 4142 sacerdotii
2806 4087 3016 4158 apicem
3045 4085 3315 4157 perveniri
3341 4083 3526 4146 velint,

1927 4181 2207 4234 ostiarium
2239 4190 2415 4234 tamen
2457 4189 2771 4236 constanter
2814 4189 3051 4234 taceant.
3082 4179 3237 4234 Hunc
3263 4193 3394 4233 sane
3422 4193 3529 4232 non

1928 4272 2318 4345 prteteriisscnt
2359 4274 2606 4340 silentio,
2639 4273 2684 4328 si
2727 4289 2757 4327 a
2801 4271 2930 4328 Caio
2971 4273 3250 4328 decretura
3285 4269 3532 4341 superius

1929 4367 2236 4438 prodiisset.
2264 4366 2398 4420 Cum
2427 4367 2556 4436 ipsis
2577 4382 2640 4422 ea
2670 4368 2720 4422 in
2746 4383 2804 4422 re
2831 4366 3103 4421 consentit
3130 4363 3530 4434 supposititiurn

1928 4461 2146 4532 quidem
2169 4500 2184 4523 ,
2213 4458 2307 4514 sed
2341 4467 2518 4515 tamen
2549 4460 2831 4530 antiquum
2860 4460 3104 4516 Silvestri
3132 4456 3494 4511 Constitutum
3519 4497 3534 4520 ,

212 4551 376 4622 byteri
429 4549 796 4604 ministerium
844 4549 1147 4617 peregerit;
1199 4567 1216 4597 ι
1275 4546 1496 4615 vultque
1549 4563 1567 4595 ι
1627 4545 1811 4599 habeat

1927 4570 2024 4610 seu
2080 4554 2382 4609 Romanum
2436 4551 2502 4620 ll,
2553 4553 2654 4609 sub
2703 4554 2968 4610 Silvestro
3017 4551 3327 4612 concilium,
3381 4548 3536 4617 cujus

212 4646 630 4714 uniuscujusque
678 4643 882 4697 ordinis
911 4641 1108 4710 gradus
1161 4657 1267 4696 non
1313 4641 1520 4695 minimi
1562 4640 1820 4708 temporis

213 4735 623 4807 loogitudinem,
652 4750 751 4804 per
777 4732 922 4804 quod
949 4743 1001 4787 et
1033 4733 1167 4787 fides
1193 4744 1246 4787 et
1270 4749 1478 4788 morum
1508 4731 1815 4800 probitas...

213 4829 376 4897 possit
396 4827 678 4899 cognosci.
708 4845 726 4877 ι
751 4825 950 4880 Tribus
973 4823 1077 4877 illis
1096 4824 1350 4894 gradibus
1372 4823 1817 4878 subdiaconatum

214 4921 465 4989 adjiciunt
515 4919 732 4986 Grarci,
766 4921 856 4988 qui
903 4927 1109 4971 tantum
1158 4917 1258 4972 hos
1292 4926 1526 4986 quatuor
1566 4917 1817 4970 ordinum

217 5015 410 5083 gradus
435 5030 557 5070 cum
602 5013 920 5083 cpisc0patu
963 5016 1285 5081 agnoscunt,
1318 5020 1373 5063 ut
1405 5025 1471 5064 ex
1502 5009 1668 5063 variis
1707 5023 1823 5062 rno-

221 5108 467 5162 nimentis
507 5106 716 5174 liquet,
772 5119 835 5158 ac
881 5105 1196 5158 nominatim
1240 5119 1307 5156 ex
1354 5102 1436 5156 bis
1474 5102 1663 5173 synodi
1715 5101 1818 5156 0c-

223 5210 372 5265 tavaz,
397 5215 502 5256 act.
524 5200 614 5266 l0,
648 5214 772 5268 cap.
807 5199 840 5253 5
875 5215 887 5250 :
926 5216 943 5250 ι
979 5199 1032 5253 Si
1060 5200 1253 5268 quis...
1291 5213 1384 5267 per
1409 5212 1599 5252 omnes
1625 5198 1823 5268 gradus

227 5297 614 5351 ecclesiasticos
658 5293 898 5348 deﬁnitis
935 5291 1268 5360 temporibus
1292 5292 1453 5345 vitam
1495 5291 1821 5360 inculpatum

229 5392 476 5445 transisse
503 5388 826 5458 reperiatur,
854 5387 924 5439 ita
956 5394 1013 5438 tit
1043 5386 1094 5438 in
1125 5384 1342 5440 lectoris
1373 5400 1596 5440 munere
1625 5402 1820 5452 unum,

232 5481 280 5536 in
322 5481 634 5538 subdiaconi
687 5479 849 5544 duos,
905 5478 958 5531 in
992 5476 1204 5532 diaconi
1247 5488 1376 5542 tres,
1429 5479 1481 5531 in
1533 5478 1825 5533 sacerdotii

236 5584 450 5645 quatuor
496 5589 668 5630 annos
708 5571 1049 5642 expleverit,
1081 5572 1146 5625 ad
1193 5571 1535 5642 episcopatus
1564 5571 1824 5626 honorem

238 5670 496 5727 uehatur.
534 5689 552 5723 ι
587 5667 743 5725 Nunc
792 5667 962 5740 igitur
1007 5674 1204 5731 restat,
1256 5674 1313 5720 ut
1357 5663 1520 5720 etiam
1565 5665 1617 5719 in
1666 5664 1828 5718 latina

1926 4649 2102 4716 capite
2154 4647 2245 4710 11,
2291 4654 2552 4700 statutum
2585 4653 2669 4700 est
2709 4662 2722 4697 :
2760 4663 2778 4697 ε
2816 4643 2886 4701 Ut
2930 4643 3108 4699 nullus
3147 4657 3212 4698 ex
3245 4641 3378 4697 laico
3408 4655 3535 4710 per-

1928 4754 2061 4795 sona
2103 4739 2169 4793 ad
2215 4741 2478 4795 honorem
2526 4739 2810 4810 acolythus
2835 4748 2860 4776 ει
2889 4752 3058 4810 usque
3078 4737 3143 4792 ad
3167 4736 3536 4808 episcopatum

1928 4833 2324 4898 sublevaretur,
2388 4833 2491 4888 nisi
2538 4834 2687 4903 prius
2741 4814 2931 4888 fuisset
2981 4832 3151 4886 lector
3200 4832 3358 4885 annis
3405 4845 3536 4896 xxx,

1927 4926 2124 4982 deinde
2152 4941 2257 4980 una
2283 4925 2371 4980 die
2397 4927 2686 4990 exorcista,
2714 4936 2769 4981 et
2796 4935 2982 4997 postea
3011 4934 3231 4994 caperet
3258 4939 3395 4978 onus
3422 4939 3546 4978 aco.

1930 5012 2087 5084 lythi,
2120 5023 2173 5067 et
2204 5011 2408 5068 faceret
2440 5013 2491 5066 in
2522 5012 2713 5068 eodem
2737 5013 2928 5067 ordine
2967 5010 3203 5082 acolytbi
3228 5023 3402 5064 annos
3439 5008 3544 5063 de-

1929 5123 2070 5169 cem,
2101 5115 2158 5160 ut
2188 5107 2460 5176 acciperet
2486 5123 2624 5162 onus
2645 5104 2981 5169 subdiaconi,
3001 5113 3054 5159 et
3072 5104 3125 5158 in
3148 5102 3540 5158 subdiaconatu

1930 5210 2074 5256 esset
2119 5215 2291 5255 annos
2333 5201 2590 5271 quinque,
2625 5210 2729 5256 etc.
2767 5217 2786 5250 ι
2821 5196 2893 5253 Ut
2932 5195 3019 5250 hic
3044 5196 3246 5250 nullum
3276 5203 3539 5265 prretcrea

1930 5294 1999 5349 de
2026 5292 2250 5349 ostiario
2278 5291 2339 5348 fit
2366 5294 2612 5361 verbum,
2640 5293 2711 5348 ita
2752 5306 2850 5346 nec
2878 5290 2930 5345 in
2959 5290 3026 5344 iis
3054 5288 3295 5360 ejusdem
3322 5283 3538 5340 Consti-

1932 5388 2064 5454 tuti,
2112 5394 2232 5458 cap.
2263 5388 2334 5443 7:
2398 5406 2416 5439 ι
2455 5386 2525 5444 Ut
2571 5403 2601 5441 a
2653 5386 2982 5446 subdiacono
3028 5397 3194 5454 usque
3241 5379 3308 5433 ad
3359 5378 3532 5432 lecto-

1930 5495 2045 5535 rem
2086 5494 2276 5534 omnes
2331 5479 2531 5534 subditi
2581 5487 2768 5536 essent
2810 5477 3040 5532 diacono
3090 5469 3350 5529 cardinali
3383 5467 3535 5521 urbis

1935 5572 2225 5638 Romae,in
2255 5573 2494 5630 Ecclesia
2546 5572 2809 5629 honorem
2861 5575 3258 5640 repraesentans
3301 5570 3531 5623 tantum,

1933 5663 2174 5734 pontifici
2223 5681 2358 5721 vero
2386 5666 2716 5737 presbyteri,
2747 5658 3090 5726 subdiaconi,
3146 5652 3381 5716 diaconi,
3408 5662 3534 5704 aco—

1469 5777 1762 5839 LECTION
1771 5778 1851 5837 ES
1889 5780 2301 5840 VARIANTES.

299 5893 366 5960 (³)
397 5896 534 5950 Forte
551 5895 884 5966 Acolythatus
910 5880 1140 5938 σαιιωια.
