3950 6356
354 351 456 406 ίθῖἶ

1170 350 1506 409 EPISTOLA
1545 353 1682 409 CAll
1721 352 1925 410 ΡΑΡΕ
1962 355 2056 411 AD
2087 352 2390 413 FELICEM
2429 352 2830 411 EPISCOPUM.

3549 358 3653 414 itu

353 467 507 540 lythi,
544 471 846 533 exorcisue,
879 469 1049 524 lector
1104 470 1157 523 in
1198 469 1345 523 omni
1394 471 1515 525 loco
1559 480 1957 539 repraesentans
1985 474 2037 533 Α
2063 469 2371 543 Zosimique
2421 482 2658 543 tempora
2707 471 2957 529 Gelasius
3006 475 3164 543 epist.
3214 490 3303 540 ιι,
3334 489 3384 530 c.
3434 460 3488 541 έὶ,
3526 475 3659 530 licet

354 563 713 619 obseanimn.-
738 582 757 614 ι
785 561 932 617 Idem
964 572 1139 617 tamen
1168 566 1515 619 constitutum
1543 578 1638 619 seu
1666 548 1953 620 concilium

353 668 474 723 cap.
530 655 597 719 5,
651 655 853 709 ostiarii
908 654 1196 715 meminit.
1239 655 1325 710 ubi
1376 656 1639 725 legimus:
1694 676 1712 709 (
1749 656 1820 711 Ut
1849 672 1953 711 non

358 749 645 820 presbyter
670 748 930 802 adversus
957 748 1269 819 epi~eopum
1297 791 1311 816 ,
1346 765 1452 805 non
1480 750 1741 805 diaconus
1767 751 1958 807 adver-

353 855 448 894 sus
477 842 878 911 presbyterum.
909 857 1012 894 non
1044 841 1412 897 subdiaconus
1458 842 1719 898 adversus
1765 842 1953 900 diaco-

360 946 521 998 num,
556 948 661 985 non
704 934 972 988 exorcista
998 933 1260 988 adversus
1292 934 1704 997 subdiaconum.
1730 950 1835 990 non
1876 936 1955 991 le-

364 1035 481 1081 ctor
529 1025 790 1080 adversus
832 1025 1197 1093 exorcistam,
1256 1042 1360 1081 non
1416 1028 1671 1083 ostiarius
1701 1027 1960 1084 adversus

367 1120 625 1174 lectorem
650 1119 737 1175 det
760 1119 1154 1187 accusationem
1179 1122 1434 1190 aliquam.
1475 1140 1491 1172 ι
1524 1121 1868 1191 Quapropter
1891 1136 1958 1177 ex

360 1210 539 1267 Siricii
594 1210 860 1266 Zosimive
914 1210 1135 1265 silentio
1192 1213 1416 1266 minime
1467 1209 1810 1273 inferendum
1877 1221 1960 1268 est

356 1304 491 1375 ipsis
525 1306 760 1372 ignotum
795 1304 958 1360 fuisse
987 1306 1193 1363 ostiarii
1225 1306 1476 1377 gradum,
1517 1324 1695 1378 quem,
1724 1321 1780 1363 nt
1820 1307 1957 1362 dixi-

360 1413 501 1456 mus.
532 1397 816 1452 Cornelius
862 1397 1100 1469 agnovit.
1150 1398 1278 1454 Inde
1321 1408 1499 1454 tamen
1544 1398 1723 1468 colligi
1783 1408 1960 1468 potest

354 1489 481 1543 illos
508 1489 576 1542 ab
606 1488 705 1553 eis,
728 1490 817 1557 .lui
847 1490 994 1545 clero
1022 1506 1218 1545 nomen
1250 1490 1471 1559 dabant,
1500 1506 1839 1561 nequaquam
1865 1507 1960 1546 ne-

360 1581 599 1635 cessario
624 1580 945 1651 exigendum
991 1584 1288 1648 censuisse,
1325 1591 1384 1638 ut
1409 1583 1616 1637 ostiarii
1649 1583 1954 1639 ministerio

368 1674 739 1741 fungerentur.
773 1673 935 1728 Certe
986 1674 1241 1741 infantes,
1271 1691 1407 1745 quos
1434 1692 1601 1731 sacra:
1626 1676 1840 1735 militia:
1865 1677 1962 1732 ad-

367 1764 531 1820 scribi
561 1766 838 1829 volebant,
862 1780 983 1819 cum
1005 1766 1151 1824 brevi
1190 1768 1463 1836 potuerint
1486 1767 1749 1822 lc‘ctorem
1778 1766 1963 1823 oflicio

2061 564 2270 618 osﬁarii
2296 564 2519 635 gradum
2546 572 2819 632 agnoscat,
2850 563 3049 620 ibidem
3088 575 3267 621 tamen
3306 566 3608 634 prazscrihit
3637 584 3653 621 :

2068 680 2084 702 -
2117 654 2172 713 Si
2200 657 2320 727 quis
2364 657 2526 710 etiam
2559 658 2625 711 de
2654 657 2907 725 religioso
2960 661 3232 728 proposito
3260 668 3315 713 et
3340 658 3645 730 disciplinis

2064 746 2538 802 monasterialibus
2584 747 2827 803 eruditus
2871 748 2937 803 ad
2984 749 3235 805 clericale
3280 765 3473 804 munus
3496 765 3654 810 acce—

2063 839 2211 894 dit...
2234 838 2494 894 continuo
2520 839 2692 893 lector
2722 839 2806 894 vel
2838 840 3082 894 notarius
3109 849 3201 894 aut
3226 848 3374 895 certe
3401 840 3664 897 defensor

2062 930 2309 994 effectus,
2332 941 2449 1000 post
2473 940 2584 986 tres
2611 946 2826 987 menses
2872 932 3071 987 existat
3100 932 3401 1004 acolythus.
3422 934 3663 989 maxime

2062 1025 2109 1079 si
2140 1024 2262 1078 huic
2290 1034 2422 1078 mtas
2450 1025 2612 1078 etiam
2657 1024 3003 1093 sull‘ragatur,
3038 1034 3193 1079 sexto
3225 1041 3409 1081 mense
3435 1026 3664 1081 subdia-

2062 1119 2184 1172 coui
2218 1132 2415 1171 nomen
2464 1118 2692 1187 accipiat
2723 1135 2739 1182 ;
2773 1137 2791 1168 ι
2822 1117 3065 1187 adeoque
3093 1134 3197 1173 non
3246 1118 3408 1174 modo
3428 1118 3663 1185 ostiarii,

2064 1210 2159 1264 sed
2179 1219 2234 1263 et
2259 1208 2546 1265 exorcista:
2570 1208 2796 1280 gradum
2830 1210 3094 1280 pra-teriri
3121 1211 3396 1280 permittit.
3420 1211 3498 1266 Nil
3522 1227 3666 1280 Opus

2070 1310 2156 1355 est
2188 1300 2276 1354 hic
2305 1301 2549 1370 exempla
2577 1316 2765 1355 eorum
2814 1302 3077 1372 proferre,
3119 1304 3211 1373 qui
3237 1304 3414 1374 aliquo
3460 1304 3665 1375 prmdi-

2063 1406 2272 1451 ctorum
2318 1406 2525 1467 septem
2566 1397 2829 1466 graduum
2854 1440 2869 1463 ,
2921 1397 3009 1453 vel
3060 1397 3219 1452 etiam
3252 1398 3492 1467 pluribus
3523 1414 3669 1468 prm-

2067 1492 2350 1559 termissis,
2380 1491 2752 1562 episcopatum
2777 1492 2955 1557 adepti
3004 1503 3148 1547 sunt.
3180 1490 3443 1559 Quocirca
3473 1492 3670 1547 decre-

2070 1595 2206 1650 tum,
2236 1584 2305 1639 de
2333 1599 2439 1653 quo
2478 1585 2711 1655 agimus,
2736 1584 2802 1638 ad
2834 1585 3019 1639 Caium
3050 1584 3217 1639 nihilo
3244 1586 3413 1655 magis
3444 1584 3662 1640 videtur

2073 1676 2369 1746 pertinere,
2398 1691 2559 1745 quam
2593 1675 2859 1744 pertineat
2888 1676 2954 1730 ad
2983 1675 3300 1732 Silvestrum
3334 1676 3494 1741 iStud,
3517 1677 3668 1747 quod

2072 1768 2289 1823 nomine
2319 1767 2533 1822 concilii
2566 1767 2797 1823 Romani
2827 1785 2903 1830 tu.
2938 1767 3038 1824 sub
3065 1768 3165 1823 hoc
3214 1785 3347 1841 papa
3391 1771 3671 1840 vulgatum

364 1856 535 1927 fungi,
565 1873 670 1911 non
701 1866 807 1911 tam
835 1857 945 1912 cito
975 1859 1178 1914 ﬁebant
1205 1858 1362 1913 validi
1410 1870 1465 1914 et
1487 1858 1552 1913 ad
1582 1858 1851 1929 implenda
1876 1876 1968 1915 os-
1996 1876 2044 1934 Β
2070 1871 2192 1915 est:
2229 1879 2248 1912 ι
2278 1860 2334 1916 Si
2363 1860 2485 1931 quis
2528 1860 2843 1916 clericatum
2895 1862 3189 1930 promereri
3234 1861 3526 1928 desiderat,
3562 1861 3672 1917 hoc

369 1948 510 2003 tiarii
541 1948 717 2002 nnmia
759 1948 961 2003 idonei.
990 1948 1193 2004 Eorum
1226 1950 1424 2020 quippe
1461 1961 1579 2005 erat
1609 1950 1676 2004 ab
1704 1951 1962 2005 Ecclesia!

366 2038 515 2093 aditu
551 2039 799 2107 indignos
848 2039 1132 2110 repellere.
1180 2041 1534 2112 Augustinus,
1559 2042 1652 2096 lib.
1682 2043 1746 2095 de
1774 2041 1965 2097 Pasto-

362 2130 527 2195 ribus,
560 2147 695 2185 nunc
734 2132 904 2186 Serm.
961 2132 1051 2196 46,
1085 2149 1137 2186 n.
1198 2135 1292 2197 5i,
1322 2132 1613 2195 describit.
1660 2149 1768 2204 quo
1814 2146 1970 2203 pacto

365 2221 506 2291 apud
535 2220 840 2276 Donatistas
870 2223 1144 2291 ostiarius,
1187 2243 1206 2275 ‹
1244 2235 1393 2279 stans
1424 2226 1505 2279 rei
1545 2224 1743 2280 sedens
1770 2225 1836 2279 ad
1863 2241 1957 2286 os-

372 2317 506 2369 tium
542 2335 560 2366 ι
588 2313 951 2381 basilicarum,
971 2332 1065 2373 eos
1090 2318 1387 2388 interroget
1413 2319 1502 2389 qui
1534 2319 1742 2373 intrare
1772 2319 1957 2385 velint,

377 2421 440 2463 ac
464 2407 707 2480 projiciat
744 2409 835 2479 qui
862 2424 966 2464 nou
995 2410 1103 2465 siut
1129 2411 1371 2479 ejusdem
1416 2412 1832 2467 communienis.
1857 2409 1958 2466 Cui

373 2501 585 2557 moueri
636 2502 866 2572 impares
911 2513 1062 2558 erant
1108 2502 1356 2559 infantes.
1398 2503 1583 2575 Longe
1629 2514 1752 2575 post
1781 2503 1957 2561 Siricii

391 2652 891 2677 Ma-

942 2772 1860 2891 EPISTOLA
1936 2758 1972 2832 θ

2104 2774 2497 2890 CA1!
2570 2776 3112 2891 ΡΔΡΕ

2063 1953 2269 2022 jusutm
2292 1962 2401 2017 est,
2438 1962 2495 2007 ut
2518 1952 2588 2007 sit
2614 1948 2883 2007 ostiarius
2919 1969 3119 2009 annum
3153 1971 3343 2019 unum,
3377 1955 3545 2010 lector
3564 1971 3671 2009 an-

2069 2062 2169 2102 nos
2197 2046 2408 2118 viginti,
2441 2048 2708 2102 eXorcista
2743 2062 2917 2102 annos
2944 2049 3154 2112 decem,
3185 2047 3472 2119 acolythus
3492 2064 3675 2104 annos

2071 2142 2329 2211 quinque,
2359 2140 2723 2207 subdiaconus
2776 2156 2949 2194 annos
2990 2142 3245 2212 quinque,
3277 2142 3539 2197 diaconus
3564 2156 3665 2197 an-

2078 2246 2177 2284 nos
2205 2232 2461 2302 quiuque,
2493 2238 2549 2284 et
2569 2231 2613 2284 si
2642 2231 2709 2284 ad
2757 2230 3016 2285 honorem
3063 2232 3381 2301 presbyterii
3415 2232 3664 2298 accedat,

2071 2328 2127 2377 et
2153 2320 2357 2376 faciens
2389 2321 2441 2376 in
2461 2321 2653 2376 ordine
2686 2336 2857 2376 annos
2880 2337 3047 2376 sex...
3081 2324 3159 2378 sic
3184 2324 3252 2377 ab
3288 2323 3432 2377 omni
3472 2324 3667 2380 Eccle-

2063 2415 2141 2470 sia
2168 2415 2395 2486 eligatur
2422 2415 2818 2470 cousecrandus
2842 2415 3143 2486 episcopus.
3178 2436 3195 2467 ι
3227 2413 3533 2472 Consum.

1585 2990 1677 3045 AD
1719 2987 2017 3047 FELICEM
2058 2980 2465 3050 EPISCOPUM.

375 3158 528 3227 Quoo
556 3172 745 3213 rasam
792 3171 893 3212 non
935 3169 1149 3211 rossm'r
1187 3170 1538 3211 CHRISTIANOS
1566 3169 1834 3210 ACCUSABE
1864 3170 1879 3206 :
1908 3169 1975 3209 ne
2003 3154 2047 3217 C
2081 3156 2169 3223 qui
2198 3166 2583 3226 perscrutautur
2599 3158 2884 3211 testimonia
2906 3157 3038 3227 ejus,
3067 3166 3113 3211 et
3140 3158 3191 3212 in
3210 3167 3313 3212 toto
3336 3159 3491 3214 corde
3512 3161 3695 3230 extrui-

450 3267 814 3310 ACCUSATIONE
856 3265 1089 3306 EPISCOPI
1108 3290 1124 3313 ν
1155 3266 1382 3317 ωυεριιε
1413 3264 1843 3305 Αεουελτοιιωυδ
1863 3291 1876 3306 .
1910 3265 1977 3305 DF.

452 3360 838 3402 EXPOLIATIONE
870 3358 974 3400 AU'I‘
1002 3356 1329 3398 EXPULSIONE
1348 3384 1361 3409 ,
1394 3356 1463 3396 Ετ
1495 3358 1561 3396 DE
1591 3356 1978 3396 INCARNATIUNE

452 3440 665 3495 Doutut.

453 3538 493 3591 1.
522 3533 761 3607 Paganos
779 3543 824 3587 et
842 3534 1104 3587 Iiwreticos
1116 3548 1217 3586 non
1230 3547 1376 3603 posse
1387 3546 1627 3585 accusare
1638 3528 1977 3584 Christianos.

456 3629 519 3685 ll.
566 3627 876 3699 Episwpum
924 3644 1025 3682 non
1055 3626 1403 3687 accusandum
1424 3626 1563 3696 apud
1590 3624 1795 3695 judices
1818 3639 1983 3679 seacu-

385 3723 519 3777 iares
532 3765 540 3773 .

456 3816 545 3873 ΙΙΙ.
590 3814 668 3870 De
692 3816 948 3886 episcopo,
979 3813 1268 3884 presbytero
1288 3854 1303 3879 ,
1345 3823 1432 3867 aut
1480 3813 1695 3867 diacono
1716 3854 1732 3879 ,
1764 3814 1842 3867 vel
1865 3812 1987 3867 reli-

379 3913 493 3984 quis
520 3912 718 3967 clericis
742 3910 883 3981 apud
911 3906 1173 3982 episwpos
1198 3910 1516 3964 accusandis.

458 4004 548 4061 ιν.
596 4004 671 4059 De
709 3994 787 4059 Itis
815 4006 901 4074 qui
930 4014 1114 4074 negant
1139 4002 1275 4057 verbi
1303 4001 1401 4057 Dei
1451 4003 1866 4059 incarnationem.

458 4099 525 4155 γ.
554 4098 707 4165 Quod
733 4097 801 4151 ad
822 4113 963 4159 spem
991 4098 1105 4150 vita'
1133 4107 1339 4152 interna:
1375 4097 1629 4169 perveniri
1662 4114 1761 4151 non
1791 4100 1948 4170 possit
1971 4139 1987 4163 ,

388 4196 489 4253 nisi
518 4210 608 4263 per
634 4192 962 4248 mediatorcm
990 4188 1089 4246 Dei
1119 4201 1166 4244 et
1212 4192 1475 4246 hominum
1506 4190 1763 4247 Christum
1789 4189 1981 4248 Jesum.

453 4287 543 4347 Vl.
587 4286 663 4341 De
691 4285 949 4341 ordinibus
974 4285 1344 4343 ecclesiasticis.

606 4426 950 4483 Dilectissimo
975 4427 1126 4498 [νάιτὶ
1154 4424 1319 4480 Felici
1348 4426 1587 4497 episcOpo
1616 4423 1791 4480 Caius.

462 4564 706 4619 Directas
735 4562 803 4618 ad
832 4576 928 4616 nos
953 4570 1058 4615 tuae
1084 4559 1358 4615 charitatis
1386 4558 1655 4633 (Vigilius,
1680 4577 1742 4631 ep
1784 4559 1865 4631 ἓ).
1885 4560 1995 4631 epi-

392 4658 560 4714 stolas
607 4656 794 4727 plenas
840 4653 1124 4709 catholica:
1182 4653 1538 4723 inqtti~ili0ttis
1589 4654 1989 4719 sollicitudine,

397 4759 673 4822 gratanter
726 4747 1056 4816 accepimus,
1107 4744 1491 4800 benedicentes
1561 4743 1772 4800 Domini
1820 4747 1993 4801 nostri

388 4844 768 4901 clementiam:
816 4842 943 4912 quia
986 4840 1122 4895 tales
1145 4840 1220 4893 ab
1244 4839 1500 4895 estremis
1531 4839 1716 4894 mundi
1749 4838 1990 4910 partibus

391 4941 639 5013 dignatur
664 4938 773 4994 suis
799 4935 989 4992 ovibus
1030 4932 1315 5004 providere
1346 4942 1621 5004 pastores,
1653 4948 1750 5004 per
1773 4950 1909 5004 quos
1934 4942 1990 4989 et

396 5032 615 5106 pascuis
669 5030 881 5084 valeant
934 5026 1258 5083 salutaribus
1301 5023 1596 5087 abundare.
1647 5035 1701 5079 et
1729 5024 1798 5078 ab
1825 5023 1991 5094 iniqui

388 5129 501 5199 lupi
551 5134 575 5163 ⁸
623 5122 921 5195 rapacitate
961 5121 1200 5187 servari,
1244 5128 1303 5174 ut
1333 5118 1555 5175 insidias
1576 5127 1846 5187 nequi-ant
1870 5116 1988 5188 ejus

394 5220 753 5291 subreptionis
793 5218 1095 5273 incurrere.
1143 5213 1305 5289 Unde»
1327 5222 1537 5269 certum
1569 5221 1685 5277 est,
1712 5226 1834 5283 quia
1868 5225 1990 5281 pro-

390 5320 575 5375 missa:
595 5332 691 5372 vos
718 5313 1060 5371 beatitudinis
1085 5312 1257 5383 gratia
1296 5308 1685 5377 subsequatur,
1718 5304 1934 5377 quando
1958 5321 2011 5373 a7

390 5414 544 5470 vobis
582 5410 884 5467 caelestium
917 5407 1171 5479 perfectio
1218 5404 1624 5469 doctrinarum,
1657 5409 1764 5455 tam
1806 5400 1988 5456 votiva

389 5503 743 5563 suscitatione
785 5499 1133 5574 perquiritur.
1183 5497 1453 5569 Scriptum
1497 5505 1582 5552 est
1624 5493 1763 5551 enim
1796 5512 1810 5550 :
1838 5491 1987 5549 Beati

452 5643 534 5717 (l)
561 5642 845 5715 Supposita
867 5641 934 5698 ab
952 5638 1176 5698 Isidem.
1211 5637 1377 5696 LABB.

2083 3260 2204 3305 runt
2234 3267 2349 3305 eum
2379 3250 2542 3325 (Psal.
2579 3254 2788 3320 cum).
2816 3250 2930 3306 Hoc
2952 3265 3113 3322 ergo,
3140 3250 3306 3307 frater
3333 3253 3689 3322 charissime,

2085 3344 2419 3415 prepositum
2450 3354 2554 3402 tuae
2579 3344 2991 3399 consultatimiis
3014 3354 3122 3397 tota
3148 3354 3330 3400 mente
3362 3356 3689 3414 tractantes,

2086 3434 2155 3490 de
2184 3445 2235 3489 te
2261 3450 2477 3505 quoque
2503 3434 2791 3505 provenire
2835 3434 3178 3500 ccttﬁdiutus,
3212 3439 3301 3515 qui
3332 3440 3571 3508 rt-gulam
3599 3454 3695 3495 ca-

2090 3527 2301 3583 tholica:
2329 3527 2453 3583 ﬁdei
2492 3527 2683 3582 iisdem
2732 3527 2918 3582 studes
2971 3537 3154 3583 tenere
3189 3530 3449 3600 veSIigiis,
3497 3532 3695 3601 quibus

2086 3637 2203 3677 eam
2248 3622 2301 3675 in
2331 3622 2620 3690 apostolica
2664 3621 2793 3677 sede
2823 3622 3104 3692 cognoscis
3132 3637 3253 3678 esse
3286 3623 3581 3679 ftittdatam.
3620 3628 3695 3682 Et

2088 3714 2333 3783 quamvis
2376 3729 2532 3767 sonus
2560 3729 2735 3767 eorum
2773 3723 2875 3767 toto
2916 3713 3037 3768 orbe
3061 3714 3282 3781 di/Iusus
3304 3759 3317 3777 .
3360 3727 3406 3771 et
3441 3734 3595 3789 usque
3621 3724 3694 3774 ad

2089 3806 2217 3875 ﬁnes
2241 3805 2377 3860 orbis
2403 3816 2553 3860 terra:
2591 3806 2739 3858 verba
2775 3822 2950 3859 eorum
2978 3808 3204 3862 distensa
3244 3807 3415 3877 (Psal.
3451 3826 3599 3877 XVIII,
3631 3829 3700 3868 ea:

2090 3915 2222 3954 vers.
2253 3896 2450 3971 Hier.).
2483 3897 2786 3953 dilectionis
2836 3909 2939 3953 tum
2987 3901 3150 3955 corda
3176 3900 3395 3957 Christo
3442 3906 3698 3966 probave-

2090 4006 2215 4050 runt
2262 4009 2383 4050 esse
2416 3994 2631 4049 ﬁdelia:
2667 4004 2844 4049 tamen
2872 3996 2917 4049 si
2943 3994 3068 4064 quid
3099 4010 3166 4048 ex
3206 3993 3286 4050 his
3331 3997 3382 4049 iu
3414 3995 3655 4053 Ecclesia
3680 4041 3695 4063 ,

2094 4106 2215 4159 quae
2248 4100 2353 4145 tute
2384 4090 2781 4161 gubernationi,
2809 4090 3034 4143 Dotniuo
3057 4089 3370 4154 auxiliante,
3402 4091 3697 4147 Commissa

2094 4193 2197 4249 est,
2219 4182 2447 4239 necdum
2469 4182 2624 4253 plena
2646 4182 2764 4236 luce
2784 4181 3067 4245 claruerit,
3098 4180 3164 4235 ad
3187 4180 3435 4235 etundem
3465 4180 3696 4248 fontem,

2094 4276 2162 4333 de
2186 4292 2293 4347 quo
2334 4276 2424 4331 illa
2469 4276 2720 4330 salutaris
2765 4284 3005 4329 tnauarat
3042 4272 3284 4346 lympha,
3314 4274 3609 4339 recurritis,
3644 4275 3699 4330 id

2094 4382 2197 4437 est,
2227 4369 2370 4443 quod
2394 4370 2571 4425 debita
2604 4369 2865 4424 charitate
2893 4382 3080 4422 sumus
3100 4366 3373 4437 amplexi:
3405 4367 3526 4437 quia
3557 4367 3699 4423 lidu-

2096 4463 2303 4519 cialiter
2322 4463 2390 4519 de
2413 4462 2518 4527 his,
2542 4462 2685 4518 unde
2701 4461 2839 4531 apud
2863 4475 2959 4513 vos
2971 4459 3366 4514 observantiam
3384 4474 3506 4515 esse
3525 4460 3700 4516 dixis-

2102 4556 2168 4611 tis
2214 4556 2541 4627 ambiguam,
2592 4562 2775 4609 nostra
2818 4551 3062 4607 voluiStis
3088 4551 3441 4621 responsione
3464 4552 3695 4609 lirmari.

2098 4650 2437 4721 Quapronter
2463 4650 2805 4704 dilectionem
2840 4658 2983 4702 tuam
3017 4645 3070 4700 in
3105 4643 3332 4699 Domino
3359 4646 3657 4703 salutantes
3678 4691 3696 4712 ,

2096 4742 2164 4797 de
2208 4743 2461 4812 singulis,
2512 4741 2635 4812 quid
2680 4742 2831 4812 juxta
2873 4740 3190 4795 catholicam
3220 4736 3555 4806 disciplinam
3617 4750 3703 4795 te-

2096 4847 2219 4893 neat
2255 4838 2566 4907 apostolicm
2594 4835 2748 4893 sedes
2791 4836 3117 4902 auctoritas,
3146 4834 3401 4905 subjectis
3426 4833 3700 4902 aliquibus
3778 4842 3786 4847 ‘

2086 4931 2252 4985 etiam
2282 4941 2591 4986 sanctorum
2614 4929 2855 5002 capitalis
2878 4929 3204 5000 regularum,
3236 4927 3508 4984 credimus
3532 4924 3561 4965 δ
3605 4928 3696 4984 in-

2094 5023 2430 5079 struendum.

2164 5109 2204 5165 l.
2241 5110 2421 5166 Primo
2444 5110 2659 5182 quidem
2681 5110 2840 5176 scias,
2865 5123 3099 5182 paganos
3120 5108 3167 5179 (l
3184 5113 3201 5179 )
3218 5118 3272 5165 et
3298 5106 3582 5163 haereticos
3612 5106 3696 5181 (ἲ,

2092 5222 2146 5279 q.
2172 5209 2225 5264 7.
2262 5208 2461 5280 Pagani
2484 5218 2531 5264 et
2570 5206 2813 5279 hcet-elici)
2839 5192 2944 5263 non
2985 5222 3144 5279 posse
3170 5206 3505 5263 Christianos
3532 5220 3699 5263 accu-

2093 5320 2235 5372 sare,
2265 5312 2357 5359 aut
2378 5318 2565 5383 vocem
2590 5303 2674 5359 eis
2696 5301 3061 5358 inlamationis
3088 5300 3309 5356 inferre.

2164 5422 2242 5496 (l)
2267 5422 2390 5496 _Bar.
2427 5422 2478 5474 in
2510 5418 2740 5496 notis_ad
2768 5420 2830 5475 5i
2863 5416 3124 5496 Januarii.
3156 5432 3246 5472 an.
3275 5416 3403 5481 551,
3432 5413 3697 5496 a_it0pta~

2094 5487 2235 5551 tuin’
2264 5494 2366 5549 hic
2412 5507 2542 5547 voce
2587 5492 2815 5562 primum
2859 5491 3024 5545 luisse
3068 5504 3261 5562 usum,
3296 5498 3406 5542 tum
3448 5487 3700 5545 Pruden-

2100 5568 2254 5629 tium,
2278 5564 2441 5637 Aug.,
2461 5559 2600 5634 etc.,'
2621 5578 2720 5621 nec
2741 5572 2867 5619 ante
2889 5563 3053 5633 impp.
3083 5559 3214 5618 Chr.
3247 5570 3489 5631 tempora
3518 5575 3696 5617 usur-

2100 5649 2298 5694 natam.

2098 5654 2298 5711 palam.

1642 5754 2025 5818 LECTIONES
2061 5754 2152 5814 VA
2163 5750 2479 5811 RIANTES.

440 5876 463 5907 ⁸
503 5876 698 5938 Antiqui
722 5875 893 5928 hostes
916 5872 1061 5924 Lablt.

2147 5866 2178 5909 ι’
2211 5866 2517 5922 Credidimus
2541 5863 2691 5922 Labh.
