  <div class='ocr_page' id='page_1' title='image "/cluster/home/n/w/nwhite01/storage/ocr_20150623/5/uva.x000826532/118.png"; bbox 0 0 3950 6360; ppageno 0'>
   <div class='ocr_carea' id='block_1_1' title="bbox 233 377 3557 461">
    <p class='ocr_par' dir='ltr' id='par_1_1' title="bbox 233 377 3557 461">
     <span class='ocr_line' id='line_1_1' title="bbox 233 377 3557 461; baseline 0.008 -26"><span class='ocrx_word' id='word_1_1' title='bbox 233 377 318 435; x_wconf 60' lang='lat' dir='ltr'><strong>lilii</strong></span> <span class='ocrx_word' id='word_1_2' title='bbox 1087 390 1413 449; x_wconf 79' lang='lat' dir='ltr'><strong>EPISTOLA</strong></span> <span class='ocrx_word' id='word_1_3' title='bbox 1451 391 1583 449; x_wconf 80' lang='lat' dir='ltr'><strong>CAII</strong></span> <span class='ocrx_word' id='word_1_4' title='bbox 1628 391 1830 448; x_wconf 70' lang='grc' dir='ltr'><strong>ΡᾹΡᾸΞ</strong></span> <span class='ocrx_word' id='word_1_5' title='bbox 1868 392 1961 449; x_wconf 79' lang='lat' dir='ltr'><strong>AD</strong></span> <span class='ocrx_word' id='word_1_6' title='bbox 2001 392 2302 452; x_wconf 79' lang='lat' dir='ltr'><strong>FELICEM</strong></span> <span class='ocrx_word' id='word_1_7' title='bbox 2347 396 2753 458; x_wconf 71' lang='lat' dir='ltr'><strong>EPISCOPUM.</strong></span> <span class='ocrx_word' id='word_1_8' title='bbox 3455 408 3557 461; x_wconf 72' lang='grc'><strong>186</strong></span> 
     </span>
    </p>
   </div>
   <div class='ocr_carea' id='block_1_2' title="bbox 289 501 3553 594">
    <p class='ocr_par' dir='ltr' id='par_1_2' title="bbox 289 501 3553 594">
     <span class='ocr_line' id='line_1_2' title="bbox 289 501 3553 594; baseline 0.007 -38"><span class='ocrx_word' id='word_1_9' title='bbox 289 502 349 556; x_wconf 88' lang='lat' dir='ltr'><strong>ll.</strong></span> <span class='ocrx_word' id='word_1_10' title='bbox 393 501 609 560; x_wconf 83' lang='lat' dir='ltr'><strong>Deinde</strong></span> <span class='ocrx_word' id='word_1_11' title='bbox 638 518 817 561; x_wconf 88' lang='lat' dir='ltr'><strong>nemo</strong></span> <span class='ocrx_word' id='word_1_12' title='bbox 851 525 1109 581; x_wconf 83' lang='lat' dir='ltr'><strong>umquam</strong></span> <span class='ocrx_word' id='word_1_13' title='bbox 1141 511 1448 582; x_wconf 90' lang='lat' dir='ltr'><strong>episcopum</strong></span> <span class='ocrx_word' id='word_1_14' title='bbox 1480 510 1618 582; x_wconf 87' lang='lat' dir='ltr'><strong>apud</strong></span> <span class='ocrx_word' id='word_1_15' title='bbox 1639 511 1849 582; x_wconf 88' lang='lat' dir='ltr'><strong>judices</strong></span> <span class='ocrx_word' id='word_1_16' title='bbox 1876 517 1924 573; x_wconf 80' lang='grc' dir='ltr'><strong>Δ</strong></span> <span class='ocrx_word' id='word_1_17' title='bbox 1956 513 2053 569; x_wconf 91' lang='lat' dir='ltr'><strong>Dei</strong></span> <span class='ocrx_word' id='word_1_18' title='bbox 2081 517 2302 587; x_wconf 66' lang='lat' dir='ltr'><strong>aequalis</strong></span> <span class='ocrx_word' id='word_1_19' title='bbox 2328 528 2413 574; x_wconf 91' lang='lat' dir='ltr'><strong>est</strong></span> <span class='ocrx_word' id='word_1_20' title='bbox 2437 519 2581 574; x_wconf 94' lang='lat' dir='ltr'><strong>Patri</strong></span> <span class='ocrx_word' id='word_1_21' title='bbox 2636 519 2927 592; x_wconf 77' lang='grc' dir='ltr'><strong>(ΡΙιὶιὶρρ.,</strong></span> <span class='ocrx_word' id='word_1_22' title='bbox 2968 522 3029 594; x_wconf 91' lang='grc' dir='ltr'>ιι)</span> <span class='ocrx_word' id='word_1_23' title='bbox 3077 522 3129 578; x_wconf 92' lang='lat' dir='ltr'><strong>in</strong></span> <span class='ocrx_word' id='word_1_24' title='bbox 3183 522 3355 580; x_wconf 77' lang='lat' dir='ltr'><strong>forma</strong></span> <span class='ocrx_word' id='word_1_25' title='bbox 3411 528 3553 582; x_wconf 85' lang='lat' dir='ltr'><strong>servi</strong></span> 
     </span>
    </p>
   </div>
   <div class='ocr_carea' id='block_1_3' title="bbox 229 594 3554 679">
    <p class='ocr_par' dir='ltr' id='par_1_3' title="bbox 229 594 3554 679">
     <span class='ocr_line' id='line_1_3' title="bbox 229 594 3554 679; baseline 0.008 -29"><span class='ocrx_word' id='word_1_26' title='bbox 229 594 532 661; x_wconf 60' lang='lat' dir='ltr'><strong>saaculares,</strong></span> <span class='ocrx_word' id='word_1_27' title='bbox 566 610 663 652; x_wconf 84' lang='lat' dir='ltr'><strong>aut</strong></span> <span class='ocrx_word' id='word_1_28' title='bbox 694 600 845 655; x_wconf 86' lang='lat' dir='ltr'><strong>alios</strong></span> <span class='ocrx_word' id='word_1_29' title='bbox 875 603 1128 669; x_wconf 80' lang='lat' dir='ltr'><strong>cleriCos,</strong></span> <span class='ocrx_word' id='word_1_30' title='bbox 1159 618 1411 660; x_wconf 84' lang='lat' dir='ltr'><strong>accusare</strong></span> <span class='ocrx_word' id='word_1_31' title='bbox 1443 616 1752 675; x_wconf 72' lang='lat' dir='ltr'><strong>praesumat.</strong></span> <span class='ocrx_word' id='word_1_32' title='bbox 1959 610 2225 679; x_wconf 77' lang='lat' dir='ltr'><strong>particeps</strong></span> <span class='ocrx_word' id='word_1_33' title='bbox 2254 623 2401 668; x_wconf 85' lang='lat' dir='ltr'><strong>esset</strong></span> <span class='ocrx_word' id='word_1_34' title='bbox 2421 622 2477 669; x_wconf 92' lang='lat' dir='ltr'><strong>et</strong></span> <span class='ocrx_word' id='word_1_35' title='bbox 2501 614 2696 679; x_wconf 77' lang='lat' dir='ltr'><strong>nostri,</strong></span> <span class='ocrx_word' id='word_1_36' title='bbox 2732 626 2788 669; x_wconf 92' lang='lat' dir='ltr'><strong>ut</strong></span> <span class='ocrx_word' id='word_1_37' title='bbox 2816 617 3007 672; x_wconf 88' lang='lat' dir='ltr'><strong>mortis</strong></span> <span class='ocrx_word' id='word_1_38' title='bbox 3056 616 3363 679; x_wconf 84' lang='lat' dir='ltr'><strong>vinculum.</strong></span> <span class='ocrx_word' id='word_1_39' title='bbox 3392 621 3554 677; x_wconf 89' lang='lat' dir='ltr'><strong>unius</strong></span> 
     </span>
    </p>
   </div>
   <div class='ocr_carea' id='block_1_4' title="bbox 293 689 3553 784">
    <p class='ocr_par' dir='ltr' id='par_1_4' title="bbox 293 689 3553 784">
     <span class='ocr_line' id='line_1_4' title="bbox 293 689 3553 784; baseline 0.008 -40"><span class='ocrx_word' id='word_1_40' title='bbox 293 689 376 745; x_wconf 85' lang='lat' dir='ltr'><strong>ill.</strong></span> <span class='ocrx_word' id='word_1_41' title='bbox 407 691 478 746; x_wconf 83' lang='lat' dir='ltr'><strong>Et</strong></span> <span class='ocrx_word' id='word_1_42' title='bbox 503 694 552 747; x_wconf 85' lang='lat' dir='ltr'><strong>si</strong></span> <span class='ocrx_word' id='word_1_43' title='bbox 586 695 718 763; x_wconf 87' lang='lat' dir='ltr'><strong>quis</strong></span> <span class='ocrx_word' id='word_1_44' title='bbox 751 698 1069 767; x_wconf 83' lang='lat' dir='ltr'><strong>episcopus.</strong></span> <span class='ocrx_word' id='word_1_45' title='bbox 1098 700 1400 771; x_wconf 81' lang='lat' dir='ltr'><strong>presbyter,</strong></span> <span class='ocrx_word' id='word_1_46' title='bbox 1434 712 1525 755; x_wconf 92' lang='lat' dir='ltr'><strong>aut</strong></span> <span class='ocrx_word' id='word_1_47' title='bbox 1557 702 1815 757; x_wconf 83' lang='lat' dir='ltr'><strong>diaconus</strong></span> <span class='ocrx_word' id='word_1_48' title='bbox 1836 743 1849 767; x_wconf 95' lang='lat'><strong>,</strong></span> <span class='ocrx_word' id='word_1_49' title='bbox 1958 704 2395 769; x_wconf 64' lang='lat' dir='ltr'><strong>praevaricatione</strong></span> <span class='ocrx_word' id='word_1_50' title='bbox 2434 714 2797 770; x_wconf 75' lang='lat' dir='ltr'><strong>coittrztcttnn,</strong></span> <span class='ocrx_word' id='word_1_51' title='bbox 2830 708 2988 762; x_wconf 88' lang='lat' dir='ltr'><strong>ttnius</strong></span> <span class='ocrx_word' id='word_1_52' title='bbox 3016 723 3192 766; x_wconf 87' lang='lat' dir='ltr'><strong>morte</strong></span> <span class='ocrx_word' id='word_1_53' title='bbox 3240 711 3354 784; x_wconf 86' lang='lat' dir='ltr'><strong>(qui</strong></span> <span class='ocrx_word' id='word_1_54' title='bbox 3400 713 3553 770; x_wconf 85' lang='lat' dir='ltr'><strong>solus</strong></span> 
     </span>
    </p>
   </div>
   <div class='ocr_carea' id='block_1_5' title="bbox 232 784 3541 875">
    <p class='ocr_par' dir='ltr' id='par_1_5' title="bbox 232 784 3541 875">
     <span class='ocr_line' id='line_1_5' title="bbox 232 784 3541 875; baseline 0.007 -38"><span class='ocrx_word' id='word_1_55' title='bbox 232 784 304 839; x_wconf 83' lang='lat' dir='ltr'><strong>vel</strong></span> <span class='ocrx_word' id='word_1_56' title='bbox 346 785 573 854; x_wconf 75' lang='lat' dir='ltr'><strong>quilibet</strong></span> <span class='ocrx_word' id='word_1_57' title='bbox 628 789 853 853; x_wconf 86' lang='lat' dir='ltr'><strong>clerici,</strong></span> <span class='ocrx_word' id='word_1_58' title='bbox 883 793 1027 859; x_wconf 88' lang='lat' dir='ltr'><strong>apud</strong></span> <span class='ocrx_word' id='word_1_59' title='bbox 1069 794 1350 865; x_wconf 83' lang='lat' dir='ltr'><strong>episcopos</strong></span> <span class='ocrx_word' id='word_1_60' title='bbox 1390 794 1533 869; x_wconf 84' lang='lat' dir='ltr'><strong>(quia</strong></span> <span class='ocrx_word' id='word_1_61' title='bbox 1583 796 1710 850; x_wconf 84' lang='lat' dir='ltr'><strong>alibi</strong></span> <span class='ocrx_word' id='word_1_62' title='bbox 1742 812 1849 852; x_wconf 83' lang='lat' dir='ltr'><strong>non</strong></span> <span class='ocrx_word' id='word_1_63' title='bbox 1957 791 2117 846; x_wconf 82' lang='lat' dir='ltr'><strong>morti</strong></span> <span class='ocrx_word' id='word_1_64' title='bbox 2163 794 2291 847; x_wconf 91' lang='lat' dir='ltr'><strong>nihil</strong></span> <span class='ocrx_word' id='word_1_65' title='bbox 2346 795 2552 868; x_wconf 79' lang='lat' dir='ltr'><strong>debuit)</strong></span> <span class='ocrx_word' id='word_1_66' title='bbox 2601 798 2943 854; x_wconf 79' lang='lat' dir='ltr'><strong>solveretur?</strong></span> <span class='ocrx_word' id='word_1_67' title='bbox 2974 801 3175 857; x_wconf 76' lang='lat' dir='ltr'><strong>Eﬂusio</strong></span> <span class='ocrx_word' id='word_1_68' title='bbox 3220 805 3364 859; x_wconf 75' lang='lat' dir='ltr'><strong>enim</strong></span> <span class='ocrx_word' id='word_1_69' title='bbox 3406 806 3541 875; x_wconf 87' lang='lat' dir='ltr'><strong>justi</strong></span> 
     </span>
    </p>
   </div>
   <div class='ocr_carea' id='block_1_6' title="bbox 234 881 1816 979">
    <p class='ocr_par' dir='ltr' id='par_1_6' title="bbox 234 881 1816 958">
     <span class='ocr_line' id='line_1_6' title="bbox 234 881 1816 958; baseline 0.01 -27"><span class='ocrx_word' id='word_1_70' title='bbox 234 887 431 945; x_wconf 83' lang='lat' dir='ltr'><strong>opertet</strong></span> <span class='ocrx_word' id='word_1_71' title='bbox 461 895 491 931; x_wconf 89' lang='lat' dir='ltr'><strong>a</strong></span> <span class='ocrx_word' id='word_1_72' title='bbox 520 881 779 949; x_wconf 79' lang='lat' dir='ltr'><strong>qualibet</strong></span> <span class='ocrx_word' id='word_1_73' title='bbox 813 899 1043 952; x_wconf 85' lang='lat' dir='ltr'><strong>persona</strong></span> <span class='ocrx_word' id='word_1_74' title='bbox 1074 902 1195 957; x_wconf 68' lang='lat' dir='ltr'><strong>qum.</strong></span> <span class='ocrx_word' id='word_1_75' title='bbox 1242 890 1342 943; x_wconf 89' lang='lat' dir='ltr'><strong>rite</strong></span> <span class='ocrx_word' id='word_1_76' title='bbox 1384 889 1687 958; x_wconf 67' lang='lat' dir='ltr'><strong>recipit-uda</strong></span> <span class='ocrx_word' id='word_1_77' title='bbox 1742 904 1816 948; x_wconf 81' lang='lat' dir='ltr'><strong>est</strong></span> 
     </span>
    </p>
   </div>
   <div class='ocr_carea' id='block_1_7' title="bbox 1922 881 3551 979">
    <p class='ocr_par' dir='ltr' id='par_1_7' title="bbox 1956 886 3551 979">
     <span class='ocr_line' id='line_1_7' title="bbox 1956 886 3551 979; baseline 0.013 -44"><span class='ocrx_word' id='word_1_78' title='bbox 1956 886 2234 952; x_wconf 73' lang='lat' dir='ltr'><strong>sanguinis</strong></span> <span class='ocrx_word' id='word_1_79' title='bbox 2282 886 2481 943; x_wconf 86' lang='lat' dir='ltr'><strong>Clu-isti</strong></span> <span class='ocrx_word' id='word_1_80' title='bbox 2509 934 2525 955; x_wconf 91' lang='lat'><strong>,</strong></span> <span class='ocrx_word' id='word_1_81' title='bbox 2576 901 2682 945; x_wconf 90' lang='lat' dir='ltr'><strong>tam</strong></span> <span class='ocrx_word' id='word_1_82' title='bbox 2718 890 2817 946; x_wconf 82' lang='lat' dir='ltr'><strong>fuit</strong></span> <span class='ocrx_word' id='word_1_83' title='bbox 2847 893 2997 948; x_wconf 84' lang='lat' dir='ltr'><strong>dives</strong></span> <span class='ocrx_word' id='word_1_84' title='bbox 3038 895 3103 949; x_wconf 89' lang='lat' dir='ltr'><strong>ad</strong></span> <span class='ocrx_word' id='word_1_85' title='bbox 3138 897 3391 979; x_wconf 79' lang='lat' dir='ltr'><strong>pretium,</strong></span> <span class='ocrx_word' id='word_1_86' title='bbox 3424 900 3551 955; x_wconf 86' lang='lat' dir='ltr'><strong>utsi</strong></span> 
     </span>
    </p>
   </div>
   <div class='ocr_carea' id='block_1_8' title="bbox 234 970 1816 1054">
    <p class='ocr_par' dir='ltr' id='par_1_8' title="bbox 234 970 1816 1050">
     <span class='ocr_line' id='line_1_8' title="bbox 234 970 1816 1050; baseline 0.01 -24"><span class='ocrx_word' id='word_1_87' title='bbox 234 970 414 1027; x_wconf 86' lang='lat' dir='ltr'><strong>l‘ueriut</strong></span> <span class='ocrx_word' id='word_1_88' title='bbox 463 976 718 1031; x_wconf 79' lang='lat' dir='ltr'><strong>accusati</strong></span> <span class='ocrx_word' id='word_1_89' title='bbox 752 976 904 1050; x_wconf 73' lang='lat' dir='ltr'><strong>(lucc</strong></span> <span class='ocrx_word' id='word_1_90' title='bbox 945 992 998 1035; x_wconf 91' lang='lat' dir='ltr'><strong>et</strong></span> <span class='ocrx_word' id='word_1_91' title='bbox 1042 982 1233 1036; x_wconf 88' lang='lat' dir='ltr'><strong>similia</strong></span> <span class='ocrx_word' id='word_1_92' title='bbox 1284 999 1351 1038; x_wconf 87' lang='lat' dir='ltr'><strong>ex</strong></span> <span class='ocrx_word' id='word_1_93' title='bbox 1399 985 1519 1039; x_wconf 88' lang='lat' dir='ltr'><strong>cod.</strong></span> <span class='ocrx_word' id='word_1_94' title='bbox 1552 985 1760 1041; x_wconf 86' lang='lat' dir='ltr'><strong>Theod.</strong></span> <span class='ocrx_word' id='word_1_95' title='bbox 1796 1004 1816 1042; x_wconf 80' lang='grc' dir='ltr'>ε</span> 
     </span>
    </p>
   </div>
   <div class='ocr_carea' id='block_1_9' title="bbox 1922 970 3553 1054">
    <p class='ocr_par' dir='ltr' id='par_1_9' title="bbox 1954 973 3553 1054">
     <span class='ocr_line' id='line_1_9' title="bbox 1954 973 3553 1054; baseline 0.012 -26"><span class='ocrx_word' id='word_1_96' title='bbox 1954 977 2277 1033; x_wconf 87' lang='lat' dir='ltr'><strong>universitas</strong></span> <span class='ocrx_word' id='word_1_97' title='bbox 2303 982 2637 1049; x_wconf 87' lang='lat' dir='ltr'><strong>captivorum</strong></span> <span class='ocrx_word' id='word_1_98' title='bbox 2673 984 2724 1036; x_wconf 91' lang='lat' dir='ltr'><strong>in</strong></span> <span class='ocrx_word' id='word_1_99' title='bbox 2755 986 3150 1054; x_wconf 69' lang='lat' dir='ltr'><strong>redemptorem</strong></span> <span class='ocrx_word' id='word_1_100' title='bbox 3179 973 3333 1044; x_wconf 85' lang='lat' dir='ltr'><strong>suum</strong></span> <span class='ocrx_word' id='word_1_101' title='bbox 3363 989 3553 1047; x_wconf 81' lang='lat' dir='ltr'><strong>crede-</strong></span> 
     </span>
    </p>
   </div>
   <div class='ocr_carea' id='block_1_10' title="bbox 233 1066 1816 1152">
    <p class='ocr_par' dir='ltr' id='par_1_10' title="bbox 233 1066 1811 1147">
     <span class='ocr_line' id='line_1_10' title="bbox 233 1066 1811 1147; baseline 0.01 -28"><span class='ocrx_word' id='word_1_102' title='bbox 233 1066 430 1121; x_wconf 82' lang='lat' dir='ltr'><strong>Aniano</strong></span> <span class='ocrx_word' id='word_1_103' title='bbox 462 1067 663 1133; x_wconf 86' lang='lat' dir='ltr'><strong>lladr.,</strong></span> <span class='ocrx_word' id='word_1_104' title='bbox 699 1086 827 1141; x_wconf 81' lang='lat' dir='ltr'><strong>Cap.</strong></span> <span class='ocrx_word' id='word_1_105' title='bbox 875 1072 992 1143; x_wconf 64' lang='grc' dir='ltr'><strong>ΞΕ),</strong></span> <span class='ocrx_word' id='word_1_106' title='bbox 1038 1076 1361 1147; x_wconf 85' lang='lat' dir='ltr'><strong>quicumque</strong></span> <span class='ocrx_word' id='word_1_107' title='bbox 1392 1077 1569 1143; x_wconf 79' lang='lat' dir='ltr'><strong>fuerit,</strong></span> <span class='ocrx_word' id='word_1_108' title='bbox 1614 1081 1727 1133; x_wconf 82' lang='lat' dir='ltr'><strong>sive</strong></span> <span class='ocrx_word' id='word_1_109' title='bbox 1757 1079 1811 1134; x_wconf 87' lang='lat' dir='ltr'><strong>ill</strong></span> 
     </span>
    </p>
   </div>
   <div class='ocr_carea' id='block_1_11' title="bbox 1922 1066 3552 1152">
    <p class='ocr_par' dir='ltr' id='par_1_11' title="bbox 1952 1074 3552 1152">
     <span class='ocr_line' id='line_1_11' title="bbox 1952 1074 3552 1152; baseline 0.01 -28"><span class='ocrx_word' id='word_1_110' title='bbox 1952 1080 2054 1131; x_wconf 86' lang='lat' dir='ltr'><strong>ret,</strong></span> <span class='ocrx_word' id='word_1_111' title='bbox 2089 1074 2292 1127; x_wconf 89' lang='lat' dir='ltr'><strong>nullum</strong></span> <span class='ocrx_word' id='word_1_112' title='bbox 2323 1076 2522 1130; x_wconf 89' lang='lat' dir='ltr'><strong>diaboli</strong></span> <span class='ocrx_word' id='word_1_113' title='bbox 2555 1078 2766 1133; x_wconf 86' lang='lat' dir='ltr'><strong>vincula</strong></span> <span class='ocrx_word' id='word_1_114' title='bbox 2796 1078 3125 1136; x_wconf 89' lang='lat' dir='ltr'><strong>tetinerent:</strong></span> <span class='ocrx_word' id='word_1_115' title='bbox 3154 1085 3431 1152; x_wconf 89' lang='lat' dir='ltr'><strong>quoniam,</strong></span> <span class='ocrx_word' id='word_1_116' title='bbox 3477 1085 3552 1140; x_wconf 83' lang='lat' dir='ltr'><strong>si-</strong></span> 
     </span>
    </p>
   </div>
   <div class='ocr_carea' id='block_1_12' title="bbox 232 1161 1843 1242">
    <p class='ocr_par' dir='ltr' id='par_1_12' title="bbox 232 1161 1843 1242">
     <span class='ocr_line' id='line_1_12' title="bbox 232 1161 1843 1242; baseline 0.008 -29"><span class='ocrx_word' id='word_1_117' title='bbox 232 1161 295 1214; x_wconf 81' lang='lat' dir='ltr'><strong>sit</strong></span> <span class='ocrx_word' id='word_1_118' title='bbox 320 1162 571 1217; x_wconf 86' lang='lat' dir='ltr'><strong>sublimis</strong></span> <span class='ocrx_word' id='word_1_119' title='bbox 590 1166 677 1219; x_wconf 87' lang='lat' dir='ltr'><strong>vir</strong></span> <span class='ocrx_word' id='word_1_120' title='bbox 702 1168 954 1227; x_wconf 88' lang='lat' dir='ltr'><strong>honoris.</strong></span> <span class='ocrx_word' id='word_1_121' title='bbox 985 1169 1095 1223; x_wconf 88' lang='lat' dir='ltr'><strong>sive</strong></span> <span class='ocrx_word' id='word_1_122' title='bbox 1126 1171 1283 1226; x_wconf 79' lang='lat' dir='ltr'><strong>ullius</strong></span> <span class='ocrx_word' id='word_1_123' title='bbox 1305 1172 1524 1226; x_wconf 83' lang='lat' dir='ltr'><strong>alterius</strong></span> <span class='ocrx_word' id='word_1_124' title='bbox 1550 1172 1843 1242; x_wconf 79' lang='lat' dir='ltr'><strong>dignitatis,</strong></span> 
     </span>
    </p>
   </div>
   <div class='ocr_carea' id='block_1_13' title="bbox 231 1256 1845 1333">
    <p class='ocr_par' dir='ltr' id='par_1_13' title="bbox 231 1256 1845 1333">
     <span class='ocr_line' id='line_1_13' title="bbox 231 1256 1845 1333; baseline 0.006 -25"><span class='ocrx_word' id='word_1_125' title='bbox 231 1257 310 1325; x_wconf 89' lang='lat' dir='ltr'><strong>qui</strong></span> <span class='ocrx_word' id='word_1_126' title='bbox 340 1256 441 1311; x_wconf 91' lang='lat' dir='ltr'><strong>hoc</strong></span> <span class='ocrx_word' id='word_1_127' title='bbox 470 1273 653 1328; x_wconf 72' lang='lat' dir='ltr'><strong>genus</strong></span> <span class='ocrx_word' id='word_1_128' title='bbox 683 1260 1015 1315; x_wconf 85' lang='lat' dir='ltr'><strong>illaudahilis</strong></span> <span class='ocrx_word' id='word_1_129' title='bbox 1036 1261 1348 1317; x_wconf 88' lang='lat' dir='ltr'><strong>intentionis</strong></span> <span class='ocrx_word' id='word_1_130' title='bbox 1376 1264 1667 1333; x_wconf 86' lang='lat' dir='ltr'><strong>arripuerit</strong></span> <span class='ocrx_word' id='word_1_131' title='bbox 1695 1282 1710 1331; x_wconf 90' lang='lat'><strong>;</strong></span> <span class='ocrx_word' id='word_1_132' title='bbox 1746 1281 1845 1319; x_wconf 91' lang='lat' dir='ltr'><strong>no-</strong></span> 
     </span>
    </p>
   </div>
   <div class='ocr_carea' id='block_1_14' title="bbox 230 1350 1843 1417">
    <p class='ocr_par' dir='ltr' id='par_1_14' title="bbox 230 1350 1843 1417">
     <span class='ocr_line' id='line_1_14' title="bbox 230 1350 1843 1417; baseline 0.011 -19"><span class='ocrx_word' id='word_1_133' title='bbox 230 1350 375 1415; x_wconf 75' lang='lat' dir='ltr'><strong>verit,</strong></span> <span class='ocrx_word' id='word_1_134' title='bbox 422 1351 772 1417; x_wconf 72' lang='lat' dir='ltr'><strong>probationis</strong></span> <span class='ocrx_word' id='word_1_135' title='bbox 826 1354 1152 1410; x_wconf 87' lang='lat' dir='ltr'><strong>documenta</strong></span> <span class='ocrx_word' id='word_1_136' title='bbox 1196 1371 1255 1411; x_wconf 89' lang='lat' dir='ltr'><strong>se</strong></span> <span class='ocrx_word' id='word_1_137' title='bbox 1285 1356 1485 1412; x_wconf 85' lang='lat' dir='ltr'><strong>debere</strong></span> <span class='ocrx_word' id='word_1_138' title='bbox 1532 1357 1753 1414; x_wconf 80' lang='lat' dir='ltr'><strong>inferre.</strong></span> <span class='ocrx_word' id='word_1_139' title='bbox 1787 1360 1843 1416; x_wconf 91' lang='lat' dir='ltr'><strong>Si</strong></span> 
     </span>
    </p>
   </div>
   <div class='ocr_carea' id='block_1_15' title="bbox 232 1443 1839 1521">
    <p class='ocr_par' dir='ltr' id='par_1_15' title="bbox 232 1443 1839 1521">
     <span class='ocr_line' id='line_1_15' title="bbox 232 1443 1839 1521; baseline 0.009 -28"><span class='ocrx_word' id='word_1_140' title='bbox 232 1443 340 1510; x_wconf 91' lang='lat' dir='ltr'><strong>quis</strong></span> <span class='ocrx_word' id='word_1_141' title='bbox 381 1459 511 1515; x_wconf 80' lang='lat' dir='ltr'><strong>ergo</strong></span> <span class='ocrx_word' id='word_1_142' title='bbox 555 1446 708 1500; x_wconf 89' lang='lat' dir='ltr'><strong>circa</strong></span> <span class='ocrx_word' id='word_1_143' title='bbox 761 1446 1073 1516; x_wconf 64' lang='lat' dir='ltr'><strong>huiusmodi</strong></span> <span class='ocrx_word' id='word_1_144' title='bbox 1122 1464 1383 1519; x_wconf 74' lang='lat' dir='ltr'><strong>personas</strong></span> <span class='ocrx_word' id='word_1_145' title='bbox 1425 1467 1531 1504; x_wconf 90' lang='lat' dir='ltr'><strong>non</strong></span> <span class='ocrx_word' id='word_1_146' title='bbox 1565 1452 1839 1521; x_wconf 89' lang='lat' dir='ltr'><strong>probanda</strong></span> 
     </span>
    </p>
   </div>
   <div class='ocr_carea' id='block_1_16' title="bbox 232 1534 1841 1617">
    <p class='ocr_par' dir='ltr' id='par_1_16' title="bbox 232 1534 1841 1617">
     <span class='ocr_line' id='line_1_16' title="bbox 232 1534 1841 1617; baseline 0.007 -28"><span class='ocrx_word' id='word_1_147' title='bbox 232 1534 497 1601; x_wconf 83' lang='lat' dir='ltr'><strong>detulerit,</strong></span> <span class='ocrx_word' id='word_1_148' title='bbox 557 1541 895 1596; x_wconf 80' lang='lat' dir='ltr'><strong>auctoritate</strong></span> <span class='ocrx_word' id='word_1_149' title='bbox 942 1542 1098 1610; x_wconf 82' lang='lat' dir='ltr'><strong>hujus</strong></span> <span class='ocrx_word' id='word_1_150' title='bbox 1128 1546 1425 1600; x_wconf 89' lang='lat' dir='ltr'><strong>sanctionis</strong></span> <span class='ocrx_word' id='word_1_151' title='bbox 1473 1545 1735 1617; x_wconf 79' lang='lat' dir='ltr'><strong>intelligat</strong></span> <span class='ocrx_word' id='word_1_152' title='bbox 1782 1561 1841 1602; x_wconf 90' lang='lat' dir='ltr'><strong>se</strong></span> 
     </span>
    </p>
   </div>
   <div class='ocr_carea' id='block_1_17' title="bbox 232 1629 1836 1707">
    <p class='ocr_par' dir='ltr' id='par_1_17' title="bbox 232 1629 1836 1707">
     <span class='ocr_line' id='line_1_17' title="bbox 232 1629 1836 1707; baseline 0.007 -26"><span class='ocrx_word' id='word_1_153' title='bbox 232 1629 483 1698; x_wconf 82' lang='lat' dir='ltr'><strong>jacturam</strong></span> <span class='ocrx_word' id='word_1_154' title='bbox 518 1632 764 1688; x_wconf 76' lang='lat' dir='ltr'><strong>infamia:</strong></span> <span class='ocrx_word' id='word_1_155' title='bbox 786 1634 1083 1701; x_wconf 88' lang='lat' dir='ltr'><strong>sustinere,</strong></span> <span class='ocrx_word' id='word_1_156' title='bbox 1111 1647 1167 1689; x_wconf 92' lang='lat' dir='ltr'><strong>ut</strong></span> <span class='ocrx_word' id='word_1_157' title='bbox 1192 1635 1393 1690; x_wconf 83' lang='lat' dir='ltr'><strong>damno</strong></span> <span class='ocrx_word' id='word_1_158' title='bbox 1420 1637 1660 1707; x_wconf 85' lang='lat' dir='ltr'><strong>pudoris,</strong></span> <span class='ocrx_word' id='word_1_159' title='bbox 1690 1641 1836 1694; x_wconf 68' lang='lat' dir='ltr'><strong>aesti-</strong></span> 
     </span>
    </p>
   </div>
   <div class='ocr_carea' id='block_1_18' title="bbox 238 1724 1838 1795">
    <p class='ocr_par' dir='ltr' id='par_1_18' title="bbox 238 1724 1838 1795">
     <span class='ocr_line' id='line_1_18' title="bbox 238 1724 1838 1795; baseline 0.007 -19"><span class='ocrx_word' id='word_1_160' title='bbox 238 1724 477 1779; x_wconf 85' lang='lat' dir='ltr'><strong>mationis</strong></span> <span class='ocrx_word' id='word_1_161' title='bbox 508 1725 817 1795; x_wconf 74' lang='lat' dir='ltr'><strong>dispendio</strong></span> <span class='ocrx_word' id='word_1_162' title='bbox 860 1727 1069 1793; x_wconf 82' lang='lat' dir='ltr'><strong>discat,</strong></span> <span class='ocrx_word' id='word_1_163' title='bbox 1122 1729 1223 1783; x_wconf 89' lang='lat' dir='ltr'><strong>sibi</strong></span> <span class='ocrx_word' id='word_1_164' title='bbox 1258 1730 1448 1785; x_wconf 74' lang='lat' dir='ltr'><strong>aliena:</strong></span> <span class='ocrx_word' id='word_1_165' title='bbox 1498 1731 1838 1795; x_wconf 68' lang='lat' dir='ltr'><strong>verecundia:</strong></span> 
     </span>
    </p>
   </div>
   <div class='ocr_carea' id='block_1_19' title="bbox 239 1814 1834 1883">
    <p class='ocr_par' dir='ltr' id='par_1_19' title="bbox 239 1814 1834 1883">
     <span class='ocr_line' id='line_1_19' title="bbox 239 1814 1834 1883; baseline 0.009 -17"><span class='ocrx_word' id='word_1_166' title='bbox 239 1814 446 1881; x_wconf 87' lang='lat' dir='ltr'><strong>impune</strong></span> <span class='ocrx_word' id='word_1_167' title='bbox 469 1816 717 1872; x_wconf 89' lang='lat' dir='ltr'><strong>insidiari</strong></span> <span class='ocrx_word' id='word_1_168' title='bbox 738 1858 757 1883; x_wconf 92' lang='lat'><strong>,</strong></span> <span class='ocrx_word' id='word_1_169' title='bbox 800 1820 995 1875; x_wconf 84' lang='lat' dir='ltr'><strong>saltent</strong></span> <span class='ocrx_word' id='word_1_170' title='bbox 1027 1820 1095 1876; x_wconf 90' lang='lat' dir='ltr'><strong>de</strong></span> <span class='ocrx_word' id='word_1_171' title='bbox 1121 1830 1322 1877; x_wconf 74' lang='lat' dir='ltr'><strong>czctero</strong></span> <span class='ocrx_word' id='word_1_172' title='bbox 1350 1838 1454 1877; x_wconf 91' lang='lat' dir='ltr'><strong>non</strong></span> <span class='ocrx_word' id='word_1_173' title='bbox 1484 1824 1667 1880; x_wconf 88' lang='lat' dir='ltr'><strong>licere.</strong></span> <span class='ocrx_word' id='word_1_174' title='bbox 1704 1826 1834 1880; x_wconf 73' lang='lat' dir='ltr'><strong>Nam</strong></span> 
     </span>
    </p>
   </div>
   <div class='ocr_carea' id='block_1_20' title="bbox 1950 1168 3550 1250">
    <p class='ocr_par' dir='ltr' id='par_1_20' title="bbox 1950 1168 3550 1250">
     <span class='ocr_line' id='line_1_20' title="bbox 1950 1168 3550 1250; baseline 0.011 -31"><span class='ocrx_word' id='word_1_175' title='bbox 1950 1174 2042 1219; x_wconf 86' lang='lat' dir='ltr'><strong>cut</strong></span> <span class='ocrx_word' id='word_1_176' title='bbox 2074 1168 2364 1234; x_wconf 71' lang='lat' dir='ltr'><strong>Apostolus</strong></span> <span class='ocrx_word' id='word_1_177' title='bbox 2400 1168 2477 1223; x_wconf 85' lang='lat' dir='ltr'><strong>ait</strong></span> <span class='ocrx_word' id='word_1_178' title='bbox 2508 1187 2521 1222; x_wconf 91' lang='lat'><strong><em>:</em></strong></span> <span class='ocrx_word' id='word_1_179' title='bbox 2562 1168 2663 1225; x_wconf 82' lang='lat' dir='ltr'><strong>Ubi</strong></span> <span class='ocrx_word' id='word_1_180' title='bbox 2696 1173 2970 1228; x_wconf 86' lang='lat' dir='ltr'><strong>abundavit</strong></span> <span class='ocrx_word' id='word_1_181' title='bbox 3001 1186 3304 1245; x_wconf 83' lang='lat' dir='ltr'><strong>peccatum,</strong></span> <span class='ocrx_word' id='word_1_182' title='bbox 3336 1196 3550 1250; x_wconf 81' lang='lat' dir='ltr'><strong>supera-</strong></span> 
     </span>
    </p>
   </div>
   <div class='ocr_carea' id='block_1_21' title="bbox 1948 1256 3548 1342">
    <p class='ocr_par' dir='ltr' id='par_1_21' title="bbox 1948 1256 3548 1342">
     <span class='ocr_line' id='line_1_21' title="bbox 1948 1256 3548 1342; baseline 0.012 -33"><span class='ocrx_word' id='word_1_183' title='bbox 1948 1256 2192 1312; x_wconf 81' lang='lat' dir='ltr'><strong>bundavit</strong></span> <span class='ocrx_word' id='word_1_184' title='bbox 2216 1269 2261 1314; x_wconf 87' lang='lat' dir='ltr'><strong>et</strong></span> <span class='ocrx_word' id='word_1_185' title='bbox 2287 1265 2456 1331; x_wconf 74' lang='lat' dir='ltr'><strong>gratia</strong></span> <span class='ocrx_word' id='word_1_186' title='bbox 2483 1260 2683 1334; x_wconf 85' lang='lat' dir='ltr'><strong>(Rom.,</strong></span> <span class='ocrx_word' id='word_1_187' title='bbox 2710 1262 2789 1335; x_wconf 85' lang='lat' dir='ltr'><strong>v).</strong></span> <span class='ocrx_word' id='word_1_188' title='bbox 2813 1265 3017 1321; x_wconf 76' lang='lat' dir='ltr'><strong>Etcum</strong></span> <span class='ocrx_word' id='word_1_189' title='bbox 3050 1270 3147 1323; x_wconf 87' lang='lat' dir='ltr'><strong>sub</strong></span> <span class='ocrx_word' id='word_1_190' title='bbox 3178 1272 3382 1338; x_wconf 80' lang='lat' dir='ltr'><strong>peccati</strong></span> <span class='ocrx_word' id='word_1_191' title='bbox 3409 1287 3548 1342; x_wconf 77' lang='lat' dir='ltr'><strong>pra:-</strong></span> 
     </span>
    </p>
   </div>
   <div class='ocr_carea' id='block_1_22' title="bbox 1941 1351 3545 1435">
    <p class='ocr_par' dir='ltr' id='par_1_22' title="bbox 1941 1351 3545 1435">
     <span class='ocr_line' id='line_1_22' title="bbox 1941 1351 3545 1435; baseline 0.012 -31"><span class='ocrx_word' id='word_1_192' title='bbox 1941 1351 2145 1420; x_wconf 85' lang='lat' dir='ltr'><strong>judicio</strong></span> <span class='ocrx_word' id='word_1_193' title='bbox 2177 1356 2286 1409; x_wconf 89' lang='lat' dir='ltr'><strong>nati</strong></span> <span class='ocrx_word' id='word_1_194' title='bbox 2314 1397 2329 1420; x_wconf 93' lang='lat'><strong>,</strong></span> <span class='ocrx_word' id='word_1_195' title='bbox 2368 1366 2689 1425; x_wconf 89' lang='lat' dir='ltr'><strong>potestatem</strong></span> <span class='ocrx_word' id='word_1_196' title='bbox 2741 1362 3051 1429; x_wconf 86' lang='lat' dir='ltr'><strong>acceperint</strong></span> <span class='ocrx_word' id='word_1_197' title='bbox 3079 1364 3144 1417; x_wconf 90' lang='lat' dir='ltr'><strong>ad</strong></span> <span class='ocrx_word' id='word_1_198' title='bbox 3169 1364 3431 1435; x_wconf 85' lang='lat' dir='ltr'><strong>justitiam</strong></span> <span class='ocrx_word' id='word_1_199' title='bbox 3463 1382 3545 1422; x_wconf 87' lang='lat' dir='ltr'><strong>re-</strong></span> 
     </span>
    </p>
   </div>
   <div class='ocr_carea' id='block_1_23' title="bbox 1946 1448 3546 1533">
    <p class='ocr_par' dir='ltr' id='par_1_23' title="bbox 1946 1448 3546 1533">
     <span class='ocr_line' id='line_1_23' title="bbox 1946 1448 3546 1533; baseline 0.011 -34"><span class='ocrx_word' id='word_1_200' title='bbox 1946 1448 2223 1515; x_wconf 86' lang='lat' dir='ltr'><strong>nascendi,</strong></span> <span class='ocrx_word' id='word_1_201' title='bbox 2258 1450 2483 1507; x_wconf 79' lang='lat' dir='ltr'><strong>validius</strong></span> <span class='ocrx_word' id='word_1_202' title='bbox 2506 1451 2704 1507; x_wconf 86' lang='lat' dir='ltr'><strong>l‘actum</strong></span> <span class='ocrx_word' id='word_1_203' title='bbox 2735 1465 2819 1508; x_wconf 91' lang='lat' dir='ltr'><strong>est</strong></span> <span class='ocrx_word' id='word_1_204' title='bbox 2839 1455 3038 1511; x_wconf 89' lang='lat' dir='ltr'><strong>donum</strong></span> <span class='ocrx_word' id='word_1_205' title='bbox 3072 1458 3353 1523; x_wconf 86' lang='lat' dir='ltr'><strong>libertatis.</strong></span> <span class='ocrx_word' id='word_1_206' title='bbox 3384 1456 3546 1533; x_wconf 77' lang='lat' dir='ltr'><strong>quam</strong></span> 
     </span>
    </p>
   </div>
   <div class='ocr_carea' id='block_1_24' title="bbox 1944 1540 3551 1625">
    <p class='ocr_par' dir='ltr' id='par_1_24' title="bbox 1944 1540 3551 1625">
     <span class='ocr_line' id='line_1_24' title="bbox 1944 1540 3551 1625; baseline 0.012 -32"><span class='ocrx_word' id='word_1_207' title='bbox 1944 1540 2182 1597; x_wconf 88' lang='lat' dir='ltr'><strong>debitum</strong></span> <span class='ocrx_word' id='word_1_208' title='bbox 2212 1546 2507 1600; x_wconf 74' lang='lat' dir='ltr'><strong>servitutis.</strong></span> <span class='ocrx_word' id='word_1_209' title='bbox 2536 1546 2708 1613; x_wconf 87' lang='lat' dir='ltr'><strong>Quam</strong></span> <span class='ocrx_word' id='word_1_210' title='bbox 2743 1550 2925 1620; x_wconf 89' lang='lat' dir='ltr'><strong>itaque</strong></span> <span class='ocrx_word' id='word_1_211' title='bbox 2956 1552 3058 1607; x_wconf 89' lang='lat' dir='ltr'><strong>sibi</strong></span> <span class='ocrx_word' id='word_1_212' title='bbox 3095 1552 3147 1606; x_wconf 90' lang='lat' dir='ltr'><strong>in</strong></span> <span class='ocrx_word' id='word_1_213' title='bbox 3180 1554 3339 1625; x_wconf 85' lang='lat' dir='ltr'><strong>hujus</strong></span> <span class='ocrx_word' id='word_1_214' title='bbox 3368 1570 3551 1612; x_wconf 69' lang='lat' dir='ltr'><strong>sacra-</strong></span> 
     </span>
    </p>
   </div>
   <div class='ocr_carea' id='block_1_25' title="bbox 1944 1634 3547 1716">
    <p class='ocr_par' dir='ltr' id='par_1_25' title="bbox 1944 1634 3547 1716">
     <span class='ocr_line' id='line_1_25' title="bbox 1944 1634 3547 1716; baseline 0.012 -30"><span class='ocrx_word' id='word_1_215' title='bbox 1944 1634 2111 1688; x_wconf 87' lang='lat' dir='ltr'><strong>menti</strong></span> <span class='ocrx_word' id='word_1_216' title='bbox 2162 1638 2413 1705; x_wconf 75' lang='lat' dir='ltr'><strong>przesidio</strong></span> <span class='ocrx_word' id='word_1_217' title='bbox 2458 1654 2610 1708; x_wconf 89' lang='lat' dir='ltr'><strong>spem</strong></span> <span class='ocrx_word' id='word_1_218' title='bbox 2655 1642 2992 1713; x_wconf 88' lang='lat' dir='ltr'><strong>relinquunt,</strong></span> <span class='ocrx_word' id='word_1_219' title='bbox 3026 1646 3117 1716; x_wconf 91' lang='lat' dir='ltr'><strong>qui</strong></span> <span class='ocrx_word' id='word_1_220' title='bbox 3168 1647 3220 1701; x_wconf 90' lang='lat' dir='ltr'><strong>in</strong></span> <span class='ocrx_word' id='word_1_221' title='bbox 3265 1648 3547 1706; x_wconf 89' lang='lat' dir='ltr'><strong>Salvatore</strong></span> 
     </span>
    </p>
   </div>
   <div class='ocr_carea' id='block_1_26' title="bbox 1944 1733 3545 1812">
    <p class='ocr_par' dir='ltr' id='par_1_26' title="bbox 1944 1733 3545 1812">
     <span class='ocr_line' id='line_1_26' title="bbox 1944 1733 3545 1812; baseline 0.011 -33"><span class='ocrx_word' id='word_1_222' title='bbox 1944 1738 2131 1781; x_wconf 88' lang='lat' dir='ltr'><strong>nostro</strong></span> <span class='ocrx_word' id='word_1_223' title='bbox 2156 1743 2353 1801; x_wconf 77' lang='lat' dir='ltr'><strong>negant</strong></span> <span class='ocrx_word' id='word_1_224' title='bbox 2372 1733 2591 1789; x_wconf 85' lang='lat' dir='ltr'><strong>immani</strong></span> <span class='ocrx_word' id='word_1_225' title='bbox 2619 1735 2863 1805; x_wconf 90' lang='lat' dir='ltr'><strong>corporis</strong></span> <span class='ocrx_word' id='word_1_226' title='bbox 2879 1738 3203 1793; x_wconf 80' lang='lat' dir='ltr'><strong>veritatem?</strong></span> <span class='ocrx_word' id='word_1_227' title='bbox 3233 1738 3418 1796; x_wconf 72' lang='lat' dir='ltr'><strong>Dic-ant</strong></span> <span class='ocrx_word' id='word_1_228' title='bbox 3438 1756 3545 1812; x_wconf 90' lang='lat' dir='ltr'><strong>quo</strong></span> 
     </span>
    </p>
   </div>
   <div class='ocr_carea' id='block_1_27' title="bbox 1940 1823 3538 1903">
    <p class='ocr_par' dir='ltr' id='par_1_27' title="bbox 1940 1823 3538 1903">
     <span class='ocr_line' id='line_1_27' title="bbox 1940 1823 3538 1903; baseline 0.01 -29"><span class='ocrx_word' id='word_1_229' title='bbox 1940 1823 2209 1877; x_wconf 90' lang='lat' dir='ltr'><strong>sacriﬁcio</strong></span> <span class='ocrx_word' id='word_1_230' title='bbox 2242 1827 2601 1883; x_wconf 82' lang='lat' dir='ltr'><strong>reconciliati:</strong></span> <span class='ocrx_word' id='word_1_231' title='bbox 2638 1830 2820 1883; x_wconf 91' lang='lat' dir='ltr'><strong>dicant</strong></span> <span class='ocrx_word' id='word_1_232' title='bbox 2864 1846 2968 1900; x_wconf 93' lang='lat' dir='ltr'><strong>quo</strong></span> <span class='ocrx_word' id='word_1_233' title='bbox 2997 1832 3261 1903; x_wconf 82' lang='lat' dir='ltr'><strong>sanguine</strong></span> <span class='ocrx_word' id='word_1_234' title='bbox 3306 1834 3415 1889; x_wconf 90' lang='lat' dir='ltr'><strong>sint</strong></span> <span class='ocrx_word' id='word_1_235' title='bbox 3450 1849 3538 1890; x_wconf 87' lang='lat' dir='ltr'><strong>re-</strong></span> 
     </span>
    </p>
   </div>
   <div class='ocr_carea' id='block_1_28' title="bbox 237 1907 3543 1995">
    <p class='ocr_par' dir='ltr' id='par_1_28' title="bbox 237 1907 3543 1995">
     <span class='ocr_line' id='line_1_28' title="bbox 237 1907 3543 1995; baseline 0.008 -36"><span class='ocrx_word' id='word_1_236' title='bbox 237 1907 456 1976; x_wconf 87' lang='lat' dir='ltr'><strong>qualiter</strong></span> <span class='ocrx_word' id='word_1_237' title='bbox 502 1910 571 1964; x_wconf 86' lang='lat' dir='ltr'><strong>ad</strong></span> <span class='ocrx_word' id='word_1_238' title='bbox 599 1912 896 1967; x_wconf 89' lang='lat' dir='ltr'><strong>concilium</strong></span> <span class='ocrx_word' id='word_1_239' title='bbox 950 1914 1212 1980; x_wconf 85' lang='lat' dir='ltr'><strong>veniatur,</strong></span> <span class='ocrx_word' id='word_1_240' title='bbox 1243 1925 1337 1970; x_wconf 88' lang='lat' dir='ltr'><strong>aut</strong></span> <span class='ocrx_word' id='word_1_241' title='bbox 1376 1916 1605 1987; x_wconf 88' lang='lat' dir='ltr'><strong>qualiter</strong></span> <span class='ocrx_word' id='word_1_242' title='bbox 1632 1918 1699 1972; x_wconf 89' lang='lat' dir='ltr'><strong>de</strong></span> <span class='ocrx_word' id='word_1_243' title='bbox 1726 1919 1838 1973; x_wconf 87' lang='lat' dir='ltr'><strong>suis</strong></span> <span class='ocrx_word' id='word_1_244' title='bbox 1867 1910 1916 1970; x_wconf 88' lang='lat' dir='ltr'><strong>B</strong></span> <span class='ocrx_word' id='word_1_245' title='bbox 1944 1915 2168 1985; x_wconf 88' lang='lat' dir='ltr'><strong>dempti.</strong></span> <span class='ocrx_word' id='word_1_246' title='bbox 2202 1918 2329 1984; x_wconf 84' lang='lat' dir='ltr'><strong>Quis</strong></span> <span class='ocrx_word' id='word_1_247' title='bbox 2355 1931 2453 1986; x_wconf 79' lang='lat' dir='ltr'><strong>est,</strong></span> <span class='ocrx_word' id='word_1_248' title='bbox 2487 1931 2541 1975; x_wconf 92' lang='lat' dir='ltr'><strong>ut</strong></span> <span class='ocrx_word' id='word_1_249' title='bbox 2573 1922 2648 1976; x_wconf 88' lang='lat' dir='ltr'><strong>ait</strong></span> <span class='ocrx_word' id='word_1_250' title='bbox 2671 1924 2980 1994; x_wconf 83' lang='lat' dir='ltr'><strong>Apostolus,</strong></span> <span class='ocrx_word' id='word_1_251' title='bbox 3010 1927 3096 1995; x_wconf 86' lang='lat' dir='ltr'><strong>qui</strong></span> <span class='ocrx_word' id='word_1_252' title='bbox 3118 1928 3329 1982; x_wconf 79' lang='lat' dir='ltr'><strong>tradidit</strong></span> <span class='ocrx_word' id='word_1_253' title='bbox 3357 1942 3543 1984; x_wconf 81' lang='lat' dir='ltr'><strong>semet—</strong></span> 
     </span>
    </p>
   </div>
   <div class='ocr_carea' id='block_1_29' title="bbox 238 2000 1836 2083">
    <p class='ocr_par' dir='ltr' id='par_1_29' title="bbox 238 2000 1836 2083">
     <span class='ocr_line' id='line_1_29' title="bbox 238 2000 1836 2083; baseline 0.009 -30"><span class='ocrx_word' id='word_1_254' title='bbox 238 2000 390 2053; x_wconf 86' lang='lat' dir='ltr'><strong>rehus</strong></span> <span class='ocrx_word' id='word_1_255' title='bbox 437 2003 697 2072; x_wconf 76' lang='lat' dir='ltr'><strong>expoliati</strong></span> <span class='ocrx_word' id='word_1_256' title='bbox 754 2004 834 2077; x_wconf 78' lang='lat'><strong>(3.</strong></span> <span class='ocrx_word' id='word_1_257' title='bbox 866 2024 918 2076; x_wconf 90' lang='lat' dir='ltr'><strong>q.</strong></span> <span class='ocrx_word' id='word_1_258' title='bbox 950 2008 998 2061; x_wconf 81' lang='grc'><strong>1.</strong></span> <span class='ocrx_word' id='word_1_259' title='bbox 1032 2009 1323 2077; x_wconf 78' lang='lat' dir='ltr'><strong>Episcopus</strong></span> <span class='ocrx_word' id='word_1_260' title='bbox 1357 2012 1464 2065; x_wconf 84' lang='lat' dir='ltr'><strong>suis</strong></span> <span class='ocrx_word' id='word_1_261' title='bbox 1498 2012 1649 2066; x_wconf 87' lang='lat' dir='ltr'><strong>rebus</strong></span> <span class='ocrx_word' id='word_1_262' title='bbox 1678 2030 1836 2083; x_wconf 68' lang='lat' dir='ltr'><strong>expo-</strong></span> 
     </span>
    </p>
   </div>
   <div class='ocr_carea' id='block_1_30' title="bbox 241 2095 1833 2174">
    <p class='ocr_par' dir='ltr' id='par_1_30' title="bbox 241 2095 1833 2174">
     <span class='ocr_line' id='line_1_30' title="bbox 241 2095 1833 2174; baseline 0.011 -28"><span class='ocrx_word' id='word_1_263' title='bbox 241 2095 428 2168; x_wconf 79' lang='grc' dir='ltr'>Ιίαιιιι),</span> <span class='ocrx_word' id='word_1_264' title='bbox 462 2100 544 2152; x_wconf 82' lang='lat' dir='ltr'><strong>vel</strong></span> <span class='ocrx_word' id='word_1_265' title='bbox 577 2100 736 2169; x_wconf 90' lang='lat' dir='ltr'><strong>cjecti</strong></span> <span class='ocrx_word' id='word_1_266' title='bbox 770 2118 800 2156; x_wconf 91' lang='lat' dir='ltr'><strong>a</strong></span> <span class='ocrx_word' id='word_1_267' title='bbox 830 2102 1049 2157; x_wconf 75' lang='lat' dir='ltr'><strong>Sedibus</strong></span> <span class='ocrx_word' id='word_1_268' title='bbox 1075 2106 1336 2174; x_wconf 83' lang='lat' dir='ltr'><strong>prapriis,</strong></span> <span class='ocrx_word' id='word_1_269' title='bbox 1376 2117 1466 2160; x_wconf 89' lang='lat' dir='ltr'><strong>aut</strong></span> <span class='ocrx_word' id='word_1_270' title='bbox 1495 2107 1583 2174; x_wconf 88' lang='lat' dir='ltr'><strong>qui</strong></span> <span class='ocrx_word' id='word_1_271' title='bbox 1610 2122 1833 2163; x_wconf 88' lang='lat' dir='ltr'><strong>accusa-</strong></span> 
     </span>
    </p>
   </div>
   <div class='ocr_carea' id='block_1_31' title="bbox 241 2191 1835 2268">
    <p class='ocr_par' dir='ltr' id='par_1_31' title="bbox 241 2191 1835 2268">
     <span class='ocr_line' id='line_1_31' title="bbox 241 2191 1835 2268; baseline 0.011 -29"><span class='ocrx_word' id='word_1_272' title='bbox 241 2196 377 2242; x_wconf 89' lang='lat' dir='ltr'><strong>tores</strong></span> <span class='ocrx_word' id='word_1_273' title='bbox 415 2191 523 2244; x_wconf 87' lang='lat' dir='ltr'><strong>sint</strong></span> <span class='ocrx_word' id='word_1_274' title='bbox 571 2194 893 2262; x_wconf 78' lang='lat' dir='ltr'><strong>recipiendi,</strong></span> <span class='ocrx_word' id='word_1_275' title='bbox 947 2196 1106 2265; x_wconf 85' lang='lat' dir='ltr'><strong>quive</strong></span> <span class='ocrx_word' id='word_1_276' title='bbox 1163 2212 1269 2251; x_wconf 90' lang='lat' dir='ltr'><strong>non</strong></span> <span class='ocrx_word' id='word_1_277' title='bbox 1300 2198 1427 2263; x_wconf 75' lang='lat' dir='ltr'><strong>sint,</strong></span> <span class='ocrx_word' id='word_1_278' title='bbox 1471 2210 1558 2253; x_wconf 89' lang='lat' dir='ltr'><strong>aut</strong></span> <span class='ocrx_word' id='word_1_279' title='bbox 1606 2200 1835 2268; x_wconf 83' lang='lat' dir='ltr'><strong>qualiter</strong></span> 
     </span>
    </p>
   </div>
   <div class='ocr_carea' id='block_1_32' title="bbox 241 2282 1828 2361">
    <p class='ocr_par' dir='ltr' id='par_1_32' title="bbox 241 2282 1828 2361">
     <span class='ocr_line' id='line_1_32' title="bbox 241 2282 1828 2361; baseline 0.008 -27"><span class='ocrx_word' id='word_1_280' title='bbox 241 2282 418 2349; x_wconf 80' lang='lat' dir='ltr'><strong>ejectis</strong></span> <span class='ocrx_word' id='word_1_281' title='bbox 440 2292 494 2337; x_wconf 88' lang='lat' dir='ltr'><strong>et</strong></span> <span class='ocrx_word' id='word_1_282' title='bbox 520 2286 808 2354; x_wconf 78' lang='lat' dir='ltr'><strong>expoliatis</strong></span> <span class='ocrx_word' id='word_1_283' title='bbox 831 2287 942 2341; x_wconf 91' lang='lat' dir='ltr'><strong>sint</strong></span> <span class='ocrx_word' id='word_1_284' title='bbox 961 2289 1141 2343; x_wconf 87' lang='lat' dir='ltr'><strong>omnia</strong></span> <span class='ocrx_word' id='word_1_285' title='bbox 1166 2290 1375 2359; x_wconf 81' lang='lat' dir='ltr'><strong>legibus</strong></span> <span class='ocrx_word' id='word_1_286' title='bbox 1396 2290 1828 2361; x_wconf 79' lang='lat' dir='ltr'><strong>rediutegrauda,</strong></span> 
     </span>
    </p>
   </div>
   <div class='ocr_carea' id='block_1_33' title="bbox 241 2376 1831 2453">
    <p class='ocr_par' dir='ltr' id='par_1_33' title="bbox 241 2376 1831 2453">
     <span class='ocr_line' id='line_1_33' title="bbox 241 2376 1831 2453; baseline 0.008 -26"><span class='ocrx_word' id='word_1_287' title='bbox 241 2389 354 2443; x_wconf 67' lang='lat' dir='ltr'><strong>qum</strong></span> <span class='ocrx_word' id='word_1_288' title='bbox 378 2376 458 2430; x_wconf 85' lang='lat' dir='ltr'><strong>eis</strong></span> <span class='ocrx_word' id='word_1_289' title='bbox 483 2378 660 2432; x_wconf 86' lang='lat' dir='ltr'><strong>ablata</strong></span> <span class='ocrx_word' id='word_1_290' title='bbox 702 2390 865 2434; x_wconf 89' lang='lat' dir='ltr'><strong>sunt:</strong></span> <span class='ocrx_word' id='word_1_291' title='bbox 912 2389 967 2436; x_wconf 89' lang='lat' dir='ltr'><strong>et</strong></span> <span class='ocrx_word' id='word_1_292' title='bbox 1007 2383 1130 2451; x_wconf 87' lang='lat' dir='ltr'><strong>quia</strong></span> <span class='ocrx_word' id='word_1_293' title='bbox 1163 2384 1470 2453; x_wconf 85' lang='lat' dir='ltr'><strong>priusquam</strong></span> <span class='ocrx_word' id='word_1_294' title='bbox 1502 2384 1601 2439; x_wconf 90' lang='lat' dir='ltr'><strong>hoc</strong></span> <span class='ocrx_word' id='word_1_295' title='bbox 1632 2384 1831 2440; x_wconf 85' lang='lat' dir='ltr'><strong>factum</strong></span> 
     </span>
    </p>
   </div>
   <div class='ocr_carea' id='block_1_34' title="bbox 243 2466 1833 2549">
    <p class='ocr_par' dir='ltr' id='par_1_34' title="bbox 243 2466 1833 2549">
     <span class='ocr_line' id='line_1_34' title="bbox 243 2466 1833 2549; baseline 0.009 -29"><span class='ocrx_word' id='word_1_296' title='bbox 243 2466 411 2536; x_wconf 85' lang='lat' dir='ltr'><strong>fuerit,</strong></span> <span class='ocrx_word' id='word_1_297' title='bbox 456 2472 662 2526; x_wconf 88' lang='lat' dir='ltr'><strong>nullum</strong></span> <span class='ocrx_word' id='word_1_298' title='bbox 694 2474 900 2528; x_wconf 88' lang='lat' dir='ltr'><strong>crimen</strong></span> <span class='ocrx_word' id='word_1_299' title='bbox 932 2476 1013 2531; x_wconf 87' lang='lat' dir='ltr'><strong>eis</strong></span> <span class='ocrx_word' id='word_1_300' title='bbox 1047 2477 1207 2546; x_wconf 89' lang='lat' dir='ltr'><strong>objici</strong></span> <span class='ocrx_word' id='word_1_301' title='bbox 1254 2478 1490 2546; x_wconf 87' lang='lat' dir='ltr'><strong>poterit,</strong></span> <span class='ocrx_word' id='word_1_302' title='bbox 1523 2488 1578 2533; x_wconf 92' lang='lat' dir='ltr'><strong>et</strong></span> <span class='ocrx_word' id='word_1_303' title='bbox 1604 2480 1833 2549; x_wconf 86' lang='lat' dir='ltr'><strong>qualiter</strong></span> 
     </span>
    </p>
   </div>
   <div class='ocr_carea' id='block_1_35' title="bbox 246 2558 1829 2637">
    <p class='ocr_par' dir='ltr' id='par_1_35' title="bbox 246 2558 1829 2637">
     <span class='ocr_line' id='line_1_35' title="bbox 246 2558 1829 2637; baseline 0.01 -26"><span class='ocrx_word' id='word_1_304' title='bbox 246 2558 348 2613; x_wconf 85' lang='lat' dir='ltr'><strong>illis</strong></span> <span class='ocrx_word' id='word_1_305' title='bbox 378 2562 608 2617; x_wconf 73' lang='lat' dir='ltr'><strong>indui-ia:</strong></span> <span class='ocrx_word' id='word_1_306' title='bbox 633 2576 757 2635; x_wconf 88' lang='lat' dir='ltr'><strong>post</strong></span> <span class='ocrx_word' id='word_1_307' title='bbox 782 2567 1046 2637; x_wconf 72' lang='lat' dir='ltr'><strong>integrann</strong></span> <span class='ocrx_word' id='word_1_308' title='bbox 1083 2569 1529 2624; x_wconf 87' lang='lat' dir='ltr'><strong>instaurationem</strong></span> <span class='ocrx_word' id='word_1_309' title='bbox 1573 2571 1829 2627; x_wconf 86' lang='lat' dir='ltr'><strong>anniver-</strong></span> 
     </span>
    </p>
   </div>
   <div class='ocr_carea' id='block_1_36' title="bbox 244 2654 1831 2734">
    <p class='ocr_par' dir='ltr' id='par_1_36' title="bbox 244 2654 1831 2734">
     <span class='ocr_line' id='line_1_36' title="bbox 244 2654 1831 2734; baseline 0.009 -27"><span class='ocrx_word' id='word_1_310' title='bbox 244 2654 411 2721; x_wconf 63' lang='lat' dir='ltr'><strong>sarias,</strong></span> <span class='ocrx_word' id='word_1_311' title='bbox 436 2657 521 2712; x_wconf 89' lang='lat' dir='ltr'><strong>vel</strong></span> <span class='ocrx_word' id='word_1_312' title='bbox 545 2672 642 2712; x_wconf 88' lang='lat' dir='ltr'><strong>sex</strong></span> <span class='ocrx_word' id='word_1_313' title='bbox 670 2660 961 2726; x_wconf 86' lang='lat' dir='ltr'><strong>mensium,</strong></span> <span class='ocrx_word' id='word_1_314' title='bbox 990 2661 1333 2733; x_wconf 75' lang='lat' dir='ltr'><strong>inilulgenda:</strong></span> <span class='ocrx_word' id='word_1_315' title='bbox 1358 2666 1485 2727; x_wconf 88' lang='lat' dir='ltr'><strong>sint,</strong></span> <span class='ocrx_word' id='word_1_316' title='bbox 1519 2675 1572 2717; x_wconf 89' lang='lat' dir='ltr'><strong>et</strong></span> <span class='ocrx_word' id='word_1_317' title='bbox 1602 2666 1831 2734; x_wconf 87' lang='lat' dir='ltr'><strong>qualiter</strong></span> 
     </span>
    </p>
   </div>
   <div class='ocr_carea' id='block_1_37' title="bbox 242 2749 1827 2827">
    <p class='ocr_par' dir='ltr' id='par_1_37' title="bbox 242 2749 1827 2827">
     <span class='ocr_line' id='line_1_37' title="bbox 242 2749 1827 2827; baseline 0.009 -29"><span class='ocrx_word' id='word_1_318' title='bbox 242 2760 329 2799; x_wconf 87' lang='lat' dir='ltr'><strong>sua</strong></span> <span class='ocrx_word' id='word_1_319' title='bbox 358 2749 531 2802; x_wconf 86' lang='lat' dir='ltr'><strong>omnia</strong></span> <span class='ocrx_word' id='word_1_320' title='bbox 582 2751 812 2806; x_wconf 86' lang='lat' dir='ltr'><strong>licenter</strong></span> <span class='ocrx_word' id='word_1_321' title='bbox 854 2764 911 2807; x_wconf 94' lang='lat' dir='ltr'><strong>et</strong></span> <span class='ocrx_word' id='word_1_322' title='bbox 941 2753 1184 2823; x_wconf 90' lang='lat' dir='ltr'><strong>paciﬁce,</strong></span> <span class='ocrx_word' id='word_1_323' title='bbox 1221 2755 1425 2826; x_wconf 86' lang='lat' dir='ltr'><strong>absque</strong></span> <span class='ocrx_word' id='word_1_324' title='bbox 1473 2757 1630 2812; x_wconf 88' lang='lat' dir='ltr'><strong>ullius</strong></span> <span class='ocrx_word' id='word_1_325' title='bbox 1679 2760 1827 2827; x_wconf 81' lang='lat' dir='ltr'><strong>gravi</strong></span> 
     </span>
    </p>
   </div>
   <div class='ocr_carea' id='block_1_38' title="bbox 243 2837 1828 2914">
    <p class='ocr_par' dir='ltr' id='par_1_38' title="bbox 243 2837 1828 2914">
     <span class='ocr_line' id='line_1_38' title="bbox 243 2837 1828 2914; baseline 0.011 -24"><span class='ocrx_word' id='word_1_326' title='bbox 243 2837 615 2910; x_wconf 89' lang='lat' dir='ltr'><strong>impedimento</strong></span> <span class='ocrx_word' id='word_1_327' title='bbox 636 2844 963 2914; x_wconf 87' lang='lat' dir='ltr'><strong>disponere,</strong></span> <span class='ocrx_word' id='word_1_328' title='bbox 994 2856 1048 2902; x_wconf 89' lang='lat' dir='ltr'><strong>et</strong></span> <span class='ocrx_word' id='word_1_329' title='bbox 1072 2864 1290 2903; x_wconf 86' lang='lat' dir='ltr'><strong>suorum</strong></span> <span class='ocrx_word' id='word_1_330' title='bbox 1320 2849 1616 2904; x_wconf 89' lang='lat' dir='ltr'><strong>amicorum</strong></span> <span class='ocrx_word' id='word_1_331' title='bbox 1657 2861 1711 2905; x_wconf 92' lang='lat' dir='ltr'><strong>et</strong></span> <span class='ocrx_word' id='word_1_332' title='bbox 1740 2867 1828 2907; x_wconf 87' lang='lat' dir='ltr'><strong>ec-</strong></span> 
     </span>
    </p>
   </div>
   <div class='ocr_carea' id='block_1_39' title="bbox 241 2930 1829 3008">
    <p class='ocr_par' dir='ltr' id='par_1_39' title="bbox 241 2930 1829 3008">
     <span class='ocr_line' id='line_1_39' title="bbox 241 2930 1829 3008; baseline 0.009 -24"><span class='ocrx_word' id='word_1_333' title='bbox 241 2930 651 2990; x_wconf 82' lang='lat' dir='ltr'><strong>clesiasticorum</strong></span> <span class='ocrx_word' id='word_1_334' title='bbox 673 2949 887 3006; x_wconf 84' lang='lat' dir='ltr'><strong>patrum</strong></span> <span class='ocrx_word' id='word_1_335' title='bbox 907 2940 1154 2994; x_wconf 86' lang='lat' dir='ltr'><strong>eonciliis</strong></span> <span class='ocrx_word' id='word_1_336' title='bbox 1176 2942 1249 2995; x_wconf 91' lang='lat' dir='ltr'><strong>uti</strong></span> <span class='ocrx_word' id='word_1_337' title='bbox 1280 2940 1532 3008; x_wconf 75' lang='lat' dir='ltr'><strong>debeant,</strong></span> <span class='ocrx_word' id='word_1_338' title='bbox 1557 2943 1829 2999; x_wconf 76' lang='lat' dir='ltr'><strong>sufﬁcien-</strong></span> 
     </span>
    </p>
   </div>
   <div class='ocr_carea' id='block_1_40' title="bbox 242 3026 1826 3101">
    <p class='ocr_par' dir='ltr' id='par_1_40' title="bbox 242 3026 1826 3101">
     <span class='ocr_line' id='line_1_40' title="bbox 242 3026 1826 3101; baseline 0.011 -25"><span class='ocrx_word' id='word_1_339' title='bbox 242 3033 317 3079; x_wconf 87' lang='lat' dir='ltr'><strong>ter</strong></span> <span class='ocrx_word' id='word_1_340' title='bbox 342 3026 406 3080; x_wconf 89' lang='lat' dir='ltr'><strong>ab</strong></span> <span class='ocrx_word' id='word_1_341' title='bbox 429 3030 710 3096; x_wconf 85' lang='lat' dir='ltr'><strong>apostolis,</strong></span> <span class='ocrx_word' id='word_1_342' title='bbox 744 3045 1046 3101; x_wconf 89' lang='lat' dir='ltr'><strong>eorumque</strong></span> <span class='ocrx_word' id='word_1_343' title='bbox 1076 3028 1506 3101; x_wconf 82' lang='lat' dir='ltr'><strong>successoribus,</strong></span> <span class='ocrx_word' id='word_1_344' title='bbox 1536 3050 1599 3090; x_wconf 90' lang='lat' dir='ltr'><strong>ac</strong></span> <span class='ocrx_word' id='word_1_345' title='bbox 1626 3039 1826 3094; x_wconf 87' lang='lat' dir='ltr'><strong>nostris</strong></span> 
     </span>
    </p>
   </div>
   <div class='ocr_carea' id='block_1_41' title="bbox 242 3119 1825 3199">
    <p class='ocr_par' dir='ltr' id='par_1_41' title="bbox 242 3119 1825 3199">
     <span class='ocr_line' id='line_1_41' title="bbox 242 3119 1825 3199; baseline 0.009 -27"><span class='ocrx_word' id='word_1_346' title='bbox 242 3119 717 3185; x_wconf 65' lang='lat' dir='ltr'><strong>prmdecessoribus</strong></span> <span class='ocrx_word' id='word_1_347' title='bbox 750 3133 1017 3188; x_wconf 82' lang='lat' dir='ltr'><strong>statutum</strong></span> <span class='ocrx_word' id='word_1_348' title='bbox 1058 3138 1180 3179; x_wconf 88' lang='lat' dir='ltr'><strong>esse</strong></span> <span class='ocrx_word' id='word_1_349' title='bbox 1211 3138 1483 3195; x_wconf 88' lang='lat' dir='ltr'><strong>putamus.</strong></span> <span class='ocrx_word' id='word_1_350' title='bbox 1530 3128 1705 3199; x_wconf 84' lang='lat' dir='ltr'><strong>Super</strong></span> <span class='ocrx_word' id='word_1_351' title='bbox 1740 3131 1825 3187; x_wconf 89' lang='lat' dir='ltr'><strong>his</strong></span> 
     </span>
    </p>
   </div>
   <div class='ocr_carea' id='block_1_42' title="bbox 241 3216 1821 3290">
    <p class='ocr_par' dir='ltr' id='par_1_42' title="bbox 241 3216 1821 3290">
     <span class='ocr_line' id='line_1_42' title="bbox 241 3216 1821 3290; baseline 0.009 -26"><span class='ocrx_word' id='word_1_352' title='bbox 241 3222 401 3268; x_wconf 85' lang='lat' dir='ltr'><strong>autem</strong></span> <span class='ocrx_word' id='word_1_353' title='bbox 425 3230 530 3269; x_wconf 89' lang='lat' dir='ltr'><strong>non</strong></span> <span class='ocrx_word' id='word_1_354' title='bbox 556 3230 682 3270; x_wconf 91' lang='lat' dir='ltr'><strong>reor</strong></span> <span class='ocrx_word' id='word_1_355' title='bbox 702 3216 934 3286; x_wconf 88' lang='lat' dir='ltr'><strong>amplius</strong></span> <span class='ocrx_word' id='word_1_356' title='bbox 958 3232 1103 3272; x_wconf 91' lang='lat' dir='ltr'><strong>nunc</strong></span> <span class='ocrx_word' id='word_1_357' title='bbox 1130 3217 1246 3273; x_wconf 77' lang='lat' dir='ltr'><strong>fore</strong></span> <span class='ocrx_word' id='word_1_358' title='bbox 1267 3218 1652 3290; x_wconf 81' lang='lat' dir='ltr'><strong>diSputandum</strong></span> <span class='ocrx_word' id='word_1_359' title='bbox 1670 3265 1686 3290; x_wconf 94' lang='lat'><strong>,</strong></span> <span class='ocrx_word' id='word_1_360' title='bbox 1719 3225 1821 3281; x_wconf 90' lang='lat' dir='ltr'><strong>nisi</strong></span> 
     </span>
    </p>
   </div>
   <div class='ocr_carea' id='block_1_43' title="bbox 1939 2009 3545 2081">
    <p class='ocr_par' dir='ltr' id='par_1_43' title="bbox 1939 2009 3545 2081">
     <span class='ocr_line' id='line_1_43' title="bbox 1939 2009 3545 2081; baseline 0.01 -20"><span class='ocrx_word' id='word_1_361' title='bbox 1939 2009 2109 2079; x_wconf 81' lang='lat' dir='ltr'><strong>ipsum</strong></span> <span class='ocrx_word' id='word_1_362' title='bbox 2154 2028 2247 2081; x_wconf 84' lang='lat' dir='ltr'><strong>pro</strong></span> <span class='ocrx_word' id='word_1_363' title='bbox 2276 2012 2421 2067; x_wconf 84' lang='lat' dir='ltr'><strong>nobis</strong></span> <span class='ocrx_word' id='word_1_364' title='bbox 2457 2014 2764 2072; x_wconf 86' lang='lat' dir='ltr'><strong>oblationem</strong></span> <span class='ocrx_word' id='word_1_365' title='bbox 2792 2029 2838 2071; x_wconf 83' lang='lat' dir='ltr'><strong>et</strong></span> <span class='ocrx_word' id='word_1_366' title='bbox 2867 2018 3089 2073; x_wconf 84' lang='lat' dir='ltr'><strong>hostiam</strong></span> <span class='ocrx_word' id='word_1_367' title='bbox 3123 2019 3229 2075; x_wconf 74' lang='lat' dir='ltr'><strong>Deo</strong></span> <span class='ocrx_word' id='word_1_368' title='bbox 3259 2022 3314 2075; x_wconf 84' lang='lat' dir='ltr'><strong>in</strong></span> <span class='ocrx_word' id='word_1_369' title='bbox 3336 2022 3545 2077; x_wconf 83' lang='lat' dir='ltr'><strong>adorent</strong></span> 
     </span>
    </p>
   </div>
   <div class='ocr_carea' id='block_1_44' title="bbox 1938 2103 3543 2186">
    <p class='ocr_par' dir='ltr' id='par_1_44' title="bbox 1938 2103 3543 2186">
     <span class='ocr_line' id='line_1_44' title="bbox 1938 2103 3543 2186; baseline 0.012 -32"><span class='ocrx_word' id='word_1_370' title='bbox 1938 2104 2203 2158; x_wconf 79' lang='lat' dir='ltr'><strong>suavitatis</strong></span> <span class='ocrx_word' id='word_1_371' title='bbox 2240 2103 2485 2176; x_wconf 52' lang='lat' dir='ltr'><strong>(Ep/aea,</strong></span> <span class='ocrx_word' id='word_1_372' title='bbox 2520 2105 2571 2179; x_wconf 78' lang='grc' dir='ltr'><strong>ν)</strong></span> <span class='ocrx_word' id='word_1_373' title='bbox 2597 2108 2621 2161; x_wconf 81' lang='lat'><strong>?</strong></span> <span class='ocrx_word' id='word_1_374' title='bbox 2652 2112 2754 2164; x_wconf 86' lang='lat' dir='ltr'><strong>Ant</strong></span> <span class='ocrx_word' id='word_1_375' title='bbox 2786 2112 3193 2186; x_wconf 61' lang='lat' dir='ltr'><strong>quodgunquam</strong></span> <span class='ocrx_word' id='word_1_376' title='bbox 3218 2106 3543 2173; x_wconf 75' lang='lat' dir='ltr'><strong>Sacriﬁcium</strong></span> 
     </span>
    </p>
   </div>
   <div class='ocr_carea' id='block_1_45' title="bbox 1938 2196 3547 2279">
    <p class='ocr_par' dir='ltr' id='par_1_45' title="bbox 1938 2196 3547 2279">
     <span class='ocr_line' id='line_1_45' title="bbox 1938 2196 3547 2279; baseline 0.011 -29"><span class='ocrx_word' id='word_1_377' title='bbox 1938 2197 2203 2251; x_wconf 88' lang='lat' dir='ltr'><strong>sacratius</strong></span> <span class='ocrx_word' id='word_1_378' title='bbox 2235 2196 2356 2264; x_wconf 81' lang='lat' dir='ltr'><strong>fuit,</strong></span> <span class='ocrx_word' id='word_1_379' title='bbox 2384 2215 2543 2267; x_wconf 84' lang='lat' dir='ltr'><strong>quam</strong></span> <span class='ocrx_word' id='word_1_380' title='bbox 2572 2200 2716 2271; x_wconf 90' lang='lat' dir='ltr'><strong>quod</strong></span> <span class='ocrx_word' id='word_1_381' title='bbox 2742 2219 2903 2259; x_wconf 86' lang='lat' dir='ltr'><strong>verus</strong></span> <span class='ocrx_word' id='word_1_382' title='bbox 2952 2216 3007 2263; x_wconf 90' lang='lat' dir='ltr'><strong>et</strong></span> <span class='ocrx_word' id='word_1_383' title='bbox 3044 2216 3280 2263; x_wconf 63' lang='lat' dir='ltr'><strong>aeternus</strong></span> <span class='ocrx_word' id='word_1_384' title='bbox 3307 2209 3547 2279; x_wconf 80' lang='lat' dir='ltr'><strong>pontifex</strong></span> 
     </span>
    </p>
   </div>
   <div class='ocr_carea' id='block_1_46' title="bbox 1937 2289 3544 2370">
    <p class='ocr_par' dir='ltr' id='par_1_46' title="bbox 1937 2289 3544 2370">
     <span class='ocr_line' id='line_1_46' title="bbox 1937 2289 3544 2370; baseline 0.009 -29"><span class='ocrx_word' id='word_1_385' title='bbox 1937 2289 2094 2344; x_wconf 89' lang='lat' dir='ltr'><strong>altari</strong></span> <span class='ocrx_word' id='word_1_386' title='bbox 2122 2291 2301 2346; x_wconf 87' lang='lat' dir='ltr'><strong>crucis</strong></span> <span class='ocrx_word' id='word_1_387' title='bbox 2330 2309 2425 2361; x_wconf 88' lang='lat' dir='ltr'><strong>per</strong></span> <span class='ocrx_word' id='word_1_388' title='bbox 2454 2294 2876 2352; x_wconf 85' lang='lat' dir='ltr'><strong>immolationem</strong></span> <span class='ocrx_word' id='word_1_389' title='bbox 2906 2314 3019 2353; x_wconf 79' lang='lat' dir='ltr'><strong>sua:</strong></span> <span class='ocrx_word' id='word_1_390' title='bbox 3040 2300 3223 2356; x_wconf 88' lang='lat' dir='ltr'><strong>carnis</strong></span> <span class='ocrx_word' id='word_1_391' title='bbox 3252 2290 3544 2370; x_wconf 77' lang='lat' dir='ltr'><strong>imposuit?</strong></span> 
     </span>
    </p>
   </div>
   <div class='ocr_carea' id='block_1_47' title="bbox 1938 2382 3544 2455">
    <p class='ocr_par' dir='ltr' id='par_1_47' title="bbox 1938 2382 3544 2455">
     <span class='ocr_line' id='line_1_47' title="bbox 1938 2382 3544 2455; baseline 0.007 -18"><span class='ocrx_word' id='word_1_392' title='bbox 1938 2382 2088 2438; x_wconf 88' lang='lat' dir='ltr'><strong>Licet</strong></span> <span class='ocrx_word' id='word_1_393' title='bbox 2119 2384 2172 2436; x_wconf 85' lang='lat' dir='ltr'><strong>in</strong></span> <span class='ocrx_word' id='word_1_394' title='bbox 2198 2391 2473 2454; x_wconf 74' lang='lat' dir='ltr'><strong>conspectu</strong></span> <span class='ocrx_word' id='word_1_395' title='bbox 2504 2385 2716 2442; x_wconf 82' lang='lat' dir='ltr'><strong>Domini</strong></span> <span class='ocrx_word' id='word_1_396' title='bbox 2745 2393 2964 2455; x_wconf 82' lang='lat' dir='ltr'><strong>pretiosa</strong></span> <span class='ocrx_word' id='word_1_397' title='bbox 3003 2394 3256 2454; x_wconf 79' lang='lat' dir='ltr'><strong>iustorum</strong></span> <span class='ocrx_word' id='word_1_398' title='bbox 3282 2410 3420 2449; x_wconf 81' lang='lat' dir='ltr'><strong>mars</strong></span> <span class='ocrx_word' id='word_1_399' title='bbox 3448 2394 3544 2455; x_wconf 82' lang='lat' dir='ltr'><strong>fuit</strong></span> 
     </span>
    </p>
   </div>
   <div class='ocr_carea' id='block_1_48' title="bbox 1937 2477 3542 2560">
    <p class='ocr_par' dir='ltr' id='par_1_48' title="bbox 1937 2477 3542 2560">
     <span class='ocr_line' id='line_1_48' title="bbox 1937 2477 3542 2560; baseline 0.009 -29"><span class='ocrx_word' id='word_1_400' title='bbox 1937 2477 2107 2550; x_wconf 84' lang='lat' dir='ltr'><strong>(Psal.</strong></span> <span class='ocrx_word' id='word_1_401' title='bbox 2141 2480 2264 2552; x_wconf 72' lang='lat' dir='ltr'><strong>crv)</strong></span> <span class='ocrx_word' id='word_1_402' title='bbox 2292 2524 2306 2547; x_wconf 95' lang='lat'><strong>,</strong></span> <span class='ocrx_word' id='word_1_403' title='bbox 2346 2483 2545 2537; x_wconf 90' lang='lat' dir='ltr'><strong>nullius</strong></span> <span class='ocrx_word' id='word_1_404' title='bbox 2573 2494 2749 2539; x_wconf 89' lang='lat' dir='ltr'><strong>tamen</strong></span> <span class='ocrx_word' id='word_1_405' title='bbox 2779 2486 3007 2541; x_wconf 91' lang='lat' dir='ltr'><strong>insontis</strong></span> <span class='ocrx_word' id='word_1_406' title='bbox 3034 2488 3253 2556; x_wconf 87' lang='lat' dir='ltr'><strong>occisio,</strong></span> <span class='ocrx_word' id='word_1_407' title='bbox 3286 2488 3542 2560; x_wconf 85' lang='lat' dir='ltr'><strong>redemp-</strong></span> 
     </span>
    </p>
   </div>
   <div class='ocr_carea' id='block_1_49' title="bbox 1938 2572 3544 2650">
    <p class='ocr_par' dir='ltr' id='par_1_49' title="bbox 1938 2572 3544 2650">
     <span class='ocr_line' id='line_1_49' title="bbox 1938 2572 3544 2650; baseline 0.007 -23"><span class='ocrx_word' id='word_1_408' title='bbox 1938 2575 2012 2627; x_wconf 91' lang='lat' dir='ltr'><strong>tio</strong></span> <span class='ocrx_word' id='word_1_409' title='bbox 2037 2572 2139 2629; x_wconf 81' lang='lat' dir='ltr'><strong>fuit</strong></span> <span class='ocrx_word' id='word_1_410' title='bbox 2169 2575 2373 2631; x_wconf 83' lang='lat' dir='ltr'><strong>mllltdl.</strong></span> <span class='ocrx_word' id='word_1_411' title='bbox 2409 2576 2748 2647; x_wconf 78' lang='lat' dir='ltr'><strong>Acceperunt</strong></span> <span class='ocrx_word' id='word_1_412' title='bbox 2772 2580 2937 2649; x_wconf 87' lang='lat' dir='ltr'><strong>justi,</strong></span> <span class='ocrx_word' id='word_1_413' title='bbox 2973 2596 3077 2636; x_wconf 89' lang='lat' dir='ltr'><strong>non</strong></span> <span class='ocrx_word' id='word_1_414' title='bbox 3122 2581 3422 2650; x_wconf 88' lang='lat' dir='ltr'><strong>dederunt,</strong></span> <span class='ocrx_word' id='word_1_415' title='bbox 3450 2598 3544 2640; x_wconf 88' lang='lat' dir='ltr'><strong>co-</strong></span> 
     </span>
    </p>
   </div>
   <div class='ocr_carea' id='block_1_50' title="bbox 1936 2668 3543 2748">
    <p class='ocr_par' dir='ltr' id='par_1_50' title="bbox 1936 2668 3543 2748">
     <span class='ocr_line' id='line_1_50' title="bbox 1936 2668 3543 2748; baseline 0.005 -24"><span class='ocrx_word' id='word_1_416' title='bbox 1936 2683 2119 2724; x_wconf 83' lang='lat' dir='ltr'><strong>ronas.</strong></span> <span class='ocrx_word' id='word_1_417' title='bbox 2154 2670 2230 2725; x_wconf 86' lang='lat' dir='ltr'><strong>De</strong></span> <span class='ocrx_word' id='word_1_418' title='bbox 2263 2668 2579 2727; x_wconf 82' lang='lat' dir='ltr'><strong>fortitudine</strong></span> <span class='ocrx_word' id='word_1_419' title='bbox 2608 2672 2844 2728; x_wconf 89' lang='lat' dir='ltr'><strong>ﬁdelium</strong></span> <span class='ocrx_word' id='word_1_420' title='bbox 2874 2676 3118 2745; x_wconf 85' lang='lat' dir='ltr'><strong>exempla</strong></span> <span class='ocrx_word' id='word_1_421' title='bbox 3147 2686 3270 2730; x_wconf 88' lang='lat' dir='ltr'><strong>nata</strong></span> <span class='ocrx_word' id='word_1_422' title='bbox 3297 2688 3422 2731; x_wconf 87' lang='lat' dir='ltr'><strong>sunt</strong></span> <span class='ocrx_word' id='word_1_423' title='bbox 3447 2693 3543 2748; x_wconf 89' lang='lat' dir='ltr'><strong>pa-</strong></span> 
     </span>
    </p>
   </div>
   <div class='ocr_carea' id='block_1_51' title="bbox 1937 2763 3537 2841">
    <p class='ocr_par' dir='ltr' id='par_1_51' title="bbox 1937 2763 3537 2841">
     <span class='ocr_line' id='line_1_51' title="bbox 1937 2763 3537 2841; baseline 0.008 -25"><span class='ocrx_word' id='word_1_424' title='bbox 1937 2763 2162 2830; x_wconf 78' lang='lat' dir='ltr'><strong>tientiae,</strong></span> <span class='ocrx_word' id='word_1_425' title='bbox 2193 2780 2298 2819; x_wconf 91' lang='lat' dir='ltr'><strong>non</strong></span> <span class='ocrx_word' id='word_1_426' title='bbox 2327 2767 2466 2820; x_wconf 85' lang='lat' dir='ltr'><strong>dona</strong></span> <span class='ocrx_word' id='word_1_427' title='bbox 2495 2766 2736 2837; x_wconf 74' lang='lat' dir='ltr'><strong>jusﬁtiae.</strong></span> <span class='ocrx_word' id='word_1_428' title='bbox 2768 2767 3081 2839; x_wconf 64' lang='lat' dir='ltr'><strong>Singulares</strong></span> <span class='ocrx_word' id='word_1_429' title='bbox 3105 2774 3303 2841; x_wconf 87' lang='lat' dir='ltr'><strong>quippe</strong></span> <span class='ocrx_word' id='word_1_430' title='bbox 3340 2772 3391 2826; x_wconf 93' lang='lat' dir='ltr'><strong>in</strong></span> <span class='ocrx_word' id='word_1_431' title='bbox 3422 2772 3537 2828; x_wconf 89' lang='lat' dir='ltr'><strong>sin-</strong></span> 
     </span>
    </p>
   </div>
   <div class='ocr_carea' id='block_1_52' title="bbox 1933 2858 3535 2934">
    <p class='ocr_par' dir='ltr' id='par_1_52' title="bbox 1933 2858 3535 2934">
     <span class='ocr_line' id='line_1_52' title="bbox 1933 2858 3535 2934; baseline 0.007 -26"><span class='ocrx_word' id='word_1_432' title='bbox 1933 2858 2074 2927; x_wconf 82' lang='lat' dir='ltr'><strong>gulis</strong></span> <span class='ocrx_word' id='word_1_433' title='bbox 2104 2861 2293 2913; x_wconf 89' lang='lat' dir='ltr'><strong>mortis</strong></span> <span class='ocrx_word' id='word_1_434' title='bbox 2321 2860 2535 2914; x_wconf 82' lang='lat' dir='ltr'><strong>fuerunt</strong></span> <span class='ocrx_word' id='word_1_435' title='bbox 2554 2902 2567 2926; x_wconf 90' lang='lat'><strong>,</strong></span> <span class='ocrx_word' id='word_1_436' title='bbox 2604 2876 2703 2915; x_wconf 88' lang='lat' dir='ltr'><strong>nec</strong></span> <span class='ocrx_word' id='word_1_437' title='bbox 2731 2861 2955 2915; x_wconf 87' lang='lat' dir='ltr'><strong>alterius</strong></span> <span class='ocrx_word' id='word_1_438' title='bbox 2985 2863 3267 2934; x_wconf 87' lang='lat' dir='ltr'><strong>quisquam</strong></span> <span class='ocrx_word' id='word_1_439' title='bbox 3299 2863 3535 2920; x_wconf 91' lang='lat' dir='ltr'><strong>debitum</strong></span> 
     </span>
    </p>
   </div>
   <div class='ocr_carea' id='block_1_53' title="bbox 1932 2952 3539 3025">
    <p class='ocr_par' dir='ltr' id='par_1_53' title="bbox 1932 2952 3539 3025">
     <span class='ocr_line' id='line_1_53' title="bbox 1932 2952 3539 3025; baseline 0.006 -19"><span class='ocrx_word' id='word_1_440' title='bbox 1932 2968 2033 3006; x_wconf 93' lang='lat' dir='ltr'><strong>suo</strong></span> <span class='ocrx_word' id='word_1_441' title='bbox 2081 2952 2185 3007; x_wconf 90' lang='lat' dir='ltr'><strong>ﬁne</strong></span> <span class='ocrx_word' id='word_1_442' title='bbox 2215 2956 2513 3025; x_wconf 79' lang='lat' dir='ltr'><strong>persolvit,</strong></span> <span class='ocrx_word' id='word_1_443' title='bbox 2565 2970 2687 3009; x_wconf 90' lang='lat' dir='ltr'><strong>cum</strong></span> <span class='ocrx_word' id='word_1_444' title='bbox 2735 2955 2875 3010; x_wconf 80' lang='lat' dir='ltr'><strong>ﬁlius</strong></span> <span class='ocrx_word' id='word_1_445' title='bbox 2907 2955 3140 3011; x_wconf 88' lang='lat' dir='ltr'><strong>hominis</strong></span> <span class='ocrx_word' id='word_1_446' title='bbox 3162 3002 3179 3023; x_wconf 88' lang='lat'><strong>,</strong></span> <span class='ocrx_word' id='word_1_447' title='bbox 3214 2974 3354 3013; x_wconf 89' lang='lat' dir='ltr'><strong>unus</strong></span> <span class='ocrx_word' id='word_1_448' title='bbox 3389 2959 3539 3015; x_wconf 88' lang='lat' dir='ltr'><strong>solus</strong></span> 
     </span>
    </p>
   </div>
   <div class='ocr_carea' id='block_1_54' title="bbox 1934 3044 3538 3123">
    <p class='ocr_par' dir='ltr' id='par_1_54' title="bbox 1934 3044 3538 3123">
     <span class='ocr_line' id='line_1_54' title="bbox 1934 3044 3538 3123; baseline 0.007 -26"><span class='ocrx_word' id='word_1_449' title='bbox 1934 3044 2194 3100; x_wconf 85' lang='lat' dir='ltr'><strong>Dominus</strong></span> <span class='ocrx_word' id='word_1_450' title='bbox 2216 3055 2402 3101; x_wconf 89' lang='lat' dir='ltr'><strong>noster</strong></span> <span class='ocrx_word' id='word_1_451' title='bbox 2426 3046 2586 3102; x_wconf 88' lang='lat' dir='ltr'><strong>Jesus</strong></span> <span class='ocrx_word' id='word_1_452' title='bbox 2619 3047 2891 3114; x_wconf 88' lang='lat' dir='ltr'><strong>Christus,</strong></span> <span class='ocrx_word' id='word_1_453' title='bbox 2920 3050 3012 3120; x_wconf 92' lang='lat' dir='ltr'><strong>qui</strong></span> <span class='ocrx_word' id='word_1_454' title='bbox 3054 3066 3179 3106; x_wconf 90' lang='lat' dir='ltr'><strong>vere</strong></span> <span class='ocrx_word' id='word_1_455' title='bbox 3203 3062 3322 3107; x_wconf 91' lang='lat' dir='ltr'><strong>erat</strong></span> <span class='ocrx_word' id='word_1_456' title='bbox 3346 3053 3538 3123; x_wconf 77' lang='lat' dir='ltr'><strong>Agnus</strong></span> 
     </span>
    </p>
   </div>
   <div class='ocr_carea' id='block_1_55' title="bbox 1932 3136 3536 3210">
    <p class='ocr_par' dir='ltr' id='par_1_55' title="bbox 1932 3136 3536 3210">
     <span class='ocr_line' id='line_1_55' title="bbox 1932 3136 3536 3210; baseline 0.007 -21"><span class='ocrx_word' id='word_1_457' title='bbox 1932 3136 2333 3202; x_wconf 87' lang='lat' dir='ltr'><strong>immaculatus,</strong></span> <span class='ocrx_word' id='word_1_458' title='bbox 2360 3138 2619 3204; x_wconf 83' lang='lat' dir='ltr'><strong>extiterit,</strong></span> <span class='ocrx_word' id='word_1_459' title='bbox 2645 3138 2699 3193; x_wconf 92' lang='lat' dir='ltr'><strong>in</strong></span> <span class='ocrx_word' id='word_1_460' title='bbox 2720 3155 2826 3210; x_wconf 91' lang='lat' dir='ltr'><strong>quo</strong></span> <span class='ocrx_word' id='word_1_461' title='bbox 2850 3156 3040 3195; x_wconf 90' lang='lat' dir='ltr'><strong>omnes</strong></span> <span class='ocrx_word' id='word_1_462' title='bbox 3055 3142 3323 3207; x_wconf 83' lang='lat' dir='ltr'><strong>cruciﬁxi,</strong></span> <span class='ocrx_word' id='word_1_463' title='bbox 3345 3159 3536 3200; x_wconf 89' lang='lat' dir='ltr'><strong>omnes</strong></span> 
     </span>
    </p>
   </div>
   <div class='ocr_carea' id='block_1_56' title="bbox 1930 3233 3534 3304">
    <p class='ocr_par' dir='ltr' id='par_1_56' title="bbox 1930 3233 3534 3304">
     <span class='ocr_line' id='line_1_56' title="bbox 1930 3233 3534 3304; baseline 0.004 -19"><span class='ocrx_word' id='word_1_464' title='bbox 1930 3233 2150 3296; x_wconf 85' lang='lat' dir='ltr'><strong>mortui,</strong></span> <span class='ocrx_word' id='word_1_465' title='bbox 2191 3248 2382 3288; x_wconf 91' lang='lat' dir='ltr'><strong>omnes</strong></span> <span class='ocrx_word' id='word_1_466' title='bbox 2422 3233 2657 3304; x_wconf 89' lang='lat' dir='ltr'><strong>sepulti,</strong></span> <span class='ocrx_word' id='word_1_467' title='bbox 2688 3249 2882 3289; x_wconf 86' lang='lat' dir='ltr'><strong>omnes</strong></span> <span class='ocrx_word' id='word_1_468' title='bbox 2913 3235 3073 3290; x_wconf 79' lang='lat' dir='ltr'><strong>etiam</strong></span> <span class='ocrx_word' id='word_1_469' title='bbox 3119 3248 3245 3292; x_wconf 90' lang='lat' dir='ltr'><strong>sunt</strong></span> <span class='ocrx_word' id='word_1_470' title='bbox 3269 3239 3534 3295; x_wconf 49' lang='lat' dir='ltr'><strong>sust&#39;itati.</strong></span> 
     </span>
    </p>
   </div>
   <div class='ocr_carea' id='block_1_57' title="bbox 240 3304 3530 3400">
    <p class='ocr_par' dir='ltr' id='par_1_57' title="bbox 240 3304 3530 3400">
     <span class='ocr_line' id='line_1_57' title="bbox 240 3304 3530 3400; baseline 0.008 -41"><span class='ocrx_word' id='word_1_471' title='bbox 240 3306 279 3359; x_wconf 92' lang='lat' dir='ltr'><strong>si</strong></span> <span class='ocrx_word' id='word_1_472' title='bbox 307 3310 629 3363; x_wconf 84' lang='lat' dir='ltr'><strong>surrexerint</strong></span> <span class='ocrx_word' id='word_1_473' title='bbox 659 3310 787 3363; x_wconf 86' lang='lat' dir='ltr'><strong>talia</strong></span> <span class='ocrx_word' id='word_1_474' title='bbox 807 3354 822 3375; x_wconf 87' lang='lat'><strong>,</strong></span> <span class='ocrx_word' id='word_1_475' title='bbox 858 3325 979 3380; x_wconf 75' lang='lat' dir='ltr'><strong>qua:</strong></span> <span class='ocrx_word' id='word_1_476' title='bbox 1008 3311 1185 3367; x_wconf 87' lang='lat' dir='ltr'><strong>adhuc</strong></span> <span class='ocrx_word' id='word_1_477' title='bbox 1216 3328 1321 3367; x_wconf 92' lang='lat' dir='ltr'><strong>non</strong></span> <span class='ocrx_word' id='word_1_478' title='bbox 1362 3326 1487 3370; x_wconf 90' lang='lat' dir='ltr'><strong>sunt</strong></span> <span class='ocrx_word' id='word_1_479' title='bbox 1517 3317 1819 3375; x_wconf 78' lang='lat' dir='ltr'><strong>manifesta.</strong></span> <span class='ocrx_word' id='word_1_480' title='bbox 1850 3304 1896 3368; x_wconf 61' lang='grc' dir='ltr'><strong>(ἶ</strong></span> <span class='ocrx_word' id='word_1_481' title='bbox 1933 3325 2007 3379; x_wconf 90' lang='lat' dir='ltr'><strong>De</strong></span> <span class='ocrx_word' id='word_1_482' title='bbox 2033 3326 2229 3394; x_wconf 90' lang='lat' dir='ltr'><strong>quibus</strong></span> <span class='ocrx_word' id='word_1_483' title='bbox 2258 3326 2373 3393; x_wconf 91' lang='lat' dir='ltr'><strong>ipse</strong></span> <span class='ocrx_word' id='word_1_484' title='bbox 2402 3326 2617 3395; x_wconf 81' lang='lat' dir='ltr'><strong>dicebat</strong></span> <span class='ocrx_word' id='word_1_485' title='bbox 2648 3344 2668 3383; x_wconf 89' lang='lat'><strong><em>:</em></strong></span> <span class='ocrx_word' id='word_1_486' title='bbox 2699 3326 2829 3382; x_wconf 89' lang='lat' dir='ltr'><strong>Cum</strong></span> <span class='ocrx_word' id='word_1_487' title='bbox 2857 3328 3111 3383; x_wconf 70' lang='lat' dir='ltr'><strong>excitatus</strong></span> <span class='ocrx_word' id='word_1_488' title='bbox 3149 3337 3292 3399; x_wconf 67' lang='lat' dir='ltr'><strong>[uero</strong></span> <span class='ocrx_word' id='word_1_489' title='bbox 3317 3347 3349 3385; x_wconf 82' lang='grc' dir='ltr'><em>α</em></span> <span class='ocrx_word' id='word_1_490' title='bbox 3376 3339 3530 3400; x_wconf 72' lang='lat' dir='ltr'><strong>terra,</strong></span> 
     </span>
    </p>
   </div>
   <div class='ocr_carea' id='block_1_58' title="bbox 238 3397 1824 3469">
    <p class='ocr_par' dir='ltr' id='par_1_58' title="bbox 238 3397 1824 3469">
     <span class='ocr_line' id='line_1_58' title="bbox 238 3397 1824 3469; baseline 0.011 -18"><span class='ocrx_word' id='word_1_491' title='bbox 238 3397 285 3452; x_wconf 87' lang='lat' dir='ltr'><strong>Si</strong></span> <span class='ocrx_word' id='word_1_492' title='bbox 314 3414 492 3455; x_wconf 88' lang='lat' dir='ltr'><strong>eorum</strong></span> <span class='ocrx_word' id='word_1_493' title='bbox 519 3415 705 3457; x_wconf 90' lang='lat' dir='ltr'><strong>autem</strong></span> <span class='ocrx_word' id='word_1_494' title='bbox 753 3412 953 3458; x_wconf 86' lang='lat' dir='ltr'><strong>statuta</strong></span> <span class='ocrx_word' id='word_1_495' title='bbox 993 3420 1099 3460; x_wconf 92' lang='lat' dir='ltr'><strong>non</strong></span> <span class='ocrx_word' id='word_1_496' title='bbox 1132 3405 1433 3463; x_wconf 87' lang='lat' dir='ltr'><strong>habueritis</strong></span> <span class='ocrx_word' id='word_1_497' title='bbox 1464 3411 1660 3465; x_wconf 88' lang='lat' dir='ltr'><strong>mittite</strong></span> <span class='ocrx_word' id='word_1_498' title='bbox 1690 3412 1824 3469; x_wconf 86' lang='lat' dir='ltr'><strong>lide-</strong></span> 
     </span>
    </p>
   </div>
   <div class='ocr_carea' id='block_1_59' title="bbox 237 3492 1821 3568">
    <p class='ocr_par' dir='ltr' id='par_1_59' title="bbox 237 3492 1821 3568">
     <span class='ocr_line' id='line_1_59' title="bbox 237 3492 1821 3568; baseline 0.011 -22"><span class='ocrx_word' id='word_1_499' title='bbox 237 3492 453 3551; x_wconf 85' lang='lat' dir='ltr'><strong>lissimos</strong></span> <span class='ocrx_word' id='word_1_500' title='bbox 483 3498 800 3567; x_wconf 88' lang='lat' dir='ltr'><strong>scriptores,</strong></span> <span class='ocrx_word' id='word_1_501' title='bbox 831 3500 923 3568; x_wconf 90' lang='lat' dir='ltr'><strong>qui</strong></span> <span class='ocrx_word' id='word_1_502' title='bbox 952 3498 1068 3555; x_wconf 65' lang='lat' dir='ltr'><strong>haec</strong></span> <span class='ocrx_word' id='word_1_503' title='bbox 1094 3516 1277 3557; x_wconf 89' lang='lat' dir='ltr'><strong>coram</strong></span> <span class='ocrx_word' id='word_1_504' title='bbox 1313 3502 1564 3561; x_wconf 89' lang='lat' dir='ltr'><strong>ﬁdelibus</strong></span> <span class='ocrx_word' id='word_1_505' title='bbox 1594 3509 1821 3564; x_wconf 81' lang='lat' dir='ltr'><strong>testibus</strong></span> 
     </span>
    </p>
   </div>
   <div class='ocr_carea' id='block_1_60' title="bbox 233 3590 1815 3667">
    <p class='ocr_par' dir='ltr' id='par_1_60' title="bbox 233 3590 1815 3667">
     <span class='ocr_line' id='line_1_60' title="bbox 233 3590 1815 3667; baseline 0.011 -27"><span class='ocrx_word' id='word_1_506' title='bbox 233 3590 483 3655; x_wconf 84' lang='lat' dir='ltr'><strong>excipere,</strong></span> <span class='ocrx_word' id='word_1_507' title='bbox 502 3591 769 3663; x_wconf 88' lang='lat' dir='ltr'><strong>vobisque</strong></span> <span class='ocrx_word' id='word_1_508' title='bbox 790 3606 1069 3663; x_wconf 82' lang='lat' dir='ltr'><strong>reportare</strong></span> <span class='ocrx_word' id='word_1_509' title='bbox 1090 3595 1192 3651; x_wconf 89' lang='lat' dir='ltr'><strong>sub</strong></span> <span class='ocrx_word' id='word_1_510' title='bbox 1206 3598 1557 3667; x_wconf 84' lang='lat' dir='ltr'><strong>stipulatione</strong></span> <span class='ocrx_word' id='word_1_511' title='bbox 1581 3602 1815 3658; x_wconf 89' lang='lat' dir='ltr'><strong>valeant.</strong></span> 
     </span>
    </p>
   </div>
   <div class='ocr_carea' id='block_1_61' title="bbox 294 3682 1818 3752">
    <p class='ocr_par' dir='ltr' id='par_1_61' title="bbox 294 3682 1818 3752">
     <span class='ocr_line' id='line_1_61' title="bbox 294 3682 1818 3752; baseline 0.011 -17"><span class='ocrx_word' id='word_1_512' title='bbox 294 3682 375 3736; x_wconf 86' lang='lat' dir='ltr'><strong>IV.</strong></span> <span class='ocrx_word' id='word_1_513' title='bbox 407 3682 700 3752; x_wconf 67' lang='lat' dir='ltr'><strong>Caeterum,</strong></span> <span class='ocrx_word' id='word_1_514' title='bbox 730 3696 789 3741; x_wconf 91' lang='lat' dir='ltr'><strong>ut</strong></span> <span class='ocrx_word' id='word_1_515' title='bbox 808 3687 1139 3744; x_wconf 82' lang='lat' dir='ltr'><strong>satisfaciam</strong></span> <span class='ocrx_word' id='word_1_516' title='bbox 1172 3692 1437 3747; x_wconf 89' lang='lat' dir='ltr'><strong>consultis</strong></span> <span class='ocrx_word' id='word_1_517' title='bbox 1468 3696 1575 3748; x_wconf 90' lang='lat' dir='ltr'><strong>tuis</strong></span> <span class='ocrx_word' id='word_1_518' title='bbox 1605 3695 1674 3751; x_wconf 90' lang='lat' dir='ltr'><strong>de</strong></span> <span class='ocrx_word' id='word_1_519' title='bbox 1699 3713 1818 3751; x_wconf 86' lang='lat' dir='ltr'><strong>ver-</strong></span> 
     </span>
    </p>
   </div>
   <div class='ocr_carea' id='block_1_62' title="bbox 227 3774 1818 3861">
    <p class='ocr_par' dir='ltr' id='par_1_62' title="bbox 227 3774 1818 3861">
     <span class='ocr_line' id='line_1_62' title="bbox 227 3774 1818 3861; baseline 0.01 -30"><span class='ocrx_word' id='word_1_520' title='bbox 227 3774 289 3831; x_wconf 83' lang='lat' dir='ltr'><strong>bo</strong></span> <span class='ocrx_word' id='word_1_521' title='bbox 315 3778 698 3835; x_wconf 88' lang='lat' dir='ltr'><strong>incarnationis</strong></span> <span class='ocrx_word' id='word_1_522' title='bbox 723 3791 779 3836; x_wconf 90' lang='lat' dir='ltr'><strong>et</strong></span> <span class='ocrx_word' id='word_1_523' title='bbox 800 3782 1044 3837; x_wconf 83' lang='lat' dir='ltr'><strong>veritatis</strong></span> <span class='ocrx_word' id='word_1_524' title='bbox 1066 3826 1079 3844; x_wconf 88' lang='lat'><strong><em>.</em></strong></span> <span class='ocrx_word' id='word_1_525' title='bbox 1123 3784 1453 3857; x_wconf 89' lang='lat' dir='ltr'><strong>quicumque</strong></span> <span class='ocrx_word' id='word_1_526' title='bbox 1480 3787 1556 3841; x_wconf 91' lang='lat' dir='ltr'><strong>illi</strong></span> <span class='ocrx_word' id='word_1_527' title='bbox 1586 3788 1664 3861; x_wconf 87' lang='lat' dir='ltr'><strong>(l)</strong></span> <span class='ocrx_word' id='word_1_528' title='bbox 1692 3800 1818 3847; x_wconf 88' lang='lat' dir='ltr'><strong>sunt</strong></span> 
     </span>
    </p>
   </div>
   <div class='ocr_carea' id='block_1_63' title="bbox 225 3870 1815 3948">
    <p class='ocr_par' dir='ltr' id='par_1_63' title="bbox 225 3870 1815 3948">
     <span class='ocr_line' id='line_1_63' title="bbox 225 3870 1815 3948; baseline 0.011 -25"><span class='ocrx_word' id='word_1_529' title='bbox 225 3870 285 3923; x_wconf 87' lang='lat' dir='ltr'><strong>ita</strong></span> <span class='ocrx_word' id='word_1_530' title='bbox 306 3872 558 3927; x_wconf 62' lang='lat' dir='ltr'><strong>obcaacati</strong></span> <span class='ocrx_word' id='word_1_531' title='bbox 584 3872 687 3948; x_wconf 69' lang='grc' dir='ltr'><strong>(Ξ),</strong></span> <span class='ocrx_word' id='word_1_532' title='bbox 713 3886 769 3929; x_wconf 81' lang='lat' dir='ltr'><strong>et</strong></span> <span class='ocrx_word' id='word_1_533' title='bbox 790 3889 819 3929; x_wconf 87' lang='lat' dir='ltr'><strong>a</strong></span> <span class='ocrx_word' id='word_1_534' title='bbox 849 3876 1053 3931; x_wconf 88' lang='lat' dir='ltr'><strong>lumine</strong></span> <span class='ocrx_word' id='word_1_535' title='bbox 1082 3880 1330 3933; x_wconf 81' lang='lat' dir='ltr'><strong>veritatis</strong></span> <span class='ocrx_word' id='word_1_536' title='bbox 1359 3879 1541 3945; x_wconf 87' lang='lat' dir='ltr'><strong>alieni,</strong></span> <span class='ocrx_word' id='word_1_537' title='bbox 1574 3894 1630 3936; x_wconf 90' lang='lat' dir='ltr'><strong>ut</strong></span> <span class='ocrx_word' id='word_1_538' title='bbox 1658 3883 1815 3941; x_wconf 84' lang='lat' dir='ltr'><strong>Verbi</strong></span> 
     </span>
    </p>
   </div>
   <div class='ocr_carea' id='block_1_64' title="bbox 222 3961 1814 4045">
    <p class='ocr_par' dir='ltr' id='par_1_64' title="bbox 222 3961 1814 4045">
     <span class='ocr_line' id='line_1_64' title="bbox 222 3961 1814 4045; baseline 0.012 -28"><span class='ocrx_word' id='word_1_539' title='bbox 222 3961 307 4018; x_wconf 84' lang='lat' dir='ltr'><strong>Dei</strong></span> <span class='ocrx_word' id='word_1_540' title='bbox 338 3981 363 4018; x_wconf 89' lang='lat' dir='ltr'><strong>a</strong></span> <span class='ocrx_word' id='word_1_541' title='bbox 394 3976 639 4036; x_wconf 89' lang='lat' dir='ltr'><strong>tempore</strong></span> <span class='ocrx_word' id='word_1_542' title='bbox 670 3968 1061 4025; x_wconf 87' lang='lat' dir='ltr'><strong>incarnationis</strong></span> <span class='ocrx_word' id='word_1_543' title='bbox 1086 3971 1357 4043; x_wconf 80' lang='lat' dir='ltr'><strong>denegem</strong></span> <span class='ocrx_word' id='word_1_544' title='bbox 1391 3978 1695 4045; x_wconf 85' lang='lat' dir='ltr'><strong>veritatem,</strong></span> <span class='ocrx_word' id='word_1_545' title='bbox 1724 3997 1814 4036; x_wconf 89' lang='lat' dir='ltr'><strong>os-</strong></span> 
     </span>
    </p>
   </div>
   <div class='ocr_carea' id='block_1_65' title="bbox 218 4060 1814 4143">
    <p class='ocr_par' dir='ltr' id='par_1_65' title="bbox 218 4060 1814 4143">
     <span class='ocr_line' id='line_1_65' title="bbox 218 4060 1814 4143; baseline 0.012 -29"><span class='ocrx_word' id='word_1_546' title='bbox 218 4060 424 4115; x_wconf 82' lang='lat' dir='ltr'><strong>tendant</strong></span> <span class='ocrx_word' id='word_1_547' title='bbox 453 4062 505 4115; x_wconf 88' lang='lat' dir='ltr'><strong>itt</strong></span> <span class='ocrx_word' id='word_1_548' title='bbox 535 4077 647 4133; x_wconf 86' lang='lat' dir='ltr'><strong>quo</strong></span> <span class='ocrx_word' id='word_1_549' title='bbox 674 4061 776 4117; x_wconf 88' lang='lat' dir='ltr'><strong>sibi</strong></span> <span class='ocrx_word' id='word_1_550' title='bbox 802 4064 1159 4120; x_wconf 82' lang='lat' dir='ltr'><strong>christianum</strong></span> <span class='ocrx_word' id='word_1_551' title='bbox 1210 4083 1406 4124; x_wconf 82' lang='lat' dir='ltr'><strong>nomen</strong></span> <span class='ocrx_word' id='word_1_552' title='bbox 1439 4085 1726 4143; x_wconf 83' lang='lat' dir='ltr'><strong>usurpent,</strong></span> <span class='ocrx_word' id='word_1_553' title='bbox 1759 4087 1814 4133; x_wconf 89' lang='lat' dir='ltr'><strong>et</strong></span> 
     </span>
    </p>
   </div>
   <div class='ocr_carea' id='block_1_66' title="bbox 217 4153 1809 4233">
    <p class='ocr_par' dir='ltr' id='par_1_66' title="bbox 217 4153 1809 4233">
     <span class='ocr_line' id='line_1_66' title="bbox 217 4153 1809 4233; baseline 0.014 -30"><span class='ocrx_word' id='word_1_554' title='bbox 217 4165 326 4204; x_wconf 85' lang='lat' dir='ltr'><strong>cum</strong></span> <span class='ocrx_word' id='word_1_555' title='bbox 354 4153 660 4225; x_wconf 80' lang='lat' dir='ltr'><strong>Evangelia</strong></span> <span class='ocrx_word' id='word_1_556' title='bbox 688 4157 933 4213; x_wconf 78' lang='lat' dir='ltr'><strong>veritatis</strong></span> <span class='ocrx_word' id='word_1_557' title='bbox 963 4174 1067 4227; x_wconf 85' lang='lat' dir='ltr'><strong>qua</strong></span> <span class='ocrx_word' id='word_1_558' title='bbox 1108 4162 1320 4217; x_wconf 83' lang='lat' dir='ltr'><strong>ratione</strong></span> <span class='ocrx_word' id='word_1_559' title='bbox 1366 4166 1725 4233; x_wconf 85' lang='lat' dir='ltr'><strong>concordent,</strong></span> <span class='ocrx_word' id='word_1_560' title='bbox 1764 4170 1809 4225; x_wconf 92' lang='lat' dir='ltr'><strong>si</strong></span> 
     </span>
    </p>
   </div>
   <div class='ocr_carea' id='block_1_67' title="bbox 211 4241 1809 4321">
    <p class='ocr_par' dir='ltr' id='par_1_67' title="bbox 211 4241 1809 4321">
     <span class='ocr_line' id='line_1_67' title="bbox 211 4241 1809 4321; baseline 0.014 -25"><span class='ocrx_word' id='word_1_561' title='bbox 211 4241 368 4299; x_wconf 76' lang='lat' dir='ltr'><strong>beata:</strong></span> <span class='ocrx_word' id='word_1_562' title='bbox 400 4246 638 4316; x_wconf 77' lang='lat' dir='ltr'><strong>Virginis</strong></span> <span class='ocrx_word' id='word_1_563' title='bbox 658 4260 837 4320; x_wconf 89' lang='lat' dir='ltr'><strong>partu,</strong></span> <span class='ocrx_word' id='word_1_564' title='bbox 866 4261 958 4305; x_wconf 89' lang='lat' dir='ltr'><strong>aut</strong></span> <span class='ocrx_word' id='word_1_565' title='bbox 975 4266 1102 4306; x_wconf 90' lang='lat' dir='ltr'><strong>caro</strong></span> <span class='ocrx_word' id='word_1_566' title='bbox 1123 4254 1242 4309; x_wconf 91' lang='lat' dir='ltr'><strong>sine</strong></span> <span class='ocrx_word' id='word_1_567' title='bbox 1264 4254 1487 4321; x_wconf 86' lang='lat' dir='ltr'><strong>deitate,</strong></span> <span class='ocrx_word' id='word_1_568' title='bbox 1515 4271 1609 4314; x_wconf 90' lang='lat' dir='ltr'><strong>ant</strong></span> <span class='ocrx_word' id='word_1_569' title='bbox 1636 4261 1809 4319; x_wconf 82' lang='lat' dir='ltr'><strong>deitas</strong></span> 
     </span>
    </p>
   </div>
   <div class='ocr_carea' id='block_1_68' title="bbox 212 4343 1804 4425">
    <p class='ocr_par' dir='ltr' id='par_1_68' title="bbox 212 4343 1804 4425">
     <span class='ocr_line' id='line_1_68' title="bbox 212 4343 1804 4425; baseline 0.012 -32"><span class='ocrx_word' id='word_1_570' title='bbox 212 4354 287 4395; x_wconf 72' lang='grc' dir='ltr'><strong>ρει</strong></span> <span class='ocrx_word' id='word_1_571' title='bbox 312 4354 426 4397; x_wconf 87' lang='lat' dir='ltr'><strong>orta</strong></span> <span class='ocrx_word' id='word_1_572' title='bbox 454 4343 577 4398; x_wconf 90' lang='lat' dir='ltr'><strong>sine</strong></span> <span class='ocrx_word' id='word_1_573' title='bbox 607 4359 798 4400; x_wconf 86' lang='lat' dir='ltr'><strong>carne.</strong></span> <span class='ocrx_word' id='word_1_574' title='bbox 843 4346 994 4401; x_wconf 87' lang='lat' dir='ltr'><strong>Sicut</strong></span> <span class='ocrx_word' id='word_1_575' title='bbox 1024 4348 1167 4401; x_wconf 89' lang='lat' dir='ltr'><strong>enim</strong></span> <span class='ocrx_word' id='word_1_576' title='bbox 1202 4351 1386 4419; x_wconf 77' lang='lat' dir='ltr'><strong>negari</strong></span> <span class='ocrx_word' id='word_1_577' title='bbox 1429 4367 1536 4407; x_wconf 89' lang='lat' dir='ltr'><strong>non</strong></span> <span class='ocrx_word' id='word_1_578' title='bbox 1587 4367 1804 4425; x_wconf 88' lang='lat' dir='ltr'><strong>potest,</strong></span> 
     </span>
    </p>
   </div>
   <div class='ocr_carea' id='block_1_69' title="bbox 209 4436 1809 4515">
    <p class='ocr_par' dir='ltr' id='par_1_69' title="bbox 209 4436 1809 4515">
     <span class='ocr_line' id='line_1_69' title="bbox 209 4436 1809 4515; baseline 0.012 -29"><span class='ocrx_word' id='word_1_579' title='bbox 209 4436 521 4503; x_wconf 58' lang='lat' dir='ltr'><strong>cvangelida</strong></span> <span class='ocrx_word' id='word_1_580' title='bbox 556 4438 795 4501; x_wconf 88' lang='lat' dir='ltr'><strong>dicente,</strong></span> <span class='ocrx_word' id='word_1_581' title='bbox 829 4441 972 4509; x_wconf 90' lang='lat' dir='ltr'><strong>quod</strong></span> <span class='ocrx_word' id='word_1_582' title='bbox 1012 4438 1235 4495; x_wconf 83' lang='lat' dir='ltr'><strong>Verbum</strong></span> <span class='ocrx_word' id='word_1_583' title='bbox 1263 4460 1383 4497; x_wconf 88' lang='lat' dir='ltr'><strong>caro</strong></span> <span class='ocrx_word' id='word_1_584' title='bbox 1414 4445 1609 4513; x_wconf 80' lang='lat' dir='ltr'><strong>factum</strong></span> <span class='ocrx_word' id='word_1_585' title='bbox 1631 4459 1727 4515; x_wconf 74' lang='lat' dir='ltr'><strong>est,</strong></span> <span class='ocrx_word' id='word_1_586' title='bbox 1760 4460 1809 4505; x_wconf 85' lang='lat' dir='ltr'><strong>et</strong></span> 
     </span>
    </p>
   </div>
   <div class='ocr_carea' id='block_1_70' title="bbox 207 4526 1808 4612">
    <p class='ocr_par' dir='ltr' id='par_1_70' title="bbox 207 4526 1808 4612">
     <span class='ocr_line' id='line_1_70' title="bbox 207 4526 1808 4612; baseline 0.014 -35"><span class='ocrx_word' id='word_1_587' title='bbox 207 4526 435 4581; x_wconf 73' lang='lat' dir='ltr'><strong>habitauit</strong></span> <span class='ocrx_word' id='word_1_588' title='bbox 482 4531 539 4582; x_wconf 81' lang='lat' dir='ltr'><strong>in</strong></span> <span class='ocrx_word' id='word_1_589' title='bbox 590 4530 753 4584; x_wconf 81' lang='lat' dir='ltr'><strong>nobis</strong></span> <span class='ocrx_word' id='word_1_590' title='bbox 783 4531 989 4601; x_wconf 81' lang='lat' dir='ltr'><strong>(Joan.,</strong></span> <span class='ocrx_word' id='word_1_591' title='bbox 1020 4534 1083 4597; x_wconf 85' lang='grc' dir='ltr'><strong>ι).</strong></span> <span class='ocrx_word' id='word_1_592' title='bbox 1120 4536 1191 4589; x_wconf 86' lang='lat' dir='ltr'><strong>ita</strong></span> <span class='ocrx_word' id='word_1_593' title='bbox 1238 4538 1421 4607; x_wconf 81' lang='lat' dir='ltr'><strong>negari</strong></span> <span class='ocrx_word' id='word_1_594' title='bbox 1472 4556 1576 4596; x_wconf 92' lang='lat' dir='ltr'><strong>non</strong></span> <span class='ocrx_word' id='word_1_595' title='bbox 1631 4555 1808 4612; x_wconf 89' lang='lat' dir='ltr'><strong>potest</strong></span> 
     </span>
    </p>
   </div>
   <div class='ocr_carea' id='block_1_71' title="bbox 208 4618 1806 4700">
    <p class='ocr_par' dir='ltr' id='par_1_71' title="bbox 208 4618 1806 4700">
     <span class='ocr_line' id='line_1_71' title="bbox 208 4618 1806 4700; baseline 0.011 -25"><span class='ocrx_word' id='word_1_596' title='bbox 208 4618 352 4676; x_wconf 83' lang='lat' dir='ltr'><strong>beato</strong></span> <span class='ocrx_word' id='word_1_597' title='bbox 380 4624 632 4690; x_wconf 87' lang='lat' dir='ltr'><strong>apostolo</strong></span> <span class='ocrx_word' id='word_1_598' title='bbox 663 4624 826 4678; x_wconf 79' lang='lat' dir='ltr'><strong>Paulo</strong></span> <span class='ocrx_word' id='word_1_599' title='bbox 865 4627 1193 4695; x_wconf 67' lang='lat' dir='ltr'><strong>[medicante</strong></span> <span class='ocrx_word' id='word_1_600' title='bbox 1214 4672 1226 4693; x_wconf 94' lang='lat'><strong>,</strong></span> <span class='ocrx_word' id='word_1_601' title='bbox 1260 4630 1402 4700; x_wconf 87' lang='lat' dir='ltr'><strong>quod</strong></span> <span class='ocrx_word' id='word_1_602' title='bbox 1451 4633 1587 4688; x_wconf 84' lang='lat' dir='ltr'><strong>Deus</strong></span> <span class='ocrx_word' id='word_1_603' title='bbox 1616 4648 1722 4689; x_wconf 87' lang='lat' dir='ltr'><strong>erat</strong></span> <span class='ocrx_word' id='word_1_604' title='bbox 1752 4639 1806 4693; x_wconf 84' lang='lat' dir='ltr'><strong>in</strong></span> 
     </span>
    </p>
   </div>
   <div class='ocr_carea' id='block_1_72' title="bbox 206 4709 1882 4801">
    <p class='ocr_par' dir='ltr' id='par_1_72' title="bbox 206 4709 1882 4801">
     <span class='ocr_line' id='line_1_72' title="bbox 206 4709 1882 4801; baseline 0.013 -36"><span class='ocrx_word' id='word_1_605' title='bbox 206 4711 411 4783; x_wconf 80' lang='lat' dir='ltr'><strong>Clu-isto,</strong></span> <span class='ocrx_word' id='word_1_606' title='bbox 454 4718 705 4770; x_wconf 79' lang='lat' dir='ltr'><strong>mundum</strong></span> <span class='ocrx_word' id='word_1_607' title='bbox 748 4720 1086 4775; x_wconf 72' lang='lat' dir='ltr'><strong>reconcilians</strong></span> <span class='ocrx_word' id='word_1_608' title='bbox 1124 4722 1220 4776; x_wconf 85' lang='lat' dir='ltr'><strong>sibi</strong></span> <span class='ocrx_word' id='word_1_609' title='bbox 1267 4723 1337 4796; x_wconf 88' lang='lat' dir='ltr'><strong>(ll</strong></span> <span class='ocrx_word' id='word_1_610' title='bbox 1366 4722 1513 4792; x_wconf 74' lang='grc' dir='ltr'><strong>σοι’..</strong></span> <span class='ocrx_word' id='word_1_611' title='bbox 1546 4724 1622 4801; x_wconf 87' lang='lat' dir='ltr'><strong>v).</strong></span> <span class='ocrx_word' id='word_1_612' title='bbox 1670 4730 1803 4799; x_wconf 69' lang='lat' dir='ltr'><strong>Qua:</strong></span> <span class='ocrx_word' id='word_1_613' title='bbox 1828 4709 1882 4769; x_wconf 72' lang='grc' dir='ltr'><strong>Β</strong></span> 
     </span>
    </p>
   </div>
   <div class='ocr_carea' id='block_1_73' title="bbox 204 4809 1799 4888">
    <p class='ocr_par' dir='ltr' id='par_1_73' title="bbox 204 4809 1799 4888">
     <span class='ocr_line' id='line_1_73' title="bbox 204 4809 1799 4888; baseline 0.014 -31"><span class='ocrx_word' id='word_1_614' title='bbox 204 4816 366 4862; x_wconf 80' lang='lat' dir='ltr'><strong>autem</strong></span> <span class='ocrx_word' id='word_1_615' title='bbox 412 4809 787 4864; x_wconf 63' lang='lat' dir='ltr'><strong>reconcil&#39;atio</strong></span> <span class='ocrx_word' id='word_1_616' title='bbox 817 4824 997 4879; x_wconf 85' lang='lat' dir='ltr'><strong>posset</strong></span> <span class='ocrx_word' id='word_1_617' title='bbox 1025 4828 1147 4869; x_wconf 83' lang='lat' dir='ltr'><strong>esse</strong></span> <span class='ocrx_word' id='word_1_618' title='bbox 1196 4831 1301 4886; x_wconf 89' lang='lat' dir='ltr'><strong>qua</strong></span> <span class='ocrx_word' id='word_1_619' title='bbox 1350 4816 1588 4873; x_wconf 90' lang='lat' dir='ltr'><strong>humano</strong></span> <span class='ocrx_word' id='word_1_620' title='bbox 1612 4826 1799 4888; x_wconf 69' lang='lat' dir='ltr'><strong>generi</strong></span> 
     </span>
    </p>
   </div>
   <div class='ocr_carea' id='block_1_74' title="bbox 204 4904 1801 4974">
    <p class='ocr_par' dir='ltr' id='par_1_74' title="bbox 204 4904 1801 4974">
     <span class='ocr_line' id='line_1_74' title="bbox 204 4904 1801 4974; baseline 0.013 -21"><span class='ocrx_word' id='word_1_621' title='bbox 204 4904 638 4971; x_wconf 85' lang='lat' dir='ltr'><strong>repropitiaretur</strong></span> <span class='ocrx_word' id='word_1_622' title='bbox 685 4904 850 4970; x_wconf 87' lang='lat' dir='ltr'><strong>Deus,</strong></span> <span class='ocrx_word' id='word_1_623' title='bbox 900 4907 945 4961; x_wconf 88' lang='lat' dir='ltr'><strong>si</strong></span> <span class='ocrx_word' id='word_1_624' title='bbox 993 4907 1228 4964; x_wconf 88' lang='lat' dir='ltr'><strong>hominis</strong></span> <span class='ocrx_word' id='word_1_625' title='bbox 1268 4926 1487 4968; x_wconf 89' lang='lat' dir='ltr'><strong>causam</strong></span> <span class='ocrx_word' id='word_1_626' title='bbox 1532 4916 1801 4974; x_wconf 86' lang='lat' dir='ltr'><strong>mediator</strong></span> 
     </span>
    </p>
   </div>
   <div class='ocr_carea' id='block_1_75' title="bbox 205 4992 1795 5072">
    <p class='ocr_par' dir='ltr' id='par_1_75' title="bbox 205 4992 1795 5072">
     <span class='ocr_line' id='line_1_75' title="bbox 205 4992 1795 5072; baseline 0.011 -24"><span class='ocrx_word' id='word_1_627' title='bbox 205 4992 287 5049; x_wconf 84' lang='lat' dir='ltr'><strong>Dei</strong></span> <span class='ocrx_word' id='word_1_628' title='bbox 313 4995 706 5068; x_wconf 88' lang='lat' dir='ltr'><strong>hominumque</strong></span> <span class='ocrx_word' id='word_1_629' title='bbox 751 5015 858 5055; x_wconf 91' lang='lat' dir='ltr'><strong>non</strong></span> <span class='ocrx_word' id='word_1_630' title='bbox 905 5003 1240 5071; x_wconf 79' lang='lat' dir='ltr'><strong>susciperet?</strong></span> <span class='ocrx_word' id='word_1_631' title='bbox 1266 5004 1382 5072; x_wconf 85' lang='lat' dir='ltr'><strong>Qua</strong></span> <span class='ocrx_word' id='word_1_632' title='bbox 1426 5023 1557 5063; x_wconf 86' lang='lat' dir='ltr'><strong>vero</strong></span> <span class='ocrx_word' id='word_1_633' title='bbox 1583 5011 1795 5067; x_wconf 89' lang='lat' dir='ltr'><strong>ratione</strong></span> 
     </span>
    </p>
   </div>
   <div class='ocr_carea' id='block_1_76' title="bbox 207 5090 1792 5179">
    <p class='ocr_par' dir='ltr' id='par_1_76' title="bbox 207 5090 1792 5179">
     <span class='ocr_line' id='line_1_76' title="bbox 207 5090 1792 5179; baseline 0.015 -34"><span class='ocrx_word' id='word_1_634' title='bbox 207 5096 469 5153; x_wconf 84' lang='lat' dir='ltr'><strong>veritatem</strong></span> <span class='ocrx_word' id='word_1_635' title='bbox 521 5090 842 5156; x_wconf 87' lang='lat' dir='ltr'><strong>mediatoris</strong></span> <span class='ocrx_word' id='word_1_636' title='bbox 872 5101 1163 5174; x_wconf 87' lang='lat' dir='ltr'><strong>impleret,</strong></span> <span class='ocrx_word' id='word_1_637' title='bbox 1216 5106 1321 5161; x_wconf 88' lang='lat' dir='ltr'><strong>nisi</strong></span> <span class='ocrx_word' id='word_1_638' title='bbox 1370 5109 1463 5179; x_wconf 87' lang='lat' dir='ltr'><strong>qui</strong></span> <span class='ocrx_word' id='word_1_639' title='bbox 1512 5109 1565 5165; x_wconf 91' lang='lat' dir='ltr'><strong>in</strong></span> <span class='ocrx_word' id='word_1_640' title='bbox 1620 5110 1792 5169; x_wconf 82' lang='lat' dir='ltr'><strong>forma</strong></span> 
     </span>
    </p>
   </div>
   <div class='ocr_carea' id='block_1_77' title="bbox 266 5232 1792 5317">
    <p class='ocr_par' dir='ltr' id='par_1_77' title="bbox 266 5232 1792 5317">
     <span class='ocr_line' id='line_1_77' title="bbox 266 5232 1792 5317; baseline 0.016 -32"><span class='ocrx_word' id='word_1_641' title='bbox 266 5232 340 5301; x_wconf 82' lang='grc'><strong>(1)</strong></span> <span class='ocrx_word' id='word_1_642' title='bbox 398 5234 717 5317; x_wconf 70' lang='lat' dir='ltr'><strong>Quicumque</strong></span> <span class='ocrx_word' id='word_1_643' title='bbox 761 5239 842 5291; x_wconf 82' lang='lat' dir='ltr'><strong>illi</strong></span> <span class='ocrx_word' id='word_1_644' title='bbox 877 5251 1012 5317; x_wconf 74' lang='lat' dir='ltr'><strong>sunt.</strong></span> <span class='ocrx_word' id='word_1_645' title='bbox 1046 5242 1170 5317; x_wconf 76' lang='lat' dir='ltr'><strong>llzec</strong></span> <span class='ocrx_word' id='word_1_646' title='bbox 1216 5248 1379 5301; x_wconf 85' lang='lat' dir='ltr'><strong>verba</strong></span> <span class='ocrx_word' id='word_1_647' title='bbox 1417 5250 1612 5317; x_wconf 85' lang='lat' dir='ltr'><strong>quibus</strong></span> <span class='ocrx_word' id='word_1_648' title='bbox 1639 5252 1792 5310; x_wconf 86' lang='lat' dir='ltr'><strong>Pauli</strong></span> 
     </span>
    </p>
   </div>
   <div class='ocr_carea' id='block_1_78' title="bbox 209 5300 1788 5380">
    <p class='ocr_par' dir='ltr' id='par_1_78' title="bbox 209 5300 1788 5380">
     <span class='ocr_line' id='line_1_78' title="bbox 209 5300 1788 5380; baseline 0.016 -26"><span class='ocrx_word' id='word_1_649' title='bbox 209 5300 522 5380; x_wconf 79' lang='lat' dir='ltr'><strong>Samusatcni</strong></span> <span class='ocrx_word' id='word_1_650' title='bbox 555 5300 902 5380; x_wconf 75' lang='lat' dir='ltr'><strong>aliorumque</strong></span> <span class='ocrx_word' id='word_1_651' title='bbox 933 5300 1788 5380; x_wconf 13' lang='lat' dir='ltr'><strong>haereticorumFilﬁwDrm—inéa‘r;</strong></span> 
     </span>
    </p>
   </div>
   <div class='ocr_carea' id='block_1_79' title="bbox 209 5377 1786 5463">
    <p class='ocr_par' dir='ltr' id='par_1_79' title="bbox 209 5377 1786 5463">
     <span class='ocr_line' id='line_1_79' title="bbox 209 5377 1786 5463; baseline 0.017 -38"><span class='ocrx_word' id='word_1_652' title='bbox 209 5377 452 5461; x_wconf 78' lang='lat' dir='ltr'><strong>nationem</strong></span> <span class='ocrx_word' id='word_1_653' title='bbox 472 5382 784 5463; x_wconf 70' lang='lat' dir='ltr'><strong>negantium</strong></span> <span class='ocrx_word' id='word_1_654' title='bbox 807 5377 1071 5463; x_wconf 69' lang='lat' dir='ltr'><strong>sententia</strong></span> <span class='ocrx_word' id='word_1_655' title='bbox 1088 5385 1402 5445; x_wconf 67' lang='lat' dir='ltr'><strong>doctis~ime</strong></span> <span class='ocrx_word' id='word_1_656' title='bbox 1419 5406 1485 5463; x_wconf 83' lang='lat' dir='ltr'><strong>ex</strong></span> <span class='ocrx_word' id='word_1_657' title='bbox 1510 5377 1786 5463; x_wconf 77' lang='lat' dir='ltr'><strong>Scriptura</strong></span> 
     </span>
    </p>
   </div>
   <div class='ocr_carea' id='block_1_80' title="bbox 210 5450 1783 5537">
    <p class='ocr_par' dir='ltr' id='par_1_80' title="bbox 210 5450 1783 5537">
     <span class='ocr_line' id='line_1_80' title="bbox 210 5450 1783 5537; baseline 0.018 -42"><span class='ocrx_word' id='word_1_658' title='bbox 210 5450 516 5537; x_wconf 45' lang='lat' dir='ltr'><strong>‘convincitnr</strong></span> <span class='ocrx_word' id='word_1_659' title='bbox 537 5468 601 5535; x_wconf 68' lang='lat' dir='ltr'><strong>ac</strong></span> <span class='ocrx_word' id='word_1_660' title='bbox 631 5452 924 5537; x_wconf 60' lang='lat' dir='ltr'><strong>refutatur.</strong></span> <span class='ocrx_word' id='word_1_661' title='bbox 960 5454 1083 5537; x_wconf 81' lang='lat' dir='ltr'><strong>hinc</strong></span> <span class='ocrx_word' id='word_1_662' title='bbox 1111 5476 1281 5537; x_wconf 70' lang='lat' dir='ltr'><strong>usque</strong></span> <span class='ocrx_word' id='word_1_663' title='bbox 1307 5464 1374 5516; x_wconf 89' lang='lat' dir='ltr'><strong>ad</strong></span> <span class='ocrx_word' id='word_1_664' title='bbox 1406 5450 1565 5520; x_wconf 85' lang='lat' dir='ltr'><strong>ﬁnem</strong></span> <span class='ocrx_word' id='word_1_665' title='bbox 1589 5450 1783 5537; x_wconf 43' lang='lat' dir='ltr'><strong>epist—0:</strong></span> 
     </span>
    </p>
   </div>
   <div class='ocr_carea' id='block_1_81' title="bbox 210 5517 1781 5606">
    <p class='ocr_par' dir='ltr' id='par_1_81' title="bbox 210 5517 1781 5606">
     <span class='ocr_line' id='line_1_81' title="bbox 210 5517 1781 5606; baseline 0.019 -40"><span class='ocrx_word' id='word_1_666' title='bbox 302 5520 475 5605; x_wconf 74' lang='lat' dir='ltr'><strong>haberi</strong></span> <span class='ocrx_word' id='word_1_667' title='bbox 516 5525 744 5606; x_wconf 53' lang='lat' dir='ltr'><strong>epistola</strong></span> <span class='ocrx_word' id='word_1_668' title='bbox 792 5542 808 5606; x_wconf 67' lang='grc' dir='ltr'><strong>ι</strong></span> <span class='ocrx_word' id='word_1_669' title='bbox 858 5527 1054 5606; x_wconf 59' lang='lat' dir='ltr'><strong>Leonis</strong></span> <span class='ocrx_word' id='word_1_670' title='bbox 1083 5531 1147 5606; x_wconf 74' lang='lat' dir='ltr'><strong>ad</strong></span> <span class='ocrx_word' id='word_1_671' title='bbox 1180 5517 1419 5589; x_wconf 88' lang='lat' dir='ltr'><strong>Leonem</strong></span> 
     </span>
    </p>
   </div>
   <div class='ocr_carea' id='block_1_82' title="bbox 212 5591 1782 5737">
    <p class='ocr_par' dir='ltr' id='par_1_82' title="bbox 212 5591 1782 5737">
     <span class='ocr_line' id='line_1_82' title="bbox 212 5591 1782 5737; baseline 0.017 -96"><span class='ocrx_word' id='word_1_672' title='bbox 212 5591 252 5715; x_wconf 52' lang='lat' dir='ltr'><strong>ig</strong></span> <span class='ocrx_word' id='word_1_673' title='bbox 276 5594 499 5737; x_wconf 53' lang='lat' dir='ltr'><strong>margiiue</strong></span> <span class='ocrx_word' id='word_1_674' title='bbox 529 5591 690 5668; x_wconf 87' lang='lat' dir='ltr'><strong>hujus</strong></span> <span class='ocrx_word' id='word_1_675' title='bbox 718 5600 971 5667; x_wconf 70' lang='lat' dir='ltr'><strong>cpistola:</strong></span> <span class='ocrx_word' id='word_1_676' title='bbox 1001 5599 1191 5663; x_wconf 84' lang='lat' dir='ltr'><strong>Surius</strong></span> <span class='ocrx_word' id='word_1_677' title='bbox 1217 5608 1515 5662; x_wconf 83' lang='lat' dir='ltr'><strong>annotavit.</strong></span> <span class='ocrx_word' id='word_1_678' title='bbox 1546 5591 1782 5683; x_wconf 33' lang='lat' dir='ltr'><strong>(Save-ti:</strong></span> 
     </span>
     <span class='ocr_line' id='line_1_83' title="bbox 246 5679 381 5719; baseline 0.007 -1"><span class='ocrx_word' id='word_1_679' title='bbox 246 5679 381 5719; x_wconf 77' lang='lat' dir='ltr'><strong>unus.</strong></span> 
     </span>
    </p>
   </div>
   <div class='ocr_carea' id='block_1_83' title="bbox 246 5679 381 5719">
    <p class='ocr_par' dir='ltr' id='par_1_83' title="bbox 246 5679 381 5719">
     <span class='ocr_line' id='line_1_84' title="bbox 246 5679 381 5719; baseline 0.007 -1"><span class='ocrx_word' id='word_1_680' title='bbox 246 5679 381 5719; x_wconf 69' lang='lat' dir='ltr'><strong>INIUS.</strong></span> 
     </span>
    </p>
   </div>
   <div class='ocr_carea' id='block_1_84' title="bbox 268 5737 1781 5822">
    <p class='ocr_par' dir='ltr' id='par_1_84' title="bbox 268 5737 1781 5822">
     <span class='ocr_line' id='line_1_85' title="bbox 268 5737 1781 5822; baseline 0.016 -34"><span class='ocrx_word' id='word_1_681' title='bbox 268 5737 334 5822; x_wconf 72' lang='lat'><strong>(2)</strong></span> <span class='ocrx_word' id='word_1_682' title='bbox 439 5739 565 5822; x_wconf 54' lang='lat' dir='ltr'><strong>Leo,</strong></span> <span class='ocrx_word' id='word_1_683' title='bbox 595 5747 813 5822; x_wconf 71' lang='lat' dir='ltr'><strong>ep._97,</strong></span> <span class='ocrx_word' id='word_1_684' title='bbox 844 5760 915 5800; x_wconf 77' lang='lat' dir='ltr'><strong>ex</strong></span> <span class='ocrx_word' id='word_1_685' title='bbox 951 5761 1052 5816; x_wconf 88' lang='lat' dir='ltr'><strong>qua</strong></span> <span class='ocrx_word' id='word_1_686' title='bbox 1090 5745 1200 5822; x_wconf 83' lang='lat' dir='ltr'><strong>jam</strong></span> <span class='ocrx_word' id='word_1_687' title='bbox 1223 5764 1386 5821; x_wconf 89' lang='lat' dir='ltr'><strong>supra</strong></span> <span class='ocrx_word' id='word_1_688' title='bbox 1406 5753 1651 5822; x_wconf 75' lang='lat' dir='ltr'><strong>qutudam</strong></span> <span class='ocrx_word' id='word_1_689' title='bbox 1681 5755 1781 5812; x_wconf 86' lang='lat' dir='ltr'><strong>de-</strong></span> 
     </span>
    </p>
   </div>
   <div class='ocr_carea' id='block_1_85' title="bbox 213 5803 1783 5946">
    <p class='ocr_par' dir='ltr' id='par_1_85' title="bbox 213 5803 1783 5946">
     <span class='ocr_line' id='line_1_86' title="bbox 213 5803 1783 5946; baseline 0.011 -77"><span class='ocrx_word' id='word_1_690' title='bbox 466 5803 868 5946; x_wconf 60' lang='lat' dir='ltr'><strong>lCEutS&#39;chiano</strong></span> <span class='ocrx_word' id='word_1_691' title='bbox 899 5803 1053 5891; x_wconf 64' lang='lat' dir='ltr'><strong>pa&#39;pa-</strong></span> <span class='ocrx_word' id='word_1_692' title='bbox 1090 5803 1783 5897; x_wconf 12' lang='lat' dir='ltr'><strong>&#39;trihttta&#39;rchisttilat-Vide</strong></span> 
     </span>
    </p>
   </div>
   <div class='ocr_carea' id='block_1_86' title="bbox 214 5894 526 5957">
    <p class='ocr_par' dir='ltr' id='par_1_86' title="bbox 214 5894 526 5957">
     <span class='ocr_line' id='line_1_87' title="bbox 214 5894 526 5957; baseline 0.029 -18"><span class='ocrx_word' id='word_1_693' title='bbox 214 5894 302 5951; x_wconf 65' lang='lat' dir='ltr'><strong>Iug.</strong></span> <span class='ocrx_word' id='word_1_694' title='bbox 331 5894 442 5957; x_wconf 73' lang='lat' dir='ltr'><strong>‘JH,</strong></span> <span class='ocrx_word' id='word_1_695' title='bbox 471 5894 526 5948; x_wconf 64' lang='grc' dir='ltr'><strong>(ἱ.</strong></span> 
     </span>
    </p>
   </div>
   <div class='ocr_carea' id='block_1_87' title="bbox 1929 3418 3533 3499">
    <p class='ocr_par' dir='ltr' id='par_1_87' title="bbox 1929 3418 3533 3499">
     <span class='ocr_line' id='line_1_88' title="bbox 1929 3418 3533 3499; baseline 0.006 -26"><span class='ocrx_word' id='word_1_696' title='bbox 1929 3418 2104 3473; x_wconf 85' lang='lat' dir='ltr'><strong>onmia</strong></span> <span class='ocrx_word' id='word_1_697' title='bbox 2134 3419 2339 3471; x_wconf 83' lang='lat' dir='ltr'><strong>traham</strong></span> <span class='ocrx_word' id='word_1_698' title='bbox 2388 3419 2459 3472; x_wconf 91' lang='lat' dir='ltr'><strong>ad</strong></span> <span class='ocrx_word' id='word_1_699' title='bbox 2507 3419 2759 3487; x_wconf 86' lang='lat' dir='ltr'><strong>meipsum</strong></span> <span class='ocrx_word' id='word_1_700' title='bbox 2810 3422 3017 3492; x_wconf 86' lang='lat' dir='ltr'><strong>(Joan.,</strong></span> <span class='ocrx_word' id='word_1_701' title='bbox 3050 3420 3168 3499; x_wconf 56' lang='grc' dir='ltr'>χιι).</span> <span class='ocrx_word' id='word_1_702' title='bbox 3204 3422 3366 3479; x_wconf 82' lang='lat' dir='ltr'><strong>Fides</strong></span> <span class='ocrx_word' id='word_1_703' title='bbox 3415 3435 3533 3482; x_wconf 83' lang='lat' dir='ltr'><strong>ete-</strong></span> 
     </span>
    </p>
   </div>
   <div class='ocr_carea' id='block_1_88' title="bbox 1927 3516 3532 3590">
    <p class='ocr_par' dir='ltr' id='par_1_88' title="bbox 1927 3516 3532 3590">
     <span class='ocr_line' id='line_1_89' title="bbox 1927 3516 3532 3590; baseline 0.006 -20"><span class='ocrx_word' id='word_1_704' title='bbox 1927 3518 2037 3571; x_wconf 89' lang='lat' dir='ltr'><strong>nim</strong></span> <span class='ocrx_word' id='word_1_705' title='bbox 2064 3516 2373 3585; x_wconf 89' lang='lat' dir='ltr'><strong>justiﬁcans</strong></span> <span class='ocrx_word' id='word_1_706' title='bbox 2403 3518 2617 3587; x_wconf 84' lang='lat' dir='ltr'><strong>impios,</strong></span> <span class='ocrx_word' id='word_1_707' title='bbox 2650 3530 2704 3574; x_wconf 92' lang='lat' dir='ltr'><strong>et</strong></span> <span class='ocrx_word' id='word_1_708' title='bbox 2728 3535 2923 3576; x_wconf 89' lang='lat' dir='ltr'><strong>creans</strong></span> <span class='ocrx_word' id='word_1_709' title='bbox 2949 3520 3146 3590; x_wconf 91' lang='lat' dir='ltr'><strong>jnstos,</strong></span> <span class='ocrx_word' id='word_1_710' title='bbox 3180 3523 3247 3577; x_wconf 90' lang='lat' dir='ltr'><strong>ad</strong></span> <span class='ocrx_word' id='word_1_711' title='bbox 3288 3523 3532 3579; x_wconf 84' lang='lat' dir='ltr'><strong>humani-</strong></span> 
     </span>
    </p>
   </div>
   <div class='ocr_carea' id='block_1_89' title="bbox 1929 3612 3528 3686">
    <p class='ocr_par' dir='ltr' id='par_1_89' title="bbox 1929 3612 3528 3686">
     <span class='ocr_line' id='line_1_90' title="bbox 1929 3612 3528 3686; baseline 0.004 -21"><span class='ocrx_word' id='word_1_712' title='bbox 1929 3612 2053 3666; x_wconf 86' lang='lat' dir='ltr'><strong>tatis</strong></span> <span class='ocrx_word' id='word_1_713' title='bbox 2078 3621 2313 3668; x_wconf 89' lang='lat' dir='ltr'><strong>retracta</strong></span> <span class='ocrx_word' id='word_1_714' title='bbox 2346 3612 2712 3683; x_wconf 85' lang='lat' dir='ltr'><strong>participium,</strong></span> <span class='ocrx_word' id='word_1_715' title='bbox 2767 3614 2819 3668; x_wconf 92' lang='lat' dir='ltr'><strong>in</strong></span> <span class='ocrx_word' id='word_1_716' title='bbox 2866 3615 2961 3668; x_wconf 91' lang='lat' dir='ltr'><strong>illo</strong></span> <span class='ocrx_word' id='word_1_717' title='bbox 2991 3616 3222 3686; x_wconf 90' lang='lat' dir='ltr'><strong>acquirit</strong></span> <span class='ocrx_word' id='word_1_718' title='bbox 3253 3618 3485 3672; x_wconf 89' lang='lat' dir='ltr'><strong>salutem</strong></span> <span class='ocrx_word' id='word_1_719' title='bbox 3511 3660 3528 3685; x_wconf 91' lang='lat'><strong>,</strong></span> 
     </span>
    </p>
   </div>
   <div class='ocr_carea' id='block_1_90' title="bbox 1923 3707 3533 3777">
    <p class='ocr_par' dir='ltr' id='par_1_90' title="bbox 1923 3707 3533 3777">
     <span class='ocr_line' id='line_1_91' title="bbox 1923 3707 3533 3777; baseline 0.003 -16"><span class='ocrx_word' id='word_1_720' title='bbox 1923 3708 1975 3761; x_wconf 87' lang='lat' dir='ltr'><strong>in</strong></span> <span class='ocrx_word' id='word_1_721' title='bbox 2006 3722 2114 3777; x_wconf 92' lang='lat' dir='ltr'><strong>quo</strong></span> <span class='ocrx_word' id='word_1_722' title='bbox 2139 3708 2257 3762; x_wconf 91' lang='lat' dir='ltr'><strong>solo</strong></span> <span class='ocrx_word' id='word_1_723' title='bbox 2289 3707 2452 3762; x_wconf 91' lang='lat' dir='ltr'><strong>homo</strong></span> <span class='ocrx_word' id='word_1_724' title='bbox 2476 3722 2535 3762; x_wconf 90' lang='lat' dir='ltr'><strong>se</strong></span> <span class='ocrx_word' id='word_1_725' title='bbox 2564 3707 2766 3761; x_wconf 89' lang='lat' dir='ltr'><strong>invenit</strong></span> <span class='ocrx_word' id='word_1_726' title='bbox 2786 3707 3149 3770; x_wconf 84' lang='lat' dir='ltr'><strong>innocentem.</strong></span> <span class='ocrx_word' id='word_1_727' title='bbox 3178 3710 3405 3765; x_wconf 90' lang='lat' dir='ltr'><strong>liberum</strong></span> <span class='ocrx_word' id='word_1_728' title='bbox 3436 3710 3533 3766; x_wconf 85' lang='lat' dir='ltr'><strong>ha-</strong></span> 
     </span>
    </p>
   </div>
   <div class='ocr_carea' id='block_1_91' title="bbox 1924 3795 3527 3878">
    <p class='ocr_par' dir='ltr' id='par_1_91' title="bbox 1924 3795 3527 3878">
     <span class='ocr_line' id='line_1_92' title="bbox 1924 3795 3527 3878; baseline 0.004 -24"><span class='ocrx_word' id='word_1_729' title='bbox 1924 3801 2059 3855; x_wconf 87' lang='lat' dir='ltr'><strong>bens</strong></span> <span class='ocrx_word' id='word_1_730' title='bbox 2088 3817 2182 3871; x_wconf 90' lang='lat' dir='ltr'><strong>per</strong></span> <span class='ocrx_word' id='word_1_731' title='bbox 2206 3795 2434 3872; x_wconf 69' lang='lat' dir='ltr'><strong>gratiam</strong></span> <span class='ocrx_word' id='word_1_732' title='bbox 2485 3802 2578 3856; x_wconf 89' lang='lat' dir='ltr'><strong>Dei</strong></span> <span class='ocrx_word' id='word_1_733' title='bbox 2609 3801 2677 3856; x_wconf 90' lang='lat' dir='ltr'><strong>de</strong></span> <span class='ocrx_word' id='word_1_734' title='bbox 2709 3804 2828 3869; x_wconf 90' lang='lat' dir='ltr'><strong>ejus</strong></span> <span class='ocrx_word' id='word_1_735' title='bbox 2858 3804 3095 3874; x_wconf 87' lang='lat' dir='ltr'><strong>potentia</strong></span> <span class='ocrx_word' id='word_1_736' title='bbox 3142 3804 3390 3875; x_wconf 80' lang='lat' dir='ltr'><strong>gloriari,</strong></span> <span class='ocrx_word' id='word_1_737' title='bbox 3436 3809 3527 3878; x_wconf 90' lang='lat' dir='ltr'><strong>qui</strong></span> 
     </span>
    </p>
   </div>
   <div class='ocr_carea' id='block_1_92' title="bbox 1922 3893 3527 3964">
    <p class='ocr_par' dir='ltr' id='par_1_92' title="bbox 1922 3893 3527 3964">
     <span class='ocr_line' id='line_1_93' title="bbox 1922 3893 3527 3964; baseline 0.002 -15"><span class='ocrx_word' id='word_1_738' title='bbox 1922 3902 2111 3949; x_wconf 89' lang='lat' dir='ltr'><strong>contra</strong></span> <span class='ocrx_word' id='word_1_739' title='bbox 2142 3893 2353 3948; x_wconf 77' lang='lat' dir='ltr'><strong>hostem</strong></span> <span class='ocrx_word' id='word_1_740' title='bbox 2389 3894 2607 3955; x_wconf 89' lang='lat' dir='ltr'><strong>humani</strong></span> <span class='ocrx_word' id='word_1_741' title='bbox 2650 3895 2865 3964; x_wconf 81' lang='lat' dir='ltr'><strong>generis</strong></span> <span class='ocrx_word' id='word_1_742' title='bbox 2896 3894 2949 3949; x_wconf 93' lang='lat' dir='ltr'><strong>in</strong></span> <span class='ocrx_word' id='word_1_743' title='bbox 2989 3896 3168 3950; x_wconf 85' lang='lat' dir='ltr'><strong>carnis</strong></span> <span class='ocrx_word' id='word_1_744' title='bbox 3195 3906 3394 3951; x_wconf 69' lang='lat' dir='ltr'><strong>nostrae</strong></span> <span class='ocrx_word' id='word_1_745' title='bbox 3422 3898 3527 3953; x_wconf 79' lang='lat' dir='ltr'><strong>ltu-</strong></span> 
     </span>
    </p>
   </div>
   <div class='ocr_carea' id='block_1_93' title="bbox 1922 3989 3525 4059">
    <p class='ocr_par' dir='ltr' id='par_1_93' title="bbox 1922 3989 3525 4059">
     <span class='ocr_line' id='line_1_94' title="bbox 1922 3989 3525 4059; baseline 0.004 -17"><span class='ocrx_word' id='word_1_746' title='bbox 1922 3989 2152 4043; x_wconf 89' lang='lat' dir='ltr'><strong>militate</strong></span> <span class='ocrx_word' id='word_1_747' title='bbox 2196 4003 2519 4059; x_wconf 80' lang='lat' dir='ltr'><strong>congressus</strong></span> <span class='ocrx_word' id='word_1_748' title='bbox 2541 3989 2675 4053; x_wconf 52' lang='lat' dir='ltr'><strong>,‘bis</strong></span> <span class='ocrx_word' id='word_1_749' title='bbox 2702 3990 2981 4043; x_wconf 86' lang='lat' dir='ltr'><strong>victoriam</strong></span> <span class='ocrx_word' id='word_1_750' title='bbox 3014 4004 3166 4044; x_wconf 90' lang='lat' dir='ltr'><strong>suam</strong></span> <span class='ocrx_word' id='word_1_751' title='bbox 3219 3992 3441 4058; x_wconf 90' lang='lat' dir='ltr'><strong>tribuit,</strong></span> <span class='ocrx_word' id='word_1_752' title='bbox 3470 3995 3525 4049; x_wconf 90' lang='lat' dir='ltr'><strong>in</strong></span> 
     </span>
    </p>
   </div>
   <div class='ocr_carea' id='block_1_94' title="bbox 1923 4085 3524 4157">
    <p class='ocr_par' dir='ltr' id='par_1_94' title="bbox 1923 4085 3524 4157">
     <span class='ocr_line' id='line_1_95' title="bbox 1923 4085 3524 4157; baseline 0.004 -19"><span class='ocrx_word' id='word_1_753' title='bbox 1923 4101 2154 4156; x_wconf 87' lang='lat' dir='ltr'><strong>quorum</strong></span> <span class='ocrx_word' id='word_1_754' title='bbox 2187 4100 2418 4156; x_wconf 90' lang='lat' dir='ltr'><strong>corpore</strong></span> <span class='ocrx_word' id='word_1_755' title='bbox 2452 4085 2823 4154; x_wconf 88' lang='lat' dir='ltr'><strong>triumphavit.</strong></span> <span class='ocrx_word' id='word_1_756' title='bbox 2856 4085 3009 4141; x_wconf 88' lang='lat' dir='ltr'><strong>Licet</strong></span> <span class='ocrx_word' id='word_1_757' title='bbox 3038 4101 3171 4157; x_wconf 83' lang='lat' dir='ltr'><strong>ergo</strong></span> <span class='ocrx_word' id='word_1_758' title='bbox 3201 4088 3254 4141; x_wconf 90' lang='lat' dir='ltr'><strong>in</strong></span> <span class='ocrx_word' id='word_1_759' title='bbox 3280 4103 3387 4142; x_wconf 92' lang='lat' dir='ltr'><strong>uno</strong></span> <span class='ocrx_word' id='word_1_760' title='bbox 3414 4089 3524 4144; x_wconf 86' lang='lat' dir='ltr'><strong>Do-</strong></span> 
     </span>
    </p>
   </div>
   <div class='ocr_carea' id='block_1_95' title="bbox 1920 4179 3523 4252">
    <p class='ocr_par' dir='ltr' id='par_1_95' title="bbox 1920 4179 3523 4252">
     <span class='ocr_line' id='line_1_96' title="bbox 1920 4179 3523 4252; baseline 0.004 -19"><span class='ocrx_word' id='word_1_761' title='bbox 1920 4182 2065 4235; x_wconf 86' lang='lat' dir='ltr'><strong>mino</strong></span> <span class='ocrx_word' id='word_1_762' title='bbox 2109 4192 2297 4235; x_wconf 87' lang='lat' dir='ltr'><strong>nostro</strong></span> <span class='ocrx_word' id='word_1_763' title='bbox 2337 4179 2464 4235; x_wconf 84' lang='lat' dir='ltr'><strong>Jesu</strong></span> <span class='ocrx_word' id='word_1_764' title='bbox 2514 4180 2754 4245; x_wconf 84' lang='lat' dir='ltr'><strong>Christo,</strong></span> <span class='ocrx_word' id='word_1_765' title='bbox 2787 4196 2915 4236; x_wconf 82' lang='lat' dir='ltr'><strong>vero</strong></span> <span class='ocrx_word' id='word_1_766' title='bbox 2961 4182 3052 4236; x_wconf 85' lang='lat' dir='ltr'><strong>Dei</strong></span> <span class='ocrx_word' id='word_1_767' title='bbox 3098 4191 3262 4252; x_wconf 85' lang='lat' dir='ltr'><strong>atque</strong></span> <span class='ocrx_word' id='word_1_768' title='bbox 3291 4183 3523 4240; x_wconf 86' lang='lat' dir='ltr'><strong>hominis</strong></span> 
     </span>
    </p>
   </div>
   <div class='ocr_carea' id='block_1_96' title="bbox 1916 4272 3520 4349">
    <p class='ocr_par' dir='ltr' id='par_1_96' title="bbox 1916 4272 3520 4349">
     <span class='ocr_line' id='line_1_97' title="bbox 1916 4272 3520 4349; baseline 0.003 -21"><span class='ocrx_word' id='word_1_769' title='bbox 1916 4273 2074 4337; x_wconf 82' lang='lat' dir='ltr'><strong>Filio,</strong></span> <span class='ocrx_word' id='word_1_770' title='bbox 2103 4272 2263 4328; x_wconf 81' lang='lat' dir='ltr'><strong>Verbi</strong></span> <span class='ocrx_word' id='word_1_771' title='bbox 2292 4284 2344 4327; x_wconf 89' lang='lat' dir='ltr'><strong>et</strong></span> <span class='ocrx_word' id='word_1_772' title='bbox 2374 4274 2555 4329; x_wconf 75' lang='lat' dir='ltr'><strong>carnis</strong></span> <span class='ocrx_word' id='word_1_773' title='bbox 2580 4290 2686 4329; x_wconf 83' lang='lat' dir='ltr'><strong>una</strong></span> <span class='ocrx_word' id='word_1_774' title='bbox 2710 4289 2940 4345; x_wconf 87' lang='lat' dir='ltr'><strong>persona</strong></span> <span class='ocrx_word' id='word_1_775' title='bbox 2973 4275 3063 4341; x_wconf 85' lang='lat' dir='ltr'><strong>sit,</strong></span> <span class='ocrx_word' id='word_1_776' title='bbox 3092 4291 3212 4346; x_wconf 72' lang='lat' dir='ltr'><strong>qua:</strong></span> <span class='ocrx_word' id='word_1_777' title='bbox 3244 4277 3520 4349; x_wconf 63' lang='lat' dir='ltr'><strong>insepara-</strong></span> 
     </span>
    </p>
   </div>
   <div class='ocr_carea' id='block_1_97' title="bbox 1915 4365 3516 4440">
    <p class='ocr_par' dir='ltr' id='par_1_97' title="bbox 1915 4365 3516 4440">
     <span class='ocr_line' id='line_1_98' title="bbox 1915 4365 3516 4440; baseline 0.005 -21"><span class='ocrx_word' id='word_1_778' title='bbox 1915 4366 2099 4420; x_wconf 80' lang='lat' dir='ltr'><strong>biliter</strong></span> <span class='ocrx_word' id='word_1_779' title='bbox 2142 4375 2304 4433; x_wconf 81' lang='lat' dir='ltr'><strong>atque</strong></span> <span class='ocrx_word' id='word_1_780' title='bbox 2362 4365 2592 4421; x_wconf 88' lang='lat' dir='ltr'><strong>indivise</strong></span> <span class='ocrx_word' id='word_1_781' title='bbox 2643 4381 2959 4423; x_wconf 88' lang='lat' dir='ltr'><strong>communes</strong></span> <span class='ocrx_word' id='word_1_782' title='bbox 3006 4367 3198 4423; x_wconf 86' lang='lat' dir='ltr'><strong>habeat</strong></span> <span class='ocrx_word' id='word_1_783' title='bbox 3240 4372 3516 4440; x_wconf 89' lang='lat' dir='ltr'><strong>actiones,</strong></span> 
     </span>
    </p>
   </div>
   <div class='ocr_carea' id='block_1_98' title="bbox 1916 4462 3516 4537">
    <p class='ocr_par' dir='ltr' id='par_1_98' title="bbox 1916 4462 3516 4537">
     <span class='ocr_line' id='line_1_99' title="bbox 1916 4462 3516 4537; baseline 0.005 -21"><span class='ocrx_word' id='word_1_784' title='bbox 1916 4462 2276 4531; x_wconf 77' lang='lat' dir='ltr'><strong>intelligenda:</strong></span> <span class='ocrx_word' id='word_1_785' title='bbox 2305 4472 2484 4518; x_wconf 89' lang='lat' dir='ltr'><strong>tamen</strong></span> <span class='ocrx_word' id='word_1_786' title='bbox 2512 4474 2638 4519; x_wconf 89' lang='lat' dir='ltr'><strong>sunt</strong></span> <span class='ocrx_word' id='word_1_787' title='bbox 2668 4466 2906 4534; x_wconf 87' lang='lat' dir='ltr'><strong>ipsorum</strong></span> <span class='ocrx_word' id='word_1_788' title='bbox 2937 4481 3160 4535; x_wconf 85' lang='lat' dir='ltr'><strong>operum</strong></span> <span class='ocrx_word' id='word_1_789' title='bbox 3190 4468 3478 4537; x_wconf 85' lang='lat' dir='ltr'><strong>qualitates</strong></span> <span class='ocrx_word' id='word_1_790' title='bbox 3500 4512 3516 4537; x_wconf 90' lang='lat'><strong>,</strong></span> 
     </span>
    </p>
   </div>
   <div class='ocr_carea' id='block_1_99' title="bbox 1912 4556 3515 4629">
    <p class='ocr_par' dir='ltr' id='par_1_99' title="bbox 1912 4556 3515 4629">
     <span class='ocr_line' id='line_1_100' title="bbox 1912 4556 3515 4629; baseline 0.006 -20"><span class='ocrx_word' id='word_1_791' title='bbox 1912 4566 1966 4609; x_wconf 89' lang='lat' dir='ltr'><strong>et</strong></span> <span class='ocrx_word' id='word_1_792' title='bbox 1997 4558 2226 4611; x_wconf 64' lang='lat' dir='ltr'><strong>sincerae</strong></span> <span class='ocrx_word' id='word_1_793' title='bbox 2274 4556 2396 4611; x_wconf 89' lang='lat' dir='ltr'><strong>ﬁdei</strong></span> <span class='ocrx_word' id='word_1_794' title='bbox 2441 4559 2906 4629; x_wconf 85' lang='lat' dir='ltr'><strong>contemplatione</strong></span> <span class='ocrx_word' id='word_1_795' title='bbox 2935 4560 3266 4615; x_wconf 88' lang='lat' dir='ltr'><strong>cernendqu</strong></span> <span class='ocrx_word' id='word_1_796' title='bbox 3295 4574 3414 4629; x_wconf 88' lang='lat' dir='ltr'><strong>est,</strong></span> <span class='ocrx_word' id='word_1_797' title='bbox 3447 4564 3515 4619; x_wconf 84' lang='lat' dir='ltr'><strong>ad</strong></span> 
     </span>
    </p>
   </div>
   <div class='ocr_carea' id='block_1_100' title="bbox 1911 4651 3515 4725">
    <p class='ocr_par' dir='ltr' id='par_1_100' title="bbox 1911 4651 3515 4725">
     <span class='ocr_line' id='line_1_101' title="bbox 1911 4651 3515 4725; baseline 0.007 -21"><span class='ocrx_word' id='word_1_798' title='bbox 1911 4665 2032 4721; x_wconf 72' lang='lat' dir='ltr'><strong>qum</strong></span> <span class='ocrx_word' id='word_1_799' title='bbox 2069 4652 2399 4719; x_wconf 89' lang='lat' dir='ltr'><strong>provehatur</strong></span> <span class='ocrx_word' id='word_1_800' title='bbox 2424 4651 2700 4708; x_wconf 88' lang='lat' dir='ltr'><strong>humilitas</strong></span> <span class='ocrx_word' id='word_1_801' title='bbox 2729 4655 2929 4721; x_wconf 89' lang='lat' dir='ltr'><strong>carnis,</strong></span> <span class='ocrx_word' id='word_1_802' title='bbox 2956 4665 3011 4710; x_wconf 92' lang='lat' dir='ltr'><strong>et</strong></span> <span class='ocrx_word' id='word_1_803' title='bbox 3037 4654 3102 4709; x_wconf 90' lang='lat' dir='ltr'><strong>ad</strong></span> <span class='ocrx_word' id='word_1_804' title='bbox 3135 4671 3254 4725; x_wconf 73' lang='lat' dir='ltr'><strong>qua:</strong></span> <span class='ocrx_word' id='word_1_805' title='bbox 3284 4658 3515 4716; x_wconf 87' lang='lat' dir='ltr'><strong>incline-</strong></span> 
     </span>
    </p>
   </div>
   <div class='ocr_carea' id='block_1_101' title="bbox 1910 4745 3514 4817">
    <p class='ocr_par' dir='ltr' id='par_1_101' title="bbox 1910 4745 3514 4817">
     <span class='ocr_line' id='line_1_102' title="bbox 1910 4745 3514 4817; baseline 0.006 -20"><span class='ocrx_word' id='word_1_806' title='bbox 1910 4754 1995 4799; x_wconf 92' lang='lat' dir='ltr'><strong>tur</strong></span> <span class='ocrx_word' id='word_1_807' title='bbox 2024 4745 2251 4800; x_wconf 89' lang='lat' dir='ltr'><strong>altitudo</strong></span> <span class='ocrx_word' id='word_1_808' title='bbox 2280 4746 2497 4801; x_wconf 89' lang='lat' dir='ltr'><strong>deitatis</strong></span> <span class='ocrx_word' id='word_1_809' title='bbox 2530 4765 2545 4801; x_wconf 87' lang='lat'><strong>:</strong></span> <span class='ocrx_word' id='word_1_810' title='bbox 2576 4746 2701 4815; x_wconf 84' lang='lat' dir='ltr'><strong>quid</strong></span> <span class='ocrx_word' id='word_1_811' title='bbox 2737 4748 2828 4809; x_wconf 85' lang='lat' dir='ltr'><strong>sit,</strong></span> <span class='ocrx_word' id='word_1_812' title='bbox 2859 4748 3001 4817; x_wconf 90' lang='lat' dir='ltr'><strong>quod</strong></span> <span class='ocrx_word' id='word_1_813' title='bbox 3034 4763 3161 4803; x_wconf 89' lang='lat' dir='ltr'><strong>caro</strong></span> <span class='ocrx_word' id='word_1_814' title='bbox 3187 4751 3304 4806; x_wconf 92' lang='lat' dir='ltr'><strong>sine</strong></span> <span class='ocrx_word' id='word_1_815' title='bbox 3337 4750 3514 4808; x_wconf 87' lang='lat' dir='ltr'><strong>Verbo</strong></span> 
     </span>
    </p>
   </div>
   <div class='ocr_carea' id='block_1_102' title="bbox 1907 4841 3511 4915">
    <p class='ocr_par' dir='ltr' id='par_1_102' title="bbox 1907 4841 3511 4915">
     <span class='ocr_line' id='line_1_103' title="bbox 1907 4841 3511 4915; baseline 0.004 -20"><span class='ocrx_word' id='word_1_816' title='bbox 1907 4857 2014 4896; x_wconf 91' lang='lat' dir='ltr'><strong>non</strong></span> <span class='ocrx_word' id='word_1_817' title='bbox 2054 4844 2200 4915; x_wconf 77' lang='lat' dir='ltr'><strong>agit;</strong></span> <span class='ocrx_word' id='word_1_818' title='bbox 2236 4851 2291 4897; x_wconf 93' lang='lat' dir='ltr'><strong>ct</strong></span> <span class='ocrx_word' id='word_1_819' title='bbox 2323 4841 2449 4911; x_wconf 90' lang='lat' dir='ltr'><strong>quid</strong></span> <span class='ocrx_word' id='word_1_820' title='bbox 2485 4843 2573 4908; x_wconf 85' lang='lat' dir='ltr'><strong>sit,</strong></span> <span class='ocrx_word' id='word_1_821' title='bbox 2604 4841 2749 4913; x_wconf 90' lang='lat' dir='ltr'><strong>quod</strong></span> <span class='ocrx_word' id='word_1_822' title='bbox 2783 4842 3017 4897; x_wconf 79' lang='lat' dir='ltr'><strong>Verbum</strong></span> <span class='ocrx_word' id='word_1_823' title='bbox 3063 4844 3181 4898; x_wconf 91' lang='lat' dir='ltr'><strong>sine</strong></span> <span class='ocrx_word' id='word_1_824' title='bbox 3211 4859 3374 4901; x_wconf 88' lang='lat' dir='ltr'><strong>carne</strong></span> <span class='ocrx_word' id='word_1_825' title='bbox 3404 4862 3511 4902; x_wconf 91' lang='lat' dir='ltr'><strong>non</strong></span> 
     </span>
    </p>
   </div>
   <div class='ocr_carea' id='block_1_103' title="bbox 1904 4934 3505 5009">
    <p class='ocr_par' dir='ltr' id='par_1_103' title="bbox 1904 4934 3505 5009">
     <span class='ocr_line' id='line_1_104' title="bbox 1904 4934 3505 5009; baseline 0.002 -20"><span class='ocrx_word' id='word_1_826' title='bbox 1904 4934 2089 4989; x_wconf 66' lang='lat' dir='ltr'><strong>el‘ﬁt-it.</strong></span> <span class='ocrx_word' id='word_1_827' title='bbox 2118 4934 2246 4991; x_wconf 88' lang='lat' dir='ltr'><strong>Sine</strong></span> <span class='ocrx_word' id='word_1_828' title='bbox 2278 4934 2436 4990; x_wconf 73' lang='lat' dir='ltr'><strong>Verbi</strong></span> <span class='ocrx_word' id='word_1_829' title='bbox 2464 4937 2610 4990; x_wconf 86' lang='lat' dir='ltr'><strong>enim</strong></span> <span class='ocrx_word' id='word_1_830' title='bbox 2645 4936 2881 5006; x_wconf 85' lang='lat' dir='ltr'><strong>potentia</strong></span> <span class='ocrx_word' id='word_1_831' title='bbox 2911 4951 3010 4991; x_wconf 88' lang='lat' dir='ltr'><strong>nec</strong></span> <span class='ocrx_word' id='word_1_832' title='bbox 3040 4937 3349 5009; x_wconf 87' lang='lat' dir='ltr'><strong>conciperet</strong></span> <span class='ocrx_word' id='word_1_833' title='bbox 3377 4936 3505 4993; x_wconf 85' lang='lat' dir='ltr'><strong>Vir-</strong></span> 
     </span>
    </p>
   </div>
   <div class='ocr_carea' id='block_1_104' title="bbox 1903 5027 3509 5097">
    <p class='ocr_par' dir='ltr' id='par_1_104' title="bbox 1903 5027 3509 5097">
     <span class='ocr_line' id='line_1_105' title="bbox 1903 5027 3509 5097; baseline 0.002 -15"><span class='ocrx_word' id='word_1_834' title='bbox 1903 5042 1993 5097; x_wconf 78' lang='lat' dir='ltr'><strong>go,</strong></span> <span class='ocrx_word' id='word_1_835' title='bbox 2042 5041 2140 5082; x_wconf 92' lang='lat' dir='ltr'><strong>nec</strong></span> <span class='ocrx_word' id='word_1_836' title='bbox 2168 5037 2414 5097; x_wconf 85' lang='lat' dir='ltr'><strong>pareret,</strong></span> <span class='ocrx_word' id='word_1_837' title='bbox 2464 5036 2522 5082; x_wconf 90' lang='lat' dir='ltr'><strong>et</strong></span> <span class='ocrx_word' id='word_1_838' title='bbox 2566 5028 2684 5082; x_wconf 86' lang='lat' dir='ltr'><strong>sine</strong></span> <span class='ocrx_word' id='word_1_839' title='bbox 2730 5027 2958 5081; x_wconf 89' lang='lat' dir='ltr'><strong>veritate</strong></span> <span class='ocrx_word' id='word_1_840' title='bbox 3002 5030 3205 5095; x_wconf 90' lang='lat' dir='ltr'><strong>carnis,</strong></span> <span class='ocrx_word' id='word_1_841' title='bbox 3255 5029 3509 5085; x_wconf 89' lang='lat' dir='ltr'><strong>obvoluta</strong></span> 
     </span>
    </p>
   </div>
   <div class='ocr_carea' id='block_1_105' title="bbox 1905 5120 3506 5193">
    <p class='ocr_par' dir='ltr' id='par_1_105' title="bbox 1905 5120 3506 5193">
     <span class='ocr_line' id='line_1_106' title="bbox 1905 5120 3506 5193; baseline 0.002 -18"><span class='ocrx_word' id='word_1_842' title='bbox 1905 5122 2097 5193; x_wconf 87' lang='lat' dir='ltr'><strong>pannis</strong></span> <span class='ocrx_word' id='word_1_843' title='bbox 2130 5121 2351 5176; x_wconf 81' lang='lat' dir='ltr'><strong>infantia</strong></span> <span class='ocrx_word' id='word_1_844' title='bbox 2380 5137 2487 5177; x_wconf 92' lang='lat' dir='ltr'><strong>non</strong></span> <span class='ocrx_word' id='word_1_845' title='bbox 2507 5122 2747 5191; x_wconf 87' lang='lat' dir='ltr'><strong>jaccrct;</strong></span> <span class='ocrx_word' id='word_1_846' title='bbox 2774 5122 2890 5177; x_wconf 89' lang='lat' dir='ltr'><strong>sine</strong></span> <span class='ocrx_word' id='word_1_847' title='bbox 2913 5120 3075 5177; x_wconf 83' lang='lat' dir='ltr'><strong>Verbi</strong></span> <span class='ocrx_word' id='word_1_848' title='bbox 3106 5124 3361 5193; x_wconf 85' lang='lat' dir='ltr'><strong>potentia,</strong></span> <span class='ocrx_word' id='word_1_849' title='bbox 3399 5140 3506 5179; x_wconf 91' lang='lat' dir='ltr'><strong>non</strong></span> 
     </span>
    </p>
   </div>
   <div class='ocr_carea' id='block_1_106' title="bbox 1898 5214 3497 5286">
    <p class='ocr_par' dir='ltr' id='par_1_106' title="bbox 1898 5214 3497 5286">
     <span class='ocr_line' id='line_1_107' title="bbox 1898 5214 3497 5286; baseline 0 -15"><span class='ocrx_word' id='word_1_850' title='bbox 1898 5215 2188 5271; x_wconf 87' lang='lat' dir='ltr'><strong>adorarent</strong></span> <span class='ocrx_word' id='word_1_851' title='bbox 2219 5214 2358 5286; x_wconf 73' lang='lat' dir='ltr'><strong>magi</strong></span> <span class='ocrx_word' id='word_1_852' title='bbox 2407 5231 2630 5283; x_wconf 92' lang='lat' dir='ltr'><strong>puerum</strong></span> <span class='ocrx_word' id='word_1_853' title='bbox 2656 5258 2671 5282; x_wconf 92' lang='lat'><strong>,</strong></span> <span class='ocrx_word' id='word_1_854' title='bbox 2721 5216 2874 5271; x_wconf 89' lang='lat' dir='ltr'><strong>stella</strong></span> <span class='ocrx_word' id='word_1_855' title='bbox 2918 5216 3093 5272; x_wconf 91' lang='lat' dir='ltr'><strong>indice</strong></span> <span class='ocrx_word' id='word_1_856' title='bbox 3120 5216 3497 5283; x_wconf 88' lang='lat' dir='ltr'><strong>declaratum;</strong></span> 
     </span>
    </p>
   </div>
   <div class='ocr_carea' id='block_1_107' title="bbox 1896 5309 3500 5382">
    <p class='ocr_par' dir='ltr' id='par_1_107' title="bbox 1896 5309 3500 5382">
     <span class='ocr_line' id='line_1_108' title="bbox 1896 5309 3500 5382; baseline -0.001 -15"><span class='ocrx_word' id='word_1_857' title='bbox 1896 5314 2015 5368; x_wconf 88' lang='lat' dir='ltr'><strong>sine</strong></span> <span class='ocrx_word' id='word_1_858' title='bbox 2041 5314 2266 5368; x_wconf 84' lang='lat' dir='ltr'><strong>veritate</strong></span> <span class='ocrx_word' id='word_1_859' title='bbox 2284 5310 2484 5376; x_wconf 86' lang='lat' dir='ltr'><strong>carnis,</strong></span> <span class='ocrx_word' id='word_1_860' title='bbox 2503 5326 2607 5366; x_wconf 92' lang='lat' dir='ltr'><strong>non</strong></span> <span class='ocrx_word' id='word_1_861' title='bbox 2620 5311 2903 5382; x_wconf 88' lang='lat' dir='ltr'><strong>juberetur</strong></span> <span class='ocrx_word' id='word_1_862' title='bbox 2921 5310 3195 5365; x_wconf 78' lang='lat' dir='ltr'><strong>transferri</strong></span> <span class='ocrx_word' id='word_1_863' title='bbox 3217 5311 3268 5363; x_wconf 90' lang='lat' dir='ltr'><strong>in</strong></span> <span class='ocrx_word' id='word_1_864' title='bbox 3291 5309 3500 5379; x_wconf 62' lang='lat' dir='ltr'><strong>Egyp-</strong></span> 
     </span>
    </p>
   </div>
   <div class='ocr_carea' id='block_1_108' title="bbox 1897 5403 3501 5475">
    <p class='ocr_par' dir='ltr' id='par_1_108' title="bbox 1897 5403 3501 5475">
     <span class='ocr_line' id='line_1_109' title="bbox 1897 5403 3501 5475; baseline -0.004 -14"><span class='ocrx_word' id='word_1_865' title='bbox 1897 5416 2007 5461; x_wconf 91' lang='lat' dir='ltr'><strong>tum</strong></span> <span class='ocrx_word' id='word_1_866' title='bbox 2039 5422 2192 5473; x_wconf 90' lang='lat' dir='ltr'><strong>puer,</strong></span> <span class='ocrx_word' id='word_1_867' title='bbox 2223 5417 2276 5461; x_wconf 84' lang='lat' dir='ltr'><strong>et</strong></span> <span class='ocrx_word' id='word_1_868' title='bbox 2301 5406 2369 5461; x_wconf 90' lang='lat' dir='ltr'><strong>ab</strong></span> <span class='ocrx_word' id='word_1_869' title='bbox 2399 5406 2636 5462; x_wconf 89' lang='lat' dir='ltr'><strong>Ilerodio</strong></span> <span class='ocrx_word' id='word_1_870' title='bbox 2667 5406 3043 5475; x_wconf 79' lang='lat' dir='ltr'><strong>persecutione</strong></span> <span class='ocrx_word' id='word_1_871' title='bbox 3091 5403 3311 5458; x_wconf 84' lang='lat' dir='ltr'><strong>subduci</strong></span> <span class='ocrx_word' id='word_1_872' title='bbox 3339 5419 3353 5467; x_wconf 91' lang='lat'><strong>;</strong></span> <span class='ocrx_word' id='word_1_873' title='bbox 3383 5403 3501 5456; x_wconf 89' lang='lat' dir='ltr'><strong>sine</strong></span> 
     </span>
    </p>
   </div>
   <div class='ocr_carea' id='block_1_109' title="bbox 1895 5494 3499 5570">
    <p class='ocr_par' dir='ltr' id='par_1_109' title="bbox 1895 5494 3499 5570">
     <span class='ocr_line' id='line_1_110' title="bbox 1895 5494 3499 5570; baseline -0.004 -16"><span class='ocrx_word' id='word_1_874' title='bbox 1895 5499 2059 5555; x_wconf 79' lang='lat' dir='ltr'><strong>Verbi</strong></span> <span class='ocrx_word' id='word_1_875' title='bbox 2102 5500 2337 5570; x_wconf 88' lang='lat' dir='ltr'><strong>potentia</strong></span> <span class='ocrx_word' id='word_1_876' title='bbox 2390 5517 2495 5553; x_wconf 87' lang='lat' dir='ltr'><strong>non</strong></span> <span class='ocrx_word' id='word_1_877' title='bbox 2547 5500 2754 5554; x_wconf 88' lang='lat' dir='ltr'><strong>diceret</strong></span> <span class='ocrx_word' id='word_1_878' title='bbox 2803 5514 2905 5552; x_wconf 77' lang='lat' dir='ltr'><strong>vox</strong></span> <span class='ocrx_word' id='word_1_879' title='bbox 2956 5497 3163 5559; x_wconf 88' lang='lat' dir='ltr'><strong>Patris,</strong></span> <span class='ocrx_word' id='word_1_880' title='bbox 3213 5494 3379 5549; x_wconf 90' lang='lat' dir='ltr'><strong>missa</strong></span> <span class='ocrx_word' id='word_1_881' title='bbox 3427 5494 3499 5548; x_wconf 89' lang='lat' dir='ltr'><strong>de</strong></span> 
     </span>
    </p>
   </div>
   <div class='ocr_carea' id='block_1_110' title="bbox 1890 5586 3497 5660">
    <p class='ocr_par' dir='ltr' id='par_1_110' title="bbox 1890 5586 3497 5660">
     <span class='ocr_line' id='line_1_111' title="bbox 1890 5586 3497 5660; baseline -0.008 -11"><span class='ocrx_word' id='word_1_882' title='bbox 1890 5592 2030 5649; x_wconf 73' lang='lat' dir='ltr'><strong>caelo</strong></span> <span class='ocrx_word' id='word_1_883' title='bbox 2059 5609 2073 5647; x_wconf 89' lang='lat'><strong>:</strong></span> <span class='ocrx_word' id='word_1_884' title='bbox 2111 5591 2213 5645; x_wconf 86' lang='lat' dir='ltr'><strong>Hic</strong></span> <span class='ocrx_word' id='word_1_885' title='bbox 2241 5602 2313 5647; x_wconf 82' lang='lat' dir='ltr'><strong>est</strong></span> <span class='ocrx_word' id='word_1_886' title='bbox 2346 5590 2519 5646; x_wconf 79' lang='lat' dir='ltr'><strong>Filius</strong></span> <span class='ocrx_word' id='word_1_887' title='bbox 2546 5608 2688 5645; x_wconf 83' lang='lat' dir='ltr'><strong>mcus</strong></span> <span class='ocrx_word' id='word_1_888' title='bbox 2715 5591 2928 5645; x_wconf 73' lang='lat' dir='ltr'><strong>dilectus</strong></span> <span class='ocrx_word' id='word_1_889' title='bbox 2950 5633 2965 5655; x_wconf 93' lang='lat'><strong>,</strong></span> <span class='ocrx_word' id='word_1_890' title='bbox 2994 5591 3046 5642; x_wconf 85' lang='lat' dir='ltr'><strong>in</strong></span> <span class='ocrx_word' id='word_1_891' title='bbox 3076 5604 3176 5660; x_wconf 83' lang='lat' dir='ltr'><strong>quo</strong></span> <span class='ocrx_word' id='word_1_892' title='bbox 3201 5586 3327 5638; x_wconf 83' lang='lat' dir='ltr'><strong>mihi</strong></span> <span class='ocrx_word' id='word_1_893' title='bbox 3354 5602 3497 5638; x_wconf 84' lang='lat' dir='ltr'><strong>com-</strong></span> 
     </span>
    </p>
   </div>
   <div class='ocr_carea' id='block_1_111' title="bbox 1891 5676 3487 5759">
    <p class='ocr_par' dir='ltr' id='par_1_111' title="bbox 1891 5676 3487 5759">
     <span class='ocr_line' id='line_1_112' title="bbox 1891 5676 3487 5759; baseline -0.008 -19"><span class='ocrx_word' id='word_1_894' title='bbox 1891 5687 2085 5757; x_wconf 79' lang='lat' dir='ltr'><strong>placui,</strong></span> <span class='ocrx_word' id='word_1_895' title='bbox 2117 5687 2287 5757; x_wconf 84' lang='lat' dir='ltr'><strong>ipsum</strong></span> <span class='ocrx_word' id='word_1_896' title='bbox 2319 5683 2493 5739; x_wconf 83' lang='lat' dir='ltr'><strong>audite</strong></span> <span class='ocrx_word' id='word_1_897' title='bbox 2523 5683 2737 5759; x_wconf 80' lang='lat' dir='ltr'><strong>(Matth.</strong></span> <span class='ocrx_word' id='word_1_898' title='bbox 2768 5700 2822 5738; x_wconf 90' lang='lat' dir='ltr'><strong>ltl</strong></span> <span class='ocrx_word' id='word_1_899' title='bbox 2855 5694 2899 5735; x_wconf 84' lang='lat' dir='ltr'><strong>et</strong></span> <span class='ocrx_word' id='word_1_900' title='bbox 2929 5682 3089 5752; x_wconf 82' lang='lat' dir='ltr'><strong>xvn),</strong></span> <span class='ocrx_word' id='word_1_901' title='bbox 3122 5688 3175 5733; x_wconf 92' lang='lat' dir='ltr'><strong>et</strong></span> <span class='ocrx_word' id='word_1_902' title='bbox 3194 5677 3311 5730; x_wconf 89' lang='lat' dir='ltr'><strong>sine</strong></span> <span class='ocrx_word' id='word_1_903' title='bbox 3338 5676 3487 5729; x_wconf 83' lang='lat' dir='ltr'><strong>veri-</strong></span> 
     </span>
    </p>
   </div>
   <div class='ocr_carea' id='block_1_112' title="bbox 1889 5765 3495 5869">
    <p class='ocr_par' dir='ltr' id='par_1_112' title="bbox 1889 5765 3495 5869">
     <span class='ocr_line' id='line_1_113' title="bbox 1889 5765 3495 5869; baseline -0.014 -30"><span class='ocrx_word' id='word_1_904' title='bbox 1889 5791 1997 5839; x_wconf 86' lang='lat' dir='ltr'><strong>tate</strong></span> <span class='ocrx_word' id='word_1_905' title='bbox 2018 5782 2195 5838; x_wconf 90' lang='lat' dir='ltr'><strong>carnis</strong></span> <span class='ocrx_word' id='word_1_906' title='bbox 2212 5797 2317 5836; x_wconf 91' lang='lat' dir='ltr'><strong>non</strong></span> <span class='ocrx_word' id='word_1_907' title='bbox 2336 5787 2730 5852; x_wconf 82' lang='lat' dir='ltr'><strong>prmestaretur</strong></span> <span class='ocrx_word' id='word_1_908' title='bbox 2749 5777 2987 5831; x_wconf 81' lang='lat' dir='ltr'><strong>Joannes</strong></span> <span class='ocrx_word' id='word_1_909' title='bbox 3008 5793 3021 5829; x_wconf 91' lang='lat'><strong>:</strong></span> <span class='ocrx_word' id='word_1_910' title='bbox 3053 5772 3185 5826; x_wconf 81' lang='lat' dir='ltr'><strong>Ecce</strong></span> <span class='ocrx_word' id='word_1_911' title='bbox 3204 5784 3368 5869; x_wconf 57' lang='lat' dir='ltr'><strong>agna:</strong></span> <span class='ocrx_word' id='word_1_912' title='bbox 3390 5765 3495 5869; x_wconf 52' lang='lat' dir='ltr'><strong>Dei</strong></span> 
     </span>
    </p>
   </div>
   <div class='ocr_carea' id='block_1_113' title="bbox 1888 5857 3489 5951">
    <p class='ocr_par' dir='ltr' id='par_1_113' title="bbox 1888 5857 3489 5951">
     <span class='ocr_line' id='line_1_114' title="bbox 1888 5857 3489 5951; baseline -0.016 -14"><span class='ocrx_word' id='word_1_913' title='bbox 1888 5896 2002 5937; x_wconf 75' lang='lat' dir='ltr'><strong>ecce</strong></span> <span class='ocrx_word' id='word_1_914' title='bbox 2054 5876 2140 5951; x_wconf 80' lang='lat' dir='ltr'><strong>qui</strong></span> <span class='ocrx_word' id='word_1_915' title='bbox 2184 5876 2317 5932; x_wconf 81' lang='lat' dir='ltr'><strong>tollit</strong></span> <span class='ocrx_word' id='word_1_916' title='bbox 2367 5885 2573 5947; x_wconf 74' lang='lat' dir='ltr'><strong>peccata</strong></span> <span class='ocrx_word' id='word_1_917' title='bbox 2601 5872 2780 5928; x_wconf 84' lang='lat' dir='ltr'><strong>mundi</strong></span> <span class='ocrx_word' id='word_1_918' title='bbox 2831 5867 3041 5941; x_wconf 68' lang='lat' dir='ltr'><strong>(10am,</strong></span> <span class='ocrx_word' id='word_1_919' title='bbox 3075 5864 3135 5937; x_wconf 88' lang='lat' dir='ltr'><strong>t).</strong></span> <span class='ocrx_word' id='word_1_920' title='bbox 3170 5860 3298 5919; x_wconf 88' lang='lat' dir='ltr'><strong>Sine</strong></span> <span class='ocrx_word' id='word_1_921' title='bbox 3325 5857 3489 5914; x_wconf 78' lang='lat' dir='ltr'><strong>Verbi</strong></span> 
     </span>
    </p>
   </div>
  </div>
