3950 6360
374 350 476 405 ηδ

1190 349 1526 407 ΕΡιςΤοιΑ
1565 352 1701 408 CAII
1742 350 1945 408 ΡΑΡλΕ
1982 352 2076 409 AD
2107 350 2410 410 FELICEM
2449 350 2850 409 EPISCOPUM.

3571 354 3674 411 itu

372 466 527 539 lythi,
564 469 867 533 exorcistte,
900 467 1069 523 lector
1125 468 1178 521 in
1219 467 1365 522 omni
1415 470 1535 523 loco
1578 478 1978 538 repraesentans
2005 472 2057 531 Α
2084 467 2391 540 Zosimique
2442 480 2678 541 tempora
2727 468 2977 526 Gelasius
3026 472 3184 540 epist.
3235 487 3323 537 st,
3355 486 3404 526 c.
3455 470 3510 538 :2,
3548 472 3678 527 licet

374 561 733 617 οιιςεαιιίιιιιι.ι
758 580 778 613 ι
805 560 953 616 Idem
984 571 1160 616 tamen
1188 564 1534 617 constitutum
1563 576 1658 617 seu
1686 544 1973 618 concilium

373 667 495 722 cap.
551 654 617 717 5,
672 653 873 708 ostiarii
928 652 1217 715 meminit,
1260 654 1346 708 ubi
1396 654 1659 723 legimus:
1714 674 1732 707 ‹
1769 654 1840 710 Ut
1869 669 1973 709 non

378 748 666 819 presbyter
691 747 951 801 adversus
977 747 1290 817 cpi-conum
1318 790 1332 814 ,
1367 764 1473 803 non
1501 748 1761 803 diaconus
1787 750 1978 805 adver-

374 853 469 892 sus
498 840 899 910 presbyterum.
929 855 1033 893 non
1064 840 1432 895 subdiaconus
1478 840 1740 895 adversus
1785 840 1973 897 diaco—

381 944 542 997 num,
577 947 682 983 nou
725 932 993 986 cxorcisla
1019 931 1281 986 adversus
1313 932 1724 995 subdiaconnm,
1750 947 1855 988 anu
1896 934 1976 989 le-

384 1034 502 1079 ctor
550 1023 812 1079 adversus
853 1024 1217 1091 exorcistam,
1277 1040 1381 1079 non
1437 1025 1692 1081 ostiarius
1721 1025 1980 1082 adversus

386 1119 645 1173 lectorem
671 1117 758 1173 det
781 1118 1175 1184 accusationem
1199 1120 1454 1188 aliquam.
1496 1138 1511 1169 ι
1545 1119 1888 1189 Quapmpter
1912 1134 1979 1175 ex

380 1208 560 1267 Siricii
615 1209 881 1264 Zosimive
935 1208 1156 1263 silentio
1212 1210 1437 1264 minime
1487 1206 1830 1270 inferendum
1897 1218 1981 1265 est

377 1303 512 1374 ipsis
545 1305 781 1371 ignotum
816 1302 978 1359 fuisse
1008 1305 1213 1359 ostiarii
1246 1304 1497 1375 gradum,
1537 1322 1716 1376 quem,
1744 1319 1800 1360 ut
1841 1305 1977 1360 dixi-

380 1412 521 1455 mus.
552 1396 837 1450 Cornelius
883 1396 1121 1467 agnovit.
1171 1396 1299 1452 lotle
1342 1406 1520 1452 tamen
1564 1397 1743 1467 colligi
1804 1406 1980 1466 potest

374 1487 501 1541 illos
529 1488 597 1541 ab
627 1487 726 1550 eis,
749 1488 838 1555 qui
868 1488 1015 1543 clero
1043 1503 1239 1543 nomen
1272 1488 1491 1557 dabant,
1522 1504 1860 1559 nequaquam
1886 1505 1981 1544 ue-

381 1579 619 1633 ccssario
645 1579 965 1649 exigendum
1012 1582 1309 1647 censuisse,
1346 1589 1404 1636 ut
1429 1581 1636 1635 ostiarii
1669 1581 1975 1637 ministerio

388 1672 761 1739 fungerentur.
794 1671 955 1727 Crrte
1006 1672 1262 1739 infantes,
1292 1689 1428 1743 quos
1454 1690 1622 1729 sacra:
1647 1674 1861 1733 militia:
1885 1675 1983 1730 ad-

388 1763 552 1818 scribi
582 1763 859 1828 vtilebant,
883 1779 1004 1817 cum
1027 1765 1171 1823 brevi
1212 1766 1483 1835 potuerint
1507 1765 1770 1820 lectorem
1798 1764 1983 1821 ofllcio

2081 561 2290 615 osﬁarii
2316 562 2540 632 gradum
2566 570 2839 630 agnoscat,
2870 561 3069 618 ibidem
3109 573 3287 617 tamen
3325 563 3629 631 praescrihit
3657 580 3672 617 :

2089 678 2105 700 ι
2138 652 2192 710 Si
2220 655 2340 724 quis
2385 655 2547 707 etiam
2579 656 2645 708 tle
2674 654 2928 722 religioso
2980 658 3252 725 proposito
3280 665 3335 710 et
3360 655 3664 727 disciplinis

2084 745 2558 800 monasterialibus
2604 745 2847 800 eruditus
2892 746 2957 800 ad
3003 746 3254 803 “clericale
3300 762 3493 801 munus
3516 762 3673 807 acce—

2083 837 2232 891 dit...
2255 836 2515 891 coutinuo
2540 837 2712 891 lector
2742 836 2826 892 vel
2858 838 3101 892 notarius
3128 846 3221 891 aut
3246 845 3394 892 certe
3421 836 3681 894 defensor

2082 927 2329 992 eﬂ’ectus,
2352 939 2469 998 post
2494 938 2605 984 tres
2632 944 2847 984 menses
2893 929 3090 984 existat
3120 930 3422 1001 acolythus.
3442 930 3681 986 maxime

2083 1023 2128 1077 si
2160 1022 2283 1076 huic
2310 1031 2442 1075 mtas
2470 1022 2633 1076 etiam
2678 1021 3023 1090 suﬂ‘ragatur,
3058 1031 3212 1076 sexto
3245 1038 3429 1077 mense
3455 1023 3681 1078 subdia-

2083 1117 2204 1170 coui
2238 1130 2435 1169 nomen
2484 1115 2713 1184 accipiat
2744 1133 2759 1179 ;
2794 1134 2812 1166 ‹
2842 1115 3085 1184 adeoque
3113 1131 3216 1170 non
3267 1115 3428 1171 modo
3449 1115 3681 1182 ostiarii,

2085 1208 2179 1262 sed
2199 1217 2254 1261 et
2280 1206 2566 1263 exorcistaa
2591 1206 2816 1278 gradum
2850 1207 3114 1278 pra‘teriri
3141 1208 3417 1278 permittit.
3439 1208 3519 1263 Nil
3543 1224 3683 1277 opus

2090 1308 2176 1353 est
2209 1298 2297 1352 hic
2326 1299 2569 1368 exempla
2598 1314 2786 1353 eorum
2834 1299 3097 1370 proferre,
3139 1301 3230 1371 qui
3257 1301 3434 1371 aliquo
3481 1301 3683 1371 praedi-

2083 1404 2293 1448 ctorum
2339 1403 2546 1464 septem
2587 1394 2850 1464 graduum
2875 1437 2890 1459 ,
2942 1395 3029 1451 vel
3080 1394 3240 1449 etiam
3273 1395 3512 1465 pluribus
3544 1410 3686 1465 pne-

2088 1490 2371 1556 termissis,
2401 1488 2773 1559 episcopatum
2798 1489 2975 1555 adepti
3024 1500 3169 1544 sunt.
3201 1488 3463 1557 Quocirca
3494 1488 3688 1545 decre-

2091 1593 2227 1648 tum,
2256 1581 2325 1636 de
2353 1597 2461 1651 quo
2499 1582 2731 1652 agimus,
2757 1581 2823 1636 ad
2855 1582 3039 1637 Caium
3070 1582 3238 1637 nihilo
3264 1583 3434 1652 magis
3464 1581 3680 1637 videtur

2094 1674 2390 1744 pertinere,
2419 1689 2580 1743 quam
2614 1673 2881 1741 pertineat
2909 1673 2975 1728 ad
3004 1673 3321 1729 Silvestrutii
3354 1674 3514 1738 isrud,
3537 1673 3686 1744 quod

2093 1766 2311 1820 nomine
2340 1765 2554 1820 concilii
2588 1764 2818 1821 Romani
2848 1782 2925 1827 tu,
2959 1765 3058 1821 sub
3085 1765 3185 1820 hoc
3234 1782 3369 1838 papa
3411 1767 3689 1837 vulgatum

385 1854 556 1925 fungi,
586 1872 691 1909 non
722 1864 828 1909 tam
856 1856 966 1910 cito
996 1856 1199 1912 ﬁebant
1226 1856 1382 1911 validi
1432 1868 1486 1912 et
1508 1856 1573 1911 ad
1602 1856 1873 1927 implenda
1897 1874 1989 1913 os-
2016 1874 2065 1932 Β
2091 1869 2213 1913 est:
2250 1877 2269 1909 ‹
2298 1858 2354 1914 Si
2384 1858 2506 1929 quis
2549 1858 2864 1913 clericatum
2916 1860 3210 1928 promereri
3255 1858 3547 1925 desiderat,
3583 1858 3691 1913 hoc

390 1946 531 2001 tiarii
561 1947 739 2000 munia
781 1946 982 2002 idoiiei.
1011 1946 1214 2003 Eorum
1247 1948 1446 2019 quippe
1482 1959 1600 2003 erat
1630 1948 1697 2002 ab
1725 1948 1983 2003 Ecclesizr.

388 2037 536 2092 aditu
572 2037 820 2105 indignos
869 2038 1153 2109 repellere.
1202 2039 1555 2110 Augustinus,
1580 2040 1673 2094 lih.
1704 2041 1767 2093 de
1796 2039 1987 2095 Pasto-

383 2129 547 2193 ribus,
581 2146 716 2183 nunc
754 2130 925 2184 Serm.
982 2130 1072 2194 46,
1106 2148 1158 2184 n.
1219 2133 1313 2195 3i,
1343 2130 1635 2193 describit.
1681 2148 1789 2202 quo
1836 2143 1991 2201 pacto

386 2220 527 2290 apud
556 2219 861 2274 Donatistas
892 2222 1165 2289 ostiarius,
1209 2241 1227 2273 ‹
1265 2233 1414 2277 stans
1446 2224 1527 2278 vel
1567 2221 1765 2278 sedens
1791 2223 1857 2278 ad
1884 2239 1977 2284 os-

392 2316 528 2367 tium
562 2333 581 2365 ι
609 2312 972 2379 basilicarum,
992 2330 1087 2371 eos
1112 2316 1408 2387 interroget
1434 2317 1523 2387 qui
1555 2317 1763 2371 intrare
1792 2317 1978 2383 velint,

398 2420 461 2461 ac
486 2406 729 2479 projiciat
765 2407 856 2478 qui
884 2423 987 2463 non
1016 2409 1123 2463 sint
1151 2409 1392 2477 ejusdem
1438 2410 1853 2465 communioiiis.
1878 2407 1979 2463 Cui

395 2500 606 2556 muneri
658 2501 888 2571 impares
932 2511 1084 2556 erant
1130 2499 1378 2557 infantes.
1420 2500 1603 2573 Longe
1650 2513 1773 2573 post
1802 2501 1978 2558 Siricii

963 2770 1881 2889 EPISTOLA
1956 2756 1993 2830 (ί

2125 2772 2519 2888 CA1!
2592 2773 3133 2888 ΡΔΡΕ

2084 1951 2290 2020 justum
2314 1960 2422 2016 est,
2459 1960 2517 2005 ut
2540 1951 2609 2005 sit
2635 1946 2904 2005 ostiarius
2940 1966 3139 2006 annum
3174 1967 3364 2015 unum,
3398 1952 3565 2007 lector
3584 1968 3689 2007 au-

2090 2060 2189 2100 nos
2218 2044 2429 2115 viginti,
2462 2046 2729 2100 csorcista
2763 2060 2938 2100 annos
2965 2047 3174 2109 decem,
3206 2044 3492 2117 acolythus
3513 2060 3693 2102 annos

2092 2140 2349 2209 quinque,
2380 2137 2743 2206 subdiaconus
2797 2154 2970 2192 annos
3012 2140 3267 2209 quinque,
3298 2140 3559 2193 diaconus
3585 2154 3684 2194 an-

2099 2243 2198 2282 nos
2226 2230 2483 2298 quinque,
2514 2236 2570 2282 et
2590 2228 2634 2282 si
2663 2228 2730 2281 ad
2778 2228 3037 2283 honorem
3084 2230 3401 2299 presbyterii
3436 2230 3683 2294 accedat,

2092 2326 2149 2374 et
2174 2318 2378 2374 faciens
2410 2319 2463 2373 in
2482 2319 2675 2373 ordine
2707 2334 2879 2374 anuos
2901 2334 3068 2374 sex...
3102 2321 3180 2376 sic
3205 2322 3273 2375 ab
3309 2321 3453 2374 omni
3492 2320 3685 2377 Eccle-

2084 2413 2163 2468 sia
2189 2413 2417 2483 eligatur
2443 2412 2839 2468 consecrandus
2863 2413 3163 2483 episcopus.
3199 2433 3216 2464 ι
3249 2410 3553 2469 Cousrsu'r.

1607 2988 1699 3043 AD
1740 2984 2039 3045 FELICEM
2080 2978 2487 3047 EPISCOPUM.

397 3156 550 3227 Quoo
578 3170 766 3212 PAGANI
813 3169 915 3210 non
957 3167 1171 3209 rossmr
1209 3168 1559 3209 CHRISTIANOS
1587 3166 1856 3208 sccussns
1886 3167 1901 3204 :
1929 3168 1997 3206 ne
2024 3153 2068 3215 C
2102 3154 2190 3221 qui
2220 3162 2603 3223 perscrutantur
2620 3154 2905 3208 testimonia
2927 3155 3059 3224 ejus,
3089 3163 3135 3208 et
3162 3156 3213 3209 in
3232 3164 3335 3209 toto
3358 3156 3512 3211 corde
3533 3157 3713 3226 exqui-

472 3266 835 3309 ACCUSATIONE
878 3263 1111 3305 EPlSCOPI
1130 3288 1146 3311 ν
1176 3264 1404 3315 ειυεριιε
1434 3262 1865 3303 Αεουδλτοκιιιυε
1884 3289 1897 3304 .
1932 3262 1999 3303 DE

474 3359 859 3402 EXPOLIATIONE
892 3357 996 3397 Αυτ
1025 3354 1383 3407 Εκνυιδιοιιε,
1416 3354 1485 3394 ΕΤ
1517 3355 1583 3394 DE
1612 3354 1999 3394 INCAIINATIUNE

473 3440 686 3493 Domst.

476 3536 515 3591 ι.
544 3532 783 3605 Paganos
800 3542 845 3586 et
864 3532 1126 3586 hwreticos
1137 3546 1239 3585 non
1251 3545 1398 3601 posse
1408 3544 1649 3583 accusare
1660 3525 1999 3582 Christianos.

477 3628 541 3685 ll.
587 3626 897 3699 Epist-apum
946 3642 1047 3680 non
1077 3624 1425 3685 accusandum
1445 3624 1585 3694 apud
1612 3621 1817 3693 judices
1839 3636 2004 3676 seacu-

406 3722 541 3776 lares
553 3764 561 3773 .

476 3814 567 3872 III.
610 3813 690 3869 De
713 3815 969 3885 episcopo,
1000 3812 1290 3883 presbytero
1310 3852 1325 3877 ,
1367 3821 1454 3865 aut
1502 3810 1716 3865 diacono
1738 3852 1754 3877 ,
1785 3811 1864 3865 vel
1886 3810 2008 3865 reli-

399 3913 514 3984 quis
541 3910 740 3966 clericis
763 3909 905 3980 apud
933 3905 1195 3981 episcopos
1220 3907 1537 3962 accusandis.

479 4004 569 4060 IV.
616 4002 692 4057 De
730 3992 809 4058 his
836 4006 923 4072 qui
952 4013 1135 4073 negant
1160 4001 1298 4056 verbi
1324 3999 1423 4055 Dei
1473 4002 1888 4058 incarnationem.

480 4098 546 4154 V.
575 4097 728 4164 Quod
754 4096 823 4150 ad
844 4112 984 4157 spem
1013 4096 1127 4149 vita'
1155 4106 1361 4150 caterua:
1397 4095 1651 4167 perveniri
1684 4111 1782 4149 non
1812 4098 2008 4168 possit,

409 4195 511 4251 nisi
539 4210 629 4263 per
655 4191 984 4248 mediatorem
1012 4188 1111 4246 Dei
1140 4200 1187 4243 et
1234 4190 1498 4245 hominum
1527 4188 1785 4245 Christum
1810 4187 2003 4246 Iesum.

474 4287 564 4345 Vl.
608 4285 684 4341 De
713 4284 971 4341 ordinibus
996 4285 1366 4341 ecclesiasticis.

628 4424 973 4482 Dilectissimo
997 4426 1147 4496 frtitri
1176 4422 1341 4479 Felici
1370 4424 1608 4497 episcOpo
1637 4421 1813 4478 Caius.

485 4563 727 4618 Directas
757 4560 825 4616 ad
854 4574 950 4615 nos
975 4568 1080 4614 ture
1106 4558 1380 4614 charitatis
1408 4556 1677 4631 (Vigilius,
1701 4576 1763 4629 ep
1806 4556 1887 4629 2).
1908 4558 2017 4628 epi-

413 4658 582 4713 stolas
630 4654 816 4725 plcnas
862 4652 1146 4709 catholica:
1204 4651 1560 4720 inqui-itionis
1610 4651 2011 4716 sollicitudine,

418 4758 695 4820 gratanter
748 4745 1078 4815 accepimus,
1129 4741 1512 4799 benediceutes
1583 4741 1793 4797 Domini
1842 4744 2013 4798 nostri

410 4843 791 4901 clementiam:
838 4840 965 4911 quia
1008 4839 1144 4893 tales
1166 4838 1242 4892 ab
1266 4838 1521 4893 extremis
1553 4837 1737 4891 mundi
1771 4836 2012 4907 partibus

412 4940 662 5012 dignatur
686 4937 795 4993 suis
821 4934 1011 4991 ovibus
1052 4931 1337 5003 providere
1368 4940 1643 5002 pastores,
1675 4946 1773 5002 per
1795 4948 1931 5001 quos
1956 4940 2012 4988 et

418 5030 637 5104 pascuis
691 5029 903 5083 valeant
956 5025 1280 5081 salutaribus
1323 5021 1617 5086 abundare,
1669 5033 1723 5077 et
1751 5022 1821 5076 ab
1846 5022 2013 5092 iniqui

410 5127 524 5196 lupi
572 5133 598 5161 α
646 5121 943 5193 rapacitate
984 5119 1222 5185 sacrari,
1266 5125 1325 5172 ut
1355 5115 1577 5172 insidias
1598 5126 1868 5186 nequeant
1892 5114 2011 5185 ejus

415 5219 775 5289 sulireptionis
815 5217 1117 5271 incurrere.
1164 5211 1320 5269 Unde
1349 5219 1559 5267 certum
1591 5220 1706 5277 est,
1734 5224 1857 5282 quia
1890 5223 2013 5280 pro.

413 5317 597 5373 missae
618 5330 713 5370 vos
741 5311 1083 5369 beatitudinis
1108 5310 1279 5381 gratia
1318 5306 1708 5376 subsequatur,
1740 5302 1957 5375 quando
1980 5320 2034 5374 a4

412 5412 567 5468 vobis
605 5408 907 5465 caelestium
940 5405 1194 5477 periectio
1241 5402 1647 5467 doctrinarum,
1679 5407 1786 5453 tam
1828 5398 2011 5454 votiva

410 5501 766 5560 suscitatione
808 5496 1156 5572 perquiritur.
1205 5495 1475 5567 Scriptum
1519 5504 1604 5551 est
1647 5491 1786 5550 enim
1818 5510 1833 5548 :
1860 5490 2009 5547 Beati

473 5642 555 5717 (l)
583 5639 869 5715 Supposita
890 5638 958 5695 ab
976 5636 1199 5697 Isidoro.
1234 5635 1401 5695 LABB.

2105 3258 2225 3302 runt
2254 3264 2370 3303 eum
2399 3247 2564 3322 (Psal.
2600 3252 2808 3317 csvtu).
2838 3247 2951 3303 Hoc
2974 3263 3135 3319 ergo,
3162 3247 3327 3305 frater
3355 3250 3707 3319 charissima,

2106 3341 2440 3411 proiiositum
2471 3352 2575 3395 tuae
2600 3342 3012 3396 consultatiOnis
3036 3351 3144 3395 tota
3170 3352 3352 3397 mente
3384 3354 3707 3411 tractantes,

2107 3431 2177 3487 de
2206 3442 2256 3487 te
2282 3447 2499 3503 quoque
2525 3431 2813 3503 provenire
2857 3432 3199 3497 COItﬁdituus,
3234 3437 3323 3504 qui
3354 3437 3592 3505 rrgttlam
3621 3452 3714 3491 ca-

2110 3524 2323 3580 tholicae
2350 3524 2475 3580 ﬁdei
2514 3525 2704 3579 iisdem
2754 3524 2940 3580 studes
2992 3535 3176 3581 tenere
3211 3508 3471 3597 vestigiis,
3518 3529 3713 3598 quibus

2108 3635 2224 3675 eam
2270 3619 2323 3673 in
2352 3619 2642 3689 apostolica
2686 3619 2815 3674 sede
2844 3620 3126 3689 cognoscis
3154 3634 3275 3675 esse
3308 3620 3603 3676 [trudatanr
3642 3624 3713 3679 Et

2110 3712 2354 3781 quamvis
2397 3727 2553 3766 sonus
2581 3727 2756 3765 eorum
2795 3720 2897 3765 toto
2938 3711 3059 3765 orbe
3083 3711 3339 3777 di/Iusns,
3381 3724 3427 3768 et
3462 3732 3617 3786 usque
3643 3720 3713 3771 ad

2111 3804 2239 3873 ﬁnes
2263 3803 2399 3858 orbis
2424 3814 2575 3857 terra:
2613 3804 2761 3856 verba
2797 3819 2972 3857 eorum
3000 3806 3226 3859 distensa
3266 3804 3436 3874 (Psut.
3473 3824 3621 3873 xvut,
3652 3826 3719 3864 ex

2112 3913 2243 3952 vers.
2275 3894 2472 3968 Hier.),
2505 3895 2808 3951 dilectionis
2858 3906 2961 3951 tua:
3009 3898 3172 3953 corda
3198 3897 3417 3954 Christo
3464 3903 3717 3963 probave-

2112 4004 2237 4048 runt
2284 4007 2405 4048 esse
2438 3991 2653 4047 fidelia:
2689 4002 2866 4046 tamen
2894 3994 2939 4046 si
2965 3991 3090 4062 quid
3121 4007 3188 4045 ex
3228 3991 3309 4047 his
3353 3994 3403 4046 in
3436 3992 3675 4051 Ecclesia
3700 4038 3714 4061 ,

2117 4103 2236 4158 qua:
2270 4098 2375 4143 tute
2406 4086 2803 4158 gubernationi,
2832 4086 3056 4140 Domino
3079 4086 3392 4151 auxiliante,
3424 4088 3718 4143 commissa

2116 4191 2219 4247 est,
2242 4180 2469 4237 necdum
2491 4180 2646 4251 plena
2667 4180 2787 4234 lucc
2807 4178 3089 4242 claruerit,
3120 4177 3186 4232 ad
3209 4178 3457 4232 etundem
3487 4177 3715 4245 fontem,

2115 4273 2184 4331 de
2208 4290 2315 4345 quo
2355 4274 2446 4329 illa
2491 4273 2742 4328 salutaris
2787 4282 3027 4327 tuauarat
3065 4269 3306 4343 lympha,
3337 4271 3631 4337 recurritis,
3665 4272 3720 4327 id

2116 4380 2219 4435 est,
2250 4368 2391 4440 quod
2416 4368 2593 4423 debita
2626 4367 2887 4422 charitatc
2915 4379 3102 4419 sumus
3123 4364 3396 4435 amplexi:
3427 4364 3548 4434 quia
3579 4364 3721 4420 lidu~

2118 4461 2326 4517 cialiter
2344 4461 2412 4516 de
2435 4460 2540 4525 Itis,
2564 4461 2707 4516 unde
2723 4459 2861 4529 apud
2884 4473 2981 4511 vos
2993 4456 3388 4512 observantiam
3406 4471 3527 4513 esse
3547 4457 3721 4514 dixis-

2124 4554 2191 4609 tis
2238 4554 2563 4625 ambiguam,
2614 4560 2797 4607 nostra
2840 4548 3083 4605 voluisds
3110 4548 3464 4618 responsione
3487 4550 3717 4607 firmari.

2120 4647 2458 4718 QuaprOpter
2486 4647 2827 4702 dilectionem
2862 4655 3005 4699 tuam
3039 4642 3092 4697 in
3128 4641 3354 4696 Domino
3381 4644 3680 4700 salutantes
3701 4689 3718 4710 ,

2118 4739 2187 4795 de
2231 4740 2484 4810 singulis,
2534 4739 2658 4810 quid
2702 4740 2853 4809 juxta
2896 4737 3213 4792 catholicam
3242 4733 3577 4804 disciplinam
3640 4748 3725 4792 te-

2118 4845 2242 4891 neat
2278 4836 2589 4905 apostolicaa
2616 4832 2770 4891 sedes
2813 4832 3139 4900 auctoritas,
3169 4832 3424 4903 subjectis
3450 4831 3723 4900 aliquibus
3796 4838 3799 4841 ’

2108 4929 2275 4984 etiam
2305 4938 2613 4983 sanctorum
2636 4926 2877 4999 capitalis
2900 4926 3226 4997 regularum,
3258 4924 3530 4982 credimus
3555 4921 3584 4962 δ
3627 4925 3719 4981 in-

2116 5022 2453 5077 struendum.

2186 5107 2227 5162 l.
2264 5108 2443 5164 Primo
2467 5108 2682 5180 quidem
2703 5108 2862 5173 scias,
2887 5121 3122 5179 paganos
3142 5105 3189 5176 (l
3206 5110 3223 5176 )
3240 5115 3294 5162 et
3321 5102 3605 5160 haereticos
3635 5104 3720 5179 (Ξ,

2115 5220 2169 5276 q.
2194 5207 2247 5261 7.
2285 5205 2484 5277 Pagani
2507 5215 2554 5261 et
2592 5204 2835 5277 haeretici)
2862 5190 2967 5261 non
3008 5220 3167 5276 posse
3193 5203 3528 5261 Christianos
3555 5218 3724 5260 accu-

2115 5318 2258 5370 sare,
2288 5310 2380 5357 aut
2402 5315 2588 5381 vocem
2613 5301 2697 5356 eis
2719 5299 3084 5355 infamatimiis
3110 5298 3331 5353 inferre.

2187 5420 2265 5494 (1)
2289 5421 2413 5494 _Bar.
2450 5418 2501 5472 in
2533 5416 2762 5494 n0tis_ad
2791 5418 2853 5471 5|
2885 5414 3146 5494 Januarii.
3178 5430 3269 5469 an.
3298 5413 3426 5477 551,
3456 5411 3531 5494 ait
3548 5413 3720 5494 Opta-

2118 5484 2258 5549 tum'
2287 5492 2388 5546 hic
2434 5504 2565 5544 voce
2610 5489 2838 5560 primum
2882 5489 3047 5542 luisse
3090 5501 3283 5560 usum,
3319 5495 3430 5540 tum
3471 5484 3724 5542 Pruden-

2123 5566 2277 5627 tium,
2301 5562 2463 5635 Aug.,
2483 5570 2588 5618 etc.
2600 5556 2623 5631 ,⁷
2644 5576 2743 5618 nec
2764 5570 2889 5616 ante
2912 5560 3076 5631 impp.
3106 5556 3237 5615 Chr.
3269 5567 3512 5628 tempora
3540 5572 3719 5614 usur-

2123 5647 2320 5692 natam.

2120 5652 2320 5710 palam.

1664 5752 2047 5818 LECTIONES
2083 5752 2175 5812 VA
2186 5748 2501 5809 RIANTES.

462 5876 486 5906 ⁸
525 5876 721 5938 Antiqui
745 5875 915 5927 hostes
938 5870 1085 5922 Labb.

2170 5864 2201 5906 ι
2234 5863 2540 5919 Credidimus
2564 5861 2713 5919 Labh.
