3950 6330
202 363 281 421 lilii
1049 368 1375 426 EPISTOLA
1413 366 1547 425 CAll
1592 364 1793 423 PAP/E
1832 365 1924 423 AD
1964 364 2267 424 FELICEM
2311 366 2717 425 EPISCOPUM.

3418 368 3520 423 186

254 486 311 541 ll.
354 485 569 542 Deinde
598 500 779 543 nemo
811 504 1072 561 umquam
1104 489 1412 560 episcopum
1444 486 1583 559 apud
1603 486 1813 558 judices
1841 490 1889 547 Λ
1920 486 2017 542 Dei
2046 489 2267 559 aequalis
2293 499 2378 545 est
2402 488 2545 544 Patri
2600 486 2891 557 (Philipp.,
2934 486 2993 558 ιι)
3041 486 3093 541 in
3146 485 3319 542 forma
3374 488 3518 543 servi

199 578 492 644 simulares,
526 592 625 634 aut
655 580 807 636 alios
836 583 1092 649 clericos,
1123 597 1375 637 accusare
1408 591 1717 652 prmsumat.

259 674 337 729 lll.
369 675 513 730 Etsi
547 677 679 745 quis
712 678 1033 747 episcopus,
1062 678 1366 748 presbyter,
1400 689 1490 731 ant
1523 678 1781 732 diaconus
1802 718 1815 740 ,

202 769 269 823 vel
309 768 535 837 quilibet
590 770 817 832 clerici,
846 772 991 838 apud
1033 772 1316 842 cpiscopus
1356 771 1499 846 (quia
1550 772 1676 825 alibi
1710 787 1816 825 non

203 870 394 929 op0rtet
422 877 453 913 a
482 862 742 929 qualibet
776 878 1008 931 persona
1040 879 1162 934 qum
1210 867 1309 920 rite
1350 864 1655 934 recipienda
1709 867 1817 937 est)

1924 582 2191 652 particeps
2219 592 2442 639 essetet
2466 582 2661 645 nostri,
2697 592 2754 635 ut
2782 581 2972 636 mortis
3021 580 3328 641 vinculum.
3357 582 3520 638 unius

1924 675 2361 742 pralvaricatione
2400 682 2762 735 contractum,
2795 673 2954 727 ttnius
2982 686 3157 729 morte
3206 674 3319 746 (qui
3366 675 3518 731 solus

1923 764 2082 818 morti
2130 765 2258 818 nihil
2313 764 2518 836 debuit)
2567 765 2909 820 solveretur?
2941 765 3142 821 Eﬂusio
3187 768 3330 822 cnim
3374 767 3509 836 justi

1924 859 2201 923 sanguinis
2250 856 2449 911 Clu-isti
2476 902 2492 923 ,
2544 869 2649 912 tam
2685 857 2784 912 fuit
2814 859 2964 913 dives
3006 858 3070 913 ad
3106 860 3359 929 pretium,
3391 860 3519 915 utsi

204 953 377 1009 fuerint
426 955 682 1010 accusati
716 955 869 1029 (tunc
910 969 964 1011 et
1008 958 1201 1012 similia
1253 974 1319 1013 ex
1367 961 1487 1014 cod.
1520 959 1728 1015 Theod.
1764 976 1803 1015 el

1922 949 2245 1004 universitas
2271 951 2605 1019 captivorum
2641 951 2691 1003 in
2722 951 3119 1020 redemptorem
3147 964 3302 1006 suum
3332 951 3521 1008 crede-

203 1048 393 1103 Aniano
425 1049 626 1113 lladr.,
662 1064 791 1119 Cap.
840 1050 957 1121 29.),
1004 1052 1331 1122 quicumque
1361 1052 1539 1117 fuerit,
1584 1055 1696 1106 sive
1727 1053 1818 1108 ille

202 1144 261 1197 sit
286 1144 533 1198 sublimis
553 1146 641 1198 vir
666 1146 920 1205 honoris.
952 1146 1063 1201 sive
1094 1147 1253 1202 ullius
1275 1146 1495 1201 alterius
1520 1145 1813 1215 dignitatis,

201 1240 275 1308 qui
306 1239 405 1293 hoc
433 1254 618 1309 genus
647 1239 983 1293 illaudahilis
1004 1238 1319 1294 intentimiis
1347 1238 1638 1308 arripuerit
1666 1255 1681 1304 ;
1717 1254 1816 1293 no-

201 1332 339 1397 verit,
387 1332 739 1399 probationis
791 1334 1121 1389 documenta
1167 1348 1226 1388 se
1256 1332 1457 1388 debere
1505 1332 1725 1388 inferre.
1759 1333 1816 1389 Si

202 1426 307 1494 quis
347 1442 477 1498 ergo
520 1428 675 1481 circa
728 1426 1043 1497 hujusmodi
1092 1442 1355 1497 personas
1397 1442 1503 1480 non
1538 1425 1813 1496 probanda

204 1518 463 1585 detulerit,
523 1522 864 1577 auctoritate
911 1522 1069 1590 hujus
1100 1522 1399 1576 sattctiunis
1446 1520 1708 1591 intelligat
1756 1534 1815 1575 sc

203 1613 449 1683 jacturam
484 1614 731 1669 infamia:
753 1614 1055 1681 susﬁnere,
1082 1625 1140 1668 ut
1164 1613 1366 1668 damno
1393 1613 1634 1683 pudoris,
1664 1614 1810 1667 testi—

209 1709 444 1761 mationis
476 1708 785 1778 dispendio
830 1708 1041 1773 discat,
1094 1707 1197 1761 sibi
1231 1708 1423 1762 aliena:
1474 1704 1812 1768 verecundia:

211 1799 413 1866 impune
436 1799 726 1865 insidiari,
770 1801 966 1855 saltem
999 1799 1067 1855 de
1094 1809 1296 1855 cmtero
1324 1815 1430 1854 non
1459 1800 1643 1855 licere.
1678 1799 1810 1853 Nam

1920 1053 2022 1103 ret,
2059 1044 2261 1097 nullum
2292 1044 2490 1098 diaboli
2523 1045 2734 1100 vincula
2764 1044 3093 1100 retinerent:
3122 1048 3400 1115 quoniam,
3446 1046 3521 1101 si-

1920 1145 2012 1190 cut
2044 1137 2334 1205 Apostolus
2369 1137 2447 1191 ait
2477 1156 2489 1191 :
2531 1136 2632 1192 Ubi
2665 1138 2939 1193 abundavit
2971 1149 3275 1209 peccatum,
3306 1158 3520 1211 supera-

1919 1227 2161 1283 bundavit
2186 1238 2232 1283 et
2257 1234 2426 1300 gratia
2453 1228 2654 1303 (Rom.,
2680 1228 2759 1302 v).
2783 1230 2848 1285 Et
2867 1246 2987 1286 cum
3020 1233 3117 1287 sub
3149 1234 3353 1301 peccati
3379 1247 3519 1304 pra:-

1913 1323 2117 1392 judicio
2148 1326 2257 1379 nati
2286 1367 2300 1389 ,
2339 1334 2660 1394 potestatem
2712 1326 3022 1395 acceperint
3049 1327 3115 1380 ad
3140 1326 3403 1397 justitiam
3434 1341 3516 1382 re-

1918 1417 2195 1485 nascendi,
2229 1420 2455 1475 validius
2478 1418 2676 1475 factum
2706 1430 2790 1475 est
2810 1420 3010 1475 donum
3044 1422 3326 1485 libertatis,
3357 1416 3518 1493 quam

1918 1512 2156 1567 debitum
2185 1514 2479 1568 servitutis.
2508 1514 2681 1581 Quam
2715 1516 2896 1585 itaque
2928 1516 3030 1571 sibi
3067 1516 3119 1570 in
3152 1516 3313 1587 hujus
3341 1530 3524 1572 sacra-

1918 1603 2085 1659 menti
2136 1606 2387 1675 prtesidio
2431 1622 2583 1676 spem
2628 1607 2965 1679 relinquunt,
3000 1610 3090 1680 qui
3141 1610 3194 1664 in
3238 1610 3521 1666 Salvatore

1917 1710 2105 1753 nostro
2130 1711 2327 1771 negant
2347 1701 2565 1756 humani
2592 1701 2837 1771 corporis
2852 1702 3177 1757 veritatem?
3207 1700 3393 1758 Dirant
3412 1716 3519 1773 quo

1915 1794 2183 1849 sacriﬁcio
2216 1795 2576 1851 reconciliati:
2612 1796 2795 1850 dicant
2839 1811 2943 1865 quo
2972 1795 3235 1867 sanguine
3280 1797 3389 1851 sint
3424 1810 3513 1851 re-

210 1892 425 1961 qualiter
472 1894 539 1947 ad
568 1894 867 1948 concilium
921 1893 1187 1959 veniatur,
1218 1902 1312 1948 aut
1352 1892 1581 1964 qualiter
1608 1892 1675 1947 de
1702 1893 1814 1946 suis
1844 1883 1891 1943 B
1920 1887 2143 1957 dempti.
2177 1888 2304 1954 Quis
2330 1900 2429 1955 est,
2462 1898 2517 1943 ut
2549 1890 2623 1943 ait
2647 1890 2955 1960 Aposmlus,
2986 1891 3071 1960 qui
3094 1890 3305 1944 tradidit
3332 1903 3518 1945 scatet-

211 1986 359 2039 rebus
406 1987 667 2056 cxpoliati
725 1987 806 2059 (3.
838 2004 890 2057 q.
922 1988 971 2042 1.
1006 1988 1298 2056 Episcopus
1334 1989 1441 2041 suis
1474 1987 1625 2041 rebus
1655 2004 1813 2057 expo-

214 2081 397 2153 liatus).
431 2085 513 2136 vel
547 2084 707 2152 ejecti
741 2100 773 2137 a
801 2083 1022 2138 sedibus
1048 2084 1313 2153 propriis,
1352 2093 1443 2136 aut
1472 2082 1561 2149 qui
1587 2096 1811 2137 acetisa-

214 2182 347 2228 tores
385 2176 492 2229 sint
542 2175 867 2244 recipiendi,
920 2176 1081 2245 quive
1139 2190 1245 2229 nou
1276 2176 1404 2239 sint,
1448 2185 1535 2229 aut
1584 2174 1813 2243 qualiter

214 2268 389 2335 ejectis
410 2276 465 2322 et
490 2268 781 2338 expoliatis
804 2268 915 2322 sint
935 2268 1117 2321 omnia
1142 2267 1353 2337 legibus
1375 2265 1807 2336 redintegranda,

215 2375 323 2429 quae
349 2360 428 2415 eis
454 2360 631 2415 ablata
674 2371 839 2416 sunt:
886 2370 941 2416 et
981 2362 1106 2431 quia
1139 2361 1450 2430 priusquam
1480 2359 1581 2414 hoc
1613 2359 1810 2414 factum

216 2451 382 2521 fuerit,
426 2456 635 2510 nullum
666 2457 875 2510 crimen
907 2456 989 2511 eis
1023 2455 1184 2526 objici
1232 2454 1470 2524 poterit,
1503 2462 1559 2509 et
1584 2454 1813 2523 qualiter

219 2544 319 2599 illis
350 2546 579 2601 indui-ia:
606 2559 731 2619 post
757 2548 1023 2618 integram
1060 2548 1510 2611 instaurationem
1554 2545 1811 2600 anniver-

217 2640 384 2706 sarias,
410 2641 494 2695 vel
518 2656 616 2695 sex
643 2642 937 2707 mensium,
968 2640 1312 2711 indulgentia:
1338 2643 1466 2704 sint,
1501 2650 1554 2693 et
1585 2641 1813 2708 qualiter

216 2745 303 2783 sua
330 2733 504 2786 omnia
556 2734 787 2787 licenter
829 2745 887 2788 et
918 2732 1163 2803 pacifice,
1201 2733 1407 2803 absque
1454 2732 1613 2786 ullius
1662 2732 1811 2801 gravi

218 2823 589 2895 impedimento
611 2826 941 2896 disponere,
972 2836 1027 2882 et
1050 2842 1271 2882 suorum
1301 2826 1600 2881 amicorum
1640 2834 1695 2879 et
1723 2839 1812 2879 ec-

217 2916 626 2973 clesiasticorum
649 2930 864 2988 patrum
885 2920 1135 2974 conciliis
1157 2920 1232 2973 uti
1261 2918 1515 2984 debeant,
1540 2916 1813 2973 sufficien-

218 3019 291 3065 ter
317 3011 382 3065 ab
404 3013 687 3079 apostolis.
721 3026 1026 3081 eorumque
1057 3006 1489 3076 successoribus,
1521 3025 1583 3064 ac
1611 3012 1810 3066 nostris

217 3104 694 3172 praedecessoribus
734 3113 998 3169 statutum
1040 3117 1162 3157 esse
1193 3114 1467 3172 putamus.
1515 3102 1689 3173 Super
1726 3103 1809 3158 his

218 3208 376 3254 autem
400 3213 506 3253 non
532 3213 659 3253 reor
679 3197 914 3267 amplius
938 3211 1085 3250 nunc
1112 3195 1230 3250 fore
1251 3195 1637 3265 diSputandum
1656 3238 1671 3263 ,
1704 3197 1806 3252 nisi

1916 1982 2085 2051 ipsum
2130 1998 2223 2052 pro
2252 1982 2397 2037 nobis
2434 1982 2741 2038 oblationem
2768 1995 2814 2037 et
2843 1983 3065 2038 hostiam
3099 1983 3205 2038 Deo
3235 1984 3290 2036 in
3312 1983 3521 2038 adorent

1916 2075 2180 2129 suavitatis
2218 2073 2462 2147 (Ep/tes.,
2497 2073 2598 2147 v)?
2630 2080 2731 2131 Aut
2763 2076 3169 2151 quodzunquam
3196 2076 3519 2133 sam-ilicium

1917 2169 2181 2223 sacratius
2212 2167 2333 2234 fuit,
2361 2184 2521 2236 quam
2550 2167 2693 2239 quod
2720 2186 2880 2225 verus
2929 2180 2985 2227 et
3022 2180 3257 2225 aeternus
3284 2168 3523 2241 pontifex

1916 2261 2073 2316 altari
2100 2261 2279 2316 crucis
2309 2279 2403 2331 per
2433 2263 2854 2318 immolationem
2884 2279 2997 2317 sua:
3019 2264 3201 2319 carnis
3229 2250 3521 2331 imposuit?

1919 2354 2068 2410 Licet
2099 2355 2151 2407 in
2177 2361 2452 2424 conspectu
2483 2354 2695 2409 Domini
2724 2359 2943 2421 pretiosa
2982 2357 3235 2418 iustorum
3261 2371 3398 2409 mors
3426 2354 3522 2415 fuit

1918 2450 2087 2522 (Psal.
2122 2450 2244 2522 ειν)
2272 2493 2287 2517 ,
2326 2451 2524 2506 nullius
2552 2462 2729 2506 tamen
2758 2452 2986 2506 insontis
3013 2451 3232 2518 occisia,
3265 2449 3521 2520 redemp-

1920 2547 1993 2600 tio
2020 2544 2121 2600 fuit
2149 2544 2354 2599 mllttdt.
2389 2544 2728 2615 Acceperunt
2753 2545 2917 2615 justi,
2953 2560 3057 2599 non
3102 2543 3402 2610 dederunt,
3429 2558 3524 2600 co-

1918 2655 2101 2695 ronas.
2135 2640 2211 2694 De
2244 2638 2560 2694 fortitudine
2590 2638 2825 2693 fidelium
2855 2639 3099 2709 exempla
3128 2647 3250 2691 nata
3277 2648 3403 2693 sunt
3427 2652 3523 2708 pa-

1920 2734 2144 2799 tientiae,
2175 2749 2279 2788 non
2309 2735 2448 2787 dona
2477 2733 2718 2804 jusdtize.
2749 2732 3063 2802 Singulares
3086 2735 3285 2802 quippe
3321 2733 3372 2786 in
3404 2732 3517 2787 sin-

1916 2829 2057 2898 gulis
2086 2830 2276 2881 tnortis
2303 2828 2518 2882 fuerunt
2537 2869 2550 2893 ,
2587 2842 2685 2881 nec
2714 2826 2937 2880 alterius
2966 2826 3249 2895 quisquam
3281 2823 3518 2879 debitum

1917 2938 2017 2977 suo
2065 2921 2169 2976 line
2199 2923 2496 2993 persolvit,
2549 2937 2687 2976 cum
2718 2920 2858 2974 illius
2889 2919 3123 2973 hominis
3146 2962 3161 2984 ,
3196 2934 3337 2973 unus
3372 2919 3521 2974 solus

1919 3014 2179 3068 Dominus
2201 3023 2386 3069 noster
2410 3014 2570 3069 Jesus
2602 3013 2874 3078 Christus,
2904 3013 2994 3083 qui
3037 3028 3162 3067 vere
3187 3022 3305 3067 erat
3331 3012 3522 3082 Agnus

1917 3107 2317 3170 immaculatns,
2345 3104 2604 3169 extiterit,
2630 3104 2682 3158 in
2704 3119 2810 3175 quo
2833 3118 3023 3158 omnes
3038 3103 3307 3167 crucifixi,
3330 3117 3521 3157 omnes

1915 3202 2136 3264 mortui,
2177 3215 2367 3255 omnes
2408 3199 2642 3270 sepulti,
2673 3214 2866 3253 omnes
2896 3198 3058 3253 etiam
3104 3197 3520 3253 suutsusvitati.

215 3292 255 3345 si
282 3294 605 3347 surrexerint
636 3291 766 3346 talia
786 3334 801 3356 ,
838 3304 960 3361 qua:
990 3290 1169 3345 adhuc
1200 3304 1306 3343 non
1348 3301 1473 3344 sunt
1503 3290 1805 3346 manifesta.
1836 3275 1882 3339 Ο
1919 3295 1994 3349 De
2020 3294 2215 3363 quibus
2244 3294 2360 3362 ipse
2388 3293 2602 3359 dicebat
2634 3309 2653 3346 :
2684 3290 2813 3345 Cum
2842 3290 3097 3346 exaltatus
3134 3298 3278 3361 luero
3303 3307 3335 3344 a
3362 3299 3517 3358 terra,

214 3384 261 3438 Si
289 3400 468 3441 eorum
495 3398 683 3440 autem
732 3394 935 3440 statuta
975 3399 1082 3439 non
1116 3382 1419 3439 habueritis
1450 3384 1647 3438 mittite
1678 3384 1811 3439 lide-

214 3478 429 3535 lissimos
460 3483 781 3551 scriptores,
812 3481 905 3550 qui
934 3480 1052 3536 haec
1078 3495 1263 3535 coram
1299 3478 1551 3535 fidelibus
1582 3481 1809 3536 testibus

210 3575 460 3641 excipere,
479 3575 749 3646 vobisque
771 3586 1053 3645 reportare
1074 3573 1177 3629 sub
1191 3574 1545 3644 stipulatione
1569 3574 1803 3630 valeant.

271 3668 354 3723 ιν.
384 3666 681 3735 Caeterum,
710 3679 771 3723 ut
789 3667 1124 3724 satisfaciam
1158 3668 1425 3723 consultis
1456 3671 1562 3722 tuis
1593 3668 1662 3723 de
1687 3685 1807 3723 ver-

206 3760 267 3816 bo
293 3763 679 3819 incarnationis
704 3773 761 3818 et
781 3762 1029 3816 veritatis
1052 3805 1065 3822 .
1109 3761 1441 3833 quicumque
1468 3762 1545 3815 illi
1575 3761 1652 3835 (l)
1680 3772 1807 3818 sunt

204 3856 265 3909 ita
285 3858 538 3911 obcaecati
564 3856 669 3930 (Ξ),
695 3868 751 3911 et
772 3870 802 3909 a
832 3856 1039 3910 lumine
1068 3857 1318 3909 veritatis
1348 3854 1530 3919 alieni,
1564 3867 1619 3909 ut
1647 3856 1805 3911 Verbi

203 3947 286 4003 Dei
318 3966 344 4003 a
373 3960 619 4019 tempore
651 3949 1049 4005 incarnationis
1074 3949 1346 4020 denegent
1380 3952 1685 4018 veritatem,
1715 3968 1804 4008 os-

199 4044 405 4099 tendant
432 4046 486 4099 itt
515 4059 629 4116 quo
656 4044 760 4099 sibi
786 4044 1148 4099 christianum
1198 4059 1397 4099 nomen
1430 4058 1718 4116 usurpent,
1750 4059 1805 4105 et

198 4151 307 4190 cum
336 4137 642 4209 Evangelio
671 4136 920 4193 veritatis
951 4152 1054 4206 qua
1097 4139 1310 4192 ratione
1357 4140 1717 4205 concordent,
1756 4141 1801 4197 si

193 4227 350 4285 beata:
381 4230 621 4300 Virginis
641 4241 823 4302 partu,
853 4240 1091 4285 autcaro
1113 4231 1233 4285 sine
1255 4230 1479 4295 deitale.
1507 4244 1601 4287 aut
1628 4233 1802 4291 deitas

193 4339 269 4379 cst
294 4338 409 4381 orta
436 4328 559 4381 sine
590 4341 785 4381 carne.
830 4326 983 4381 Sient
1014 4326 1159 4379 enim
1192 4326 1378 4395 negari
1422 4341 1529 4382 non
1580 4339 1798 4399 potest,

190 4420 503 4487 evangeli~ta
539 4420 783 4481 dicente,
817 4420 961 4489 quod
1001 4416 1227 4472 Verbum
1256 4436 1377 4472 caro
1408 4420 1602 4488 factum
1625 4431 1722 4486 est,
1755 4432 1804 4477 et

188 4512 418 4566 habitavit
464 4514 522 4566 in
574 4512 725 4566 nobis
771 4512 979 4583 (10am,
1011 4512 1076 4576 ι).
1113 4513 1183 4567 ita
1231 4513 1415 4583 negari
1466 4530 1571 4569 non
1626 4527 1803 4585 potest

189 4604 335 4661 bello
363 4607 618 4674 apostolo
649 4605 815 4660 Paulo
855 4606 1187 4675 praedicante
1207 4649 1220 4670 ,
1254 4605 1397 4676 quod
1446 4607 1583 4661 Deus
1612 4620 1718 4662 erat
1748 4610 1802 4664 in

1916 3387 2092 3443 omnia
2122 3387 2325 3439 (ra/iam
2375 3386 2445 3439 ad
2494 3384 2745 3452 meipsum
2796 3384 3003 3455 (Joan.,
3035 3380 3154 3462 xit).
3190 3383 3351 3439 Fides
3401 3394 3519 3443 ete-

1915 3488 2025 3540 nim
2053 3485 2361 3554 justificaus
2390 3485 2603 3553 impios,
2637 3494 2691 3539 et
2716 3498 2911 3539 creans
2936 3482 3133 3553 juslos,
3166 3484 3233 3539 ad
3274 3483 3519 3538 humani-

1917 3582 2042 3635 tatis
2068 3590 2301 3636 retracta
2333 3578 2699 3650 participium,
2754 3578 2806 3632 in
2854 3578 2948 3632 illo
2979 3578 3211 3648 acquirit
3240 3578 3473 3633 salutem
3499 3619 3516 3644 ,

1912 3678 1965 3731 iu
1996 3691 2104 3746 quo
2129 3676 2247 3730 solo
2278 3674 2441 3729 homo
2465 3688 2524 3728 se
2552 3672 2754 3727 invenit
2775 3672 3138 3732 innocentem.
3166 3672 3395 3727 liberum
3426 3670 3522 3727 ha-

1914 3772 2049 3824 bens
2079 3785 2172 3839 per
2196 3762 2424 3839 gratiam
2474 3768 2567 3823 Dei
2598 3766 2666 3822 de
2698 3768 2817 3835 ejus
2846 3768 3084 3839 potentia
3131 3765 3380 3837 gloriari,
3426 3769 3517 3838 qui

1912 3871 2102 3919 contra
2133 3861 2343 3915 hostem
2380 3862 2597 3923 humani
2640 3860 2855 3929 generis
2886 3859 2939 3913 in
2979 3859 3158 3914 carnis
3185 3868 3385 3914 nostrae
3414 3858 3517 3913 hu-

1914 3958 2144 4013 militate
2188 3970 2509 4026 congressus
2532 3955 2665 4019 ,‘his
2693 3954 2972 4007 victoriam
3005 3968 3158 4008 suam
3209 3954 3432 4019 tribuit,
3461 3955 3516 4009 in

1915 4070 2147 4127 quorum
2180 4068 2411 4124 corpore
2444 4051 2815 4120 triumphavit.
2847 4049 3001 4105 Licet
3030 4065 3163 4121 ergo
3192 4050 3246 4103 in
3271 4065 3378 4104 uno
3405 4050 3516 4105 D0-

1912 4152 2058 4205 mino
2102 4160 2290 4203 nostro
2330 4146 2457 4202 Jcsu
2506 4146 2746 4209 Christo,
2779 4161 2907 4201 vero
2954 4146 3045 4199 Dei
3090 4154 3255 4214 atque
3283 4145 3515 4200 hominis

1910 4244 2068 4307 Filio,
2096 4240 2258 4297 Verbi
2286 4252 2338 4295 et
2368 4240 2548 4295 carnis
2574 4256 2679 4295 una
2703 4254 2932 4311 persona
2966 4239 3057 4305 sit,
3086 4254 3206 4309 qua)
3238 4239 3514 4310 insepara-

1910 4335 2093 4390 biliter
2137 4344 2299 4401 atque
2355 4332 2586 4387 indivise
2636 4347 2951 4388 communes
3000 4330 3192 4386 habeat
3234 4333 3511 4400 actiones,

1910 4431 2271 4501 intelligendze
2300 4438 2478 4485 tamen
2507 4440 2633 4484 sunt
2662 4431 2900 4499 ipsorum
2931 4445 3155 4499 operum
3185 4429 3474 4500 qualitates
3495 4472 3511 4498 ,

1908 4536 1961 4580 et
1993 4527 2222 4580 sincera:
2270 4524 2391 4579 lidei
2437 4524 2901 4594 contemplatione
2930 4523 3262 4579 cernendum
3291 4536 3411 4591 est,
3444 4525 3512 4580 ad

1908 4635 2029 4691 quae
2065 4620 2395 4688 provehatur
2419 4618 2696 4673 humilitas
2725 4619 2926 4685 carnis,
2952 4629 3007 4674 et
3033 4618 3098 4673 ad
3131 4634 3251 4687 «inte
3281 4620 3512 4676 incline-

188 4697 394 4767 Christo,
437 4701 692 4752 utendum
737 4700 1080 4753 reconcilians
1119 4699 1215 4753 sibi
1262 4699 1332 4771 (ll
1362 4697 1509 4766 Cor.,
1542 4698 1619 4773 v).
1668 4702 1800 4771 Qua:

1912 4680 1991 4769 tiir
2021 4713 2248 4769 altitudo
2277 4712 2494 4768 deitatis
2528 4731 2542 4767 ε
2572 4711 2697 4781 quid
2734 4713 2825 4773 sit,
2856 4712 2998 4782 quod
3030 4727 3158 4766 caro
3184 4713 3302 4768 sine
3335 4712 3511 4769 Verbo

185 4802 349 4848 autem
396 4792 776 4849 reconciliatio
808 4802 990 4859 posset
1019 4806 1141 4846 esse
1192 4807 1297 4862 qua
1347 4791 1585 4847 humano
1610 4797 1797 4861 generi

186 4889 626 4957 reprOpitiaretur
673 4887 842 4951 Deus,
892 4886 939 4940 si
986 4885 1225 4940 hominis
1266 4900 1485 4942 causam
1530 4888 1799 4945 mediator

188 4979 272 5035 Dei
298 4981 694 5051 hominumque
740 4996 851 5036 non
899 4980 1238 5049 susciperet?
1265 4978 1381 5047 Qua
1425 4997 1556 5037 vero
1582 4983 1793 5038 ratione

190 5082 455 5138 veritatem
508 5081 835 5138 mediatoris
866 5079 1161 5153 impleret,
1216 5080 1321 5136 nisi
1371 5082 1462 5153 qui
1511 5082 1565 5137 in
1620 5081 1793 5140 forma

251 5218 326 5283 lt)
384 5220 708 5293 Quicumque
752 5221 835 5273 illi
870 5230 1009 5293 sunt.
1043 5220 1169 5276 Hmc
1217 5222 1381 5293 verba
1419 5222 1613 5291 quibus
1641 5224 1793 5281 Pauli

192 5287 509 5346 Samosateni
543 5287 896 5362 aliorumque
928 5292 1311 5348 litereticorttm
1340 5287 1458 5347 Filii
1496 5296 1587 5349 Det
1614 5297 1791 5352 incar-

193 5364 439 5419 natiOnem
459 5366 776 5429 negantium
800 5366 1070 5420 sententia
1088 5364 1405 5420 doctis~ime
1422 5380 1488 5421 ex
1513 5366 1789 5435 Scriptura

194 5436 504 5509 convincitur
526 5453 591 5489 ae
622 5436 920 5492 refutatur.
958 5436 1083 5491 hinc
1111 5453 1284 5499 usque
1310 5438 1377 5491 ad
1410 5436 1569 5493 finem
1593 5441 1787 5509 episto.

195 5504 248 5558 lae
290 5507 464 5563 haberi
504 5510 738 5579 epistola
787 5525 803 5563 ι
854 5509 1053 5563 Leonis
1083 5509 1149 5561 ad
1182 5509 1423 5563 Leonem
1464 5504 1785 5577 Augustum,

198 5580 238 5703 il;
264 5581 489 5725 marﬁiue
518 5582 683 5654 hujus
712 5582 970 5651 cpisuilac
1000 5579 1193 5644 Surius
1220 5581 1520 5635 annotavit.
1560 5581 1787 5655 (Seven.

234 5667 370 5707 tinus.

234 5667 370 5707 IIIUS.

256 5726 323 5797 (εὶ)
347 5728 399 5801 S.
428 5726 557 5801 Leo,
588 5744 678 5801 ep.
713 5730 810 5796 97,
842 5741 914 5781 ex
950 5740 1052 5795 qtta
1092 5724 1203 5801 jam
1227 5739 1392 5795 supra
1411 5725 1787 5801 quzedam__tle-

457 5791 867 5932 lCEutj'chiano
898 5791 1054 5871 papa-
1098 5791 1310 5854 tributa
1356 5791 1609 5870 epistula.
1651 5797 1789 5856 Vide

202 5882 293 5939 pag.
322 5882 434 5943 tm,
463 5882 518 5934 υ.

1905 4827 2012 4866 non
2052 4813 2198 4883 agit;
2234 4819 2289 4864 ct
2320 4807 2446 4878 quid
2482 4809 2571 4873 sit,
2601 4806 2746 4878 quod
2781 4806 3015 4861 Verbum
3061 4808 3179 4861 sine
3208 4821 3372 4861 carne
3402 4823 3509 4862 non

1902 4903 2087 4959 elfii-it.
2117 4903 2244 4960 Sine
2276 4901 2435 4957 Verbi
2463 4902 2608 4955 enim
2644 4900 2879 4971 potentia
2910 4914 3009 4953 nec
3038 4899 3348 4971 conciperet
3376 4897 3503 4953 Vir-

1902 5012 1993 5067 go,
2042 5010 2139 5050 nec
2167 5004 2413 5065 pareret,
2464 5002 2521 5047 et
2566 4992 2684 5047 sine
2729 4991 2957 5045 veritate
3001 4993 3205 5057 carnis,
3254 4989 3509 5045 obvoluta

1904 5091 2097 5162 pannis
2130 5089 2350 5144 infantia
2380 5103 2487 5143 non
2507 5088 2748 5157 jaceret;
2774 5087 2890 5141 sine
2912 5084 3075 5141 Verbi
3105 5085 3362 5156 potentia,
3399 5100 3506 5140 non

1899 5185 2189 5241 adorarent
2218 5181 2359 5253 magi
2408 5198 2631 5251 puerttm
2658 5224 2673 5248 ,
2722 5180 2874 5236 stella
2918 5179 3093 5235 indice
3120 5178 3497 5245 declaratum;

1898 5284 2016 5337 sine
2042 5282 2267 5337 veritate
2285 5278 2486 5342 carnis,
2505 5293 2609 5332 non
2621 5276 2905 5347 juberetur
2922 5273 3197 5328 transferri
3219 5274 3271 5325 iu
3293 5271 3501 5341 A'ngp-

1899 5386 2009 5432 tum
2041 5391 2194 5443 puer,
2224 5385 2278 5429 et
2303 5374 2372 5428 ab
2402 5372 2639 5428 Ilerodio
2670 5368 3045 5439 persecutione
3094 5366 3314 5421 subduci
3342 5381 3356 5429 ;
3386 5364 3502 5417 sine

1898 5469 2062 5525 Verbi
2104 5468 2340 5539 polentia
2392 5483 2497 5519 non
2550 5465 2757 5520 diceret
2806 5479 2908 5516 vos
2959 5461 3167 5522 Patris,
3217 5457 3383 5511 missa
3430 5455 3501 5508 de

1894 5562 2033 5618 caelo
2062 5578 2076 5616 :
2114 5560 2216 5614 Hic
2244 5570 2315 5615 est
2350 5558 2522 5613 Filius
2550 5574 2692 5612 meus
2718 5556 2932 5611 dilectus
2955 5598 2970 5620 ,
2999 5556 3049 5606 in
3080 5567 3180 5624 quo
3205 5548 3331 5601 mihi
3359 5562 3500 5599 com-

1896 5656 2089 5726 placui,
2121 5655 2291 5725 ipsum
2323 5651 2498 5707 audite
2528 5650 2741 5726 (Matth.
2772 5666 2826 5704 ιιι
2860 5659 2905 5699 et
2935 5646 3095 5717 xvu),
3126 5652 3179 5696 et
3199 5640 3316 5693 sine
3343 5637 3491 5690 veri-

1895 5760 2002 5807 tate
2023 5750 2201 5806 carnis
2217 5764 2323 5804 non
2341 5755 2734 5818 protestaretur
2754 5743 2993 5797 Joannes
3014 5757 3027 5794 :
3059 5736 3191 5791 Ecce
3209 5746 3374 5801 agnus
3396 5726 3499 5780 Dei

1894 5862 2008 5905 ecce
2060 5844 2146 5918 qui
2190 5843 2323 5899 tollit
2374 5851 2580 5912 peccata
2607 5838 2786 5894 mundi
2837 5832 3049 5907 (Joan.,
3082 5828 3142 5900 ι).
3176 5824 3304 5882 Sine
3330 5818 3493 5875 Verbi
