3950 6360
382 409 481 469 187

1212 409 1542 469 EPISTOLA
1582 411 1721 469 can
1753 394 1956 469 ρΑιιΑε)
1989 409 2082 466 an
2122 409 2420 469 raucam
2458 408 2865 469 EPISCOPUM.

3561 415 3669 475 188

378 528 615 600 potentia
638 544 745 585 nou
775 529 931 584 ﬁeret
960 528 1340 601 redintegratio
1367 528 1648 594 debilium,
1694 541 1750 585 et
1792 526 1965 582 vivili-
1993 526 2369 599 Aeademque
2416 542 2642 599 persona
2674 527 2767 593 sit,
2800 526 3184 583 exaltationem
3232 538 3434 603 tamen,
3467 550 3573 606 qua
3605 535 3669 589 il-

374 622 514 677 catio
542 632 909 687 mortuorum,
945 632 998 678 et
1023 622 1143 677 sine
1180 624 1408 678 veritate
1445 626 1623 677 carnis
1647 664 1661 687 ,
1694 638 1793 676 nec
1818 622 1969 676 cibus

368 713 576 785 jejuno,
604 730 701 771 nec
728 730 949 772 somnus
975 727 1121 771 esset
1152 718 1486 772 necessarius
1505 712 1721 785 fatigate
1749 713 1965 788 (Matth.

373 822 457 873 tv;
481 806 663 876 Joan.,
696 824 788 871 xr;
824 806 1017 873 Mam,
1054 824 1136 871 tv;
1166 807 1350 873 Joan.,
1383 824 1412 862 x
1463 818 1509 861 et.
1554 806 1691 881 ειν).
1748 807 1965 862 Postre-

375 915 504 966 mo,
564 902 679 955 sine
739 900 893 955 Verbi
950 903 1177 970 potentia
1244 918 1349 955 non
1407 911 1465 955 s’e
1516 898 1773 956 Deminus
1822 901 1966 955 Patri

374 993 717 1064 profiteretur
746 996 1043 1064 aequalem,
1097 1003 1151 1049 et
1191 995 1308 1050 sine
1354 996 1579 1050 veritate
1632 996 1810 1049 carnis
1858 992 1973 1051 non'

371 1086 511 1140 idem
536 1087 743 1144 diceret
773 1089 981 1143 Patrem
1030 1102 1089 1142 se
1134 1103 1255 1143 esse
1285 1090 1567 1158 majorem,
1599 1106 1718 1147 cum
1742 1089 1970 1144 catholi-

371 1195 432 1235 ca
491 1179 628 1236 ﬁdes
675 1192 959 1252 utrumque
1001 1184 1293 1251 suscipiat,
1346 1196 1632 1255 utrumque
1675 1185 1962 1252 defendat,

370 1288 492 1344 qua:
538 1274 836 1329 secundum
880 1275 1277 1332 confessionem
1329 1278 1469 1333 beati
1519 1280 1661 1333 Petri
1693 1280 1960 1347 apostoli,

370 1382 526 1418 unum
569 1363 829 1420 Christum
855 1366 952 1421 Dei
981 1370 1162 1437 ﬁlium,
1206 1383 1252 1424 et
1285 1372 1539 1425 hominem
1566 1372 1723 1426 credit
1750 1382 1794 1425 et
1840 1370 1962 1424 γεν-

368 1459 488 1512 bum
526 1457 777 1533 (ΜαιιΙι.⁹
816 1461 945 1530 xvi).
977 1462 1238 1529 Quamvis
1269 1466 1446 1533 itaque
1500 1466 1567 1519 ab
1621 1466 1713 1519 illo
1773 1464 1960 1526 initio,

366 1554 713 1621 quoinutero
735 1554 965 1624 Virginis
996 1555 1213 1610 Verbum
1240 1574 1358 1611 caro
1385 1562 1578 1629 [uetant
1603 1569 1674 1612 est
1700 1557 1901 1627 (10012.,
1924 1556 1959 1631 ι)

368 1646 501 1707 nihil
533 1662 784 1718 umquam
820 1649 959 1703 inter
990 1659 1274 1721 utramque
1307 1651 1531 1706 fortnam
1562 1651 1838 1705 divisionis
1863 1668 1962 1705 ex.

368 1740 556 1803 tilerit,
576 1752 626 1794 et
655 1756 750 1810 per
776 1742 950 1796 omnia
985 1744 1311 1799 incrementa
1342 1759 1621 1814 corporea,
1654 1745 1812 1798 unius
1837 1759 1960 1814 per-

368 1847 516 1887 sonat:
544 1833 740 1889 fuerint
772 1835 931 1888 totius
958 1838 1215 1905 temporis
1241 1840 1517 1898 actiones;
1542 1852 1602 1894 ea
1635 1839 1747 1907 ipsa
1778 1848 1956 1891 tamen

2074 623 2182 677 lum
2214 623 2374 696 (sicut
2411 624 2604 678 doctor
2632 624 2870 693 gentium
2901 623 3061 695 dixit)
3092 642 3105 677 :
3138 623 3401 682 Emaltavit
3430 627 3589 692 Deus.
3621 641 3670 683 et

2075 717 2281 772 donavit
2300 718 2379 771 illi
2410 717 2764 787 nomen.quod
2781 727 2854 771 est
2884 735 3038 788 super
3063 734 3213 773 omne
3260 737 3444 777 nomen
3464 722 3663 797 (Phil.,

2076 809 2160 880 tt),
2189 810 2253 864 ad
2283 826 2401 865 eam
2450 809 2797 879 intelligimus
2844 812 3114 880 pertinere
3147 810 3393 879 fortnam,
3426 831 3547 886 quae
3585 815 3668 871 di-

2075 903 2232 956 tanda
2271 911 2385 957 erat
2432 910 2592 957 tantae
2617 902 3025 973 glorificationis
3059 917 3370 976 augmento.
3401 908 3459 963 In
3492 910 3666 968 forma

2072 996 2267 1065 quippe
2316 995 2406 1051 Dei
2457 997 2682 1067 teqnalis
2731 1008 2850 1063 erat
2883 996 3051 1053 Filius
3106 1000 3249 1055 Patri
3280 1000 3300 1073 (
3330 1000 3518 1067 Joan.,
3552 1020 3584 1058 x
3617 1004 3661 1076 ),

2071 1098 2124 1143 et
2176 1088 2317 1143 inter
2361 1091 2664 1160 genitorem
2718 1099 2880 1160 atque
2911 1093 3241 1163 unigenitum
3273 1095 3417 1149 nulla
3449 1107 3566 1152 erat
3610 1099 3665 1163 in

2070 1180 2305 1233 essentia
2348 1179 2623 1243 discretio,
2655 1182 2795 1235 nulla
2822 1183 2872 1236 in
2899 1180 3181 1252 majestate
3206 1185 3529 1242 din-rsitas:
3564 1204 3665 1245 nec

2070 1286 2164 1340 per
2184 1270 2573 1326 lncarnationis
2590 1275 2901 1344 mysterium
2929 1275 3128 1345 aliquid
3147 1278 3660 1347 deccsseratVerbo,

2068 1363 2210 1432 quod
2264 1364 2313 1417 ei
2372 1363 2545 1418 Patris
2583 1380 2808 1419 munere
2860 1366 3198 1423 redderetur.
3260 1370 3455 1425 Forma
3482 1384 3661 1427 autem

2069 1455 2232 1516 servi.
2286 1470 2379 1524 per
2436 1471 2596 1526 quam
2652 1457 2997 1527 impassibilis
3042 1460 3212 1515 deitas
3264 1474 3662 1519 sacramentum

2068 1566 2275 1621 magum
2303 1552 2517 1621 pietatis
2543 1551 2806 1619 implevit,
2838 1552 3073 1610 humana
3105 1555 3382 1612 humilitas
3408 1567 3511 1625 est,
3543 1575 3665 1629 qua:

2070 1645 2119 1697 in
2158 1645 2382 1714 gloriam
2439 1645 2634 1699 divina:
2682 1650 2965 1718 potestatis
3009 1649 3222 1715 evicta,
3256 1660 3340 1705 est
3379 1651 3431 1705 in
3461 1662 3663 1709 tantam

2069 1739 2352 1803 unitatem,
2384 1739 2453 1793 ab
2490 1740 2607 1809 ipso
2634 1752 2899 1811 conceptu
2929 1741 3187 1812 Virginis,
3218 1744 3435 1800 deitatis
3476 1756 3531 1800 et
3559 1747 3664 1801 hu-

2067 1833 2342 1888 manitatis
2383 1845 2655 1899 conserta,
2686 1845 2744 1889 ut
2779 1852 2879 1891 nec
2926 1839 3044 1892 sine
3087 1839 3303 1894 homine
3332 1840 3531 1906 divina,
3566 1858 3667 1897 nec

366 1933 425 1979 ut
457 1925 527 1981 ita
557 1927 754 1992 dicam,
790 1942 909 1997 quae
938 1924 1367 1998 inseparabiliter
1415 1929 1550 1985 facta
1602 1942 1760 1995 sunt,
1816 1930 1959 1985 nulla
1990 1923 2039 1983 B
2066 1926 2183 1982 sine
2235 1928 2345 1982 Deo
2398 1941 2687 1998 agerentur
2745 1930 2999 1985 humana.
3035 1931 3264 2002 Propter
3306 1935 3471 2005 quod,
3524 1934 3669 1992 sicut

364 2020 726 2090 permixtione
754 2022 1164 2091 confundimus,
1198 2023 1292 2078 sed
1321 2025 1445 2094 quid
1483 2026 1741 2095 cujusque
1773 2025 1962 2079 forma:

364 2112 455 2176 sit,
502 2128 568 2167 ex
608 2127 833 2183 Operum
864 2117 1122 2186 qualitate
1166 2119 1451 2171 sentimus.
1487 2117 1673 2172 Dicant
1715 2133 1844 2187 ergo
1875 2119 1961 2173 isti

362 2206 684 2278 hypocritte,
734 2209 822 2276 qui
874 2210 1033 2263 caecis
1084 2211 1353 2265 mentibus
1386 2211 1565 2266 lumen
1598 2213 1784 2265 nolunt
1820 2214 1958 2270 τεοῖ-

362 2314 492 2369 pere
522 2301 789 2365 veritatis,
842 2302 894 2356 in
944 2320 1047 2373 qua
1088 2302 1254 2359 forma
1296 2305 1471 2360 cruris
1511 2307 1656 2377 ligno
1701 2308 1959 2362 Dominus

364 2394 661 2462 maiestatis
705 2383 953 2449 Christus
996 2395 1186 2450 afﬁxus
1228 2398 1319 2461 sit,
1354 2398 1477 2468 quid
1507 2394 1734 2468 jacnérit
1770 2402 1818 2459 in
1867 2415 1957 2453 see

362 2489 612 2560 pulchro,
640 2492 955 2545 etrevoluto
979 2492 1154 2561 lapide
1185 2494 1538 2558 monumenti,
1566 2510 1687 2565 qua:
1704 2496 1855 2550 tertia
1872 2495 1959 2551 die

360 2597 488 2637 caro
536 2584 930 2649 resurrexerit,
986 2595 1040 2639 et
1092 2588 1141 2639 in
1190 2602 1292 2657 qua
1343 2596 1461 2655 post
1508 2588 1954 2643 resurrectionem

358 2690 511 2729 snam
540 2690 645 2729 non
670 2676 957 2733 credentes
987 2678 1246 2747 quosdam
1282 2680 1577 2748 discipulos
1605 2680 1876 2750 arguebat,
1904 2689 1960 2733 et

358 2764 754 2822 htesitationem
788 2772 1153 2826 cunctantium
1198 2771 1530 2838 confutabat,
1556 2789 1679 2828 cum
1705 2772 1908 2828 diceret
1940 2790 1953 2826 :

358 2859 581 2929 Palpate
609 2872 655 2915 et
684 2862 867 2928 videte,
898 2866 1017 2929 quia
1040 2866 1249 2933 spiritus
1282 2883 1486 2921 carnem
1516 2878 1560 2920 et
1586 2883 1700 2921 ossa
1723 2883 1823 2921 non
1864 2866 1957 2921 Ita-

358 2952 458 3017 bet,
516 2958 649 3009 sicut
703 2973 781 3010 me
833 2958 1013 3011 videtis
1062 2959 1245 3012 habere
1297 2958 1502 3033 (leam,
1561 2977 1671 3022 xu;
1734 2959 1953 3023 Matth.,

356 3048 574 3121 xxvnt);
608 3059 661 3106 et
703 3053 951 3120 apostolo
977 3053 1204 3107 Thema:
1238 3072 1250 3106 :
1302 3052 1452 3123 Infer
1500 3070 1704 3108 ntanum
1738 3065 1875 3107 tuam
1903 3054 1956 3107 in

357 3144 490 3197 latus
532 3161 719 3210 meum,
756 3157 803 3199 et
842 3147 957 3201 vide
986 3164 1169 3199 manus
1198 3164 1334 3201 meas
1365 3157 1409 3200 et
1436 3148 1621 3217 pedes,
1650 3158 1696 3202 et
1721 3148 1826 3201 noli
1850 3164 1959 3201 esse

356 3237 695 3302 incredulus,
749 3240 837 3292 sed
882 3240 1050 3307 [idolis
1115 3239 1297 3313 (l.uc.,
1360 3256 1519 3306 xxiv;
1573 3240 1775 3303 Joan.,
1829 3239 1954 3312 xx);

2067 2020 2326 2075 Dominus
2347 2022 2647 2092 majestatis
2667 2024 2862 2077 dicitur
2885 2024 3199 2091 crucifixus,
3221 2026 3290 2081 ita
3309 2028 3398 2097 qui
3420 2043 3485 2082 ex
3514 2044 3664 2083 sem-

2066 2113 2378 2183 piternitate
2425 2115 2648 2185 aequalis
2679 2128 2761 2170 est
2806 2117 2935 2182 Deo,
2980 2118 3176 2173 dicitur
3200 2119 3470 2174 exultatus
3501 2139 3513 2173 :
3540 2122 3666 2190 quia

2064 2207 2500 2277 inseparabiliter
2531 2220 2783 2264 manente
2816 2210 3019 2263 unitate
3054 2228 3317 2280 personae,
3339 2229 3475 2267 unus
3502 2222 3667 2284 atque

2063 2298 2204 2353 idetn
2221 2310 2362 2354 estet
2388 2310 2530 2354 totus
2545 2299 2777 2355 hominis
2796 2302 2834 2357 F
2841 2302 2961 2357 ilius
2977 2312 3194 2374 propter
3206 2321 3424 2360 carnem
3444 2316 3494 2361 et
3521 2316 3667 2361 totus

2066 2391 2156 2445 Dei
2187 2392 2355 2446 Filius
2384 2403 2607 2464 prapter
2637 2411 2798 2449 unam
2826 2411 2947 2450 cum
2976 2396 3135 2451 Patre
3184 2397 3464 2454 deitatem.
3497 2398 3667 2467 Quid-

2063 2488 2187 2553 quid
2216 2504 2348 2559 ergo
2388 2490 2438 2542 in
2494 2501 2737 2559 tempore
2767 2490 2972 2560 accepit
3027 2490 3309 2558 Christus,
3359 2493 3664 2549 secundum

2063 2580 2335 2635 hominem
2365 2584 2612 2652 accepit,
2648 2584 2768 2648 cui,
2803 2600 2923 2655 quae
2966 2600 3071 2639 non
3106 2584 3319 2649 habuit,
3349 2584 3668 2642 conferren-

2063 2684 2168 2729 tur.
2226 2673 2357 2729 Natn
2410 2675 2707 2731 secundum
2753 2678 3045 2747 potentiam
3103 2678 3419 2743 divinitatis,
3453 2678 3666 2733 iudil’fe-

2060 2778 2244 2823 renter
2299 2770 2502 2834 omnia,
2548 2788 2668 2842 qua:
2722 2772 2884 2828 habet
2938 2772 3117 2836 Pater,
3165 2773 3326 2827 etiam
3386 2772 3548 2829 habet
3575 2772 3668 2828 Fi-

2060 2861 2163 2916 lius
2220 2862 2455 2931 (Joan.,
2489 2863 2543 2935 v)
2603 2883 2616 2920 :
2666 2875 2721 2921 et
2760 2882 2881 2935 qua:
2920 2868 2972 2921 in
3016 2864 3187 2921 forma
3215 2865 3357 2921 servi
3412 2881 3441 2919 a
3501 2865 3668 2922 Patre

2059 2958 2291 3027 accepit.
2324 2959 2514 3013 eadem
2548 2961 2598 3013 in
2629 2958 2801 3014 forma
2830 2961 2921 3015 Dei
2952 2960 3115 3016 etiam
3147 2961 3261 3030 ipse
3288 2960 3527 3015 donavit.
3561 2961 3664 3016 Se-

2061 3051 2296 3106 cundum
2332 3053 2423 3108 Dei
2466 3055 2609 3108 enim
2655 3055 2915 3121 formam,
2948 3057 3057 3125 ipse
3081 3064 3131 3109 et
3158 3053 3319 3108 Pater
3346 3071 3508 3109 unum
3543 3064 3667 3109 sunt

2062 3143 2285 3213 (Joan..
2341 3144 2460 3217 x);
2516 3148 2809 3202 secundum
2868 3146 3093 3201 formam
3140 3156 3320 3207 autem
3362 3147 3524 3210 servi,
3558 3162 3666 3201 non

2062 3239 2196 3291 venit
2226 3242 2398 3309 facere
2426 3240 2739 3295 voluntatem
2784 3258 2952 3306 suam,
2987 3241 3076 3295 sed
3104 3242 3411 3295 roluntatem
3441 3241 3555 3309 eius
3574 3242 3665 3310 qui

356 3346 459 3399 qua
485 3332 665 3400 utique
689 3332 1122 3387 tnanil'estatiooe
1143 3334 1384 3402 corporis
1409 3333 1513 3395 sui,
1540 3333 1648 3401 jatn
1676 3334 1955 3387 lneretico-
1981 3316 2029 3379 C
2064 3332 2199 3385 misit
2246 3348 2360 3385 eum
2408 3331 2428 3403 (
2448 3332 2605 3388 Joan.
2633 3376 2647 3399 ,
2677 3351 2758 3400 tv,
2806 3352 2863 3401 v,
2896 3350 2947 3389 vr
2979 3334 3021 3406 ).
3072 3333 3380 3390 Secundum
3434 3333 3664 3388 fortnam

356 3440 474 3479 rum
535 3426 809 3481 mendacia
868 3426 1219 3492 destruebat,
1290 3436 1345 3480 ut
1415 3428 1669 3482 universa
1716 3427 1953 3481 Ecclesia

357 3518 553 3574 Christi
586 3521 885 3575 innovanda
920 3529 945 3557 ει
976 3521 1237 3575 doctrinis
1259 3564 1273 3587 ,
1306 3520 1408 3576 hoc
1428 3520 1527 3574 sibi
1557 3536 1662 3575 non
1687 3522 1957 3574 dubitaret

356 3611 704 3673 credendum,
730 3615 870 3681 quod
897 3616 1120 3683 apostoli
1149 3624 1498 3683 susceperant
1528 3612 1950 3683 prmdicandum.

428 3706 494 3763 Υ.
526 3711 593 3762 At
621 3710 666 3761 si
696 3709 749 3763 in
798 3718 941 3762 tanta
987 3709 1108 3764 luce
1146 3710 1386 3763 veritatis
1417 3709 1667 3764 tenebras
1691 3722 1817 3762 suas
1843 3706 1954 3760 ha:-

356 3802 524 3855 retica
572 3801 858 3855 obduratio
888 3817 991 3855 non
1022 3803 1297 3871 relinquit,
1333 3802 1621 3857 ostendant
1682 3786 1824 3855 unde
1852 3800 1953 3854 sibi

358 3912 508 3966 spem
554 3896 678 3951 vitze
720 3896 1075 3967 polliceantur
1117 3906 1354 3961 mternm,
1408 3895 1473 3951 ad
1519 3911 1679 3965 quam
1725 3895 1824 3949 nisi
1863 3909 1957 3964 per

359 3990 689 4044 mediatorem
710 3989 803 4043 Dei
830 3998 878 4043 et
908 3990 1169 4044 hominum
1190 3989 1232 4059 (l
1258 3988 1418 4053 Tim.,
1453 3988 1548 4058 tv),
1571 3988 1839 4042 hominem
1863 3987 1955 4042 ,Ιο-

358 4097 477 4136 sum
509 4080 805 4147 Christum,
841 4098 945 4136 non
980 4092 1157 4151 potest
1190 4083 1479 4151 perveniri.
1507 4084 1656 4138 Sicut
1696 4083 1839 4137 enim
1881 4083 1957 4137 ait

361 4178 551 4233 beatus
576 4167 769 4233 Petrus
797 4178 1073 4245 apostolus
1111 4195 1125 4231 :
1155 4175 1278 4231 Non
1298 4187 1372 4230 est
1403 4177 1548 4230 aliud
1576 4193 1757 4232 nomen
1778 4177 1955 4231 datum

361 4268 647 4323 hominibus
694 4268 785 4323 sub
815 4270 961 4337 caelo,
995 4270 1045 4322 in
1085 4285 1188 4337 quo
1236 4278 1468 4339 oporteat
1500 4284 1590 4321 nos
1632 4268 1801 4323 salvos
1842 4268 1956 4335 ﬁeri

365 4365 525 4434 (Act.,
556 4366 634 4434 tv)
665 4381 679 4427 ;
733 4380 831 4419 nec
859 4376 940 4419 est
971 4363 1272 4433 redemptio
1316 4362 1639 4430 captivitatis
1685 4360 1955 4428 bumanze,

361 4460 463 4521 nisi
487 4460 541 4513 in
566 4459 826 4529 sanguine
853 4458 987 4528 ejus,
1007 4459 1093 4528 qui
1124 4458 1265 4511 dedit
1293 4459 1623 4525 semetipsum
1649 4457 1955 4526 redemptio-

360 4569 475 4607 nem
515 4569 608 4623 pro
634 4551 904 4611 oumibns,
944 4559 999 4605 et
1024 4552 1145 4621 qui,
1190 4552 1327 4605 sicut
1364 4549 1622 4621 prmdicat
1662 4548 1955 4619 Apostolus

362 4646 405 4718 (Ι
426 4645 586 4712 Tint.,
613 4662 647 4699 ll
676 4662 690 4707 ;
726 4644 892 4711 Phil.,
918 4655 977 4710 ll)
1001 4687 1016 4709 ,
1064 4661 1179 4699 cum
1220 4646 1274 4699 in
1310 4650 1476 4715 forma
1534 4643 1630 4698 Dei
1673 4653 1827 4707 esset,
1858 4659 1960 4696 non

2062 3424 2180 3490 Dei,
2213 3424 2345 3477 sicut
2379 3423 2543 3480 Pater
2586 3427 2733 3480 habet
2758 3429 2912 3481 vitam
2943 3430 2995 3481 in
3022 3429 3319 3497 semetipso,
3350 3428 3426 3481 sic
3454 3427 3593 3480 dedit
3615 3438 3664 3480 et

2062 3516 2201 3572 Filio
2228 3519 2382 3571 vitam
2414 3519 2599 3573 habere
2628 3521 2679 3573 in
2706 3522 2970 3589 semetipso
2998 3520 3201 3591 (Joon.,
3239 3520 3329 3591 v);
3364 3519 3663 3574 secundum

2059 3610 2288 3667 fortnam
2318 3613 2491 3676 servi,
2522 3612 2709 3667 Tristis
2736 3624 2809 3666 est
2835 3614 3006 3666 animo
3033 3613 3145 3677 eius
3173 3629 3326 3683 usque
3355 3613 3421 3665 ad
3452 3624 3667 3665 mortem

2061 3702 2303 3775 (Mallia,
2326 3704 2495 3776 xxvi).
2530 3705 2595 3760 Et
2618 3705 2759 3762 idem
2790 3706 2905 3776 ipse
2922 3716 3022 3770 est,
3053 3705 3500 3775 sicutApostolus
3520 3720 3665 3775 pra:-

2060 3798 2222 3864 dicat,
2247 3808 2292 3853 et
2323 3800 2461 3855 dives
2474 3811 2520 3854 et
2545 3817 2741 3870 pauper
2761 3800 2823 3870 (ll
2840 3799 2984 3865 Con,
3005 3799 3142 3870 vni).
3162 3798 3336 3864 Dives,
3359 3800 3480 3870 quia
3501 3814 3669 3852 evan-

2058 3890 2245 3959 gelista
2276 3891 2493 3946 dicente
2526 3908 2538 3945 :
2573 3890 2637 3946 In
2665 3892 2915 3960 principio
2940 3902 3047 3946 erat
3100 3890 3336 3957 Verbum,
3360 3901 3405 3943 et
3442 3887 3669 3944 Verbum

2059 3995 2166 4038 erat
2180 3984 2321 4053 apud
2349 3982 2537 4049 Deum,
2567 4002 2611 4037 et
2633 3983 2771 4039 Deus
2793 3994 2901 4039 erat
2933 3982 3295 4038 Verbum:hoc
3320 3993 3426 4037 erat
3444 3984 3497 4035 in
3522 3985 3670 4053 prin-

2059 4081 2195 4151 cipio
2216 4079 2360 4149 apud
2392 4079 2575 4135 Deum.
2610 4079 2794 4135 Omnia
2820 4096 2909 4150 per
2939 4080 3107 4149 ipsum
3130 4078 3268 4149 facta
3297 4087 3414 4132 sunt
3435 4118 3452 4145 ,
3485 4087 3531 4131 et
3560 4078 3671 4132 sine

2059 4177 2172 4246 ipso
2201 4175 2397 4244 factum
2425 4185 2501 4229 est
2530 4174 2662 4229 nihil
2700 4172 2909 4242 (10am,
2956 4174 3019 4243 ι).
3076 4171 3286 4242 Pauper
3333 4185 3483 4235 vero,
3539 4171 3668 4239 quia

2061 4281 2282 4339 propter
2310 4282 2409 4322 nos
2447 4266 2667 4321 Verbum
2704 4283 2823 4321 caro
2871 4270 3069 4338 factum
3098 4274 3193 4332 est,
3241 4273 3290 4318 et
3337 4263 3583 4317 habitavit
3612 4264 3669 4317 in

2062 4363 2205 4417 nobis
2224 4358 2643 4434 (lbidem).Qua3
2666 4371 2847 4415 autem
2879 4369 2961 4415 est
2988 4358 3285 4415 exinanitio
3310 4357 3450 4429 ejus.
3476 4372 3669 4427 quaeve

2061 4468 2374 4528 paupertas.
2410 4456 2512 4511 nisi
2554 4456 2739 4511 fortine
2793 4454 3011 4511 servilis
3047 4454 3312 4524 acceptio,
3349 4467 3446 4524 per
3476 4466 3664 4523 quam,

2065 4552 2228 4608 Verbi
2252 4552 2535 4622 majestate
2567 4550 2763 4613 velata,
2787 4549 3119 4621 dispensatio
3140 4548 3389 4603 humana:
3412 4548 3667 4619 redemp-

2064 4648 2228 4703 tionis
2270 4649 2488 4718 impleta
2521 4646 2649 4702 est?
2676 4645 2810 4701 Nam
2842 4648 2964 4717 quia
2992 4644 3318 4715 captivitatis
3346 4653 3550 4699 nostra:
3578 4659 3669 4701 re-

359 4713 599 4809 rapinam
623 4738 905 4791 arbitratus
931 4747 1006 4793 est
1032 4754 1138 4792 esse
1159 4754 1213 4793 se
1236 4713 1485 4810 (eq-ualent
1512 4735 1644 4800 Deo,
1665 4737 1754 4789 sed
1776 4744 1961 4789 semet-
1982 4713 2039 4775 Β
2064 4742 2204 4796 solvi
2235 4713 2516 4810 originalis
2566 4738 2783 4795 vincula
2816 4713 2924 4793 non
2970 4746 3240 4809 poterant,
3270 4736 3375 4793 nisi
3404 4737 3669 4794 existeret

361 4833 531 4900 ipsum
561 4833 859 4899 exinaniail,
901 4836 1123 4902 {orntum
1152 4833 1279 4885 servi
1329 4832 1607 4900 accipiens,
1636 4830 1689 4883 in
1717 4829 1960 4883 similitu-

362 4928 531 4980 dinem
569 4929 756 4997 factns,
785 4938 832 4980 ει
865 4926 1042 4980 habitu
1086 4926 1320 4981 inventus
1368 4936 1422 4978 ut
1466 4925 1639 4987 homo,
1671 4923 1960 4978 humiliavit

360 5020 709 5087 semetipsum,
737 5021 903 5090 factus
947 5020 1183 5073 obediens
1236 5018 1384 5072 Patri
1412 5036 1571 5091 usque
1623 5020 1693 5073 ad
1719 5028 1955 5083 mortem,

361 5122 575 5165 mortem
611 5122 780 5166 autem
822 5114 985 5169 crucis
1007 5131 1026 5168 :
1049 5124 1262 5185 prapter
1290 5115 1425 5182 quod
1470 5124 1516 5168 et
1554 5113 1691 5168 Dens
1718 5114 1960 5167 exultavit

360 5209 509 5262 illum
534 5216 585 5261 et
609 5207 815 5261 donavit
856 5210 937 5263 illi
977 5226 1179 5271 nomen.
1227 5210 1362 5280 quod
1392 5219 1461 5263 est
1490 5226 1643 5278 super
1677 5225 1824 5263 omne
1858 5226 1956 5264 no-

360 5319 497 5369 men,
526 5302 650 5354 utin
674 5303 879 5356 nomine
899 5301 930 5355 J
938 5318 1027 5356 esu
1054 5319 1201 5356 omne
1222 5319 1353 5373 genu
1378 5304 1631 5373 ﬂectatur,
1652 5304 1955 5371 ctelestium,

361 5397 699 5462 terrestrium,
741 5404 789 5449 ει
819 5397 1171 5464 infernorum,
1200 5407 1246 5450 et
1293 5398 1458 5450 omnis
1503 5398 1679 5470 lingua
1711 5399 1956 5467 conﬁtea-

357 5499 442 5541 tur
470 5488 590 5554 quia
609 5487 857 5542 Dominus
876 5488 909 5542 J
917 5507 1004 5545 esu
1032 5487 1265 5545 Christus
1280 5492 1329 5544 in
1347 5492 1513 5561 gloria
1538 5502 1609 5546 εει
1637 5492 1733 5546 Dei
1759 5491 1954 5549 Patris.

356 5578 489 5636 Cum
522 5597 651 5652 ergo
679 5598 815 5635 unus
841 5584 911 5637 sit
963 5585 1221 5639 Dominus
1248 5584 1406 5640 .lesns
1434 5584 1702 5653 Christus,
1733 5598 1787 5641 et
1817 5603 1959 5642 vene

356 5675 594 5742 deitatis,
648 5688 899 5747 veraeque
956 5676 1304 5733 humanitatis
1351 5680 1403 5734 in
1440 5679 1561 5749 ipso
1592 5696 1699 5735 una
1735 5699 1956 5751 prorsus

2063 4836 2227 4893 homo
2258 4836 2429 4891 nostri
2470 4835 2687 4905 generis
2732 4841 3041 4903 nostraeque
3069 4842 3293 4896 naturae,
3329 4846 3489 4902 quem
3538 4844 3669 4901 pec-

2063 4933 2168 4985 cati
2202 4928 2512 5000 pnrjudicia
2544 4942 2651 4981 non
2683 4934 2951 4986 tenerent,
2977 4936 3030 4980 et
3057 4926 3147 4997 qui
3171 4924 3516 4980 immaculato
3536 4939 3668 4979 san-

2063 5024 2225 5096 guine
2278 5038 2376 5077 suo
2407 5020 2825 5091 chirographum
2879 5020 3076 5075 Iethale
3123 5020 3377 5086 dilueret,
3427 5020 3567 5074 sicut
3596 5016 3668 5072 ab

2065 5118 2217 5174 initio
2246 5127 2363 5173 erat
2388 5115 2646 5171 divinitus
2677 5113 3118 5184 pra-ordinatum,
3144 5113 3214 5167 ita
3235 5123 3319 5169 est
3348 5111 3401 5167 in
3429 5112 3666 5183 plenitu-

2064 5212 2189 5267 dine
2217 5208 2477 5280 temporis
2500 5208 2818 5279 perfectum,
2851 5217 2912 5262 ut
2939 5206 3123 5261 multis
3153 5206 3330 5261 modis
3359 5205 3662 5275 significata

2064 5304 2351 5376 promissio
2400 5304 2452 5358 in
2482 5302 2574 5358 diu
2619 5280 2973 5372 expectatum
3008 5301 3217 5355 veniret
3244 5296 3495 5355 en‘ectnm
3523 5314 3539 5354 :
3565 5314 3666 5356 nec

2064 5409 2251 5471 posset
2274 5412 2395 5453 esse
2422 5397 2753 5467 ambiguum,
2784 5394 2927 5466 quod
2966 5393 3230 5449 continuit
3271 5392 3667 5449 testiﬁcationi-

2062 5500 2163 5556 bus
2195 5510 2411 5566 semper
2460 5492 2636 5550 fuerat
2686 5492 3011 5548 nuntiatum.
3041 5489 3101 5545 lu
3145 5505 3339 5561 magno
3364 5498 3548 5545 autem
3573 5504 3664 5545 sa-

2065 5589 2290 5662 crilegio
2315 5602 2376 5643 se
2400 5588 2604 5642 versari
2635 5584 3017 5641 hereticorum
3046 5580 3359 5638 manifestat
3388 5583 3661 5653 impietas,

2065 5701 2189 5743 cum
2245 5680 2347 5737 sub
2398 5679 2578 5749 specie
2626 5677 2927 5733 divinitatis
2978 5673 3361 5731 honoranda:h
3411 5674 3665 5733 hutnante

1607 5819 1989 5883 LECTIONES
2024 5816 2439 5882 VARIANTES.

425 5935 452 5963 ⁸
486 5932 757 5984 lmbucnda
782 5932 922 5984 Lnbb.

2059 5945 2080 6004 2L
2128 5936 2321 6002 neum
2342 5932 2566 5998 speciem
2587 5930 2787 5984 deitatis
2806 5931 3090 5983 honorando
3114 5928 3257 5983 Laut.
