3950 6350
277 464 373 520 189

1214 448 1301 504 DE
1342 440 1797 503 COMMODIANO
1833 434 2107 500 (ἓΑΖᾸΕΟ,
2148 430 2428 489 OlthltVE
2470 427 2669 485 AFllO.

3507 423 3604 477 itit)

274 582 445 638 carnis
484 582 541 635 in
597 577 837 634 Christo
889 575 1157 642 deuegant
1204 566 1525 621 veritatem:
1557 573 1611 619 et
1640 560 1891 632 religiose
1919 559 1966 616 Α
1998 555 2082 618 lis,
2111 552 2448 624 prcedicatum
2472 559 2542 603 est
2572 546 2825 618 gentibus,
2861 544 3112 597 creditum
3156 550 3231 595 est
3282 540 3338 594 in
3387 541 3604 610 mundo,

274 674 583 733 existimant
604 670 789 737 credi,
814 671 863 726 si
884 664 1157 723 dicaturin
1184 660 1465 716 Salvatore
1497 666 1681 711 nostro
1705 667 1888 707 verum

275 785 373 826 non
402 782 549 833 esse,
590 764 749 836 quod
779 762 961 818 salvat
991 776 1005 827 ;
1039 774 1154 814 cum
1194 757 1262 810 ita
1319 750 1617 808 secundum
1654 745 1884 817 promis-

275 867 475 922 sionem
528 859 722 914 omnia
786 856 987 912 saecula
1036 854 1527 922 pratcurrentemf,
1559 841 1782 896 mundus
1826 842 1891 891 sit

278 960 384 1013 Deo
413 954 797 1011 reconciliatus
835 952 887 1004 in
928 949 1126 1003 Christo
1152 944 1196 1015 (Ι
1222 943 1369 1005 Cor.,
1403 940 1480 1009 v),
1516 950 1572 992 ut
1622 937 1724 991 nisi
1753 933 1891 989 Ver-

273 1052 393 1109 bum
422 1050 757 1121 dignaretur
787 1059 915 1101 caro
946 1042 1084 1101 ﬁeri.
1115 1038 1258 1093 nulla
1302 1036 1470 1107 possit
1514 1049 1640 1089 caro
1671 1030 1887 1085 Salvari.

274 1149 439 1206 Oiuue
492 1146 646 1202 enim
702 1148 1106 1198 sacramentum
1154 1136 1466 1191 Christianae
1515 1132 1657 1196 ﬁdei,
1693 1144 1891 1197 magno

272 1243 349 1315 (ut
377 1240 627 1296 haeretici
661 1237 883 1303 volunt)
925 1232 1264 1289 decoloratur
1289 1230 1541 1290 obscuro,
1567 1228 1609 1280 si
1641 1225 1731 1278 lux
1759 1224 1892 1277 veri-

277 1337 395 1391 tatis
420 1335 522 1390 sub
546 1331 847 1387 mendacio
872 1339 1086 1394 putatur
1106 1325 1326 1379 latuisse
1346 1319 1758 1391 phantasmatis.
1774 1316 1889 1371 Non

271 1442 394 1499 ergo
420 1426 719 1496 quisquam
752 1422 853 1476 sibi
883 1416 1311 1475 erubescendum
1326 1414 1603 1469 existimet
1627 1410 1891 1464 Christia-

274 1538 368 1577 nus
395 1520 462 1575 de
479 1520 660 1574 nostri
694 1518 752 1570 in
770 1514 990 1570 Christo
1010 1513 1253 1581 corporis
1283 1510 1526 1573 veritate,
1560 1505 1681 1575 quia
1702 1518 1889 1559 omnes

272 1612 522 1684 apostoli,
558 1608 1054 1679 apostolorumque
1086 1601 1334 1672 discipuli
1365 1612 1419 1655 et
1444 1597 1687 1670 prmelari
1710 1596 1889 1651 eccle-

270 1708 465 1761 siarum
512 1704 730 1773 quique
760 1701 1037 1762 doctores,
1064 1697 1153 1768 qui
1207 1694 1273 1749 ad
1326 1692 1570 1763 martyrii
1605 1704 1885 1751 coronam,

269 1797 348 1851 vel
375 1799 442 1851 ad
473 1791 857 1850 ciuilessionis
888 1796 1205 1845 meruerunt
1243 1785 1469 1856 gloriam
1502 1782 1805 1853 pervenire.
1837 1781 1889 1834 iu

272 1891 429 1961 hujus
470 1888 602 1943 ﬁdei
652 1887 866 1941 lumine
912 1882 1301 1954 splenduerunt
1331 1923 1346 1945 ,
1407 1874 1663 1933 consonis
1696 1876 1890 1945 ubique

1992 659 2314 719 assumptum
2344 657 2415 702 est
2454 647 2503 699 in
2536 645 2702 717 gloria

2074 742 2160 798 Vl.
2196 745 2269 799 De
2298 744 2610 812 episcopum
2658 753 2809 801 vero,
2843 745 2896 789 et
2942 730 3607 804 presbyterorum,diaeo¢

2005 851 2322 905 norumque.
2359 844 2411 888 et
2437 832 2775 902 sequentium
2794 827 3117 883 clericorum
3148 823 3604 889 m'dinationiluts,

2008 941 2225 982 saueius
2257 926 2532 996 apostolos
2560 934 2613 977 et
2640 935 2986 976 successores
3011 934 3219 979 eorum,
3255 926 3307 969 et
3334 918 3610 988 przrcipue

1995 1021 2313 1076 Auaclclum
2346 1018 2620 1089 (Epistola:
2648 1016 2703 1070 ‘2.
2748 1014 2960 1068 Nullfus
3012 1013 3135 1083 ﬁdei
3160 1012 3300 1078 apud
3355 1010 3555 1083 doctos)
3583 1051 3599 1078 ,

1996 1122 2047 1166 et
2096 1124 2357 1181 prieterea
2412 1110 2570 1176 alios,
2623 1107 2957 1161 sufﬁcienter
3012 1105 3266 1159 statuisse
3323 1101 3609 1174 cognosci-

1997 1221 2116 1259 mus
2164 1223 2176 1259 :
2223 1215 2277 1259 et
2334 1203 2535 1258 idcirco
2589 1218 2692 1255 nou
2740 1210 2826 1255 est
2912 1213 3137 1254 necesse
3241 1213 3384 1253 nunc
3439 1196 3608 1264 repli-

1995 1299 2106 1350 cari
2141 1295 2189 1355 ι’,
2229 1297 2330 1350 nisi
2383 1295 2524 1365 quod
2581 1296 2655 1347 illi
2715 1310 2820 1347 non
2856 1300 3185 1346 statuerunt.
3234 1290 3369 1345 Illud
3429 1300 3608 1344 tamen

1995 1403 2095 1443 nos
2125 1398 2429 1444 statuentes
2459 1387 2537 1459 (9.)
2570 1386 2722 1438 vobis
2755 1393 2809 1438 et
2833 1386 3085 1437 omnibus
3110 1397 3329 1436 servare
3388 1370 3609 1435 manda-

1996 1498 2142 1544 mus,
2174 1492 2229 1535 ut
2280 1482 2345 1535 ad
2402 1480 2622 1534 ordines
2650 1476 3058 1531 ecclesiasticos
3101 1476 3179 1529 sic
3227 1475 3525 1530 ascendant
3557 1477 3609 1527 in

1998 1575 2238 1630 Ecclesia
2267 1592 2280 1635 ;
2312 1574 2404 1644 qui
2434 1573 2673 1626 ordinari
2709 1580 3005 1631 merentur,
3041 1567 3093 1621 id
3146 1577 3247 1632 est,
3280 1570 3322 1622 si
3348 1569 3467 1638 quis
3492 1568 3610 1634 epi-

1996 1684 2191 1736 scopus
2217 1667 2297 1737 (5)
2327 1682 2448 1721 esse
2493 1675 2751 1728 meretur,
2788 1666 2854 1718 sit
2900 1664 3075 1731 primo
3130 1663 3388 1728 osﬁarus,
3413 1659 3613 1715 deinde

1997 1764 2189 1827 lector,
2248 1774 2435 1832 poStea
2490 1760 2785 1821 exorcista,
2836 1758 2960 1811 inde
3013 1766 3260 1811 sacri-tur
3300 1754 3608 1825 acolythus,

1995 1855 2213 1910 demum
2242 1870 2373 1909 vero
2411 1853 2802 1917 subdiaconus,
2826 1850 3022 1905 deinde
3046 1850 3329 1913 diarcuus,
3350 1861 3398 1902 et
3423 1858 3611 1916 postea

269 1943 550 2039 sestemiis
596 1943 1117 2049 inlomnws;quud
1163 1977 1215 2030 in
1260 1943 1488 2029 Domino
1515 1972 1641 2027 περ
1668 1943 1888 2026 Christo
1923 1958 1967 2019 Β
1998 1948 2305 2019 presbyter,
2340 1956 2393 2000 et
2425 1946 2641 2010 exinde,
2679 1945 2722 1998 si
2774 1955 3036 2007 meretur,
3073 1943 3360 2011 cpiscopus
3393 1943 3614 1995 ordine-

270 2076 479 2131 deitatis
509 2084 563 2129 et
588 2073 782 2128 carnis
806 2088 910 2126 uua
944 2072 1014 2126 sit
1036 2068 1342 2126 conﬁtenda
1371 2082 1620 2137 persena.
1653 2066 1766 2132 Qua
1797 2084 1891 2117 au-

274 2180 373 2224 tem
402 2168 639 2223 ratiOuis
665 2164 1050 2228 similitudine,
1086 2179 1190 2234 qua
1220 2161 1527 2216 divinorum
1559 2159 1889 2213 voluminum

274 2263 517 2331 portione
570 2261 835 2315 harretica
884 2259 1134 2328 impietas
1204 2272 1263 2311 se
1304 2256 1574 2310 existimat
1624 2254 1889 2322 adjuxari,

278 2370 389 2426 quze
416 2354 716 2419 veritatem
747 2362 908 2423 negat
937 2352 1185 2421 corporis
1213 2348 1437 2408 Christi,
1472 2363 1593 2402 cum
1622 2347 1759 2399 hanc
1784 2360 1889 2399 nou

274 2448 354 2502 lex
384 2446 724 2509 testiﬁcari,
772 2461 879 2500 non
914 2444 1176 2515 prepheta
1208 2441 1526 2512 pra-cinere,
1577 2455 1682 2493 non
1717 2439 1891 2493 Erae-

275 2543 401 2612 gelia
428 2542 661 2605 docere,
697 2555 806 2594 non
840 2540 955 2609 ipse
983 2538 1249 2593 destiterit
1276 2535 1524 2589 Christus
1554 2533 1844 2588 ostendere
1867 2533 1890 2586 ?

275 2636 523 2701 Quazrant
551 2649 657 2705 per
684 2647 907 2687 omnem
926 2632 1122 2687 seriem
1149 2630 1576 2700 Scripturarum,
1606 2641 1713 2695 quo
1743 2637 1891 2680 tene-

275 2726 388 2782 bras
410 2742 566 2793 suas,
602 2727 836 2797 fugiant,
864 2742 969 2780 non
999 2741 1107 2794 quo
1128 2739 1315 2779 verum
1349 2722 1527 2776 lunten
1556 2721 1847 2776 obscorent
1873 2738 1885 2775 :

271 2832 323 2877 et
351 2838 443 2891 per
490 2823 695 2876 omnia
736 2821 935 2875 smcula
980 2821 1049 2873 ita
1102 2819 1386 2873 veritatem
1433 2818 1891 2872 invenieutcoru-

270 2927 527 2981 scantem,
559 2926 637 2971 ut
691 2932 943 2987 magnum
980 2916 1082 2971 hoc
1114 2926 1170 2970 et
1199 2915 1445 2969 mirabile
1487 2925 1886 2969 sacramentum

270 3010 332 3065 ab
358 3011 511 3065 initio
539 3009 777 3063 videant
803 3010 1095 3075 creditum,
1123 3009 1265 3079 quod
1298 3017 1381 3063 est
1410 3009 1462 3062 in
1494 3010 1601 3062 ﬁne
1650 3008 1889 3075 comple-

273 3114 394 3158 tum.
426 3104 506 3159 De
557 3118 677 3171 quo
726 3118 849 3158 cum
899 3114 1209 3158 sanctarum
1242 3102 1539 3157 litterarum
1570 3102 1713 3155 nulla
1766 3116 1889 3170 pars

270 3196 438 3262 sileat,
467 3194 687 3251 sufﬁcit
735 3195 984 3265 qumdam
1035 3210 1275 3249 consmia
1325 3195 1567 3248 veritatis
1598 3195 1747 3263 signa
1806 3211 1890 3263 po.

1995 2051 2097 2096 tur.
2151 2043 2216 2096 Et
2267 2043 2535 2111 regiones,
2592 2039 2733 2093 sicut
2780 2038 2830 2091 iu
2886 2037 2985 2093 hac
3038 2036 3169 2090 urbe
3218 2036 3470 2100 fecimus,
3516 2051 3614 2106 per

2002 2134 2241 2203 singulas
2281 2134 2470 2198 urbes,
2504 2146 2625 2203 qua:
2684 2132 2961 2201 populosw
3012 2128 3236 2191 fuerint,
3293 2127 3612 2182 diacouibus

1999 2226 2308 2280 dividantur
2366 2226 2433 2280 Et
2466 2240 2819 2293 oua-eumque
2852 2222 3103 2275 difﬁciles
3154 2223 3484 2292 qttmstiotics
3518 2236 3612 2289 per

1998 2320 2239 2389 singulas
2256 2319 2560 2388 provincias
2575 2328 2780 2373 exerta-
2800 2317 2997 2371 iuerint
3019 2315 3398 2387 (Innocentius,
3419 2332 3501 2385 cp.
3524 2314 3607 2387 tt),

2003 2426 2222 2481 semper
2254 2411 2318 2461 ad
2354 2411 2538 2463 sedem
2585 2408 2937 2477 apostolicam
2994 2413 3295 2461 reterantur
3345 2408 3434 2473 (S.
3469 2407 3607 2474 Leo,

1998 2520 2080 2572 ep.
2114 2519 2338 2567 Lxxxrv,
2370 2519 2417 2556 c.
2450 2505 2505 2566 7;
2540 2501 2758 2572 l’igilizis
2790 2543 2803 2566 ,
2830 2519 2907 2571 ep.
2939 2502 3019 2570 tt).
3060 2501 3201 2555 Bene
3232 2502 3373 2566 vale,
3418 2501 3608 2566 frater,

2000 2607 2053 2649 et
2097 2611 2188 2649 ora
2235 2611 2329 2662 pro
2361 2595 2533 2649 nobis.
2571 2585 2701 2648 llata
2734 2593 2981 2648 kalendis
3027 2595 3225 2655 martii,
3275 2593 3611 2648 Diocletiano

1997 2698 2152 2742 sexto
2197 2687 2278 2761 (4)
2331 2700 2381 2743 et
2440 2688 2762 2743 Constantio
2828 2688 3067 2742 secundo
3123 2688 3250 2741 viris
3294 2687 3609 2742 clarissimis

1996 2785 2328 2839 consulibus.

2070 2924 2153 2995 (l)
2186 2922 2301 2995 Huc
2329 2937 2498 2990 usque
2528 2921 2692 2976 verba
2720 2921 2776 2976 S.
2807 2921 3004 2976 Leonis
3024 2962 3039 2987 ,
3094 2937 3157 2976 ex
3203 2920 3397 2990 quibus
3429 2920 3609 2975 videas

1995 2993 2153 3047 aliter
2181 2994 2331 3047 olere
2354 2995 2580 3046 catulos.

2069 3064 2149 3136 (τὶ)
2184 3064 2324 3117 Illud
2358 3074 2523 3116 tamen
2572 3082 2681 3118 nos.
2715 3064 2867 3132 Quod
2902 3065 2988 3119 hic
3013 3074 3065 3118 et
3086 3079 3246 3133 supra
3272 3064 3322 3119 in
3356 3064 3461 3118 vita
3496 3064 3608 3119 Caii

1996 3134 2063 3190 de
2080 3134 2397 3190 ‘hierarebia
2415 3137 2781 3190 cci-lesiastica
2797 3138 3109 3200 constituta,
3132 3153 3160 3190 a
3185 3138 3316 3189 Caio
3349 3136 3606 3203 potitilice

1999 3209 2243 3260 instituta
2297 3208 2569 3267 dicantur,
2602 3223 2939 3275 nequaquam
2974 3210 3051 3261 sic
3075 3221 3193 3260 sunt
3227 3209 3598 3275 intelligenda,

268 3293 471 3355 suisse,
513 3290 727 3360 quibus
781 3289 1060 3359 diligentia
1108 3288 1229 3341 ﬁdei
1288 3293 1339 3341 in
1395 3287 1887 3356 Splettdidi<sin13|n
1918 3273 1961 3333 (ἶ
1997 3281 2147 3347 quasi
2181 3282 2293 3347 ipsc
2328 3280 2528 3359 primus
2558 3273 3324 3360 institueritmtuadsummum
3360 3281 3606 3360 ordinent

270 3384 612 3439 latitudinem
665 3381 935 3451 dirigatur
965 3422 980 3446 ,
1034 3390 1089 3436 et
1118 3381 1343 3435 sincera:
1377 3379 1742 3447 intelligenliw
1774 3380 1891 3436 luce

272 3480 569 3549 perspiciat
593 3518 610 3542 ,
645 3476 791 3546 quod
824 3478 877 3529 in
934 3475 1070 3529 Filio
1112 3475 1223 3539 Dei,
1267 3474 1357 3544 qui
1391 3489 1449 3527 se
1499 3474 1893 3530 incessabiliter

272 3572 456 3628 Filium
485 3571 759 3632 hominis,
786 3580 842 3626 et
866 3571 1141 3625 hominem
1170 3570 1469 3639 prolitetur,
1499 3584 1603 3621 non
1637 3569 1705 3621 sit
1735 3567 1888 3623 Chri-

270 3664 447 3720 stianis
466 3662 932 3726 erubescendum,
954 3662 1048 3715 sed
1067 3662 1507 3717 constantissime
1523 3660 1883 3730 gloriandum:

272 3759 544 3826 quoniam,
594 3757 739 3811 sicut
785 3757 862 3809 ait
912 3757 1100 3809 beatus
1140 3754 1433 3823 Apostolus
1487 3754 1531 3823 (Ι
1562 3753 1720 3818 Tim.,
1754 3754 1831 3825 Ill)
1868 3772 1879 3806 :

274 3848 519 3923 Magnum
545 3859 619 3904 est
643 3850 851 3920 pictatis
882 3860 1263 3902 sacramentum
1296 3890 1307 3913 ,
1337 3848 1474 3914 quod
1504 3848 1886 3914 nianifeslatum

271 3954 335 3997 est
360 3944 411 3999 in
432 3960 614 4012 carne,
639 3943 994 4014 justiﬁcatum
1019 3952 1089 3996 est
1116 3943 1169 3995 in
1199 3939 1422 4010 Spiritu,
1452 3942 1693 4011 apparuit
1723 3956 1854 4011 auge

2001 3366 2346 3404 ascensurus.
2380 3366 2473 3417 per
2518 3351 2831 3403 interiorum
2864 3351 3110 3405 ordinum
3142 3352 3339 3419 gradus
3368 3352 3601 3404 sublime

2002 3422 2291 3475 ὅποι-νόοιἰί
2338 3424 2721 3475 conscendi-ret
2755 3440 2765 3473 :
2804 3438 2924 3474 nam
2978 3424 3244 3490 ejttslliodi
3276 3423 3600 3474 Itiet'at'cliia:

1999 3494 2270 3551 ordinem.
2300 3494 2633 3555 temporibus
2660 3496 3026 3562 apostolorum
3080 3496 3131 3546 in
3170 3494 3410 3547 Ecclesia
3444 3495 3607 3545 stabi-

1998 3565 2150 3619 litum
2186 3565 2549 3631 fuisse,supra
2583 3566 2828 3632 pluribus
2860 3567 2989 3619 locis
3022 3578 3098 3618 rst
3126 3576 3459 3618 eilarratum.
3486 3566 3603 3618 Gali

1994 3637 2154 3703 igitur
2172 3636 2446 3690 decretum
2480 3637 2612 3689 nihil
2648 3636 2791 3691 aliud
2821 3639 3166 3691 constituisse
3193 3637 3423 3699 videtur,
3446 3652 3604 3704 quam

1991 3708 2132 3776 quod
2181 3710 2245 3761 ad
2299 3718 2514 3761 trouum
2576 3709 2939 3778 episeopalcm
2984 3724 3144 3763 nemo
3176 3708 3603 3776 proveherclm'.

1992 3780 2092 3833 nisi
2120 3782 2208 3848 qui
2242 3782 2293 3833 in
2327 3780 2552 3849 singulis
2601 3782 2946 3834 interioribus
2998 3783 3301 3839 ordinibus,
3334 3779 3520 3831 debito
3543 3795 3605 3830 ac

1990 3862 2253 3904 consueto
2300 3860 2545 3917 tempore
2604 3853 2984 3905 ministrasset.
3025 3851 3155 3907 Vide
3206 3852 3428 3917 Bacon,
3460 3865 3603 3902 anno

1989 3921 2368 3981 296.1nnnvro
2407 3924 2461 3975 εξ.
2510 3924 2711 3977 Ssx-nn.
2758 3925 2961 3978 limus.

2061 3996 2145 4063 (5)
2176 3994 2347 4048 Verba
2378 3994 2735 4049 Pontilicalis.

2059 4066 2134 4137 (ι)
2166 4067 2269 4121 An.
2297 4066 2499 4123 Christi
2522 4066 2630 4121 296

1514 4170 1894 4233 LECTIONES
1933 4177 2357 4237 VARIANTES.

324 4286 351 4317 ⁸
380 4286 783 4338 Percurrentem
812 4282 960 4333 Labb.

1622 4392 3318 4419 Mm

645 4477 822 4562 DE
884 4465 1710 4573 COMMODIANO
1764 4484 2238 4590 GAZ/EO,
2278 4490 2790 4576 ORIGINE
2853 4494 3201 4604 AFRO,

2066 4292 2097 4330 Ῑι
2132 4294 2231 4345 Nos
2253 4298 2496 4359 replicare
2520 4299 2617 4350 nisi
2642 4299 2786 4349 Labb.

3319 4399 3561 4422 mw.

1209 4653 2655 4801 PROLEGOMENA.

888 4860 1179 4901 ARTICULUS
1218 4863 1257 4901 Ι.

771 4978 909 5049 Ejus
945 4977 1077 5035 Viue
1105 4979 1377 5053 Synopsis.

327 5124 397 5180 De
428 5119 820 5180 Commodiano
855 5118 980 5189 quid
1018 5124 1204 5172 veteres
1242 5121 1597 5177 utentinerint?
1616 5153 1687 5164 —
1711 5124 1876 5181 Com-

267 5220 481 5275 modium
507 5218 723 5289 primus
747 5224 994 5268 veterum
1018 5213 1261 5268 meminit
1282 5212 1597 5269 Gennadius
1613 5258 1628 5279 ,
1652 5219 1878 5290 ejusque

269 5313 620 5368 characterem
645 5308 784 5363 satis
806 5307 946 5361 bene
970 5305 1053 5359 his
1071 5306 1248 5361 verbis
1266 5308 1533 5373 expressit
1553 5308 1658 5380 (1):
1686 5310 1877 5367 «Com.

270 5408 564 5471 modianus,
600 5406 802 5476 inquit,
836 5404 963 5459 dum
992 5406 1135 5460 inter
1162 5406 1453 5460 saecularcs
1482 5406 1686 5462 litteras
1710 5402 1870 5463 etiam

269 5512 473 5555 nostras
499 5502 660 5572 legit,
690 5500 1038 5557 occasionem
1067 5503 1277 5572 accepit
1305 5501 1446 5557 ﬁdei.
1472 5502 1669 5558 Factus
1696 5504 1874 5576 itaque

271 5592 615 5657 christianos,
645 5603 702 5648 et
724 5594 916 5649 volens
942 5594 1144 5665 aliquid
1172 5595 1475 5651 studiorum
1505 5613 1727 5653 suorum
1760 5616 1874 5654 mu-

271 5686 409 5740 neris
427 5684 621 5741 oll‘erre
641 5685 883 5747 Christo,
903 5702 1015 5739 sua:
1038 5685 1230 5741 salutis
1256 5689 1459 5743 auctori
1481 5731 1494 5753 ,
1520 5692 1740 5761 scripsit
1766 5708 1879 5745 me-

272 5778 435 5834 diocri
462 5792 714 5835 sermone
733 5820 751 5847 ,
782 5778 943 5851 quasi
967 5794 1141 5836 versu-
1162 5780 1357 5837 librum
1388 5783 1675 5840 adversum
1709 5802 1873 5858 puga.

360 5931 443 6003 (t)
470 5931 741 6002 Gennad.,
771 5935 837 5991 de
868 5935 1123 6008 Scriptor.
1158 5936 1386 6007 λῦσε-ῆι,
1415 5954 1533 6012 cap.
1568 5942 1659 5998 15.

1895 4856 1950 4916 D
1977 4870 2097 4911 nos.
2142 4857 2206 4912 Et
2232 4861 2354 4929 quia
2390 4876 2579 4929 parum
2613 4870 2923 4918 nostrarum
2960 4866 3213 4936 attigerat
3256 4868 3557 4924 litterarum
3583 4911 3597 4933 ,

1984 4950 2155 5018 magis
2182 4949 2396 5004 illorum
2421 4952 2705 5009 destruere
2732 4958 2901 5025 potuit
2923 4957 3170 5029 dogmata
3191 5003 3204 5027 ,
3231 4977 3389 5029 quam
3416 4972 3597 5017 uestra

1982 5039 2220 5095 ﬁrmare.
2257 5040 2413 5098 Unde
2446 5054 2501 5098 et
2530 5045 2596 5099 de
2627 5047 2825 5101 divinis
2859 5051 3368 5119 repromissiouiluts
3408 5055 3601 5110 adver-

1982 5149 2102 5190 sum
2146 5134 2269 5190 illos
2310 5138 2401 5191 vili
2445 5139 2577 5192 satis
2606 5151 2660 5193 et
2688 5156 2875 5195 crasso
2897 5185 2912 5209 ,
2946 5153 3003 5197 ut
3036 5147 3103 5198 ita
3137 5146 3364 5201 dixerim
3389 5190 3401 5211 ,
3434 5164 3597 5203 sensu

1981 5226 2271 5293 disseruit,
2296 5229 2402 5285 illis
2430 5238 2707 5300 stuporem
2738 5247 2787 5288 et
2813 5236 2967 5290 nobis
2988 5238 3425 5311 deSporationem
3449 5242 3600 5296 incu-

1982 5318 2137 5386 tiens,
2174 5320 2398 5376 Tertulli
2420 5339 2561 5377 iuuat
2592 5336 2647 5379 et
2674 5324 3008 5382 Laetantium
3029 5373 3041 5393 ,
3087 5341 3137 5385 et
3165 5332 3382 5401 Papiam
3413 5345 3600 5389 aucto-

1980 5428 2067 5467 res
2098 5426 2316 5468 secutus
2340 5416 2441 5489 (ι).
2468 5416 2724 5473 Riotalem
2752 5434 2884 5475 sane
2910 5420 3210 5478 doctrinam
3236 5470 3249 5489 ,
3283 5438 3335 5481 et
3364 5428 3597 5483 maxime

2168 5528 2402 5606 Acsane
2434 5528 2652 5600 Papiam
2695 5534 2963 5602 sequitur,
3012 5536 3247 5602 probans
3287 5540 3481 5609 dogma
3528 5542 3597 5596 de

2039 5614 2048 5648 I
2080 5597 2126 5648 le
2152 5613 2309 5648 annis
2330 5614 2431 5648 can
2485 5603 2692 5648 Illtilnn,
2721 5604 3115 5648 Τοινιηηίςηηηη
3150 5625 3273 5648 mm
3302 5614 3352 5648 in
3383 5614 3569 5648 ιιηιΙΙίέ

1978 5597 2126 5648 mille
2150 5598 2309 5680 annis
2330 5614 2431 5680 cap
2485 5597 2696 5680 ultimo.
2721 5597 3115 5680 Tertullianttm
3150 5625 3273 5663 vero
3302 5597 3591 5676 in‘imtltis,

1981 5668 2466 5752 quite-degentium
2497 5674 2600 5752 diis
2628 5674 2886 5744 disputat.
2926 5680 2997 5730 De
3029 5679 3310 5734 Lactantio
3340 5668 3593 5752 equidem

1982 5738 2171 5791 dubito
2199 5741 2415 5810 (inquit
2448 5738 2736 5808 perdoctus
2770 5750 3031 5803 Albi-rtus
3064 5750 3339 5806 Fabricius
3371 5738 3421 5807 iii
3453 5753 3591 5808 Bibl.

1982 5810 2117 5890 "ted.
2149 5812 2680 5893 et_ii:/itii._ltitiiiiitis,
2711 5828 2843 5893 tom.
2876 5837 2921 5893 ῃ,
2956 5838 3075 5891 pag.
3110 5823 3238 5886 lOti,
3272 5825 3401 5877 edit.
3434 5825 3591 5881 l’ata-

1981 5883 2145 5962 vium,
2183 5883 2371 5968 17Ξὶ4),
2402 5886 2528 5968 licet
2560 5887 2845 5968 Griniiadio
2875 5883 2974 5968 hac
3005 5883 3055 5947 in
3087 5883 3239 5968 parte
3267 5895 3591 5968 suliragatus

1986 5960 2219 6022 primum
2261 5965 2345 6013 est
2384 5960 2552 6015 etiam
2594 5960 2864 6030 Bigaltius
2890 5963 3050 6035 (nam
3081 5960 3136 6020 in
3164 5965 3311 6021 curis
3338 5960 3591 6026 secundis
