3950 6356
301 402 395 457 {9|

1224 402 1313 458 DE
1351 400 1805 457 COMMODIANO
1844 397 2117 467 GAZAEO,
2158 397 2438 456 ORIGINE
2466 398 2669 455 AFRO.

3495 394 3600 452 19'2

296 516 610 572 voluntariae.
652 517 981 587 paupertatis
1010 531 1250 572 amorem
1282 517 1483 584 optime
1531 525 1848 586 prosccutus
1871 558 1883 578 ,
1918 518 1959 575 Α
1992 514 2299 570 christianm
2329 531 2551 581 expcrz,
2586 513 2815 569 ethnicte
2844 527 2971 568 vero
3001 513 3371 584 superstitioni
3414 513 3595 568 adhuc

299 606 639 662 studentibus
684 608 970 663 inculcavit
1007 629 1051 661 ι.
1100 610 1226 663 Haec
1270 607 1577 663 Gennadius
1612 627 1624 660 :
1673 624 1740 663 ex
1783 623 1892 675 quo

295 700 521 767 paucula
566 700 833 755 llonorius
863 716 1077 772 quoque
1106 701 1608 772 Augustoduncnsis
1639 700 1741 771 (1).
1786 701 1893 757 Sed

296 800 422 861 post
452 793 839 848 massiliensetn
875 796 1245 866 presbyterum
1277 794 1518 849 meminit
1548 795 1706 849 etiam
1730 794 1892 849 Com-

299 884 533 937 modiani
560 882 810 941 Gelasius
835 901 1090 942 romanus
1119 886 1356 956 pontifex
1375 930 1388 951 ,
1419 888 1561 941 illius
1590 902 1726 959 opus
1754 890 1896 945 inter

297 979 632 1049 aprocrypha
660 979 712 1033 itt
743 994 841 1038 suo
867 979 1091 1034 decreto
1120 996 1431 1035 recensens.

370 1069 563 1125 Auctor
588 1069 827 1125 Casinum
851 1087 903 1125 se
928 1073 1189 1137 nominat,
1213 1090 1303 1127 cur
1328 1072 1483 1126 vero?
1502 1102 1571 1111 -—
1588 1071 1747 1143 Cujus
1768 1091 1896 1131 vero

297 1162 457 1219 fuerit
481 1164 567 1220 hic
596 1175 800 1232 auctor,
833 1166 989 1236 plane
1020 1167 1443 1238 incompertum,
1490 1170 1788 1224 tacentibus
1829 1170 1897 1225 de

296 1257 466 1327 patria
498 1258 615 1325 ejus
644 1258 881 1328 antiquis
910 1259 1285 1329 scriptoribus.
1317 1259 1567 1314 Nonnulli
1598 1276 1720 1315 eum
1753 1261 1895 1316 italis

294 1365 358 1404 ac
389 1350 645 1406 Romanis
670 1353 967 1406 ascribunt.
992 1352 1090 1419 Qui
1118 1366 1241 1407 eum
1267 1351 1453 1407 Afrum
1484 1352 1647 1408 fuisse
1676 1363 1894 1421 putant,

294 1443 660 1512 conjecturam
688 1444 949 1499 adhibent
978 1460 1085 1499 non
1116 1446 1273 1515 plane
1298 1446 1769 1501 contemnendam.
1796 1444 1899 1499 Ga-

301 1550 463 1589 zteum
502 1535 717 1603 quidem
760 1552 819 1590 se
861 1536 1037 1607 ipsum
1082 1548 1237 1592 vocat
1280 1536 1358 1610 (Ξ)
1387 1556 1400 1591 :
1432 1548 1608 1592 utrum
1647 1547 1826 1592 autem
1868 1553 1897 1591 a

294 1626 437 1683 Gaza
482 1629 781 1685 Paltestinte
826 1631 992 1694 urbe,
1036 1633 1157 1701 quis
1199 1641 1313 1687 tuto
1356 1631 1693 1687 adlirmarit?
1735 1633 1899 1703 Atqui

294 1735 427 1775 vero
455 1723 673 1791 propius
700 1722 924 1777 eruditis
951 1723 1163 1777 videtur
1189 1723 1292 1795 (5),
1325 1725 1494 1793 ipsum
1523 1734 1805 1794 ptopterea
1830 1724 1899 1779 ita

297 1828 357 1870 se
383 1816 724 1885 appellasse,
756 1816 898 1884 quod
930 1815 983 1895 in
1015 1815 1432 1872 cbristianorum
1464 1828 1663 1873 emtum
1695 1817 1899 1873 admis-

1995 611 2241 666 addictus
2266 619 2409 665 esset
2427 608 2863 675 Gotnmodiauus,
2892 619 2945 664 et
2972 609 3026 664 in
3057 608 3295 663 tenebris
3324 610 3593 678 supersti~

1998 703 2250 757 tiosarum
2278 713 2330 756 ct
2354 704 2636 772 impiarum
2661 702 2899 769 gentium
2921 711 3250 767 versaretur,
3282 702 3373 757 Dei
3400 718 3593 757 mune-

1997 814 2055 854 re
2076 798 2298 862 accidit,
2330 806 2387 851 ut
2411 797 2576 852 sacris
2601 797 2796 850 litteris
2818 794 3130 850 evolvendis
3154 794 3503 857 incumbens,
3528 808 3599 848 ex

1997 906 2179 946 earum
2210 891 2441 945 lectione
2466 907 2496 946 e
2525 899 2682 946 nocte
2711 890 2799 945 illa
2823 892 3023 946 sensim
3048 899 3345 961 emergeret
3362 930 3377 955 ,
3401 904 3465 944 ac
3490 903 3605 946 ete-

2000 985 2115 1040 Iesti
2151 985 2350 1040 lumine
2390 984 2766 1048 collustratus,
2799 983 3017 1037 Christo
3046 998 3241 1037 nomen
3282 982 3435 1038 daret
3478 980 3600 1055 (l):

1998 1077 2140 1148 quod
2164 1078 2380 1148 quidem
2408 1078 2656 1133 evenisse
2680 1078 2806 1132 item
2834 1074 3045 1131 Justiuo
3074 1075 3290 1147 Martyri
3308 1116 3323 1141 ,
3350 1075 3599 1140 Tatiano,

1999 1170 2253 1241 aliisque,
2283 1187 2348 1224 ex
2375 1185 2561 1226 eorum
2593 1169 2956 1222 monumentis
2986 1169 3154 1238 probe
3185 1169 3451 1224 novimus.
3486 1168 3600 1223 Do-

1999 1264 2172 1318 ctrina
2214 1262 2395 1333 itaque
2426 1262 2643 1317 salutari
2676 1261 3028 1315 conﬁrmatus
3049 1303 3064 1323 ,
3098 1261 3329 1333 fideique
3358 1262 3477 1316 zelo
3507 1276 3603 1316 ac-

2000 1372 2228 1422 census,
2269 1357 2335 1410 ad
2375 1356 2759 1434 expugnandos
2804 1356 3070 1427 imprimis
3115 1356 3311 1411 divinae
3359 1356 3605 1413 veritatis

2004 1451 2234 1505 h0stium
2280 1464 2495 1505 errores
2537 1464 2595 1503 se
2636 1450 2936 1514 convertit,
2985 1464 3316 1521 operamque
3355 1464 3507 1504 suam
3551 1448 3605 1504 in

2003 1541 2311 1598 refellendis
2345 1542 2556 1596 illorum
2584 1542 2866 1596 erroribus
2893 1542 3106 1613 posuit;
3140 1540 3302 1610 hujus
3331 1540 3491 1610 igitur
3519 1540 3608 1594 in.

2004 1634 2173 1687 stituti
2203 1649 2361 1687 causa
2398 1631 2633 1687 libellum
2665 1632 2987 1701 conscripsit
3017 1630 3119 1685 sub
3162 1631 3347 1685 titulo:
3401 1630 3610 1684 Instru-

2005 1726 2191 1779 ctiones
2212 1725 2455 1778 adversus
2477 1726 2702 1793 gentium
2723 1721 2862 1776 Deos
2887 1739 2980 1789 pro
3004 1722 3287 1775 christiana
3307 1722 3607 1789 disciplina.

2007 1815 2328 1871 Perstrinxit
2369 1818 2425 1869 in
2470 1830 2531 1867 ea
2573 1814 2707 1869 falsa
2744 1815 2983 1885 gentium
3016 1814 3269 1879 numina,
3304 1828 3610 1884 pravosque

295 1922 385 1962 sus
407 1949 422 1974 ,
472 1924 502 1963 e
542 1908 932 1980 gazophylacio
954 1948 970 1974 ,
1000 1925 1095 1965 seu
1127 1909 1388 1965 Ecclesia:
1418 1912 1672 1967 thesauro
1701 1914 1902 1968 victum
1932 1915 1981 1974 B
2007 1910 2203 1976 cultus,
2228 1921 2283 1964 et
2303 1909 2549 1978 quamvis
2578 1908 2774 1978 ingenii
2805 1918 2968 1978 atque
2989 1908 3122 1962 artis
3150 1909 3462 1977 praestantia
3494 1907 3612 1962 heic

296 2003 589 2072 acciperet.
625 2007 793 2069 Quam
828 2003 1046 2073 quidem
1086 2003 1453 2074 conjecturam
1496 2006 1725 2076 ipsemet
1765 2020 1899 2060 con-

295 2094 512 2149 ﬁrmare
536 2108 814 2161 censetur,
844 2095 975 2150 dum
1002 2096 1291 2150 mendicum
1318 2096 1507 2150 Christi
1533 2112 1594 2153 se
1622 2098 1863 2152 nominat
1884 2140 1899 2163 ,

301 2187 378 2241 uti
410 2202 476 2242 ex
508 2186 881 2242 instrnctionis
919 2187 1123 2243 ultima:
1146 2190 1351 2245 ’litteris
1372 2233 1387 2257 ,
1419 2207 1540 2260 quae
1584 2206 1774 2246 versus
1821 2184 1902 2245 iti-

298 2280 501 2336 choaut
526 2323 541 2347 ,
574 2292 721 2357 retro
751 2296 967 2336 sursum
1001 2282 1274 2353 legendis,
1306 2287 1687 2354 comperimus.

371 2372 497 2443 Afer
522 2367 861 2427 existimatur.
891 2372 1020 2429 Utut
1047 2376 1147 2441 sit,
1182 2375 1497 2433 Dodwellus
1522 2376 1708 2433 Afrum
1739 2380 1905 2435 fuisse

297 2466 746 2522 Commodianum
772 2483 841 2522 ex
866 2482 933 2522 eo
961 2470 1181 2537 conjicit
1207 2470 1288 2541 (4)
1318 2470 1461 2541 quod
1491 2472 1658 2526 multa
1686 2473 1798 2527 suis
1825 2474 1906 2527 itt-

298 2559 685 2615 struCtiuuibus
709 2559 905 2617 habeat
925 2575 1048 2617 cum
1071 2573 1259 2619 sancto
1280 2564 1551 2636 Cypriano
1575 2567 1904 2621 communia.

300 2651 360 2707 In
385 2652 630 2707 eamdem
658 2668 820 2724 porro
841 2657 1164 2711 sententiam
1190 2659 1473 2726 prreiverat
1501 2658 1759 2730 Rigztltius
1792 2661 1905 2734 (5):

302 2760 412 2816 quo
440 2745 623 2816 judice
645 2788 659 2811 ,
692 2748 868 2815 stylus
897 2749 1137 2804 auctoris
1164 2748 1419 2805 africano:
1448 2752 1661 2806 ferociae
1692 2753 1909 2807 rustici-

304 2850 469 2896 tatem
500 2842 675 2911 sapit;
703 2856 823 2912 qua:
856 2855 1034 2898 tamen
1068 2844 1134 2898 ad
1166 2845 1415 2900 acumina
1445 2846 1779 2913 Tertulliani,
1807 2846 1911 2919 Cy-

305 2937 515 3008 priani,
569 2937 783 2993 Minucii
837 2955 943 2994 non
997 2937 1367 3009 infrequenter
1409 2939 1619 2995 alludit.
1672 2941 1911 2998 Suadere

309 3030 528 3100 insuper
553 3031 805 3086 videntur
829 3033 1015 3102 judice
1052 3034 1233 3091 Caveo
1264 3033 1379 3104 (6),
1409 3050 1531 3104 qua:
1560 3048 1789 3105 usurpat
1817 3051 1913 3089 vo-

306 3128 519 3193 cabula,
552 3127 685 3183 al'ris
713 3127 1069 3199 scriptoribus
1095 3144 1234 3200 pene
1262 3129 1499 3200 propria,
1530 3127 1784 3196 Zabulus,
1816 3130 1913 3187 Za—

308 3235 474 3275 cones
496 3262 512 3287 ,
550 3232 654 3277 etc.

2007 2005 2186 2059 minus
2226 2010 2517 2072 appareat,
2565 2001 2697 2055 satis
2739 2012 2915 2055 tamen
2948 1999 3278 2070 singularem
3310 2000 3605 2056 sanctimo-

2010 2099 2151 2152 niam
2171 2139 2187 2163 ,
2212 2110 2524 2167 verumque,
2555 2108 2655 2150 nec
2680 2094 2987 2150 simulatum
3016 2108 3141 2164 erga
3171 2092 3340 2149 Deum
3369 2106 3610 2148 amorem

2008 2190 2325 2244 declaravit.

2081 2280 2302 2353 Tempus
2332 2280 2626 2349 inquiritur,
2656 2295 2755 2347 quo
2785 2279 2973 2333 claruit
3003 2277 3421 2333 Commodianus.
3446 2306 3517 2318 ——
3540 2267 3614 2332 De

2009 2385 2189 2437 aetate.
2222 2391 2325 2444 qua
2355 2376 2549 2429 vixerit
2573 2373 3026 2438 Commodianus,
3056 2371 3251 2428 eruditi
3283 2387 3389 2426 non
3418 2385 3616 2427 conve-

2012 2470 2186 2523 niunt.
2222 2468 2481 2540 Rigaltitts
2516 2468 2616 2541 (2),
2650 2466 2906 2535 Dupinius
2936 2467 3041 2538 (5),
3074 2464 3381 2520 Ceillierius
3411 2465 3491 2537 (4)
3522 2464 3619 2519 llo-

2012 2562 2189 2615 ruisse
2217 2575 2340 2614 eum
2377 2568 2563 2627 putant
2594 2558 2933 2613 Constantini
2965 2555 3139 2627 Magni
3182 2555 3429 2625 imperio,
3460 2566 3620 2625 atque

2014 2654 2114 2707 sub
2157 2652 2471 2721 pontificatu
2513 2651 2686 2706 sancti
2726 2649 3021 2721 Sylvestri,
3069 2651 3225 2716 cujus
3262 2646 3527 2720 pontiﬁcis
3566 2646 3621 2702 in

2014 2743 2229 2813 scriptis
2281 2744 2392 2797 suis
2444 2742 2887 2797 Gommodianum
2942 2739 3294 2805 meminisse,
3351 2738 3623 2795 communi

2015 2840 2346 2892 eruditorum
2388 2836 2640 2907 opinione
2686 2834 2874 2890 fet-tur.
2925 2833 3295 2905 Antiquiorem
3342 2843 3519 2887 tamen
3560 2846 3623 2886 ac

2016 2932 2287 3003 Cyptiano
2312 2932 2397 3007 vel
2422 2930 2683 2999 :equalem
2704 2970 2717 2992 ,
2748 2928 2832 2982 vel
2862 2942 3151 2997 supparetn
3182 2926 3348 2981 fuisse
3378 2925 3626 2980 Dodwel-

2021 3028 2105 3082 lus
2148 3027 2353 3081 censuit
2394 3026 2509 3095 (5);
2554 3038 2720 3093 quare
2748 3021 2991 3085 Cavetts,
3025 3035 3146 3075 cum
3177 3020 3231 3074 in
3262 3020 3431 3087 prima
3462 3018 3626 3073 Com-

2019 3118 2269 3175 mentarii
2311 3118 2393 3172 sui
2432 3116 2501 3171 de
2540 3114 2891 3184 scriptoribus
2931 3110 3313 3167 ecclesiasticis
3354 3108 3623 3175 editione,

2021 3213 2162 3267 inter
2198 3212 2374 3282 quarti
2413 3208 2594 3265 steculi
2636 3206 2929 3275 scriptores
2956 3202 3403 3259 Commodianum
3435 3217 3628 3257 recen-

388 3312 471 3369 Ea:
498 3316 700 3371 ethnica
728 3317 1089 3388 superstitione
1116 3320 1185 3371 ad
1214 3319 1367 3387 ﬁdem
1394 3317 1588 3375 Christi
1610 3336 1909 3387 conversus,

2025 3304 2251 3368 suisset,
2282 3302 2333 3356 itt
2364 3302 2529 3356 altera
2558 3297 2852 3354 Uxttniensi
2880 3296 3116 3351 editione
3150 3294 3411 3351 DodWelli
3438 3294 3625 3364 conje-

312 3406 538 3462 libellum
560 3409 863 3479 composuit.
885 3408 1263 3475 Instructiones
1279 3410 1522 3465 adversus
1540 3400 1767 3481 gentium
1784 3410 1920 3467 Deos

310 3500 631 3573 inscriptum.
656 3533 729 3543 —
748 3503 880 3558 Ortu
906 3514 957 3559 et
986 3504 1132 3559 cultu
1161 3502 1331 3559 fuisse
1356 3505 1651 3564 etbnicum.
1682 3506 1813 3560 satis
1839 3508 1921 3561 in-

313 3596 457 3649 dicat
485 3596 599 3667 ipse
624 3611 747 3651 cum
778 3598 829 3650 in
862 3597 1180 3667 praefatione
1206 3598 1307 3669 (7),
1339 3606 1449 3653 tum
1477 3596 1605 3653 dum
1630 3598 1760 3654 alibi
1782 3613 1914 3669 gen-

315 3688 435 3744 tiles
464 3689 542 3743 sic
571 3688 865 3759 alloquitur
896 3688 977 3762 (8)
1003 3708 1016 3745 :

492 3804 556 3856 Et
578 3819 692 3869 ego,
721 3807 803 3869 qui
826 3818 1025 3868 moneo,
1050 3806 1182 3855 idem
1203 3805 1271 3856 tui
1285 3844 1300 3868 ,
1327 3808 1528 3856 nescius
1551 3817 1739 3855 errans.

318 3912 449 3969 lude
480 3912 839 3968 lnstructione
871 3928 992 3980 ιχι,
1027 3930 1081 3967 se
1110 3914 1175 3966 de
1203 3913 1380 3967 cloaca
1409 3914 1628 3967 levatum
1667 3911 1834 3974 dicit,
1866 3912 1921 3966 id

316 4017 421 4075 est,
466 4006 535 4063 de
567 4010 766 4065 steculo
786 4048 801 4073 ,
831 4006 901 4063 de
933 4006 1262 4063 idololatria.
1298 4007 1429 4062 Cum
1459 4006 1617 4077 igitur
1644 4006 1920 4077 religionis

319 4146 383 4200 ad
404 4148 642 4200 instruct.
664 4160 854 4209 χχχιιι,
872 4142 997 4198 huic
1008 4143 1293 4198 sententite
1316 4143 1431 4212 ipse
1450 4156 1554 4195 non
1574 4142 1801 4197 multttm
1824 4145 1920 4197 tri-

321 4219 434 4272 buit
468 4216 487 4289 )
525 4218 615 4285 qui
660 4216 922 4289 Sylvestri
973 4212 1781 4289 pontificis‘ntentionetnulieri
1836 4215 1919 4267 in-

320 4284 501 4343 struct.
526 4284 596 4343 χχ
609 4284 725 4351 χιιι,
746 4303 798 4339 v.
824 4287 879 4351 5,
902 4284 1007 4341 non
1036 4286 1332 4342 dubitavit:
1365 4286 1432 4338 ita
1454 4285 1598 4337 enim
1618 4284 1765 4337 illum
1796 4300 1919 4339 ver-

321 4376 440 4415 sum
485 4358 644 4430 legit;
675 4356 878 4430 Intrate
905 4358 1117 4413 stabulis
1147 4356 1413 4430 Sylvestri.
1429 4356 1498 4430 ad
1524 4371 1753 4428 prasepe
1782 4354 1916 4411 Pas-

322 4433 465 4485 toris.
499 4428 704 4485 Confer
732 4429 935 4484 Barthii
966 4428 1257 4485 Adversar.
1289 4443 1412 4487 LIII,
1444 4429 1501 4483 5.

395 4500 477 4573 (I)
511 4501 713 4573 ﬂonor.
737 4502 1058 4573 Augustod..
1080 4502 1144 4557 de
1174 4501 1429 4571 Scriptor.
1449 4499 1605 4566 eccl.,
1626 4498 1663 4554 Ι.
1684 4514 1739 4566 tl,
1761 4499 1920 4555 0.15.

422 4574 478 4643 2)
508 4571 817 4633 Commod.,
852 4572 1098 4627 Instruct.
1133 4588 1310 4629 ιχχχ.

421 4642 477 4711 '5)
522 4642 766 4699 60mm
806 4659 867 4699 se
910 4656 1095 4706 vocat,
1142 4663 1245 4700 non
1276 4645 1345 4699 ab
1371 4644 1505 4699 urbe
1533 4644 1741 4710 aliqua,
1782 4642 1922 4698 Gaza

2024 3399 2189 3453 cturis
2220 3408 2397 3452 motus
2422 3398 2475 3451 in
2499 3395 2687 3451 eadem
2714 3409 2837 3447 cum
2868 3393 2984 3463 ipso
3010 3393 3331 3447 sententiam
3361 3390 3511 3445 abiit.
3545 3388 3624 3444 Ad

2027 3504 2265 3561 tempora
2314 3490 2495 3545 swculi
2548 3486 2771 3543 secuitdi
2821 3487 3121 3557 vergentis,
3175 3485 3289 3539 sive
3334 3483 3628 3539 desinentis

2024 3584 2273 3640 eumdem
2307 3584 2467 3639 refert
2500 3580 2836 3637 Sebastianus
2869 3578 3028 3633 Pauli
3058 3579 3176 3651 (6),
3206 3578 3439 3633 clericus
3469 3592 3629 3647 regu-

2024 3678 2150 3733 laris
2178 3678 2229 3731 in
2259 3676 2638 3730 dissertatione
2665 3673 2845 3727 italice
2869 3671 3009 3727 edita
3034 3670 3280 3741 Neapoli,
3309 3670 3469 3735 1714,
3496 3670 3549 3724 in
3570 3670 3627 3724 8"

2024 3776 2087 3825 de
2121 3770 2269 3825 Ροεεὶ
2298 3769 2405 3825 SS.
2442 3766 2659 3821 Patrum
2685 3782 3000 3838 gra-corunt,
3036 3764 3411 3834 latinorumth
3435 3765 3491 3818 in
3523 3764 3629 3835 pri-

2024 3869 2117 3921 mis
2148 3864 2390 3920 Ecclesite
2412 3862 2603 3916 Christi
2624 3862 2842 3916 satculis.

2097 3960 2391 4015 Gennadius
2421 3974 2691 4026 expensus.
2720 3986 2791 3996 —
2818 3955 2872 4010 Si
2903 3971 3029 4009 vero
3058 3954 3397 4011 Gcnuadium
3442 3952 3629 4009 audia-

2023 4070 2175 4118 mus,
2228 4052 2569 4108 statueudum
2627 4050 2837 4107 videtur
2884 4050 3081 4104 s:ecu|o
3132 4066 3206 4113 tv,
3262 4058 3318 4102 ut
3367 4048 3626 4115 nimium,

2025 4150 2219 4204 vixisse
2239 4146 2685 4202 Cotnmodiattum
2706 4164 2721 4200 τ
2744 4146 2816 4199 ait
2837 4145 2979 4199 enim
3000 4186 3014 4209 ,
3047 4145 3221 4213 ipsum
3256 4141 3631 4196 Tertullianum

2023 4256 2069 4301 et
2103 4243 2455 4308 Lactantium,
2486 4252 2533 4295 et
2566 4238 2785 4310 Papiam
2816 4250 3047 4292 auctores
3074 4237 3233 4308 fuisse
3258 4247 3506 4290 secutum.
3539 4238 3633 4289 At-

2024 4355 2130 4409 que
2156 4337 2297 4392 hauc
2328 4336 2493 4391 fuisse
2522 4334 2737 4405 quidem
2762 4330 3023 4388 Gennadii
3046 4328 3366 4385 sententiam
3392 4328 3633 4398 plerique

2026 4432 2417 4489 existimarunt.
2449 4429 2643 4483 Verum
2678 4427 2721 4480 si
2749 4426 2866 4495 ejus
2888 4424 3051 4479 verba
3079 4422 3309 4491 penitius
3336 4420 3632 4491 iuSpician-

2028 4536 2134 4591 tur,
2165 4542 2269 4580 non
2298 4534 2424 4580 sunt
2450 4523 2679 4579 fortasse
2703 4522 2771 4577 de
2795 4519 2963 4575 nostri
2994 4516 3272 4587 scriptoris
3294 4522 3454 4569 mtate
3478 4512 3636 4569 intel-

2028 4620 2239 4693 ligenda
2258 4660 2275 4685 ,
2298 4620 2391 4675 sed
2422 4620 2600 4690 potius
2627 4618 2694 4671 de
2721 4615 2930 4687 placitis
2956 4612 3249 4675 nonnullis,
3274 4625 3395 4679 qua:
3422 4625 3481 4664 re
3506 4623 3633 4663 vera

323 4702 502 4781 diota;
533 4721 627 4771 sed
654 4734 681 4769 a
710 4732 865 4787 gazo,
912 4733 1007 4771 seu
1038 4702 1294 4771 Evclesia:
1324 4715 1596 4778 thesauro,
1626 4702 1741 4769 uta
1772 4732 1909 4770 com-

2028 4732 2149 4772 cum
2180 4715 2245 4769 iis
2270 4716 2577 4769 auctoribus
2607 4711 2857 4766 habuisse
2882 4707 3186 4763 communia
3212 4702 3635 4760 Cotnntodiantts

326 4789 487 4846 modo
511 4787 929 4843 Commodianus
952 4789 1251 4845 dicebatur.
1286 4788 1398 4843 Hoc
1427 4802 1621 4842 nomen
1650 4799 1766 4842 erat
1794 4803 1925 4855 gen-

326 4862 534 4924 tilium;
579 4860 748 4923 illud,
799 4859 1128 4914 christiauns
1171 4859 1281 4927 jam
1330 4859 1503 4914 factus
1542 4860 1642 4913 sibi
1687 4858 1920 4924 indidit;

328 4933 489 5002 idque
522 4945 628 4986 non
660 4932 759 4985 alia
792 4931 975 4986 forsan
1006 4932 1219 4988 ratione
1242 4973 1257 4992 .
1285 4946 1441 4999 quam
1470 4932 1612 5002 quod
1644 4940 1764 4999 post
1794 4945 1924 4984 con-

326 5001 633 5060 versionem
667 5018 866 5072 pauper
892 5004 1084 5067 faetus,
1110 5019 1176 5059 ex
1205 5003 1475 5057 communi
1502 5001 1758 5057 Ecclesiae
1788 5016 1933 5055 ιιξιτι-Δ

326 5077 411 5130 rio
439 5080 756 5131 nutriretur.
786 5074 940 5131 Unde
966 5087 1021 5131 et
1048 5075 1337 5130 mendicum
1358 5072 1547 5128 Christi
1571 5088 1632 5129 se
1660 5074 1919 5129 nominat.

326 5147 483 5212 Cav.,
519 5146 657 5201 Hist.
688 5146 931 5210 ἥκει-αι’..
962 5158 1096 5204 tom.
1128 5164 1177 5210 ι,
1211 5162 1332 5214 pag.
1368 5145 1468 5200 156
1494 5154 1549 5199 et
1576 5144 1704 5199 257.

401 5220 483 5293 (4)
517 5220 801 5293 Dodvvell.,
834 5219 1091 5274 dissertat.
1118 5219 1187 5293 de
1216 5215 1389 5293 ditat.
1421 5215 1711 5286 Commod.,
1744 5216 1773 5288 ᾗ
1802 5215 1856 5272 9.

407 5227 457 5293 (4
517 5227 801 5286 Dodwell.,
834 5227 1091 5274 disseruit.
1124 5227 1187 5273 de
1216 5227 1388 5271 Attat.

407 5227 487 5363 (ἐξ)
521 5290 739 5363 Iiigalt.,
774 5293 979 5363 praefat.
1011 5294 1079 5347 ad
1107 5289 1388 5347 Commod.

402 5361 484 5433 (6)
514 5362 719 5416 Cattuus
738 5405 754 5428 ,
787 5361 908 5417 loco
934 5365 1026 5419 cit.

417 5453 490 5517 (7)
580 5450 692 5517 Ego
712 5452 939 5504 similiter
962 5456 1125 5505 erravi
1150 5460 1375 5511 tempore
1406 5451 1559 5517 multo

580 5513 725 5581 Fama
750 5517 1129 5581 prosequendo:
1156 5516 1442 5581 parentibus
1467 5515 1651 5581 ιιιςίρίιρ
1672 5516 1791 5577 ipsis

586 5576 781 5628 Abstuli
806 5592 887 5628 tne
912 5576 1109 5630 {andem
1136 5579 1249 5629 inde
1265 5617 1280 5638 ,
1306 5576 1523 5641 legendo
1547 5577 1612 5626 de
1638 5576 1772 5641 lege.

870 5642 1169 5712 (Commod.
1200 5642 1253 5695 in
1288 5639 1536 5705 Priefat.,
1573 5656 1628 5697 ν.
1658 5639 1791 5695 4“-
1812 5639 1894 5712 6.)

402 5735 483 5807 (8)
508 5732 793 5793 Commod.
824 5735 1059 5791 instruct.
1104 5750 1318 5803 χχχιιι,
1351 5750 1405 5790 v.
1429 5732 1558 5801 491,
1608 5742 1665 5790 et
1694 5735 1929 5791 instruct.

334 5818 545 5877 χχχνι,
577 5822 629 5862 v.
661 5807 803 5862 574:

586 5896 725 5953 Gens
750 5905 803 5950 et
826 5911 923 5963 ego
945 5900 1020 5951 sui
1041 5912 1278 5965 perversa
1298 5907 1471 5953 mente
1493 5903 1728 5963 moratus,

2026 4806 2393 4877 cotnperitur:
2436 4804 2670 4875 alioquin
2717 4801 2975 4857 dicendus
3022 4807 3169 4855 eSset
3216 4798 3501 4868 presbyter
3541 4794 3635 4851 ille

2028 4900 2381 4958 ntassilieusis
2427 4899 2739 4962 censuisse,
2792 4896 3008 4965 Papiam
3058 4891 3389 4949 Tertulliano
3427 4901 3484 4946 et
3528 4888 3634 4945 La-

2027 4995 2230 5051 ctantio
2250 4993 2413 5048 fuisse
2436 4992 2812 5062 posteriorem,
2834 5004 2992 5059 quem
3014 4986 3259 5041 videlicet
3279 4984 3634 5055 scriptoribus

2027 5093 2133 5147 illis
2173 5090 2450 5161 subjiciat;
2492 5087 2635 5158 quod
2678 5102 2807 5141 sane
2852 5085 3126 5140 aflirmare
3173 5098 3278 5137 non
3322 5083 3529 5136 ausim:
3578 5090 3637 5136 ut

2029 5185 2285 5258 proinde,
2319 5197 2443 5239 meo
2470 5180 2684 5253 quidem
2713 5177 2944 5250 judicio,
2987 5176 3121 5232 illud
3152 5175 3327 5231 solum
3358 5174 3422 5230 iis
3452 5172 3633 5231 verbis

2139 5384 2191 5449 1)
2220 5382 2499 5445 Commod.
2533 5381 2583 5434 in
2623 5379 2861 5449 Prtefat.,
2888 5377 3093 5433 Versus
3116 5378 3149 5431 4
3176 5407 3245 5417 -
3271 5374 3327 5431 6.

2139 5388 2158 5439 1
2220 5385 2499 5445 Commod.
2533 5385 2583 5434 in
2623 5385 2861 5449 Prtefat.,
2892 5385 3093 5433 Versus
3116 5385 3149 5431 4
3176 5407 3245 5417 --

2109 5385 2191 5526 (Ξ)
2221 5455 2440 5525 Rigalt.,
2475 5454 2697 5526 Prwfat.
2720 5452 2774 5505 in
2799 5448 3269 5526 Commodianum.

2075 5518 2445 5657 2ξήβὴιιιίιις
2490 5518 2622 5608 ιιιυι.
2664 5525 2751 5576 des
2792 5523 3030 5604 Auteurs,
3074 5532 3204 5575 tom.
3247 5536 3295 5585 ι,
3338 5535 3393 5591 p.
3433 5518 3541 5577 526
3577 5528 3634 5576 et

2167 5644 2181 5657 .
2212 5616 2261 5653 tn
2288 5598 2409 5653 Not.
2443 5598 2573 5653 edtt.
2602 5594 2793 5650 Colon.
2828 5594 3027 5647 lattnat.

2038 5594 2183 5659 528;
2211 5601 2261 5653 in
2288 5598 2409 5653 Not.
2443 5598 2573 5653 edit.
2602 5594 2793 5650 Colon.
2828 5594 3027 5647 latinat.

2114 5672 2193 5746 (ξ)
2219 5671 2479 5746 Geillier.,
2503 5666 2638 5746 Hist.
2666 5664 3083 5746 Generalutom.
3110 5678 3185 5746 tv.
3210 5678 3330 5746 cap.
3349 5663 3404 5730 6,
3429 5662 3628 5746 p.179.

2136 5674 2169 5727 4
2219 5672 2479 5729 Geillier.,
2503 5672 2638 5721 Hist.
2666 5672 2932 5729 Genet-aL,
2953 5676 3083 5720 tum.
3110 5678 3185 5722 tv.
3210 5678 3330 5734 cap.
3349 5672 3404 5730 6,
3429 5672 3628 5735 p.179.

2136 5672 2193 5816 5)
2234 5741 2535 5816 ιιιτάνγριιῖ,
2557 5738 2772 5795 Dissert.
2804 5737 2869 5792 de
2895 5736 3251 5793 Commodiani
3279 5746 3458 5803 irate,
3488 5734 3631 5791 Oxo-

2040 5809 2144 5877 nii‘.
2173 5809 2347 5879 1698,
2381 5809 2558 5867 ill—8°.

2113 5888 2189 5961 (θ)
2216 5877 2431 5945 Sebast.
2454 5882 2640 5951 Pauli,
2661 5881 2878 5941 Dissert.
2899 5882 2963 5937 de
2982 5880 3132 5937 Ροεεί
3151 5879 3259 5939 ss.
3286 5878 3399 5937 ρρ.
3424 5896 3479 5951 ρ.
3500 5877 3625 5934 ιιιο.
