3950 6328
288 305 376 361 I95

1243 306 1329 371 DE
1358 313 1810 376 (ΞΟΜΜΟΜΑΝΟ
1843 322 2118 392 GAZA-JO,
2160 325 2445 388 OlilGlNE
2483 326 2692 390 AFRO.

3495 344 3512 399 l
3523 344 3591 400 ῡιι

280 416 567 472 insinuasse
610 416 932 477 Gennadius
979 421 1236 491 videatur,
1291 428 1736 488 Commodiannm
1783 435 1886 488 ali.
1913 439 1960 498 Α
1991 448 2158 494 strnm
2191 443 2329 499 intra
2363 448 2502 501 tertii
2535 446 2721 503 δωρειιί
2777 447 2978 507 limites
3034 465 3155 509 esse
3205 456 3588 513 coercendum.

281 511 393 564 cuhi
430 520 692 568 sectatum
741 512 942 585 fuisse,
989 534 1110 590 qtae
1151 521 1338 588 Papias
1381 525 1646 594 primum,
1690 527 1885 584 deinde

283 603 625 660 Tertullianus
648 648 664 672 ,
691 623 759 663 ac
791 619 981 679 postea
1011 611 1316 671 Laclantius
1343 617 1521 672 minus
1547 628 1690 676 recte
1719 622 1881 676 tradi-

283 694 486 752 derunt.

346 786 555 859 Rigaltii
580 795 838 849 sententia
865 796 1037 852 minus
1064 797 1328 869 probatur.
1353 833 1424 843 --
1446 803 1747 877 Utcumque
1776 809 1880 872 sit,

282 879 530 950 Rigaltins
557 884 832 944 Gennadii
863 892 1204 959 auctoritate,
1230 895 1303 949 uti
1329 895 1559 963 videtur,
1585 911 1880 969 permotus,

282 973 491 1044 ejusque
529 979 697 1035 verba
732 981 803 1038 de
833 983 1206 1042 Commodiani
1246 998 1404 1046 :etate
1433 993 1733 1063 aeripiens;
1763 1012 1881 1051 eam

283 1078 524 1138 pneterea
571 1089 639 1128 ex
687 1076 862 1146 ipsius
909 1081 1148 1136 auctoris
1194 1083 1634 1143 instructionibus
1681 1090 1880 1145 conﬁr-

283 1177 418 1218 mare
460 1179 754 1234 aggressus
803 1180 888 1226 est
937 1172 1056 1248 (l):
1111 1183 1261 1231 ratus
1316 1179 1569 1235 nimirum
1626 1185 1882 1252 temporis

283 1260 597 1316 notationem
641 1263 748 1318 sibi
782 1263 954 1322 fuisse
988 1267 1254 1325 detectam
1286 1288 1389 1339 qua
1421 1275 1569 1330 illum
1605 1277 1882 1347 Sylvesu-o

281 1362 491 1403 romano
544 1355 833 1429 pontiﬁci,
886 1366 1049 1429 atque
1095 1361 1233 1416 adeo
1281 1362 1636 1423 Constantino
1691 1369 1883 1440 Magno

279 1453 503 1498 ceterum
534 1453 825 1502 statueret.
861 1447 918 1503 lu
949 1466 1107 1520 quam
1140 1453 1356 1524 quidem
1388 1457 1721 1527 rigaltianam
1751 1478 1878 1516 sen-

283 1533 486 1590 tentiam
537 1545 752 1594 tantum
805 1556 914 1598 non
963 1557 1156 1602 omnes
1205 1548 1398 1604 eruditi
1451 1550 1706 1623 deinceps
1755 1571 1882 1611 C0ll-

279 1639 499 1685 cessere.

343 1717 697 1778 Dodwelliana
756 1727 926 1796 potiar
988 1729 1210 1786 videtur.
1251 1763 1321 1774 -—-
1359 1733 1558 1791 Verum
1614 1738 1883 1796 Henricus

279 1809 577 1870 Dodwellns
601 1816 657 1871 in
683 1819 1025 1890 antiquitatis
1052 1822 1396 1896 indagatione
1427 1829 1650 1886 rimator
1679 1833 1854 1888 acerri
1909 1836 1955 1896 B

277 1920 421 1968 nius.
476 1919 770 1980 postquam
829 1929 972 1969 vera:
1033 1915 1287 1982 lectioni,
1353 1919 1646 1978 Sirmondo
1695 1935 1879 1981 tamen

279 1992 556 2068 precante,
585 2003 973 2062 Commodiani
999 2007 1177 2064 locum
1211 2013 1559 2083 restituisset,
1592 2033 1620 2071 a
1652 2019 1881 2090 Rigaltio

278 2092 642 2162 sollicitatum,
705 2115 814 2168 quo
862 2116 976 2156 sum
1007 2119 1182 2159 causa:
1235 2109 1545 2176 prmsidium
1581 2126 1878 2182 qnmreret;

277 2184 527 2259 integrum
556 2191 768 2248 deinde
798 2195 1136 2263 perlustrans
1157 2203 1476 2269 opusculum
1496 2248 1509 2269 ,
1536 2207 1882 2263 servientibus

274 2278 434 2337 adhuc
467 2283 735 2340 Ecclesiae
771 2291 1239 2357 perseeutionibus
1272 2294 1398 2349 illud
1444 2296 1610 2355 fuisse
1640 2303 1884 2357 conscri-

275 2380 407 2440 ptum
455 2377 779 2446 perspexit;
829 2378 1074 2451 adquue
1118 2381 1564 2442 Commodtannm
1610 2389 1882 2462 Cypriane

275 2465 437 2533 potius
455 2507 471 2531 ,
500 2484 670 2539 quam
703 2470 984 2541 Sylvestro
1010 2475 1258 2531 extitisse
1284 2481 1618 2550 propriorem
1644 2484 1880 2540 edocuit.

274 2558 336 2613 Et
357 2559 448 2615 viri
474 2563 702 2632 quidem
731 2563 914 2620 Critici
946 2567 1202 2641 pleraque
1231 2584 1545 2642 argumenta
1579 2588 1705 2630 sunt
1735 2579 1882 2648 ejus-

272 2652 433 2718 tnodi,
478 2671 603 2724 qua:
661 2655 729 2710 ad
781 2672 1064 2713 assensum
1114 2663 1543 2731 extorquendum
1593 2666 1882 2736 plurimum

272 2745 436 2802 valere
473 2749 806 2806 videantur.-
850 2767 1021 2823 eaque
1059 2755 1288 2810 strictim
1325 2757 1516 2814 saltem
1551 2760 1602 2814 in
1646 2762 1880 2818 medium

269 2841 493 2910 proferre
529 2845 756 2899 animus
796 2857 913 2908 est,
947 2861 1067 2902 cum
1110 2849 1356 2917 plurimis
1398 2852 1538 2908 haud
1579 2866 1775 2924 przesto
1814 2858 1885 2912 sit

269 2932 570 2990 dissertatio
605 2937 669 2992 de
701 2935 1059 2994 Commodiani
1090 2950 1273 3007 actate,
1305 2959 1464 3013 quam
1498 2945 1562 2998 V.
1595 2945 1656 3000 C.
1702 2949 1882 3004 Anna-

268 3027 394 3084 libus
422 3029 761 3096 Velleianis,
797 3031 1208 3100 Quintilianeis,
1260 3044 1314 3090 et
1357 3036 1614 3094 Statianis
1654 3041 1886 3111 subjecit

269 3123 441 3179 Oxonii
464 3166 479 3190 ,
516 3134 534 3179 '.
555 3123 690 3190 698,
723 3125 778 3180 iu
795 3124 894 3182 -8°.

336 3216 588 3274 Dodtoelli
625 3221 878 3274 sententia
915 3224 1208 3278 summatim
1247 3243 1280 3278 a
1322 3225 1486 3283 Careo
1525 3231 1773 3297 exposita.
1808 3264 1878 3274 —
1907 3236 1952 3300 C

271 3306 518 3367 Dodwelli
580 3315 908 3369 sententiam
962 3319 1269 3372 summatim
1320 3321 1540 3391 exponit
1590 3324 1881 3392 perdoctus

269 3397 462 3460 (larens
485 3404 570 3460 ita
595 3404 876 3462 disserens
904 3406 984 3480 (2)
1017 3427 1032 3463 :
1061 3427 1082 3460 ‹
1105 3409 1410 3468 Notandum
1455 3415 1615 3484 igitur
1642 3416 1696 3472 l°
1723 3416 1882 3473 Com-

272 3495 580 3553 tnodiannm
594 3498 842 3556 ducentos
861 3509 1068 3557 tantum
1090 3519 1118 3560 a
1139 3504 1358 3560 Christo
1378 3523 1550 3563 annos
1571 3526 1876 3570 numerare.

269 3586 507 3650 lnstruct.
547 3609 622 3657 vt,
656 3609 800 3650 vers.
831 3595 898 3662 2,
939 3597 1166 3669 gentiles
1206 3600 1276 3655 ita
1317 3601 1642 3674 alloquitur:

437 3712 507 3764 Et
532 3715 574 3763 si
601 3713 870 3777 parvulitas
892 3715 964 3765 sic
983 3717 1171 3776 sensit,
1192 3730 1280 3768 cur
1302 3719 1444 3769 annis
1464 3719 1693 3772 ducentis

439 3795 638 3846 Fuistis
660 3795 919 3848 infantes?
945 3799 1183 3862 numquid
1211 3807 1263 3852 et
1287 3815 1488 3865 semper
1513 3804 1689 3853 eritis?

270 3897 561 3958 Fatendum
593 3910 706 3968 est,
739 3901 1004 3958 ducentos
1036 3902 1139 3959 hoc
1179 3904 1297 3961 loco
1335 3922 1504 3963 annos
1544 3924 1650 3964 non
1691 3910 1877 3967 stricte

267 4011 379 4052 esse
404 3996 812 4068 intelligendos,
843 3997 995 4066 quasi
1020 4014 1126 4052 non
1154 4000 1350 4055 fuerint
1368 4002 1530 4072 paulo
1554 4003 1750 4072 plures.
1774 4005 1876 4061 Ve-

269 4106 348 4145 res
365 4093 511 4147 enim
541 4092 780 4146 nondum
809 4092 1097 4148 adinventa
1120 4109 1369 4149 accurata
1407 4111 1531 4150 uera:
1563 4095 1874 4152 christiana:

269 4181 511 4253 Epocha,
551 4197 781 4241 annosa
814 4184 1033 4241 Christo
1066 4195 1192 4241 nato
1229 4186 1296 4242 ad
1336 4202 1488 4243 suam
1532 4203 1698 4254 usupte
1739 4199 1871 4244 mta-

269 4287 368 4333 teni
407 4288 820 4345 comnutantes,
853 4295 1077 4335 numero
1109 4280 1422 4350 plerumque
1456 4281 1687 4336 rotundo
1727 4282 1872 4352 loqui

268 4371 464 4441 solent,
505 4383 558 4427 et
599 4375 652 4427 in
691 4372 800 4427 line
838 4374 1005 4428 seculi
1046 4375 1290 4444 proxime
1329 4375 1495 4443 elapsi
1537 4375 1869 4442 subsistere,

270 4475 472 4521 resecto
493 4507 508 4527 ,
542 4465 664 4535 plus
696 4466 984 4536 minusque
1023 4463 1218 4530 fuerit,
1248 4466 1388 4535 quod
1425 4468 1695 4533 excurrit,
1731 4477 1870 4522 temo

270 4569 409 4624 pore.
440 4556 778 4628 Quandoque
808 4567 862 4612 et
895 4558 966 4611 ita
997 4571 1055 4612 se
1086 4557 1323 4628 explicat
1353 4558 1644 4624 Arnobius,
1688 4559 1780 4615 lib.
1813 4575 1866 4624 ι,

271 4661 381 4719 pag.
411 4648 483 4704 9:
520 4648 754 4704 Trecenti
793 4659 912 4704 sunt
949 4650 1072 4703 anni
1100 4650 1290 4721 ferme,
1323 4651 1491 4705 minus
1519 4652 1597 4705 vel
1626 4652 1740 4721 plus
1771 4651 1868 4704 ali-
1898 4645 1950 4706 D

270 4744 417 4811 quid,
449 4761 516 4799 ea:
543 4761 643 4813 quo
682 4744 926 4812 ccepimus
953 4761 1059 4801 esse
1098 4745 1383 4799 christiani.
1413 4744 1521 4800 Nec
1560 4745 1714 4800 aliter
1739 4746 1868 4801 olim

275 4835 502 4904 Ennius,
532 4839 841 4912 septingenti
868 4849 984 4893 sunt
1003 4882 1017 4906 ,
1055 4841 1208 4908 paulo
1241 4840 1352 4907 plus
1380 4849 1466 4895 aut
1497 4841 1690 4906 minus,
1723 4843 1865 4897 anni.

276 4927 459 4986 Verum
489 4930 593 4986 hoc
625 4947 918 5003 numquam
950 4933 1018 4989 ab
1049 4932 1116 4989 iis
1148 4933 1344 4988 factum
1375 4940 1489 4995 est,
1526 4931 1611 4986 ubi
1649 4933 1738 5002 qui
1779 4948 1870 4987 su-

277 5041 360 5096 pra
389 5043 668 5082 numerum
704 5037 998 5084 excurrnut
1022 5029 1148 5086 anni
1169 5070 1184 5093 ,
1215 5029 1478 5099 integrum
1511 5028 1660 5082 iSIins
1689 5028 1866 5082 saeculi

277 5124 492 5190 spatium
531 5132 834 5192 occupant;
875 5124 1045 5179 multo
1075 5125 1284 5186 mintts,
1325 5121 1412 5176 ubi
1446 5121 1674 5175 alterum
1706 5121 1868 5175 etiam

279 5213 749 5284 comprehendunt.
780 5215 999 5272 Etiamsi
1026 5217 1184 5287 igitur
1205 5215 1440 5271 nondum
1464 5221 1656 5268 exacto
1673 5214 1872 5268 smculo

282 5309 456 5372 tertio,
487 5306 749 5362 ducentos
789 5322 960 5364 annos
999 5308 1178 5363 dicere
1212 5306 1384 5377 potuit
1414 5304 1832 5362 Commodianns
1852 5351 1864 5373 ,

283 5407 440 5456 tamen
472 5401 609 5456 ultra
639 5401 907 5459 labentem
939 5404 1203 5458 currentis
1233 5401 1415 5458 sarcnli
1451 5410 1656 5471 partem
1680 5444 1695 5466 ,
1729 5401 1871 5454 nulla

282 5500 472 5556 ratione
521 5499 738 5556 extendi
802 5509 1028 5570 queunt.
1091 5497 1294 5554 Invicto
1357 5497 1520 5570 plane
1580 5512 1871 5568 argumen-

283 5600 358 5660 to,
411 5594 663 5667 nulloque
713 5594 1046 5667 sophismatc
1095 5591 1391 5658 eludendo,
1440 5599 1716 5646 auctorem
1771 5604 1870 5642 no-

343 5729 418 5802 (ι)
447 5731 664 5803 ltigalt.,
695 5731 760 5789 ad
791 5731 1051 5787 lnstruct.
1082 5742 1259 5782 xxxtn
1280 5768 1295 5788 .
1325 5722 1628 5808 versatili.

348 5797 419 5826 [οἱ
448 5802 586 5826 D-..-
652 5803 760 5826 ηε-.
822 5804 1024 5826 nu“.--
1104 5813 1205 5826 ...ιη
1258 5797 1359 5826 1⁸1⁸1
1415 5795 1526 5826 ΔΑ..
1575 5795 1729 5826 Ιὶνηιι
1782 5807 1839 5826 an

346 5795 423 5932 (ἢ
448 5795 611 5866 (Ζειῖε,
642 5795 781 5862 Hist.
816 5804 1077 5868 litteram,
1104 5813 1226 5870 pag.
1258 5797 1382 5866 157,
1414 5795 1544 5854 edit.
1575 5795 1751 5852 Oxon.
1782 5807 1871 5849 se-

283 5890 376 5934 cun
415 5892 493 5946 se,
525 5876 677 5934 {740.

2066 573 2084 604 ε
2113 555 2336 624 Scripsit
2383 557 2799 617 Commodianus
2846 565 2928 619 vel
2982 580 3112 632 pace
3164 566 3380 622 vixdum
3435 569 3592 639 plene

1987 646 2195 702 reddita
2219 690 2233 714 ,
2267 650 2349 703 vel
2383 655 2756 720 persecutione
2786 670 2909 710 mox
2941 660 3293 727 expectanda.
3331 661 3465 716 llinc
3493 679 3591 733 pa-

1985 755 2094 793 cem
2123 741 2390 796 subdolam
2423 754 2599 811 vocat,
2630 745 2881 804 lnstruct.
2911 764 3042 814 va;
3075 760 3129 805 et
3159 755 3588 822 persecutionem

1986 831 2189 888 instare
2217 834 2375 889 ὥρης
2406 839 2592 908 agonia
2617 856 2812 896 suntme
2839 843 3144 915 propinqua,
3181 844 3430 902 Instruct.
3464 865 3554 904 Llll
3575 892 3589 916 ,

1986 941 2042 979 v.
2070 927 2156 980 l0.
2192 927 2407 985 Fideles
2440 943 2617 987 monet
2639 973 2653 995 ,
2686 943 2742 987 ut
2774 938 3102 1007 martyribus
3131 941 3424 1010 assistant,
3460 959 3555 998 seu
3577 987 3591 1012 ,

1987 1028 2047 1072 ut
2086 1019 2251 1089 ipsius
2291 1023 2458 1078 verbo
2500 1036 2636 1093 utar,
2679 1027 3102 1101 admartyrisent,
3145 1032 3399 1091 instruct.
3439 1053 3593 1105 Lvnt,

1985 1125 2038 1162 ν.
2078 1111 2175 1175 l9,
2221 1114 2306 1168 ubi
2339 1118 2502 1171 etiam
2543 1118 2798 1175 describit
2838 1139 3067 1192 pugnam
3101 1142 3218 1179 cum
3257 1128 3500 1193 tristitia,
3542 1139 3597 1186 et

1986 1206 2234 1273 palmam,
2265 1225 2384 1276 quae
2410 1211 2632 1266 uictoria
2654 1213 2905 1281 donatur,
2939 1218 3187 1272 Instruct.
3218 1236 3349 1276 Lxu.
3379 1222 3502 1293 Agit
3527 1222 3598 1278 de

1985 1297 2177 1366 iis,qui
2205 1302 2520 1372 martyrium
2547 1303 2801 1361 alfectare
2831 1324 2940 1377 przc
2964 1325 3023 1365 se
3043 1310 3304 1379 ferebant,
3333 1312 3593 1371 Instruct.

1987 1402 2080 1453 ιχ,
2112 1405 2162 1443 ν.
2195 1391 2218 1444 1
2250 1408 2261 1444 :
2297 1390 2488 1448 Pastor
2515 1395 2560 1449 si
2587 1401 2850 1467 confessus
2881 1399 3041 1456 fuerit
3061 1445 3075 1467 ,
3107 1402 3157 1457 id
3190 1413 3293 1464 est.
3328 1407 3597 1478 interpre—

1989 1489 2134 1534 tante
2165 1480 2428 1554 Rigaltio,
2461 1486 2506 1540 si
2545 1487 2612 1542 de
2655 1489 2872 1546 nomine
2911 1491 3308 1566 interrogatus,
3352 1499 3498 1554 clare
3542 1509 3598 1554 et

1985 1584 2300 1631 constanter
2354 1581 2729 1649 restionderit,
2765 1584 2894 1639 Sum
2947 1585 3319 1654 Christianus;
3374 1593 3419 1646 si
3473 1593 3596 1650 thus

1986 1678 2158 1722 acera:
2211 1669 2558 1739 profanorum
2623 1675 2904 1746 imponere
2951 1679 3178 1750 jussus.
3234 1683 3445 1741 fortiter
3496 1688 3595 1742 ab-

1986 1762 2206 1815 nuemlo
2239 1763 2575 1831 clamaverit,
2614 1783 2720 1823 noo
2751 1769 2909 1828 facio.
2933 1775 3210 1844 geminavit
3240 1795 3474 1849 agonem.
3507 1780 3595 1849 Et,

1985 1867 2052 1906 ne
2081 1853 2228 1923 plura
2257 1872 2547 1928 congeram
2568 1901 2585 1926 ,
2616 1860 2884 1919 Caesarem
2920 1864 3218 1937 Tyrannum
3247 1881 3401 1927 vocat
3431 1873 3593 1930 lnstr.

1986 1959 2124 2000 χχιιι
2143 1987 2156 2008 ,
2185 1963 2237 2004 v.
2275 1949 2361 2003 lt.
2397 1950 2522 2006 H:ec
2548 1953 2758 2024 aliaque
2786 1957 2936 2028 plura
2968 1963 3167 2016 szecnlo
3197 1963 3356 2020 tertio
3384 1966 3588 2036 Optime

1987 2051 2327 2108 congruunt,
2363 2045 2582 2112 quando
2609 2058 2862 2106 cessante
2903 2055 3280 2122 persecutione
3325 2059 3553 2114 Deciana
3576 2101 3593 2127 ,

1987 2148 2173 2202 pacem
2203 2137 2303 2191 sub
2333 2136 2581 2195 Gallieno
2614 2142 2881 2199 redditam
2904 2187 2919 2209 ,
2952 2148 3220 2204 iniit-mam
3249 2151 3468 2223 quidem
3491 2195 3508 2220 ,
3541 2164 3598 2212 et

1989 2227 2321 2297 instabilem,
2348 2237 2658 2302 persecutio
2685 2238 2784 2293 sub
2802 2240 3100 2296 Aureliano
3123 2261 3248 2301 mox
3278 2249 3592 2318 interrupit;

1989 2321 2249 2392 Sylvestri
2281 2342 2412 2382 vero
2441 2331 2779 2399 temporibus
2805 2337 3103 2393 convenire
3133 2354 3428 2412 nequeunt.
3455 2344 3598 2400 Con-

1989 2418 2225 2472 stantino
2263 2420 2408 2474 enim
2443 2437 2623 2477 rerum
2659 2425 2709 2479 in
2744 2425 3038 2485 Occidente
3072 2433 3285 2502 potito,
3317 2436 3502 2505 quieta
3532 2454 3597 2494 ac

1987 2511 2275 2578 tranquilla
2318 2525 2473 2569 erant
2514 2517 2733 2584 omnia;
2778 2520 2960 2575 nullus
2991 2538 3018 2575 a
3068 2526 3365 2594 gentilibus
3405 2545 3594 2599 perse-

1987 2607 2220 2661 cutionis
2260 2620 2459 2665 metus.
2497 2611 2767 2667 Vivebant
2796 2613 3089 2673 Christiani
3133 2621 3232 2675 sub
3264 2621 3382 2692 ejus
3411 2635 3598 2694 patro-

1987 2699 2130 2754 cinio
2157 2702 2290 2766 tuti,
2323 2701 2532 2773 legibus
2561 2706 2753 2761 tnunili
2776 2748 2792 2772 ,
2819 2709 3116 2781 privilegiis
3143 2715 3321 2768 ornati
3347 2756 3360 2775 ,
3390 2716 3596 2773 divitiis

1988 2801 2043 2845 et
2063 2791 2418 2863 dignitatibus
2437 2799 2602 2864 aucti,
2629 2801 2978 2872 magistratus
3005 2806 3224 2876 ubique,
3250 2807 3596 2880 imperatoris

1987 2887 2238 2956 exetnplo
2259 2934 2272 2955 ,
2305 2893 2566 2960 prepitios
2595 2905 2650 2950 et
2680 2895 2974 2953 benevolos
3004 2902 3239 2970 experti.

2065 3017 2085 3049 ‹
2117 2999 2250 3055 Tota
2297 3003 2568 3058 scribendi
2619 3007 2757 3061 ratio
2807 3009 2907 3062 aeri
2955 3008 3212 3082 Cypriani
3267 3013 3543 3086 ingenium
3574 3060 3592 3085 ,

1987 3109 2170 3150 mores
2199 3137 2213 3160 ,
2257 3107 2312 3152 et
2352 3097 2692 3162 disciplinam
2749 3103 3008 3160 imitatur.
3042 3105 3236 3162 Iisdem
3285 3125 3423 3180 pene
3470 3128 3593 3168 cum

1987 3188 2320 3248 Tertulliano
2367 3203 2424 3248 et
2470 3192 2744 3266 Cypriane
2789 3198 3043 3265 loquendi
3090 3203 3263 3257 modis
3314 3220 3420 3260 non
3472 3223 3595 3264 raro

1988 3285 2174 3351 utitttr,
2207 3296 2261 3340 ut
2290 3287 2488 3358 ubique
2517 3291 2775 3346 observat
2807 3293 3086 3365 Higaltius.
3112 3295 3302 3351 Novati
3356 3301 3593 3357 schisma

1984 3390 2210 3446 carpere
2254 3380 2493 3446 videtur,
2549 3380 2804 3440 Instruct.
2858 3402 2986 3442 χιιι.
3040 3387 3411 3458 Reprehendit
3459 3409 3590 3461 eos,

1985 3468 2237 3527 lnstruct.
2273 3490 2388 3540 LXI,
2412 3475 2502 3545 qui
2531 3475 2659 3532 dum
2689 3477 2882 3535 fratres
2911 3482 3214 3539 adversante
3241 3487 3456 3554 mundo,
3491 3489 3593 3544 sub

1983 3562 2146 3616 armis
2170 3563 2501 3631 laborarent,
2536 3567 2637 3634 ipsi
2669 3572 2795 3642 farti
2814 3573 3016 3640 opibus,
3046 3591 3138 3629 nec
3159 3589 3468 3648 pugnarent,
3499 3597 3592 3635 nec

1984 3658 2235 3725 pugnanti
2277 3674 2332 3713 se
2351 3660 2605 3723 sisterent,
2636 3672 2690 3717 et
2731 3679 2853 3719 cum
2884 3667 3133 3724 viderent
3178 3671 3397 3726 fratrem
3430 3687 3594 3730 causa

1983 3748 2289 3806 schismatis
2333 3752 2646 3810 abstentum
2668 3799 2680 3812 .
2715 3761 2975 3827 optabant
3002 3762 3352 3820 nihilominus
3382 3767 3434 3821 in
3469 3784 3592 3824 cas-

1983 3841 2081 3895 tris
2109 3857 2319 3911 pacem,
2353 3845 2742 3916 indulgentiam
2774 3867 2969 3922 nempe
3003 3855 3165 3922 lapsis
3197 3857 3429 3914 dandam
3453 3902 3467 3925 ,
3497 3877 3594 3916 an-

1982 3942 2196 4002 tequam
2227 3950 2329 4005 pax
2361 3937 2616 3995 Ecclesia:
2646 3941 2984 3999 redderetur.
3024 3946 3283 4005 lnstruct.
3309 3967 3439 4016 Lvtt,
3474 3954 3588 4009 dis-

1980 4026 2230 4096 ciplinatn
2272 4045 2378 4084 non
2425 4047 2550 4086 esse
2591 4033 2751 4088 nimia
2778 4035 3109 4109 indulgentia
3143 4042 3429 4099 laxandam
3461 4062 3591 4102 con-

1979 4123 2170 4178 tendit.
2199 4123 2449 4179 lnstrttct.
2481 4142 2571 4191 LII,
2618 4127 2725 4183 duo
2767 4131 3108 4188 desertorum
3148 4152 3346 4203 genera
3387 4140 3594 4194 consti-

1979 4215 2079 4270 tuit
2111 4234 2125 4271 :
2162 4216 2253 4272 Est
2280 4219 2416 4272 alius
2462 4237 2700 4290 nequam,
2729 4223 2819 4294 qui
2858 4226 3063 4283 scilicet
3090 4232 3362 4286 sacrilicat
3407 4233 3586 4300 idolo;

1976 4311 2111 4365 alius
2133 4312 2183 4366 in
2206 4324 2352 4383 parte
2378 4315 2585 4378 recedit,
2619 4319 2706 4386 qui
2736 4320 2952 4387 pnesidi
2975 4321 3134 4376 offert
3164 4323 3425 4390 libellum,
3450 4341 3588 4380 con-

1975 4408 2185 4462 CUSSOl'i
2236 4409 2562 4478 pecuniam,
2620 4413 2767 4465 nein
2818 4413 3141 4483 Capitolium
3179 4416 3589 4475 sacriﬁcaturus

1975 4499 2338 4571 pertrahatttr.
2373 4501 2634 4574 Respicit,
2671 4505 2845 4576 inquit
2874 4507 3170 4578 Rigaltius,
3215 4511 3537 4582 tlmri/icatos
3566 4554 3582 4581 ,

1974 4603 2030 4650 et
2072 4596 2412 4664 libellaticos;
2455 4607 2512 4654 et
2558 4599 2611 4654 hi
2658 4602 2877 4671 quidem
2928 4606 3259 4672 posteriores
3309 4609 3396 4662 vix
3439 4609 3582 4676 alio,

1975 4706 2136 4762 quam
2159 4709 2274 4748 alvo
2307 4692 2650 4766 Cyprianico,
2684 4709 3075 4764 memorantur.
3109 4700 3355 4759 infinitos
3383 4719 3584 4774 essem,

1973 4786 2018 4840 si
2047 4786 2225 4842 omnia
2260 4803 2625 4856 recenserem,
2655 4806 2776 4864 qua:
2805 4794 2873 4849 de
2905 4794 3306 4862 paenitentibus.
3339 4797 3406 4851 de
3439 4813 3586 4853 mar-

1976 4881 2098 4951 tyrii
2125 4882 2264 4949 zelo,
2296 4883 2364 4939 de
2395 4884 2514 4956 iuga
2544 4887 2597 4940 in
2625 4890 3002 4956 persecutione
3027 4933 3042 4956 ,
3091 4889 3160 4947 de
3207 4890 3584 4950 schismatico-

1977 4992 2094 5030 rum
2119 4978 2342 5046 studiis,
2376 4981 2443 5035 de
2476 4997 2669 5053 pompa
2713 4983 2959 5041 funerum
2989 5029 3004 5053 ,
3038 4988 3108 5044 de
3128 4988 3248 5042 [iliis
3277 4990 3378 5045 sub
3397 5006 3585 5060 perse-

1977 5070 2197 5127 cutione
2224 5072 2492 5130 defunctis
2523 5091 2629 5131 non
2662 5077 2926 5150 lugendis,
2948 5081 3255 5150 deJudtcis,
3288 5093 3422 5152 etc.,
3458 5100 3582 5141 cum

1977 5159 2250 5234 Cypriane
2276 5170 2584 5224 communia
2605 5170 2784 5227 habet.

2053 5286 2076 5331 ι
2103 5278 2291 5347 Nulla,
2338 5297 2405 5337 ne
2458 5284 2673 5354 quidem
2717 5286 2988 5344 levissima
3042 5292 3096 5345 in
3130 5302 3242 5349 toto
3267 5295 3370 5352 hoc
3397 5295 3587 5353 libello

1980 5375 2220 5430 victoriae
2246 5392 2274 5430 a
2301 5376 2680 5448 Constantino,
2701 5381 2768 5438 de
2785 5382 3058 5438 Maxentio
3078 5403 3248 5451 nuper
3269 5400 3579 5459 reportatus,

1985 5467 2135 5522 nulla
2179 5471 2317 5540 signi
2368 5473 2548 5527 crucis
2586 5475 2638 5528 in
2690 5476 2832 5531 caelo
2873 5477 3200 5534 miraculose
3238 5485 3584 5553 apparentis,

1980 5561 2126 5617 nulla
2170 5563 2355 5633 gloria:
2385 5575 2440 5619 et
2476 5565 2743 5621 felicitatis
2762 5565 3118 5634 Constantini,
3153 5571 3239 5626 vel
3267 5571 3584 5627 immunita-

1982 5665 2092 5709 tum
2134 5655 2388 5711 Ecclesiae
2434 5672 2812 5715 concessurum
2847 5658 3071 5725 mentio,
3115 5662 3261 5733 quod
3304 5672 3486 5719 tamen
3518 5666 3586 5720 ab

1984 5750 2199 5808 homine
2240 5751 2508 5808 immenso
2539 5767 2654 5806 suat
2682 5749 2955 5821 religionis
2981 5752 3101 5809 zelo
3133 5755 3393 5828 ﬂagrante
3417 5796 3433 5820 ,
3468 5772 3587 5810 me—

1980 5843 2082 5899 rito
2127 5843 2400 5916 expectari
2441 5851 2674 5918 poterat.
2721 5843 3117 5914 Argumentum
3158 5847 3331 5904 fateor
3378 5845 3586 5914 negati—
