3950 6352
387 311 489 369 195

1304 316 1392 373 DE
1429 315 1877 375 COMMODIANO
1914 315 2173 376 GAZIEO
2195 359 2209 385 ,
2251 316 2531 376 ORIGINE
2561 317 2650 374 AF
2655 318 2766 374 ΒΟ.

3585 317 3693 375 106

377 446 526 494 vum,
558 431 652 487 sed
678 433 819 504 quod
849 448 954 488 non
979 434 1174 502 levem,
1223 437 1363 506 apud
1399 452 1586 508 coquos
1615 454 1793 492 rerum
1831 437 1974 492 :esti-
2006 441 2050 500 Α
2083 437 2250 507 galtio
2301 438 2598 508 interprete
2630 437 2710 506 (1)
2747 452 2760 490 :
2800 454 2818 488 ι
2846 433 3104 490 Versibus
3136 432 3397 490 faciendis
3422 447 3524 490 nec
3547 435 3694 504 leges

373 537 424 574 nt
449 533 630 588 .torus,
675 527 779 577 vim
811 537 971 596 atque
1004 528 1386 583 aueloritatcnt
1423 529 1604 582 habet.

449 635 466 667 ‹
525 618 614 672 llis
667 618 737 673 ita
782 620 1078 689 expositis,
1133 632 1345 684 restat,
1393 633 1448 675 ut
1509 637 1852 676 communem
1908 620 1977 677 de

375 718 618 776 tempore
669 714 934 783 Sylvestri
978 729 1128 786 papze
1203 716 1530 771 sententiam
1576 717 1814 772 breviter
1884 732 1977 770 ex-

369 803 649 858 cutiamus.
678 806 808 874 Ejus
838 807 991 862 unica
1023 808 1238 878 quidem
1274 809 1417 862 basis
1467 818 1523 863 et
1565 809 1973 863 luodameutum

373 905 454 946 est
477 895 641 962 ipsius
665 895 1044 954 Cotinnodiani
1089 899 1260 964 locus,
1297 911 1454 971 prout
1479 901 1531 954 in
1554 900 1716 955 editis
1749 901 1975 955 habetur

369 985 622 1044 instruct.
681 1005 868 1056 xxxm,
915 1006 969 1045 v.
1020 992 1073 1047 5.
1111 993 1198 1048 ubi
1239 992 1467 1064 gentiles
1489 992 1556 1047 ad
1575 991 1977 1048 Ecclesiamin-

373 1081 539 1135 vitat:

461 1199 646 1249 Intrate
672 1200 877 1250 stabulis
899 1201 1129 1264 sylvestri
1156 1203 1216 1251 ad
1241 1215 1469 1267 praesepe
1493 1205 1717 1266 pastoris.

371 1303 568 1359 Vermn
629 1307 744 1362 lucc
783 1325 886 1362 non
929 1319 1054 1362 sunt
1081 1309 1246 1380 ipsius
1285 1308 1680 1371 Commodiani,
1740 1306 1833 1362 sed
1890 1306 1972 1360 in-

367 1401 509 1470 genii
559 1402 732 1470 potius
775 1403 1059 1469 lligaltiani
1089 1414 1453 1457 commentum
1486 1444 1500 1468 ,
1533 1412 1586 1457 et
1631 1403 1790 1470 longe
1827 1400 1970 1454 aliud

365 1497 638 1564 respicere
667 1495 938 1551 videnlur.
973 1495 1027 1550 In
1070 1495 1261 1551 codice
1307 1495 1686 1550 Sirmondiano
1712 1537 1725 1558 ,
1759 1508 1824 1548 ex
1863 1508 1971 1562 quo

359 1585 645 1654 descripsit
697 1588 999 1657 liigaltius,
1061 1590 1264 1657 verba,
1311 1589 1542 1657 ipsomet
1608 1587 1846 1649 latente,
1899 1586 1970 1640 ita

361 1695 420 1734 se
454 1680 651 1735 habent
684 1699 697 1735 ε

453 1794 640 1844 Intrate
664 1793 870 1844 stabulis
893 1796 1121 1859 sylvestri
1146 1796 1204 1846 ad
1242 1797 1481 1860 prtesepia
1508 1797 1652 1846 tauri.

361 1903 662 1972 Alloquitur
753 1904 980 1973 gentiles
1064 1921 1300 1974 nempe,
1377 1917 1647 1974 tamquam
1719 1902 1968 1957 bellninis

366 1997 580 2058 animis,
607 1996 952 2066 moribusque
982 1999 1256 2066 praeditos.
1280 1992 1412 2052 Hinc
1435 2013 1594 2052 versu
1618 1995 1967 2068 praecedenti,

356 2090 512 2142 corda
532 2093 641 2162 fera
662 2101 707 2142 et
723 2103 1044 2159 exasperata;
1071 2091 1320 2145 lnstruct.
1344 2107 1508 2148 xxxv.
1538 2107 1588 2143 v.
1623 2093 1671 2152 l,
1709 2089 1972 2142 Indomita

367 2199 547 2246 cervis;
579 2197 632 2236 ν.
663 2183 715 2245 5,
746 2181 870 2235 Noli
891 2200 1044 2251 pecus
1074 2201 1180 2237 esse
1202 2185 1446 2254 ferinum;
1479 2199 1532 2246 v,
1567 2183 1653 2244 17,
1677 2181 1834 2244 Quasi
1857 2179 1969 2232 bes-

353 2275 452 2327 tius
481 2291 678 2327 errans.
704 2274 813 2328 Hos
842 2275 1018 2344 igitur,
1052 2277 1220 2329 instar
1240 2289 1537 2341 taurorum,
1566 2275 1618 2328 in
1649 2274 1812 2345 sylvis
1829 2289 1968 2327 cam-

355 2367 543 2438 pisque
569 2367 813 2438 palantes
845 2369 1052 2434 invitat,
1080 2382 1134 2423 ut
1155 2369 1412 2422 Ecclesite
1431 2369 1638 2422 stabula
1674 2368 1964 2432 intrarent,

353 2470 407 2514 ut
454 2459 518 2514 ad
568 2461 765 2516 CbriSti
819 2479 1062 2532 priesepe
1099 2463 1458 2528 accederent;
1510 2463 1621 2526 ubi,
1675 2474 1730 2515 ut
1779 2459 1967 2516 verbis

359 2553 604 2622 proxime
635 2555 986 2624 sequentibus
1017 2555 1252 2626 loquitur
1272 2597 1286 2621 ,
1317 2555 1604 2610 latronibus
1639 2555 1732 2608 tuti
1764 2552 1856 2606 sub
1885 2569 1963 2606 re-

347 2647 432 2714 gia
483 2657 610 2700 tecta
641 2660 921 2702 manerent.
949 2647 1064 2703 Non
1113 2649 1300 2704 dubito
1333 2649 1494 2720 igitur
1517 2692 1530 2714 ,
1561 2648 1688 2719 quin
1722 2665 1850 2702 cum
1891 2647 1962 2701 cl.

353 2739 631 2794 Dodwello
663 2741 770 2796 levi
822 2742 1118 2796 mutatione
1145 2742 1429 2812 legendum
1462 2742 1531 2796 sit
1565 2760 1577 2796 :
1614 2741 1812 2794 Intrate
1858 2750 1966 2793 sta—

347 2832 468 2886 bnla
495 2836 769 2905 Sylvestris
813 2836 880 2889 ad
924 2838 1174 2907 prwscpia
1216 2837 1354 2891 tauri
1392 2856 1405 2891 :
1443 2835 1722 2907 Sylrestris
1767 2833 1964 2904 plurali

349 2944 575 2981 munero
609 2945 705 2996 pro
739 2929 1107 2998 Sylvestreis:
1159 2939 1389 3000 utroque
1425 2931 1567 2984 enim
1620 2929 1781 2984 modo
1824 2927 1962 2983 scri-

346 3020 545 3073 bebant
598 3030 828 3075 veteres.
870 3042 888 3074 ι
944 3022 1162 3075 —-|l-.ec
1194 3021 1492 3087 hactenus,
1536 3030 1590 3075 et
1638 3021 1814 3074 forsan
1843 3019 1962 3089 plus

352 3114 483 3167 satis
505 3130 570 3168 ex
601 3114 917 3169 doctissimo
943 3114 1142 3170 Caveo.
1179 3114 1275 3168 llic
1302 3114 1644 3168 solummodo
1665 3111 1843 3166 adhuc
1866 3112 1961 3164 ob-

2086 543 2188 583 nec
2211 529 2454 582 modulos
2485 538 2667 582 servat
2693 545 2705 581 :
2737 526 2908 596 major
2927 526 3124 596 ubique
3140 525 3516 581 acrostichidis
3530 525 3691 589 ratio,

2085 638 2244 692 quam
2302 623 2478 676 metri.
2522 621 2924 677 Acrostiehides
2981 636 3109 676 vero
3148 630 3273 674 sunt
3314 635 3380 676 ex
3427 620 3692 691 cujusque

2087 715 2325 783 poeinatii
2361 713 2529 767 titulis
2551 723 2877 769 constructae
2904 756 2918 778 ,
2951 716 3028 768 sic
3049 714 3328 784 adsignata
3351 719 3550 783 cuique
3563 728 3690 768 ver-

2080 813 2159 867 sui
2186 811 2359 866 littera
2381 852 2396 876 ,
2430 821 2485 864 ut
2516 827 2545 865 a
2582 811 2753 878 primo
2799 810 3062 881 cujusque
3091 807 3330 880 prematii
3362 825 3521 865 versu
3549 819 3694 864 totus

2083 901 2342 971 deinceps
2373 903 2622 972 poetnatii
2653 903 2836 956 titulus
2860 917 2954 973 per
2983 903 3192 958 litteras
3210 916 3464 958 versuum
3491 902 3692 972 primas

2079 994 2350 1048 decurrat.
2389 1012 2407 1044 ι
2458 993 2671 1048 Alicubi
2702 1003 2880 1049 tamen
2911 992 3093 1048 delicit
3120 992 3238 1047 brnc
3261 1008 3473 1059 norma,
3500 1003 3556 1047 ut
3581 994 3693 1046 suis

2079 1085 2213 1139 locis
2250 1085 2683 1140 animadversum
2740 1094 2823 1141 est
2856 1101 2886 1140 a
2928 1085 3055 1140 viris
3084 1084 3310 1140 eruditis
3338 1083 3443 1156 (‘2).
3490 1083 3690 1140 Versus

2077 1187 2258 1231 autem
2289 1173 2665 1232 Cotnmodiani
2711 1177 2780 1231 ita
2813 1187 2939 1232 sunt
2970 1177 3270 1246 comparati
3297 1218 3311 1241 ,
3347 1186 3402 1230 ut
3433 1192 3690 1231 nmnerus

2078 1270 2390 1326 Hexametri
2411 1269 2667 1326 carminis
2693 1281 2979 1341 utrumque
3008 1280 3277 1332 servetur,
3310 1270 3553 1341 neglecta
3581 1270 3692 1340 syl-

2076 1365 2319 1419 labarum
2351 1365 2673 1436 quantitate,
2703 1364 2842 1420 sicut
2873 1365 2925 1419 in
2951 1365 3160 1435 psalmo
3193 1363 3467 1418 troehaico
3489 1363 3547 1419 S.
3574 1363 3690 1418 Au-

2077 1461 2274 1530 gustini
2301 1471 2489 1516 contra
2521 1473 2727 1530 partem
2762 1460 2975 1523 Donati,
3007 1459 3096 1530 qui
3115 1459 3233 1529 ejus
3261 1457 3476 1528 scriptis
3499 1467 3688 1513 contra

2080 1554 2370 1619 Donatum,
2422 1564 2554 1609 tom.
2585 1571 2636 1608 ιχ
2666 1570 2887 1623 operum
2919 1552 3263 1623 prtetnittitur
3299 1569 3313 1604 :
3348 1550 3433 1606 vel
3465 1552 3606 1605 sicut
3634 1551 3689 1605 in

2079 1649 2200 1701 aliis
2259 1649 2399 1718 apud
2456 1648 2724 1702 illustrem
2773 1647 3082 1716 Scipionem
3149 1642 3417 1700 Malleium
3469 1643 3686 1699 dissert.

2082 1740 2348 1812 (subjecta
2392 1743 2510 1812 ejus
2563 1740 2806 1796 historia:
2846 1738 3226 1812 diplomaticae)
3282 1737 3454 1810 Sopra
3499 1739 3517 1792 i
3560 1739 3689 1792 versi

1999 1839 2045 1898 B
2074 1837 2260 1888 ritmici
2288 1878 2302 1903 ,
2354 1851 2474 1906 pag.
2499 1835 2602 1890 186
2627 1877 2640 1899 ,
2675 1851 2827 1905 seqq.
2863 1845 2912 1888 et
2947 1835 3001 1888 in
3036 1831 3365 1889 hexametris
3405 1831 3578 1886 codici
3609 1830 3688 1886 la-

2082 1929 2427 1983 tino-biblico
2485 1929 2779 1998 prtnmissis
2819 1927 2962 1982 circa
3005 1943 3204 1981 annum
3240 1925 3441 1982 Christi
3485 1926 3614 1994 750,
3655 1941 3685 1980 a

2079 2020 2341 2089 Gregorio
2378 2019 2639 2075 carilinali
2699 2017 2837 2090 apud
2898 2017 3107 2074 Justum
3172 2017 3578 2083 Fontaninutn,
3635 2018 3688 2072 in

2077 2114 2375 2184 appendice
2410 2114 2476 2167 ad
2507 2115 2715 2168 discum
2761 2123 3078 2184 argenteum
3109 2113 3345 2168 votivum
3373 2156 3388 2180 ,
3423 2128 3544 2183 pag.
3575 2109 3646 2167 86
3671 2153 3687 2179 ,

2083 2209 2159 2262 vel
2195 2221 2249 2261 ut
2299 2209 2350 2261 in
2384 2207 2712 2262 carminibus
2758 2205 2988 2276 politicis
3029 2205 3266 2262 recentis
3289 2204 3515 2262 Gracche
3550 2205 3691 2260 Solet

2077 2302 2215 2365 ﬁeri,
2249 2302 2332 2356 vel
2364 2302 2522 2370 quale
2553 2316 2771 2356 carmen
2802 2299 3160 2355 hexametron
3189 2316 3425 2371 grzecum
3449 2315 3516 2355 ex
3538 2301 3687 2370 psal-

2078 2395 2212 2450 terio
2257 2394 2356 2449 Ms.
2401 2394 2744 2449 murbacensi
2790 2393 2962 2449 edidit
3006 2393 3393 2450 celeberrimus
3419 2391 3687 2449 Montfau-

2076 2488 2265 2542 couius
2292 2488 2344 2541 in
2371 2486 2772 2556 Palteographia
2805 2485 3016 2548 Graeca,
3044 2501 3164 2556 pag.
3189 2483 3318 2542 220.

2151 2579 2232 2636 Ad
2264 2581 2528 2635 rationem
2562 2591 2741 2635 autem
2775 2579 3046 2634 scribendi
3079 2579 3222 2649 quod
3254 2579 3470 2644 attinet,
3495 2576 3688 2634 durior

2075 2673 2160 2728 illa
2190 2673 2430 2744 quidem,
2477 2673 2601 2744 quia
2630 2682 2683 2727 et
2709 2673 3003 2727 insolentes
3031 2672 3082 2726 in
3110 2671 3266 2726 Latio
3297 2685 3456 2726 voces
3486 2671 3688 2740 passim

2073 2767 2332 2820 adhibita:
2381 2783 2396 2819 :
2435 2765 2529 2820 sed
2577 2764 2812 2820 vicissim
2852 2779 3044 2833 graeca:
3071 2763 3334 2819 aelatinaz
3353 2762 3686 2832 antiquitatis

2072 2859 2206 2913 scita
2235 2873 2341 2912 non
2375 2858 2616 2928 vulgaria
2654 2858 2930 2912 interserit
2962 2867 3149 2912 auctor
3175 2899 3190 2924 ,
3238 2865 3297 2912 ut
3341 2854 3473 2911 viris
3501 2855 3684 2911 doctis

2071 2955 2440 3009 observatum.

2140 3046 2320 3116 Operis
2349 3045 2586 3115 pretium,
2619 3056 2663 3099 et
2689 3042 3274 3100 censura—Caeterum
3300 3043 3356 3100 in
3382 3043 3484 3099 hoc
3505 3043 3686 3100 eccle-

2072 3141 2306 3194 siastica:
2336 3140 2619 3194 vetustatis
2635 3147 2990 3194 monumento
3011 3147 3284 3209 spectatur
3312 3137 3574 3208 imprimis
3587 3153 3684 3192 an-

345 3222 503 3304 servo
536 3249 548 3271 ,
597 3209 738 3304 quod
779 3208 1102 3304 Sirmondus
1132 3208 1258 3304 legit
1291 3225 1303 3260 :
1334 3206 1537 3260 Intrate
1566 3204 1961 3304 stabilesvestra
1989 3242 2032 3304 ρ
2070 3231 2214 3301 "qua
2259 3233 2428 3301 pietas
2460 3236 2611 3300 :ejus
2637 3232 2780 3286 enim
2809 3233 3010 3286 Auctor
3038 3204 3234 3302 {Ibique
3279 3245 3339 3285 se
3379 3204 3561 3302 ("odit
3597 3232 3676 3286 νί-

347 3303 415 3352 alt
455 3302 704 3371 praesepia
727 3303 883 3364 taurj.
918 3300 974 3354 ln
1004 3300 1316 3371 apographo
1349 3313 1530 3354 autem
1557 3308 1675 3354 erat
1709 3317 1721 3350 :
1755 3294 1959 3350 Intrate

344 3395 540 3447 stabilis
574 3394 822 3465 Sylvestrt
849 3395 917 3446 ad
965 3397 1211 3465 prwsepia
1241 3395 1392 3447 tauri.
1428 3393 1666 3448 Tandem
1703 3393 1954 3457 observit,

345 3490 485 3558 quod
511 3489 579 3543 cl.
619 3487 1004 3545 Schrteckhius
1031 3489 1081 3542 in
1105 3489 1325 3543 historia
1357 3487 1649 3542 christiana
1683 3499 1836 3556 parte
1861 3503 1911 3540 tv
1939 3529 1952 3551 ,

345 3595 470 3649 pag.
524 3580 627 3636 489
677 3581 819 3637 etcl.
880 3580 1125 3636 Oelricbs
1152 3582 1236 3653 (Ι)
1267 3581 1548 3635 sententiae
1580 3579 1954 3634 dodwelliante

341 3673 619 3728 accedant.

969 3802 1264 3842 ARTICULUS
1290 3803 1348 3842 11.

575 3879 656 3934 De
679 3880 846 3934 libello
865 3896 1010 3949 quem
1039 3876 1430 3933 Commodianus
1453 3880 1753 3950 composuit.

424 4016 675 4086 Opusculi
709 4014 894 4068 divisio
927 4023 971 4068 et
995 4031 1207 4084 scapus.
1232 4045 1303 4055 —
1328 4013 1659 4085 Opusculum
1690 4017 1947 4071 Commo-

345 4110 490 4165 diaui
527 4110 884 4163 instructiones
916 4110 1162 4162 adversus
1190 4111 1416 4180 gentium
1449 4109 1581 4164 Deos
1612 4111 1945 4180 inscriptum,

340 4205 608 4273 octoginta
635 4203 714 4273 (εἰ)
738 4202 1026 4256 universim
1054 4202 1433 4270 complectitur
1463 4202 1638 4272 capita
1673 4221 1687 4257 :
1720 4219 1946 4273 quorutn

341 4299 519 4365 priora
552 4313 644 4350 sex
668 4309 720 4350 et
750 4297 964 4366 triginta
983 4297 1049 4350 ad
1077 4295 1324 4351 homines
1355 4298 1692 4364 potissimum
1714 4297 1947 4367 dirigun-

342 4404 430 4448 tur
465 4411 493 4448 a
536 4392 831 4446 christiana
883 4391 1144 4460 religione
1194 4392 1434 4456 alienos;
1485 4391 1678 4460 quibus
1714 4401 1947 4446 vamtate

339 4487 627 4555 impiorum
680 4485 958 4539 numinmn
1005 4484 1391 4549 demonstrata,
1423 4500 1517 4537 eos
1547 4485 1610 4536 ad
1652 4484 1917 4553 suscipien

339 4583 458 4636 dam
489 4579 686 4634 (inriin
716 4579 1032 4648 religionem
1067 4577 1330 4643 hortatur;
1358 4592 1477 4647 quae
1501 4587 1677 4631 autem
1707 4593 1942 4647 sequun-

341 4686 424 4728 tur
467 4688 635 4743 usque
671 4673 738 4725 ad
783 4669 1254 4743 quadragesiuntm
1284 4680 1554 4740 quartum,
1587 4669 1803 4724 Judzeos
1825 4687 1941 4725 res-
1973 4673 2022 4733 1)

340 4767 542 4837 piciunt
564 4806 577 4829 ,
609 4779 746 4834 quos
772 4773 960 4817 auctor
985 4763 1050 4816 ad
1080 4735 1356 4816 christiani
1380 4763 1612 4816 nominis
1631 4764 1940 4818 societatem

339 4861 572 4931 graviter
596 4859 784 4912 invitat
814 4877 828 4924 ;
878 4857 966 4912 ubi
989 4857 1148 4911 simul
1177 4857 1244 4912 de
1276 4857 1612 4921 autichristo,
1651 4857 1942 4928 dejudieio

339 4966 390 5010 et
447 4954 842 5010 resurrectione
892 4953 1054 5007 verba
1114 4949 1239 5006 facit
1288 4969 1298 5004 :
1334 4951 1534 5022 reliqua
1567 4967 1694 5004 vero
1725 4953 1787 5005 ad
1819 4968 1939 5006 rru-

343 5050 570 5104 dientlos
624 5047 894 5117 prcecipue
943 5045 1384 5111 catechumenos,
1424 5045 1624 5114 Deique
1664 5045 1939 5115 religiosos

336 5146 590 5207 cultores,
625 5153 678 5196 et
705 5141 1011 5211 singillatim
1059 5140 1125 5194 ad
1167 5140 1492 5210 panitentes
1540 5140 1828 5209 pertinent;
1870 5157 1936 5196 ne

334 5237 484 5290 obliti
517 5235 721 5289 scilicet
756 5233 1176 5288 Christianorum
1211 5232 1512 5289 ciliciorum
1559 5232 1624 5286 ad
1653 5231 1932 5288 saicularia

332 5330 574 5385 redeant.

408 5424 587 5495 Stytus
610 5425 848 5478 auctoris.
873 5453 946 5465 --
977 5424 1204 5493 Scripsit
1231 5424 1651 5480 Commodianus
1685 5425 1931 5479 mediocri

329 5537 576 5585 sermone,
608 5520 754 5590 quasi
788 5535 953 5582 versu,
988 5517 1515 5588 inquitGennadius.
1543 5517 1804 5573 Nimirum
1831 5518 1924 5573 Ri-

399 5639 446 5709 (1
460 5635 638 5709 λΜςιΙε
655 5633 725 5709 ad
754 5634 1006 5709 sarculum
1037 5641 1298 5709 quartum
1317 5630 1930 5709 rejicitur_Commodia-

328 5703 737 5769 nus.’0elriebs,
771 5704 1134 5759 Commentarii
1170 5708 1235 5758 de
1259 5703 1513 5776 Scriptor.
1546 5703 1748 5760 Eccles.
1773 5706 1919 5761 latin.

330 5780 557 5847 priorum
581 5795 672 5832 sex
695 5777 929 5840 δίκαιον,
961 5792 1080 5847 pag.
1114 5777 1205 5831 44.

403 5848 478 5920 (2)
502 5848 960 5914 Schurtzlleisch.,
993 5849 1194 5919 praefat.
1219 5847 1285 5904 ad
1312 5847 1775 5906 Commodianum.

2063 3341 2180 3379 rmn
2215 3326 2435 3391 bonum,
2473 3341 2604 3380 vere
2649 3325 3004 3380 christianum
3027 3369 3042 3390 ,
3086 3324 3155 3380 ab
3183 3324 3329 3378 omni
3351 3325 3542 3394 glorise
3568 3339 3678 3379 sa:-

2061 3418 2262 3474 cularis
2321 3417 2463 3470 lasm
2519 3417 2782 3483 alienum,
2833 3427 2890 3471 et
2935 3416 3251 3479 charitatis,
3289 3431 3411 3486 qua:
3460 3417 3680 3485 proprie

2061 3511 2412 3566 christianum
2457 3510 2634 3576 decet,
2687 3511 2947 3564 cultorem
2981 3511 3281 3580 egregium.
3306 3509 3376 3564 At
3408 3509 3535 3564 illud
3567 3524 3678 3565 non

2060 3614 2142 3658 est
2161 3602 2623 3657 dissimulandum
2648 3645 2662 3666 ,
2689 3603 2860 3656 ntevis
2887 3601 3095 3670 aliquot
3126 3602 3431 3671 inspersum
3456 3616 3579 3656 esse
3609 3601 3674 3655 li-

2061 3697 2282 3764 bellum,
2338 3713 2474 3767 quos
2527 3712 2649 3752 cum
2708 3696 2976 3750 nonnullis
3016 3697 3369 3752 vetustiorum
3446 3695 3674 3752 Patrum

2058 3805 2374 3846 communes
2397 3790 2557 3845 habet
2576 3788 2998 3844 Commodianus
3025 3807 3040 3844 :
3066 3789 3367 3860 cujusmodi
3385 3798 3530 3854 sunt,
3547 3803 3673 3860 quae

2059 3893 2349 3938 narrantur
2398 3882 2465 3936 de
2512 3882 2736 3952 Angelis
2756 3881 3146 3953 desertoribus,
3180 3882 3322 3938 unde
3344 3883 3454 3936 nati
3477 3883 3669 3954 gigan-

2058 3987 2137 4030 tes
2171 3977 2275 4047 (5);
2307 3976 2374 4030 de
2405 3974 2707 4039 chiliasmo,
2748 3973 2814 4028 de
2837 3975 3069 4028 anastasi
3100 3976 3290 4046 prima,
3325 3973 3392 4029 de
3415 3973 3672 4032 felicitate

2055 4079 2292 4135 terrena,
2322 4078 2427 4123 etc.
2475 4065 2552 4140 (4)
2589 4081 2752 4137 :qute
2778 4067 2992 4137 quidem
3051 4068 3102 4120 in
3161 4082 3321 4121 causa
3364 4065 3531 4120 fuisse
3590 4067 3669 4120 vi-

2056 4162 2276 4228 dentur,
2328 4177 2424 4215 cur
2470 4160 2788 4229 opusculum
2829 4160 2970 4213 inter
3018 4157 3217 4214 Gelasii
3245 4157 3552 4229 apocrypha
3571 4172 3662 4212 re~

2053 4264 2369 4309 censeretur
2400 4270 2412 4306 :
2439 4252 2889 4323 quemadmodum
2931 4251 2982 4305 in
3017 4252 3269 4307 eumdem
3314 4267 3536 4306 censum
3571 4267 3652 4306 re-

2053 4349 2295 4401 feruntur
2326 4349 2453 4400 item
2482 4345 2551 4400 ob
2581 4360 2708 4399 suos
2730 4359 2914 4399 naevos
2945 4345 3204 4400 Clemens
3237 4343 3656 4408 Alexandrinus,

2055 4438 2342 4504 Arnobius,
2378 4436 2706 4504 Lactantius,
2737 4435 3001 4506 Sulpicius
3027 4437 3284 4502 Severus,
3307 4435 3503 4506 aliique
3520 4451 3661 4506 prte-

2051 4532 2365 4586 Slllﬂlis‘sillli
2397 4533 2678 4601 A_ttclores.
2716 4530 2911 4586 Verum
2961 4531 3100 4586 haud
3138 4532 3207 4586 ita
3237 4541 3321 4586 est
3345 4531 3658 4600 accipienda

2052 4626 2249 4680 Gelasii
2279 4643 2528 4691 censura,
2561 4636 2620 4682 ut
2647 4627 2910 4696 ejusmodi
2944 4627 3296 4682 vestutiorum
3328 4627 3657 4697 scripturum

2050 4734 2210 4788 Opera
2242 4735 2465 4788 prorsus
2494 4721 2784 4790 rejii-ienda
2816 4721 3230 4786 existimentur;
3261 4720 3483 4790 perinde
3513 4736 3577 4776 ac
3605 4721 3650 4776 si

2048 4828 2109 4866 ea
2140 4829 2382 4868 summus
2410 4814 2498 4868 ille
2520 4813 2754 4884 pontifex
2771 4816 2833 4868 ab
2860 4814 3087 4870 Ecclesia
3112 4817 3317 4870 omnino
3342 4816 3650 4885 proscribat,

2047 4905 2217 4973 inquit
2241 4921 2464 4976 magnus
2497 4906 2758 4961 Baronius
2780 4906 2884 4979 (ὃ),
2915 4908 3009 4962 sed
3042 4917 3099 4961 ut
3127 4907 3338 4978 publica
3369 4907 3422 4962 in
3457 4907 3649 4964 Eccle-

2044 4997 2117 5049 sia
2173 4997 2406 5052 lectione
2457 4997 2752 5067 priventur.
2795 4998 2906 5066 Qua
2959 4999 3028 5055 de
3073 5015 3131 5055 re
3173 5015 3272 5056 nos
3296 4999 3426 5054 alibi
3467 5015 3535 5056 ex
3575 5000 3647 5056 cl.

2043 5087 2362 5144 Fontaninio
2395 5089 2474 5162 (6)
2507 5091 2655 5161 plura
2684 5093 3002 5149 observasse
3030 5094 3377 5150 meminimus
3405 5135 3421 5161 ,
3457 5095 3648 5150 scribit

2114 5202 2194 5274 ll)
2219 5204 2434 5274 Rigalt..
2465 5205 2568 5260 loc.
2598 5205 2690 5260 cit.

2117 5275 2196 5346 (2)
2227 5276 2282 5330 ln
2329 5277 2516 5330 ultimo
2567 5280 2742 5348 Capite
2794 5280 3110 5335 aerostichis
3155 5294 3258 5334 non
3292 5289 3348 5334 ut
3380 5281 3433 5336 in
3459 5281 3636 5338 aliisa

2041 5348 2306 5421 primoad
2336 5348 2612 5413 ultimum,
2651 5350 2743 5405 sed
2785 5367 2813 5405 a
2860 5365 3128 5419 postremo
3163 5352 3229 5406 ad
3255 5355 3483 5421 primurn
3518 5370 3637 5409 ver-

2036 5436 2158 5544 ἓρὶιη
2215 5420 2436 5504 legenda
2479 5421 2642 5477 refert
2684 5426 2847 5478 verba
2881 5443 2892 5478 :
2927 5420 3321 5480 Commodianus
3373 5425 3641 5481 mendicas

2096 5502 2246 5544 ινιεη.

2096 5502 2246 5546 tristi.

2114 5563 2192 5638 (ὅ)
2217 5562 2614 5638 ῼφηιφοάἱεη.,
2644 5565 2887 5622 lnstrnct.
2923 5585 2999 5624 Ill.

2119 5634 2198 5705 t4)
2233 5634 2334 5696 ld.,
2362 5635 2606 5690 Instruct.
2642 5655 2788 5697 xvtu.
2821 5656 2963 5695 xuv.

2128 5708 2206 5784 (ᾗ)
2226 5708 2457 5784 _l_3aron.,
2482 5708 2548 5763 ad
2580 5725 2701 5784 ann.
2729 5712 2818 5776 51,
2844 5711 2872 5784 §
2900 5711 2988 5768 60.

2115 5778 2194 5866 (ἐξ)
2218 5778 2708 5866 ξοιητιηίρκμίει,
2739 5778 2957 5855 Aquilci.
2994 5785 3225 5857 litterat.,
3265 5788 3360 5847 lib.
3391 5801 3433 5846 γ
3454 5832 3469 5858 ,
3508 5807 3628 5866 cap.

2036 5850 2184 5924 ll,'§
2216 5853 2280 5919 8,
2318 5867 2434 5924 pag.
2463 5853 2590 5910 554.
