3950 6338
258 321 346 376 197
1189 320 1279 378 DE
1315 319 1764 377 COMMODIANO
1790 320 1861 377 Gil

1976 323 2061 387 ΞΟ,
2095 321 2376 378 ORIGINE
2416 319 2621 377 ΑΕΗΘ.
3455 319 3557 376 198

256 441 523 512 perdoctus
544 439 870 496 Gallandius
897 440 1004 511 (l).
1034 456 1097 497 ex
1125 457 1229 510 quo
1251 442 1368 497 haec
1384 441 1840 511 deprompsimus.
1875 443 1923 499 Α
1953 451 2105 503 rant;
2137 440 2419 502 divitibus,
2469 439 2565 502 ait,
2619 453 2684 492 ne
2727 445 2947 508 propter
2968 435 3182 490 divitias
3212 450 3337 488 suas
3375 445 3556 487 mente

318 532 570 584 Judicium
598 531 668 585 cf.
697 529 917 601 Dupinii
958 533 1020 584 de
1070 533 1221 602 slylo,
1252 531 1489 585 Auctoris
1515 531 1809 585 charactere
1830 572 1843 597 ,
1952 532 2203 586 elatiores
2248 531 2394 596 fiant,
2429 531 2522 584 sed
2554 545 2646 584 eas
2674 529 2856 598 egenis
2895 529 3272 597 impertiuntur
3295 570 3307 584 .
3340 526 3461 579 illos
3482 529 3558 592 ju-

259 628 502 695 operisque
527 625 714 694 pretio.
748 654 822 664 —
845 627 886 678 Α
919 640 1144 679 censura
1187 623 1454 679 Gallamlii
1484 638 1589 677 n0n
1619 623 1846 677 multum
1951 634 2114 690 vent,
2171 640 2342 694 :ngros
2375 624 2608 676 inviSant
2631 665 2644 685 ,
2677 637 2738 675 ac
2772 622 3071 689 indigentes
3095 620 3352 673 nutriant.
3389 616 3557 670 Filio-

258 716 442 771 abludit
463 716 705 786 perdocti
735 715 952 787 Dupiuii
985 715 1062 788 (Ξ)
1094 715 1162 772 de
1186 715 1595 780 Commodiano,
1622 716 1848 785 ejusque
1951 735 2068 773 rum
2099 728 2153 772 et
2182 727 2529 788 cognatorum
2565 725 2790 770 mortem
2824 731 2926 768 non
2955 730 3077 769 esse
3106 711 3553 781 comploramlam

260 808 420 863 libello
447 811 621 863 crisis.
652 808 830 866 Stilus
860 809 1001 878 ejus,
1029 808 1196 878 inquit
1228 807 1338 872 hic,
1362 816 1446 863 est
1476 810 1664 872 durus,
1684 807 1846 861 verba
1951 811 2099 866 dicit.
2125 811 2398 866 Funebres
2432 825 2654 880 pompas
2695 822 2747 864 et
2771 809 2954 863 funera
3003 805 3279 876 Splendida
3313 807 3554 859 damnat.

260 901 462 956 barbara
492 943 507 965 ,
565 910 622 956 et
671 901 1032 972 cogitationes
1079 900 1346 955 demissae.
1393 900 1596 954 Auctor
1642 899 1848 953 videtur
1955 903 2062 956 Eos
2088 903 2285 958 acriter
2321 899 2693 971 reprehendit,
2717 902 2805 970 qui
2839 903 2888 953 in
2915 899 3116 968 templo
3143 897 3419 951 silentium
3451 910 3559 948 non

261 990 405 1048 fuisse
443 994 636 1061 bonus,
693 995 950 1065 simplex,
1002 993 1235 1059 humilis,
1289 992 1600 1055 beneficus,
1651 990 1850 1046 Cluiin
1951 997 2259 1051 observant.
2316 1016 2333 1048 ι
2363 996 2504 1050 Dixit
2545 995 2754 1049 Domini
2804 995 3087 1059 sacerdos,
3128 1011 3148 1045 ι
3208 990 3381 1062 inquit
3431 987 3512 1061 (l)
3545 1031 3557 1052 ,

259 1101 422 1141 amore
449 1087 900 1158 ﬂagrantissimus
927 1131 940 1154 ,
974 1088 1090 1157 ejus
1132 1086 1372 1156 religioni
1404 1085 1799 1140 addictissimus
1829 1128 1845 1150 ,
1961 1108 1978 1141 ι
2016 1087 2194 1143 Corda
2219 1087 2465 1142 adheum
2504 1087 2708 1150 tollite;
2744 1085 3086 1155 respomletis
3107 1099 3205 1137 vos
3230 1099 3289 1158 ea
3315 1082 3380 1136 ad
3412 1082 3561 1134 illum

261 1179 477 1235 moribus
519 1179 756 1234 austeris
782 1222 797 1243 ,
831 1180 962 1234 vitio
990 1179 1404 1240 infensissimus,
1439 1179 1620 1232 omnia
1663 1175 1847 1232 sazculi
1955 1183 2174 1244 habere,
2209 1191 2260 1234 et
2294 1196 2417 1236 mox
2449 1196 2476 1234 a
2504 1182 2772 1250 promisso
2796 1177 3094 1232 disceditis.
3126 1176 3294 1231 Demn
3311 1183 3432 1229 orat
3465 1189 3564 1243 pro

262 1272 398 1340 Mill"
423 1273 556 1327 δυηλ
587 1275 738 1342 βὲΐνὶ
771 1274 976 1329 raCiﬁ'ns
1002 1314 1017 1336 .
1066 1273 1262 1343 Quique
1288 1272 1523 1342 optimus
1555 1270 1849 1326 mooacbus
1955 1277 2132 1346 plebe,
2165 1275 2366 1328 interea
2390 1274 2595 1328 fabulas
2623 1275 2762 1326 inter
2792 1288 2888 1325 vos
2913 1271 3145 1325 vicissim
3177 1268 3411 1322 narratis
3436 1308 3450 1332 ,
3478 1265 3558 1320 ri-

261 1362 445 1428 Ῐυίεδεῐν
477 1365 613 1419 Sicut
645 1366 958 1421 observavit
986 1364 1264 1436 Rigaltius.
1295 1364 1408 1419 Non
1430 1375 1546 1419 erat
1566 1364 1847 1418 tamenin-
1953 1370 2112 1428 detis.
2146 1367 2333 1422 aliena:
2379 1367 2535 1421 fatum
2561 1364 2898 1430 obtreCIatis,
2936 1376 3217 1417 sermones
3251 1357 3566 1413 inconside-

259 1455 431 1510 doctus
453 1498 468 1522 ,
524 1467 689 1528 atque
747 1458 1063 1527 imperitus;
1114 1457 1282 1511 multa
1329 1455 1470 1512 enim
1500 1456 1709 1510 erudita
1735 1497 1749 1521 ,
1783 1456 1848 1508 ad
1955 1472 2101 1516 ratos
2123 1461 2322 1524 seritis,
2349 1463 2499 1530 quasi
2529 1459 2743 1514 abesset
2774 1458 2935 1516 Deus.
2978 1455 3066 1525 qui
3101 1453 3281 1508 omnia
3313 1451 3462 1516 fecit,
3486 1448 3564 1502 vi—

259 1547 511 1604 scientiam
563 1553 851 1620 profanam
904 1550 1245 1621 pertinentia,
1286 1550 1339 1604 in
1389 1549 1506 1619 ejus
1541 1564 1704 1618 Opere
1753 1551 1848 1602 ba-
1953 1556 2045 1609 det
2071 1566 2123 1609 et
2148 1555 2314 1608 audit.
2357 1573 2374 1603 ›
2416 1554 2580 1619 Deum
2624 1551 2967 1622 precantibus
2996 1549 3070 1602 ait
3117 1562 3211 1602 cor
3251 1559 3408 1599 suum
3465 1559 3564 1611 pu-

259 1640 468 1708 bentur;
500 1645 665 1698 immo
689 1644 950 1699 nonnulla
981 1644 1328 1699 inveniuntur
1349 1643 1417 1698 de
1445 1642 1726 1713 gentilium
1750 1641 1850 1696 diis
1954 1648 2204 1711 rificcnt,
2261 1646 2572 1714 priuSqu;:in
2623 1646 2687 1697 ad
2743 1659 2930 1713 preces
2985 1657 3042 1696 se
3089 1641 3391 1695 conferant.
3444 1637 3567 1692 Uno

259 1748 384 1800 rara,
414 1744 464 1788 et
487 1736 786 1805 exquisita.
813 1736 1030 1790 Videtur
1051 1750 1172 1790 esse
1200 1736 1395 1789 ruentis
1416 1750 1584 1798 san-.13,
1615 1736 1776 1800 acris,
1798 1743 1852 1789 et
1954 1741 2144 1806 verbo,
2173 1742 2360 1794 barmn
2392 1740 2806 1794 instructionum
2829 1753 2952 1808 pars
2977 1735 3159 1789 ultima
3185 1733 3413 1786 eximias
3437 1748 3568 1786 con-

259 1824 539 1882 christianis
591 1830 889 1898 praeceptis
931 1829 1221 1884 moralilnts
1250 1829 1706 1884 instructissimm.
1883 1839 1929 1898 B
1961 1839 2090 1890 tinet
2117 1835 2522 1890 cohortationes
2547 1877 2560 1897 ,
2620 1833 2812 1901 quibus
2844 1828 3136 1885 Christiani
3165 1831 3418 1883 virtutem
3449 1841 3568 1882 scc—

323 1921 490 1988 Operis
516 1923 678 1994 hujus
704 1927 940 1994 synopsia
967 1941 1053 1979 seu
1079 1926 1328 1996 analysis.
1351 1956 1421 1964 —
1443 1925 1500 1979 lu
1532 1935 1640 1979 tres
1671 1935 1852 1995 partes
1961 1939 2160 1985 tentur.
2194 1927 2454 1982 etvitium
2487 1926 2693 1996 fugiant
2721 1968 2733 1988 ,
2764 1933 2817 1979 et
2875 1924 3326 1978 commonitiones
3371 1918 3567 1973 adver-

260 2013 402 2067 dividi
433 2023 607 2085 potest
653 2016 767 2072 hoc
809 2019 1146 2088 opusculum.
1177 2019 1377 2083 Prima,
1412 2035 1531 2089 quae
1561 2019 1768 2088 triginta
1801 2029 1854 2072 et
1956 2037 2048 2075 sus
2070 2038 2248 2075 mores
2278 2020 2708 2074 Christianorum
2743 2019 3088 2084 depravatns,
3118 2025 3165 2068 el
3208 2014 3352 2068 illius
3377 2012 3568 2066 δείξει]Ιὶ

261 2120 341 2158 sex
356 2109 597 2177 strophas
618 2110 893 2174 continet,
916 2112 1166 2180 inscripta
1189 2121 1273 2167 est
1288 2111 1604 2182 gentilibus,
1628 2127 1765 2181 quos
1787 2112 1852 2165 ad
1956 2115 2153 2185 ﬂagitia
2167 2113 2348 2168 szeculi
2382 2115 2549 2170 nostri
2580 2116 2693 2169 fere
2715 2112 2934 2167 similia.
2970 2111 3243 2166 llactenus
3267 2106 3566 2178 perdemus

262 2197 584 2253 christianam
664 2202 982 2272 religionem
1052 2204 1484 2273 amplectendam
1562 2205 1850 2271 hortatur,

264 2301 521 2361 postquam
545 2292 710 2360 deos,
746 2310 883 2364 quos
909 2295 1170 2361 adorant,
1207 2297 1422 2350 tictitios
1453 2310 1572 2349 esse
1599 2295 1855 2350 demons-

266 2383 423 2438 travit.
459 2386 718 2442 Secunda
764 2388 1018 2458 inscripta
1055 2399 1138 2444 est
1167 2387 1367 2443 Judaeis
1387 2429 1402 2452 ,
1435 2404 1574 2459 quos
1603 2387 1762 2444 etiam
1786 2388 1854 2443 ad

265 2472 403 2528 fidem
430 2475 784 2533 cbristianam
814 2480 1244 2548 amplectendam
1275 2480 1542 2546 hortatur,
1560 2481 1856 2535 ostendens

265 2563 413 2637 legem
442 2567 609 2623 fuisse
644 2571 1008 2642 figurativam.
1045 2574 1118 2626 De
1144 2573 1468 2628 antichristo
1503 2615 1515 2635 ,
1544 2574 1744 2642 judicio
1775 2575 1856 2628 ul-

266 2658 395 2724 timo,
437 2673 488 2716 et
537 2664 952 2719 resurrectione
982 2663 1217 2719 disserit.
1248 2665 1443 2720 Ultima
1485 2666 1742 2734 inscripta
1775 2676 1857 2722 est

266 2750 548 2806 cbristianis
575 2753 988 2808 catechumenis
1015 2795 1029 2821 ,
1061 2754 1309 2810 fidelibus
1340 2767 1394 2811 et
1425 2757 1809 2825 paenitentibus
1837 2799 1852 2824 ,

264 2843 434 2910 quibus
465 2857 744 2916 praecepta
770 2847 996 2901 moralia
1023 2849 1226 2917 eptima
1255 2848 1376 2914 dat;
1407 2864 1437 2902 a
1473 2849 1696 2918 strepha
1726 2866 1856 2920 qua-

263 2936 537 3008 dragesima
557 2951 718 2995 Sexta
745 2941 958 3011 incipit.

323 3034 467 3100 Apud
493 3036 648 3088 hunc
678 3046 958 3089 auctorem
992 3045 1234 3091 veterum
1260 3053 1477 3093 errores
1507 3040 1749 3110 plerique
1770 3040 1849 3093 in-

265 3120 550 3180 veniuntur.
612 3125 776 3181 Docet
818 3127 1096 3182 dwmones
1143 3144 1267 3183 esse
1316 3132 1540 3200 angelos
1570 3131 1855 3185 mulierum

1960 2210 2237 2281 Dupinius.

2569 2342 2862 2382 ARTICULUS
2903 2343 2977 2382 111.

2356 2442 2430 2496 De
2450 2441 2808 2497 Commodiani
2832 2442 3164 2496 editionibus.

2033 2577 2110 2632 De
2126 2579 2350 2633 editione
2368 2580 2765 2650 Rigaltiana.—
2786 2579 2884 2634 Hic
2910 2589 3167 2634 tractatus
3190 2578 3570 2634 Commodiani

1959 2671 2049 2726 diu
2082 2673 2238 2727 latuit
2266 2675 2316 2726 in
2347 2674 2603 2738 tenebris,
2629 2684 2682 2729 et
2712 2675 2942 2742 primum
2978 2674 3028 2726 in
3065 2674 3236 2729 lucem
3271 2673 3570 2743 productus

1960 2776 2041 2818 est
2084 2766 2269 2831 elapso
2301 2767 2536 2830 SiCt.‘tt|O,
2585 2783 2708 2821 cum
2762 2767 2920 2821 Pater
2969 2766 3293 2822 Sirmondus
3337 2782 3459 2822 eum
3507 2766 3575 2820 de

1958 2858 2184 2925 antiquo
2218 2846 2586 2926 manuscripto
2623 2863 3004 2929 exscripsisset
3038 2860 3140 2932 ('2).
3176 2861 3440 2930 fligaltius
3472 2860 3577 2915 hoc

1960 2951 2266 3018 exemplum
2313 2968 2453 3004 anno
2500 2953 2658 3017 lﬁif),
2709 2955 2788 3007 vel
2840 2954 3013 3020 potius
3053 2969 3196 3007 anno
3236 2953 3398 3016 1650,
3437 2954 3577 3023 typis

1961 3043 2152 3096 excudi
2190 3043 2370 3112 jussit.
2401 3044 2669 3110 Quantum
2712 3062 2841 3100 vero
2874 3061 3018 3101 cura:
3055 3058 3213 3117 atque
3242 3048 3444 3102 laboris
3477 3047 3576 3101 Ri-

1960 3135 2154 3204 galtius
2185 3136 2578 3192 Commodiano
2609 3140 2969 3207 impenderit,
3007 3141 3236 3209 ipsemet
3282 3141 3364 3194 bis
3397 3142 3579 3195 verbis

264 3231 429 3272 amore
476 3228 817 3288 corruptos,
873 3236 940 3274 ex
981 3237 1205 3290 quorum
1240 3237 1362 3276 cum
1395 3223 1500 3276 illis
1529 3225 1857 3279 commercio
1885 3232 1928 3295 (ζ
1964 3226 2245 3279 declarat:
2309 3246 2324 3277 ‹
2380 3227 2572 3282 Libelli
2617 3238 2768 3282 vetus
2816 3217 3114 3301 exemplar,
3173 3252 3190 3284 ι
3243 3232 3419 3302 inquit
3471 3232 3575 3303 (5),

267 3310 488 3379 gigantes
523 3312 643 3366 nati
670 3321 799 3367 sunt
824 3330 838 3378 ;
866 3315 1126 3368 mundum
1157 3325 1280 3383 post
1305 3331 1400 3370 sex
1427 3315 1570 3370 inille
1597 3332 1768 3370 annos
1794 3320 1858 3370 li-

266 3407 415 3463 nitum
438 3409 537 3474 iri;
577 3409 847 3466 Neronem
878 3410 1410 3477 esseantichristum,
1441 3412 1710 3481 duplicem
1742 3414 1861 3468 fore

268 3507 745 3560 resurrectionem:
772 3507 1226 3560 resurrectionem
1264 3507 1528 3561 honorum
1559 3519 1682 3560 ante
1713 3507 1860 3562 mille

267 3611 510 3654 annorum
571 3615 836 3670 regnum;
876 3611 931 3655 et
959 3603 1409 3657 resurrectionem
1442 3604 1586 3657 illam
1631 3619 1856 3674 genera-

268 3691 381 3758 lem,
409 3711 534 3765 quzn
570 3695 623 3748 in
649 3697 840 3749 ultimo
864 3697 1067 3764 judicio
1101 3697 1192 3750 ﬁet
1226 3714 1237 3749 :
1274 3709 1395 3767 post
1418 3699 1653 3768 priorem
1683 3715 1860 3754 resor-

268 3788 555 3844 rectionem
600 3790 768 3844 bonos
811 3791 960 3844 mille
1007 3807 1178 3844 annos
1233 3792 1282 3844 in
1345 3804 1485 3847 terra
1542 3808 1858 3858 mansuros;

271 3892 552 3953 posteaque
626 3900 821 3939 omnes
879 3885 1127 3938 homines
1180 3884 1530 3951 jutlirandos,
1594 3887 1762 3940 malos
1809 3889 1860 3940 in

268 3977 428 4045 ignem
470 3979 916 4050 pr:ecipitandos,
960 3989 1012 4034 et
1051 3989 1214 4034 totam
1253 3991 1458 4034 natura:
1511 3982 1699 4036 faciem
1746 4000 1862 4036 mu-

267 4072 490 4126 tandem.

335 4167 604 4234 f’rmccpta
640 4168 756 4238 ejus
788 4167 1013 4221 moralia
1055 4169 1249 4223 eximia
1274 4178 1418 4222 sunt.
1444 4168 1862 4225 Catechumenis

269 4262 632 4328 commendat,
667 4273 721 4316 ut
771 4263 934 4316 vitam
969 4265 1171 4334 peccati
1219 4276 1495 4333 expertem
1525 4274 1724 4334 agant;
1761 4283 1867 4335 pa:-

269 4358 588 4421 nitentibus,
635 4357 752 4412 dies
784 4368 1079 4429 noctesque
1119 4368 1296 4423 orent,
1327 4360 1600 4429 vitamque
1635 4361 1861 4413 severis-

269 4455 391 4508 sime
453 4453 716 4521 exinvant,
790 4453 855 4505 ad
937 4454 1112 4507 delicti
1166 4454 1375 4508 veniam
1445 4455 1861 4523 impetrandam.

269 4543 516 4601 Hortatur
547 4546 754 4610 lideles,
783 4549 980 4601 malmn
1011 4549 1196 4612 vitent,
1230 4547 1519 4617 ndimnque
1550 4549 1862 4619 deponant,

1971 3338 1989 3370 ‹
2028 3321 2396 3391 apographum
2443 3322 2601 3376 habui
2637 3333 2842 3378 tantum
2874 3325 2942 3377 ab
2974 3325 3173 3378 eximio
3217 3327 3337 3382 viro
3376 3325 3578 3382 Jacobi)

1968 3417 2290 3481 Sirmondo;
2322 3417 2415 3471 sed
2444 3416 2604 3472 fcedis
2629 3419 2828 3488 ubique
2855 3418 2968 3474 fere
2997 3420 3207 3474 mendis
3236 3431 3574 3491 corruptmn.

1968 3509 2218 3565 Veterem
2253 3513 2612 3581 scripturam,
2652 3515 2733 3568 vel
2769 3515 2882 3583 ipse
2910 3513 3234 3569 Sirmondus
3267 3515 3458 3579 habet,
3492 3517 3579 3570 vel

1969 3605 2107 3657 unde
2137 3604 2321 3659 haberi
2354 3615 2546 3672 queat,
2594 3607 2734 3661 scire
2766 3626 2868 3658 non
2899 3606 3182 3663 diffitetur.
3219 3608 3334 3680 Ego
3360 3609 3580 3679 quidem

1967 3699 2122 3752 valde
2153 3701 2420 3753 assentior
2461 3701 2898 3755 existimantibus
2921 3743 2933 3763 ,
2969 3702 3179 3756 futilem
3229 3718 3383 3768 esse,
3417 3715 3581 3772 atque

1969 3789 2248 3855 fallacem,
2290 3791 2454 3843 immo
2488 3791 2808 3861 plerumque
2842 3793 2893 3845 in
2930 3792 3031 3847 hac
3082 3793 3381 3848 litterarum
3426 3805 3581 3864 parte

1968 3882 2325 3950 perniciosam
2383 3881 2726 3948 conjectandi
2787 3883 3109 3937 licentiam:
3155 3885 3248 3939 sed
3306 3901 3370 3940 ex
3425 3885 3580 3940 istius

1968 3975 2135 4029 libelli
2182 3977 2506 4046 apo'grapbis
2554 3986 2800 4041 censtat,
2847 3993 3067 4031 manum
3103 3979 3247 4033 illam
3301 3983 3576 4050 antiquam

1969 4070 2135 4124 fuisse
2178 4071 2287 4138 jam
2344 4070 2548 4139 pridem
2609 4071 3140 4140 depravatissimam.
3196 4073 3383 4144 Itaque
3436 4076 3579 4145 quod

1972 4164 2086 4218 lieri
2114 4163 2253 4218 solet
2279 4163 2332 4216 in
2365 4163 2668 4233 deSpcratis
2690 4207 2704 4230 ,
2752 4166 2906 4220 libuit
2944 4166 2994 4219 in
3041 4167 3143 4221 isto
3175 4168 3387 4222 misello
3419 4170 3578 4223 (Zom-

1970 4261 2220 4312 tnodiano
2265 4260 2393 4323 (non
2432 4270 2701 4329 tamquam
2761 4262 2810 4314 in
2842 4277 2901 4314 ea
2934 4278 3023 4327 re;
3074 4277 3194 4315 nam
3248 4280 3368 4319 esse
3423 4267 3577 4334 pretii

1970 4350 2106 4403 duco
2138 4365 2242 4403 non
2289 4349 2494 4404 minimi
2529 4352 2915 4417 christianum,
2949 4370 3110 4424 quem
3157 4355 3295 4409 inter
3336 4356 3579 4413 illustres

1970 4446 2180 4498 cen~nit
2223 4445 2560 4518 Gennadius)
2592 4451 2893 4517 periculum
2946 4449 3122 4504 facere
3146 4494 3158 4513 ,
3193 4453 3363 4522 siqua
3399 4466 3582 4523 ρι››ε‹ει

1973 4539 2233 4594 industria
2292 4541 2502 4595 libellos
2573 4543 2854 4612 scriptoris
2929 4546 3288 4614 antiquissimi
3343 4548 3580 4603 editione

269 4639 536 4694 affirmans
568 4643 886 4712 martyrium
918 4641 1020 4694 illis
1047 4657 1150 4694 non
1181 4641 1514 4710 profuturum
1542 4682 1559 4706 ,
1591 4643 1632 4695 si
1677 4642 1870 4696 fratres
1895 4646 1948 4706 Ι)
1977 4643 2156 4685 “0le
2207 4635 2490 4687 I'Cl'Ol'll'Nll'i
2522 4650 2583 4687 ac
2618 4636 3012 4690 Γο5¹³ι⁸1·ἒὶι’Ῑ--·-
3041 4637 3308 4691 Cilflerllm
3331 4680 3345 4703 ν
3379 4641 3578 4710 qualis-

274 4732 386 4786 odio
432 4735 720 4789 haberent.
781 4736 1054 4804 Apostatis
1097 4735 1299 4803 peccati
1349 4735 1430 4788 sui
1491 4736 1867 4789 enormitatem

273 4826 510 4882 exhibet.
541 4827 722 4883 Mouet
778 4844 968 4883 omnes
1004 4829 1358 4894 christianos,
1412 4839 1466 4882 ut
1502 4845 1623 4883 cum
1669 4829 1868 4882 Christi

277 4918 462 4974 milites
548 4922 706 4984 sint,
783 4921 1044 4976 adversus
1111 4919 1334 4975 all‘ectus
1405 4935 1534 4974 suos
1609 4922 1868 4974 continuo

277 5009 900 5083 dimicent.Spectaculis
939 5012 1174 5084 profanis
1221 5012 1413 5068 adesse
1461 5014 1731 5082 prohibet.
1758 5015 1869 5068 Mu-

278 5101 486 5158 lieribus
537 5105 853 5160 Christianis
900 5107 1264 5174 commendat,
1318 5118 1374 5161 ut
1405 5107 1515 5160 sint
1557 5108 1817 5163 modesta:
1853 5151 1868 5173 ,

283 5194 453 5251 luxum
511 5197 747 5270 fugiant,
792 5211 846 5256 et
891 5202 1118 5255 vestium
1149 5200 1628 5272 magnificentiam.
1658 5200 1870 5271 Optima

285 5305 537 5364 praecepta
567 5295 658 5348 dat
687 5296 1012 5365 pastoribus,
1038 5305 1089 5349 et
1115 5295 1466 5364 presbyteris,
1488 5305 1544 5348 ttt
1572 5296 1872 5350 ministerio

287 5401 375 5442 suo
405 5391 504 5444 rite
533 5389 819 5462 fungantur
839 5433 854 5454 ,
885 5391 1047 5444 vitam
1074 5390 1603 5460 agantinculpatam,
1628 5391 1875 5444 ctavari-

291 5479 368 5533 tiaa
415 5492 722 5554 expertem;
772 5482 1037 5551 imprimis
1078 5494 1256 5536 autem
1291 5484 1615 5552 pauperibus
1657 5497 1879 5538 succur-

354 5643 680 5714 (l)Galland.
705 5691 719 5713 ,
764 5645 906 5700 Bibl.
968 5653 1064 5698 vet.
1118 5642 1256 5711 PP.,
1283 5651 1414 5700 tom.
1441 5660 1521 5713 tu,
1542 5645 1824 5716 Prolegom
1857 5685 1872 5708 ,

291 5718 513 5800 ωρέέἕν
544 5736 597 5800 η·
627 5721 831 5800 iures
855 5732 1043 5800 ξινιη·
1121 5797 1129 5800 Α
1708 5788 1740 5800 ..

351 5786 425 5860 (Ξ)
448 5790 646 5861 Dupin.,
679 5786 815 5850 B'ibl'.
849 5791 1086 5858 darton,
1118 5797 1245 5844 tom.
1273 5804 1310 5856 ι,
1344 5805 1460 5862 pag.
1497 5789 1625 5856 527,
1658 5788 1767 5845 edit
1795 5789 1866 5842 la-

290 5859 376 5914 tiu.
405 5859 582 5917 Colon.

311 5875 376 5914 ιη.
405 5875 582 5918 (401011.

1974 4739 2203 4790 etiinque
2251 4727 2352 4779 iste
2387 4726 2813 4780 Commodiauus
2852 4745 2973 4782 esse
3015 4729 3305 4796 videbitur,
3340 4732 3406 4786 ab
3437 4732 3581 4788 Gen-

1973 4817 2133 4872 nadio
2167 4820 2420 4888 primum,
2457 4821 2579 4874 inde
2611 4821 2678 4874 ab
2717 4820 2937 4876 Gelasio
2969 4823 3197 4890 «italus;
3228 4825 3330 4881 hoc
3361 4828 3578 4883 tandem

1974 4913 2170 4967 sa:culo
2227 4913 2278 4967 in
2330 4913 2606 4969 Sirmondi
2661 4917 2908 4971 manibus
2959 4919 3208 4988 apparuit
3257 4922 3576 4991 squallidus,

2048 5071 2126 5140 (l)
2156 5070 2560 5141 Commodian.,
2584 5071 2833 5127 Instruct.
2869 5091 3065 5130 Lxth:
3091 5076 3348 5134 Sacerdos
3371 5080 3581 5135 Domini

1976 5158 2089 5216 cum
2118 5160 2322 5195 sursum
2353 5146 2508 5197 corda
2533 5148 2804 5212 pra’cepit,
2838 5148 2890 5199 in
2922 5164 3080 5216 prece
3114 5152 3288 5205 lienda
3309 5195 3323 5214 ,
3362 5161 3417 5204 ut
3452 5157 3583 5208 fiant

1975 5215 2187 5268 silentia
2238 5216 2717 5294 vestt'a,_|in_tpide
2770 5215 3102 5294 respondes,
3163 5240 3260 5276 nec
3311 5233 3582 5294 temperas

1975 5301 2188 5365 quoque
2225 5288 2524 5354 promissis.
2565 5287 2764 5365 Exorat
2805 5287 2895 5343 ille
2923 5292 3256 5346 Alt:s-immn
3291 5312 3387 5361 pro
3421 5287 3581 5365 plebe

1978 5360 2191 5420 devota,
2239 5375 2306 5410 ne
2338 5369 2521 5427 pereat
2565 5361 2775 5428 aliquis,
2808 5372 2859 5414 et
2884 5370 2938 5416 tu
2975 5375 3024 5415 te
3053 5365 3102 5415 in
3136 5360 3341 5419 fabulas
3377 5360 3576 5428 vertis;

1981 5429 2308 5503 tusubrides
2344 5431 2443 5494 ibi,
2489 5441 2581 5483 aut
2605 5431 2849 5486 detrahis
2881 5435 3106 5501 proximi
3141 5437 3314 5501 famae,
3365 5439 3578 5503 indisci-

1980 5501 2180 5580 plinate
2207 5501 2445 5580 lnqueris
2465 5545 2476 5563 ,
2511 5504 2661 5572 quasi
2693 5504 2762 5558 sit
2803 5505 2941 5559 Deus
2972 5511 3170 5562 absens
3192 5551 3204 5574 ,
3239 5510 3418 5562 omnia
3441 5553 3454 5575 ,
3489 5501 3578 5580 qui

1979 5572 2128 5635 fecit,
2164 5589 2262 5627 nec
2288 5573 2489 5637 audiat,
2508 5591 2698 5642 τιιιξψιε
2724 5586 2928 5630 cernat.

2058 5644 2136 5716 (2)
2165 5644 2564 5718 Meminit_ejus
2592 5646 2766 5718 adhuc
2795 5646 2981 5701 inediti
3014 5647 3333 5718 apographi,
3382 5661 3435 5705 et
3470 5651 3578 5705 duo

1978 5716 2094 5770 loca
2128 5717 2378 5771 emendat
2405 5715 2679 5772 Gilbertus
2703 5717 3024 5772 Gaulminus
3049 5715 3486 5776 ad'lﬂustatbium
3509 5723 3576 5778 de

1980 5787 2252 5860 Ismeniae.
2285 5799 2338 5842 ct
2370 5787 2619 5860 Ismenes
2639 5790 2927 5853 amoribus,
2962 5806 3080 5860 pag.
3110 5792 3253 5860 ﬁget
3279 5805 3395 5860 seq.

2054 5858 2135 5932 (3)
2157 5859 2329 5917 Nicol.
2365 5859 2561 5929 lligalt.
2592 5859 2810 5931 Prwfat.
2841 5861 2891 5915 in
2915 5858 3383 5918 Commodianum.
