  <div class='ocr_page' id='page_1' title='image "/cluster/home/n/w/nwhite01/storage/ocr_20150623/5/uva.x000826532/129.png"; bbox 0 0 3950 6390; ppageno 0'>
   <div class='ocr_carea' id='block_1_1' title="bbox 391 395 838 472">
    <p class='ocr_par' dir='ltr' id='par_1_1' title="bbox 391 395 838 472">
     <span class='ocr_line' id='line_1_1' title="bbox 391 395 838 472; baseline -0.013 -14"><span class='ocrx_word' id='word_1_1' title='bbox 391 398 501 459; x_wconf 69' lang='lat'><strong>205</strong></span> <span class='ocrx_word' id='word_1_2' title='bbox 613 399 688 472; x_wconf 87' lang='lat' dir='ltr'><strong>(v.</strong></span> <span class='ocrx_word' id='word_1_3' title='bbox 719 395 838 470; x_wconf 79' lang='lat' dir='ltr'><strong>to.)</strong></span> 
     </span>
    </p>
   </div>
   <div class='ocr_carea' id='block_1_2' title="bbox 896 518 1522 566">
    <p class='ocr_par' dir='ltr' id='par_1_2' title="bbox 896 518 1522 566">
     <span class='ocr_line' id='line_1_2' title="bbox 896 518 1522 566; baseline -0.011 0"><span class='ocrx_word' id='word_1_4' title='bbox 896 521 955 566; x_wconf 79' lang='lat' dir='ltr'><strong>ﬂ-</strong></span> <span class='ocrx_word' id='word_1_5' title='bbox 973 536 1046 549; x_wconf 82' lang='lat'><strong>--</strong></span> <span class='ocrx_word' id='word_1_6' title='bbox 1064 518 1373 563; x_wconf 75' lang='lat' dir='ltr'><strong>lNDiGNATIO</strong></span> <span class='ocrx_word' id='word_1_7' title='bbox 1409 519 1522 560; x_wconf 76' lang='lat' dir='ltr'><strong>DEI.</strong></span> 
     </span>
    </p>
   </div>
   <div class='ocr_carea' id='block_1_3' title="bbox 401 636 1890 722">
    <p class='ocr_par' dir='ltr' id='par_1_3' title="bbox 401 636 1890 722">
     <span class='ocr_line' id='line_1_3' title="bbox 401 636 1890 722; baseline -0.013 -14"><span class='ocrx_word' id='word_1_8' title='bbox 401 654 457 708; x_wconf 89' lang='lat' dir='ltr'><strong>lu</strong></span> <span class='ocrx_word' id='word_1_9' title='bbox 487 651 606 722; x_wconf 85' lang='lat' dir='ltr'><strong>lege</strong></span> <span class='ocrx_word' id='word_1_10' title='bbox 635 649 890 720; x_wconf 70' lang='lat' dir='ltr'><strong>praecepit</strong></span> <span class='ocrx_word' id='word_1_11' title='bbox 925 645 1185 701; x_wconf 85' lang='lat' dir='ltr'><strong>Dominus</strong></span> <span class='ocrx_word' id='word_1_12' title='bbox 1214 643 1336 700; x_wconf 73' lang='lat' dir='ltr'><strong>coeli</strong></span> <span class='ocrx_word' id='word_1_13' title='bbox 1380 653 1540 696; x_wconf 65' lang='lat' dir='ltr'><strong>terra:</strong></span> <span class='ocrx_word' id='word_1_14' title='bbox 1571 636 1844 707; x_wconf 87' lang='lat' dir='ltr'><strong>marisque</strong></span> <span class='ocrx_word' id='word_1_15' title='bbox 1877 651 1890 688; x_wconf 89' lang='lat'><strong>:</strong></span> 
     </span>
    </p>
   </div>
   <div class='ocr_carea' id='block_1_4' title="bbox 401 736 1500 812">
    <p class='ocr_par' dir='ltr' id='par_1_4' title="bbox 401 736 1500 812">
     <span class='ocr_line' id='line_1_4' title="bbox 401 736 1500 812; baseline -0.011 -14"><span class='ocrx_word' id='word_1_16' title='bbox 401 743 596 809; x_wconf 89' lang='lat' dir='ltr'><strong>Nolite,</strong></span> <span class='ocrx_word' id='word_1_17' title='bbox 633 740 824 812; x_wconf 94' lang='lat' dir='ltr'><strong>inquit,</strong></span> <span class='ocrx_word' id='word_1_18' title='bbox 858 738 1089 794; x_wconf 88' lang='lat' dir='ltr'><strong>adorare</strong></span> <span class='ocrx_word' id='word_1_19' title='bbox 1117 737 1250 792; x_wconf 90' lang='lat' dir='ltr'><strong>deos</strong></span> <span class='ocrx_word' id='word_1_20' title='bbox 1277 736 1465 790; x_wconf 88' lang='lat' dir='ltr'><strong>inanes</strong></span> <span class='ocrx_word' id='word_1_21' title='bbox 1486 772 1500 796; x_wconf 95' lang='lat'><strong>,</strong></span> 
     </span>
    </p>
   </div>
   <div class='ocr_carea' id='block_1_5' title="bbox 402 821 1774 896">
    <p class='ocr_par' dir='ltr' id='par_1_5' title="bbox 402 821 1774 896">
     <span class='ocr_line' id='line_1_5' title="bbox 402 821 1774 896; baseline -0.012 -5"><span class='ocrx_word' id='word_1_22' title='bbox 402 838 480 891; x_wconf 90' lang='lat' dir='ltr'><strong>De</strong></span> <span class='ocrx_word' id='word_1_23' title='bbox 510 833 758 889; x_wconf 88' lang='lat' dir='ltr'><strong>manibus</strong></span> <span class='ocrx_word' id='word_1_24' title='bbox 788 829 1182 887; x_wconf 81' lang='lat' dir='ltr'><strong>vestris-factos</strong></span> <span class='ocrx_word' id='word_1_25' title='bbox 1207 842 1272 881; x_wconf 78' lang='lat' dir='ltr'><strong>ex</strong></span> <span class='ocrx_word' id='word_1_26' title='bbox 1299 825 1444 896; x_wconf 87' lang='lat' dir='ltr'><strong>ligno</strong></span> <span class='ocrx_word' id='word_1_27' title='bbox 1486 821 1569 878; x_wconf 98' lang='lat' dir='ltr'><strong>vel</strong></span> <span class='ocrx_word' id='word_1_28' title='bbox 1602 835 1774 888; x_wconf 88' lang='lat' dir='ltr'><strong>auro;</strong></span> 
     </span>
    </p>
   </div>
   <div class='ocr_carea' id='block_1_6' title="bbox 403 917 1601 1000">
    <p class='ocr_par' dir='ltr' id='par_1_6' title="bbox 403 917 1601 1000">
     <span class='ocr_line' id='line_1_6' title="bbox 403 917 1601 1000; baseline -0.013 -15"><span class='ocrx_word' id='word_1_29' title='bbox 403 928 708 1000; x_wconf 83' lang='lat' dir='ltr'><strong>indignatio</strong></span> <span class='ocrx_word' id='word_1_30' title='bbox 748 941 866 981; x_wconf 89' lang='lat' dir='ltr'><strong>mea</strong></span> <span class='ocrx_word' id='word_1_31' title='bbox 898 937 1066 980; x_wconf 85' lang='lat' dir='ltr'><strong>nevos</strong></span> <span class='ocrx_word' id='word_1_32' title='bbox 1093 919 1369 988; x_wconf 87' lang='lat' dir='ltr'><strong>disperdat</strong></span> <span class='ocrx_word' id='word_1_33' title='bbox 1391 917 1458 972; x_wconf 92' lang='lat' dir='ltr'><strong>ob</strong></span> <span class='ocrx_word' id='word_1_34' title='bbox 1481 917 1601 971; x_wconf 86' lang='lat' dir='ltr'><strong>ista.</strong></span> 
     </span>
    </p>
   </div>
   <div class='ocr_carea' id='block_1_7' title="bbox 402 1012 1643 1083">
    <p class='ocr_par' dir='ltr' id='par_1_7' title="bbox 402 1012 1643 1083">
     <span class='ocr_line' id='line_1_7' title="bbox 402 1012 1643 1083; baseline -0.013 -4"><span class='ocrx_word' id='word_1_35' title='bbox 402 1022 550 1079; x_wconf 86' lang='lat' dir='ltr'><strong>Gens</strong></span> <span class='ocrx_word' id='word_1_36' title='bbox 575 1031 701 1076; x_wconf 92' lang='lat' dir='ltr'><strong>ante</strong></span> <span class='ocrx_word' id='word_1_37' title='bbox 728 1019 913 1074; x_wconf 83' lang='lat' dir='ltr'><strong>Mosen</strong></span> <span class='ocrx_word' id='word_1_38' title='bbox 943 1015 1109 1079; x_wconf 88' lang='lat' dir='ltr'><strong>rudis,</strong></span> <span class='ocrx_word' id='word_1_39' title='bbox 1129 1015 1244 1069; x_wconf 89' lang='lat' dir='ltr'><strong>sine</strong></span> <span class='ocrx_word' id='word_1_40' title='bbox 1265 1012 1383 1083; x_wconf 93' lang='lat' dir='ltr'><strong>lege</strong></span> <span class='ocrx_word' id='word_1_41' title='bbox 1416 1020 1643 1074; x_wconf 86' lang='lat' dir='ltr'><strong>morata,</strong></span> 
     </span>
    </p>
   </div>
   <div class='ocr_carea' id='block_1_8' title="bbox 401 1101 1717 1182">
    <p class='ocr_par' dir='ltr' id='par_1_8' title="bbox 401 1101 1717 1182">
     <span class='ocr_line' id='line_1_8' title="bbox 401 1101 1717 1182; baseline -0.013 -12"><span class='ocrx_word' id='word_1_42' title='bbox 401 1113 770 1182; x_wconf 84' lang='lat' dir='ltr'><strong>Nesciensque</strong></span> <span class='ocrx_word' id='word_1_43' title='bbox 789 1109 978 1175; x_wconf 92' lang='lat' dir='ltr'><strong>Deum,</strong></span> <span class='ocrx_word' id='word_1_44' title='bbox 1000 1106 1293 1162; x_wconf 87' lang='lat' dir='ltr'><strong>morientes</strong></span> <span class='ocrx_word' id='word_1_45' title='bbox 1316 1103 1447 1158; x_wconf 91' lang='lat' dir='ltr'><strong>deos</strong></span> <span class='ocrx_word' id='word_1_46' title='bbox 1469 1101 1717 1164; x_wconf 77' lang='lat' dir='ltr'><strong>orabant,</strong></span> 
     </span>
    </p>
   </div>
   <div class='ocr_carea' id='block_1_9' title="bbox 401 1186 1609 1275">
    <p class='ocr_par' dir='ltr' id='par_1_9' title="bbox 401 1186 1609 1275">
     <span class='ocr_line' id='line_1_9' title="bbox 401 1186 1609 1275; baseline -0.011 -14"><span class='ocrx_word' id='word_1_47' title='bbox 401 1205 482 1260; x_wconf 81' lang='lat' dir='ltr'><strong>Ad</strong></span> <span class='ocrx_word' id='word_1_48' title='bbox 513 1217 740 1275; x_wconf 90' lang='lat' dir='ltr'><strong>quorum</strong></span> <span class='ocrx_word' id='word_1_49' title='bbox 767 1199 969 1269; x_wconf 84' lang='lat' dir='ltr'><strong>effigies</strong></span> <span class='ocrx_word' id='word_1_50' title='bbox 999 1186 1260 1253; x_wconf 77' lang='lat' dir='ltr'><strong>iaciebant</strong></span> <span class='ocrx_word' id='word_1_51' title='bbox 1288 1195 1430 1251; x_wconf 91' lang='lat' dir='ltr'><strong>idola</strong></span> <span class='ocrx_word' id='word_1_52' title='bbox 1451 1209 1609 1248; x_wconf 82' lang='lat' dir='ltr'><strong>vana.</strong></span> 
     </span>
    </p>
   </div>
   <div class='ocr_carea' id='block_1_10' title="bbox 401 1284 1716 1357">
    <p class='ocr_par' dir='ltr' id='par_1_10' title="bbox 401 1284 1716 1357">
     <span class='ocr_line' id='line_1_10' title="bbox 401 1284 1716 1357; baseline -0.008 -8"><span class='ocrx_word' id='word_1_53' title='bbox 401 1294 699 1349; x_wconf 81' lang='lat' dir='ltr'><strong>Translatis</strong></span> <span class='ocrx_word' id='word_1_54' title='bbox 725 1290 928 1347; x_wconf 70' lang='lat' dir='ltr'><strong>Judzcis</strong></span> <span class='ocrx_word' id='word_1_55' title='bbox 952 1289 1206 1344; x_wconf 85' lang='lat' dir='ltr'><strong>Dominus</strong></span> <span class='ocrx_word' id='word_1_56' title='bbox 1234 1287 1301 1344; x_wconf 89' lang='lat' dir='ltr'><strong>de</strong></span> <span class='ocrx_word' id='word_1_57' title='bbox 1326 1297 1464 1343; x_wconf 87' lang='lat' dir='ltr'><strong>terra</strong></span> <span class='ocrx_word' id='word_1_58' title='bbox 1481 1284 1716 1357; x_wconf 63' lang='lat' dir='ltr'><strong>Aﬂgypti,</strong></span> 
     </span>
    </p>
   </div>
   <div class='ocr_carea' id='block_1_11' title="bbox 400 1379 1746 1457">
    <p class='ocr_par' dir='ltr' id='par_1_11' title="bbox 400 1379 1746 1457">
     <span class='ocr_line' id='line_1_11' title="bbox 400 1379 1746 1457; baseline -0.007 -16"><span class='ocrx_word' id='word_1_59' title='bbox 400 1385 664 1457; x_wconf 82' lang='lat' dir='ltr'><strong>Imposuit</strong></span> <span class='ocrx_word' id='word_1_60' title='bbox 685 1385 857 1454; x_wconf 89' lang='lat' dir='ltr'><strong>legem</strong></span> <span class='ocrx_word' id='word_1_61' title='bbox 891 1380 1253 1452; x_wconf 84' lang='lat' dir='ltr'><strong>postmodum,</strong></span> <span class='ocrx_word' id='word_1_62' title='bbox 1287 1389 1337 1434; x_wconf 90' lang='lat' dir='ltr'><strong>et</strong></span> <span class='ocrx_word' id='word_1_63' title='bbox 1366 1379 1467 1434; x_wconf 86' lang='lat' dir='ltr'><strong>ista</strong></span> <span class='ocrx_word' id='word_1_64' title='bbox 1489 1379 1746 1450; x_wconf 64' lang='lat' dir='ltr'><strong>praecepit</strong></span> 
     </span>
    </p>
   </div>
   <div class='ocr_carea' id='block_1_12' title="bbox 401 1470 1645 1550">
    <p class='ocr_par' dir='ltr' id='par_1_12' title="bbox 401 1470 1645 1550">
     <span class='ocr_line' id='line_1_12' title="bbox 401 1470 1645 1550; baseline -0.012 -14"><span class='ocrx_word' id='word_1_65' title='bbox 401 1480 778 1550; x_wconf 90' lang='lat' dir='ltr'><strong>Omnipotens,</strong></span> <span class='ocrx_word' id='word_1_66' title='bbox 804 1475 906 1531; x_wconf 84' lang='lat' dir='ltr'><strong>sibi</strong></span> <span class='ocrx_word' id='word_1_67' title='bbox 937 1474 1036 1528; x_wconf 91' lang='lat' dir='ltr'><strong>soli</strong></span> <span class='ocrx_word' id='word_1_68' title='bbox 1059 1471 1355 1536; x_wconf 80' lang='lat' dir='ltr'><strong>deservire,</strong></span> <span class='ocrx_word' id='word_1_69' title='bbox 1379 1486 1486 1524; x_wconf 94' lang='lat' dir='ltr'><strong>non</strong></span> <span class='ocrx_word' id='word_1_70' title='bbox 1517 1470 1645 1524; x_wconf 89' lang='lat' dir='ltr'><strong>illis.</strong></span> 
     </span>
    </p>
   </div>
   <div class='ocr_carea' id='block_1_13' title="bbox 404 1563 1642 1639">
    <p class='ocr_par' dir='ltr' id='par_1_13' title="bbox 404 1563 1642 1639">
     <span class='ocr_line' id='line_1_13' title="bbox 404 1563 1642 1639; baseline -0.011 -11"><span class='ocrx_word' id='word_1_71' title='bbox 404 1573 479 1628; x_wconf 89' lang='lat' dir='ltr'><strong>De</strong></span> <span class='ocrx_word' id='word_1_72' title='bbox 502 1569 902 1627; x_wconf 84' lang='lat' dir='ltr'><strong>resurrectione</strong></span> <span class='ocrx_word' id='word_1_73' title='bbox 931 1581 1148 1639; x_wconf 89' lang='lat' dir='ltr'><strong>quoque</strong></span> <span class='ocrx_word' id='word_1_74' title='bbox 1178 1565 1405 1620; x_wconf 89' lang='lat' dir='ltr'><strong>docetur</strong></span> <span class='ocrx_word' id='word_1_75' title='bbox 1426 1564 1478 1618; x_wconf 91' lang='lat' dir='ltr'><strong>in</strong></span> <span class='ocrx_word' id='word_1_76' title='bbox 1508 1563 1642 1630; x_wconf 91' lang='lat' dir='ltr'><strong>ipsa,</strong></span> 
     </span>
    </p>
   </div>
   <div class='ocr_carea' id='block_1_14' title="bbox 402 1647 1693 1733">
    <p class='ocr_par' dir='ltr' id='par_1_14' title="bbox 402 1647 1693 1733">
     <span class='ocr_line' id='line_1_14' title="bbox 402 1647 1693 1733; baseline -0.012 -14"><span class='ocrx_word' id='word_1_77' title='bbox 402 1664 470 1718; x_wconf 88' lang='lat' dir='ltr'><strong>Et</strong></span> <span class='ocrx_word' id='word_1_78' title='bbox 495 1678 613 1733; x_wconf 80' lang='lat' dir='ltr'><strong>Spe,</strong></span> <span class='ocrx_word' id='word_1_79' title='bbox 636 1647 969 1724; x_wconf 82' lang='lat' dir='ltr'><strong>fortunatum</strong></span> <span class='ocrx_word' id='word_1_80' title='bbox 1001 1672 1215 1712; x_wconf 86' lang='lat' dir='ltr'><strong>rursum</strong></span> <span class='ocrx_word' id='word_1_81' title='bbox 1242 1657 1294 1710; x_wconf 93' lang='lat' dir='ltr'><strong>iu</strong></span> <span class='ocrx_word' id='word_1_82' title='bbox 1326 1668 1443 1710; x_wconf 70' lang='lat' dir='ltr'><strong>aevo</strong></span> <span class='ocrx_word' id='word_1_83' title='bbox 1462 1650 1693 1718; x_wconf 80' lang='lat' dir='ltr'><strong>vivendi,</strong></span> 
     </span>
    </p>
   </div>
   <div class='ocr_carea' id='block_1_15' title="bbox 399 1747 1679 1823">
    <p class='ocr_par' dir='ltr' id='par_1_15' title="bbox 399 1747 1679 1823">
     <span class='ocr_line' id='line_1_15' title="bbox 399 1747 1679 1823; baseline -0.011 -10"><span class='ocrx_word' id='word_1_84' title='bbox 399 1756 549 1813; x_wconf 85' lang='lat' dir='ltr'><strong>Idola</strong></span> <span class='ocrx_word' id='word_1_85' title='bbox 580 1756 627 1812; x_wconf 91' lang='lat' dir='ltr'><strong>si</strong></span> <span class='ocrx_word' id='word_1_86' title='bbox 659 1769 795 1809; x_wconf 88' lang='lat' dir='ltr'><strong>vana</strong></span> <span class='ocrx_word' id='word_1_87' title='bbox 827 1752 1186 1823; x_wconf 88' lang='lat' dir='ltr'><strong>reliuqantur,</strong></span> <span class='ocrx_word' id='word_1_88' title='bbox 1213 1764 1384 1818; x_wconf 89' lang='lat' dir='ltr'><strong>neque</strong></span> <span class='ocrx_word' id='word_1_89' title='bbox 1415 1747 1679 1802; x_wconf 83' lang='lat' dir='ltr'><strong>colantur.</strong></span> 
     </span>
    </p>
   </div>
   <div class='ocr_carea' id='block_1_16' title="bbox 800 1941 1573 1984">
    <p class='ocr_par' dir='ltr' id='par_1_16' title="bbox 800 1941 1573 1984">
     <span class='ocr_line' id='line_1_16' title="bbox 800 1941 1573 1984; baseline -0.008 -2"><span class='ocrx_word' id='word_1_90' title='bbox 800 1944 877 1984; x_wconf 84' lang='lat' dir='ltr'><strong>Ill.</strong></span> <span class='ocrx_word' id='word_1_91' title='bbox 911 1958 978 1968; x_wconf 88' lang='grc'><strong>--·</strong></span> <span class='ocrx_word' id='word_1_92' title='bbox 1007 1943 1256 1983; x_wconf 77' lang='lat' dir='ltr'><strong>CULTURA</strong></span> <span class='ocrx_word' id='word_1_93' title='bbox 1284 1941 1573 1981; x_wconf 66' lang='lat' dir='ltr'><strong>D/EKONUM.</strong></span> 
     </span>
    </p>
   </div>
   <div class='ocr_carea' id='block_1_17' title="bbox 401 2081 1931 2156">
    <p class='ocr_par' dir='ltr' id='par_1_17' title="bbox 401 2081 1931 2156">
     <span class='ocr_line' id='line_1_17' title="bbox 401 2081 1931 2156; baseline -0.007 -10"><span class='ocrx_word' id='word_1_94' title='bbox 401 2092 536 2147; x_wconf 91' lang='lat' dir='ltr'><strong>Cum</strong></span> <span class='ocrx_word' id='word_1_95' title='bbox 565 2089 707 2145; x_wconf 87' lang='lat' dir='ltr'><strong>Deus</strong></span> <span class='ocrx_word' id='word_1_96' title='bbox 729 2087 1092 2156; x_wconf 90' lang='lat' dir='ltr'><strong>omnipotens,</strong></span> <span class='ocrx_word' id='word_1_97' title='bbox 1125 2091 1414 2140; x_wconf 84' lang='lat' dir='ltr'><strong>exornaret</strong></span> <span class='ocrx_word' id='word_1_98' title='bbox 1438 2081 1621 2137; x_wconf 86' lang='lat' dir='ltr'><strong>mundi</strong></span> <span class='ocrx_word' id='word_1_99' title='bbox 1665 2089 1931 2150; x_wconf 86' lang='lat' dir='ltr'><strong>naturam,</strong></span> 
     </span>
    </p>
   </div>
   <div class='ocr_carea' id='block_1_18' title="bbox 405 2175 1608 2247">
    <p class='ocr_par' dir='ltr' id='par_1_18' title="bbox 405 2175 1608 2247">
     <span class='ocr_line' id='line_1_18' title="bbox 405 2175 1608 2247; baseline -0.008 -9"><span class='ocrx_word' id='word_1_100' title='bbox 405 2185 619 2238; x_wconf 72' lang='lat' dir='ltr'><strong>Visitari</strong></span> <span class='ocrx_word' id='word_1_101' title='bbox 661 2180 828 2236; x_wconf 90' lang='lat' dir='ltr'><strong>voluit</strong></span> <span class='ocrx_word' id='word_1_102' title='bbox 854 2189 1052 2235; x_wconf 88' lang='lat' dir='ltr'><strong>terram</strong></span> <span class='ocrx_word' id='word_1_103' title='bbox 1079 2177 1147 2232; x_wconf 90' lang='lat' dir='ltr'><strong>ab</strong></span> <span class='ocrx_word' id='word_1_104' title='bbox 1180 2176 1401 2247; x_wconf 78' lang='lat' dir='ltr'><strong>Angelis</strong></span> <span class='ocrx_word' id='word_1_105' title='bbox 1429 2175 1608 2240; x_wconf 87' lang='lat' dir='ltr'><strong>istam,</strong></span> 
     </span>
    </p>
   </div>
   <div class='ocr_carea' id='block_1_19' title="bbox 403 2270 1590 2349">
    <p class='ocr_par' dir='ltr' id='par_1_19' title="bbox 403 2270 1590 2349">
     <span class='ocr_line' id='line_1_19' title="bbox 403 2270 1590 2349; baseline -0.011 -14"><span class='ocrx_word' id='word_1_106' title='bbox 403 2279 668 2349; x_wconf 84' lang='lat' dir='ltr'><strong>Legitima</strong></span> <span class='ocrx_word' id='word_1_107' title='bbox 697 2277 854 2346; x_wconf 89' lang='lat' dir='ltr'><strong>cujus</strong></span> <span class='ocrx_word' id='word_1_108' title='bbox 883 2281 1203 2345; x_wconf 88' lang='lat' dir='ltr'><strong>spreverunt</strong></span> <span class='ocrx_word' id='word_1_109' title='bbox 1230 2271 1302 2325; x_wconf 93' lang='lat' dir='ltr'><strong>illi</strong></span> <span class='ocrx_word' id='word_1_110' title='bbox 1335 2270 1540 2326; x_wconf 88' lang='lat' dir='ltr'><strong>dimissi</strong></span> <span class='ocrx_word' id='word_1_111' title='bbox 1578 2286 1590 2322; x_wconf 90' lang='lat'><strong><em>:</em></strong></span> 
     </span>
    </p>
   </div>
   <div class='ocr_carea' id='block_1_20' title="bbox 405 2361 1859 2434">
    <p class='ocr_par' dir='ltr' id='par_1_20' title="bbox 405 2361 1859 2434">
     <span class='ocr_line' id='line_1_20' title="bbox 405 2361 1859 2434; baseline -0.008 -7"><span class='ocrx_word' id='word_1_112' title='bbox 405 2373 576 2427; x_wconf 85' lang='lat' dir='ltr'><strong>Tanta</strong></span> <span class='ocrx_word' id='word_1_113' title='bbox 600 2369 699 2426; x_wconf 82' lang='lat' dir='ltr'><strong>fuit</strong></span> <span class='ocrx_word' id='word_1_114' title='bbox 730 2368 902 2425; x_wconf 88' lang='lat' dir='ltr'><strong>forma</strong></span> <span class='ocrx_word' id='word_1_115' title='bbox 934 2368 1254 2423; x_wconf 86' lang='lat' dir='ltr'><strong>feminarum</strong></span> <span class='ocrx_word' id='word_1_116' title='bbox 1295 2379 1416 2434; x_wconf 71' lang='lat' dir='ltr'><strong>qua:</strong></span> <span class='ocrx_word' id='word_1_117' title='bbox 1445 2362 1686 2418; x_wconf 79' lang='lat' dir='ltr'><strong>ﬂecteret</strong></span> <span class='ocrx_word' id='word_1_118' title='bbox 1717 2361 1859 2426; x_wconf 92' lang='lat' dir='ltr'><strong>illos,</strong></span> 
     </span>
    </p>
   </div>
   <div class='ocr_carea' id='block_1_21' title="bbox 1519 379 2532 446">
    <p class='ocr_par' dir='ltr' id='par_1_21' title="bbox 1519 379 2532 446">
     <span class='ocr_line' id='line_1_21' title="bbox 1519 379 2532 446; baseline -0.007 1"><span class='ocrx_word' id='word_1_119' title='bbox 1519 383 1951 446; x_wconf 81' lang='lat' dir='ltr'><strong>COMMODIANI</strong></span> <span class='ocrx_word' id='word_1_120' title='bbox 1989 379 2532 440; x_wconf 79' lang='lat' dir='ltr'><strong>lNSTRUCTlONES</strong></span> 
     </span>
    </p>
   </div>
   <div class='ocr_carea' id='block_1_22' title="bbox 2017 491 3307 569">
    <p class='ocr_par' dir='ltr' id='par_1_22' title="bbox 2017 491 3307 569">
     <span class='ocr_line' id='line_1_22' title="bbox 2017 491 3307 569; baseline -0.004 -16"><span class='ocrx_word' id='word_1_121' title='bbox 2017 499 2064 562; x_wconf 81' lang='grc' dir='ltr'><strong>Α</strong></span> <span class='ocrx_word' id='word_1_122' title='bbox 2096 495 2164 553; x_wconf 89' lang='lat' dir='ltr'><strong>Ut</strong></span> <span class='ocrx_word' id='word_1_123' title='bbox 2188 498 2514 569; x_wconf 87' lang='lat' dir='ltr'><strong>coinquinati</strong></span> <span class='ocrx_word' id='word_1_124' title='bbox 2542 509 2648 552; x_wconf 87' lang='lat' dir='ltr'><strong>non</strong></span> <span class='ocrx_word' id='word_1_125' title='bbox 2677 501 2895 566; x_wconf 83' lang='lat' dir='ltr'><strong>possent</strong></span> <span class='ocrx_word' id='word_1_126' title='bbox 2919 495 3057 552; x_wconf 76' lang='lat' dir='ltr'><strong>etelo</strong></span> <span class='ocrx_word' id='word_1_127' title='bbox 3081 491 3307 562; x_wconf 75' lang='lat' dir='ltr'><strong>redire.i_</strong></span> 
     </span>
    </p>
   </div>
   <div class='ocr_carea' id='block_1_23' title="bbox 3263 368 3697 450">
    <p class='ocr_par' dir='ltr' id='par_1_23' title="bbox 3263 368 3697 450">
     <span class='ocr_line' id='line_1_23' title="bbox 3263 368 3697 450; baseline -0.018 -18"><span class='ocrx_word' id='word_1_128' title='bbox 3263 374 3342 450; x_wconf 78' lang='grc' dir='ltr'><strong>(ν.</strong></span> <span class='ocrx_word' id='word_1_129' title='bbox 3362 372 3482 446; x_wconf 72' lang='grc'><strong>97.)</strong></span> <span class='ocrx_word' id='word_1_130' title='bbox 3592 368 3697 425; x_wconf 61' lang='lat' dir='ltr'><strong>eos</strong></span> 
     </span>
    </p>
   </div>
   <div class='ocr_carea' id='block_1_24' title="bbox 2104 589 3408 647">
    <p class='ocr_par' dir='ltr' id='par_1_24' title="bbox 2104 589 3408 647">
     <span class='ocr_line' id='line_1_24' title="bbox 2104 589 3408 647; baseline -0.004 -2"><span class='ocrx_word' id='word_1_131' title='bbox 2104 591 2356 647; x_wconf 83' lang='lat' dir='ltr'><strong>Rcbelles</strong></span> <span class='ocrx_word' id='word_1_132' title='bbox 2379 607 2449 647; x_wconf 81' lang='lat' dir='ltr'><strong>ex</strong></span> <span class='ocrx_word' id='word_1_133' title='bbox 2479 590 2572 646; x_wconf 90' lang='lat' dir='ltr'><strong>illo</strong></span> <span class='ocrx_word' id='word_1_134' title='bbox 2601 599 2787 645; x_wconf 89' lang='lat' dir='ltr'><strong>contra</strong></span> <span class='ocrx_word' id='word_1_135' title='bbox 2813 589 2981 645; x_wconf 91' lang='lat' dir='ltr'><strong>Deum</strong></span> <span class='ocrx_word' id='word_1_136' title='bbox 3005 590 3165 645; x_wconf 85' lang='lat' dir='ltr'><strong>verba</strong></span> <span class='ocrx_word' id='word_1_137' title='bbox 3192 589 3408 644; x_wconf 87' lang='lat' dir='ltr'><strong>misere.</strong></span> 
     </span>
    </p>
   </div>
   <div class='ocr_carea' id='block_1_25' title="bbox 2104 679 3337 746">
    <p class='ocr_par' dir='ltr' id='par_1_25' title="bbox 2104 679 3337 746">
     <span class='ocr_line' id='line_1_25' title="bbox 2104 679 3337 746; baseline -0.002 -9"><span class='ocrx_word' id='word_1_138' title='bbox 2104 682 2412 738; x_wconf 84' lang='lat' dir='ltr'><strong>Altissimus</strong></span> <span class='ocrx_word' id='word_1_139' title='bbox 2437 681 2562 737; x_wconf 91' lang='lat' dir='ltr'><strong>inde</strong></span> <span class='ocrx_word' id='word_1_140' title='bbox 2582 681 2905 737; x_wconf 87' lang='lat' dir='ltr'><strong>sententiam</strong></span> <span class='ocrx_word' id='word_1_141' title='bbox 2930 681 3076 736; x_wconf 88' lang='lat' dir='ltr'><strong>misit</strong></span> <span class='ocrx_word' id='word_1_142' title='bbox 3104 680 3155 735; x_wconf 92' lang='lat' dir='ltr'><strong>in</strong></span> <span class='ocrx_word' id='word_1_143' title='bbox 3185 679 3337 746; x_wconf 89' lang='lat' dir='ltr'><strong>illos;</strong></span> 
     </span>
    </p>
   </div>
   <div class='ocr_carea' id='block_1_26' title="bbox 2107 773 3335 845">
    <p class='ocr_par' dir='ltr' id='par_1_26' title="bbox 2107 773 3335 845">
     <span class='ocr_line' id='line_1_26' title="bbox 2107 773 3335 845; baseline -0.002 -17"><span class='ocrx_word' id='word_1_144' title='bbox 2107 775 2182 830; x_wconf 90' lang='lat' dir='ltr'><strong>De</strong></span> <span class='ocrx_word' id='word_1_145' title='bbox 2200 775 2402 830; x_wconf 90' lang='lat' dir='ltr'><strong>semine</strong></span> <span class='ocrx_word' id='word_1_146' title='bbox 2423 789 2649 845; x_wconf 89' lang='lat' dir='ltr'><strong>quorum</strong></span> <span class='ocrx_word' id='word_1_147' title='bbox 2670 774 2908 845; x_wconf 78' lang='lat' dir='ltr'><strong>gigantes</strong></span> <span class='ocrx_word' id='word_1_148' title='bbox 2934 774 3042 829; x_wconf 89' lang='lat' dir='ltr'><strong>nati</strong></span> <span class='ocrx_word' id='word_1_149' title='bbox 3071 773 3335 831; x_wconf 77' lang='lat' dir='ltr'><strong>feruntur.</strong></span> 
     </span>
    </p>
   </div>
   <div class='ocr_carea' id='block_1_27' title="bbox 2103 865 3294 936">
    <p class='ocr_par' dir='ltr' id='par_1_27' title="bbox 2103 865 3294 936">
     <span class='ocr_line' id='line_1_27' title="bbox 2103 865 3294 936; baseline 0 -16"><span class='ocrx_word' id='word_1_150' title='bbox 2103 867 2185 921; x_wconf 87' lang='lat' dir='ltr'><strong>Ab</strong></span> <span class='ocrx_word' id='word_1_151' title='bbox 2219 867 2346 936; x_wconf 81' lang='lat' dir='ltr'><strong>ipsis</strong></span> <span class='ocrx_word' id='word_1_152' title='bbox 2373 867 2593 921; x_wconf 88' lang='lat' dir='ltr'><strong>interra</strong></span> <span class='ocrx_word' id='word_1_153' title='bbox 2627 878 2772 922; x_wconf 80' lang='lat' dir='ltr'><strong>artes</strong></span> <span class='ocrx_word' id='word_1_154' title='bbox 2803 867 3025 936; x_wconf 75' lang='lat' dir='ltr'><strong>prolata:</strong></span> <span class='ocrx_word' id='word_1_155' title='bbox 3049 865 3294 929; x_wconf 85' lang='lat' dir='ltr'><strong>fuerunt;</strong></span> 
     </span>
    </p>
   </div>
   <div class='ocr_carea' id='block_1_28' title="bbox 2113 958 3700 1030">
    <p class='ocr_par' dir='ltr' id='par_1_28' title="bbox 2113 958 3700 1030">
     <span class='ocr_line' id='line_1_28' title="bbox 2113 958 3700 1030; baseline -0.003 -17"><span class='ocrx_word' id='word_1_156' title='bbox 2113 959 2178 1013; x_wconf 88' lang='lat' dir='ltr'><strong>Et</strong></span> <span class='ocrx_word' id='word_1_157' title='bbox 2207 959 2408 1029; x_wconf 84' lang='lat' dir='ltr'><strong>tingere</strong></span> <span class='ocrx_word' id='word_1_158' title='bbox 2429 958 2923 1027; x_wconf 85' lang='lat' dir='ltr'><strong>lanas-docuerunt,</strong></span> <span class='ocrx_word' id='word_1_159' title='bbox 2966 968 3019 1014; x_wconf 91' lang='lat' dir='ltr'><strong>et</strong></span> <span class='ocrx_word' id='word_1_160' title='bbox 3045 971 3393 1030; x_wconf 71' lang='lat' dir='ltr'><strong>quaecumque</strong></span> <span class='ocrx_word' id='word_1_161' title='bbox 3421 963 3700 1027; x_wconf 81' lang='lat' dir='ltr'><strong>geruntur.</strong></span> 
     </span>
    </p>
   </div>
   <div class='ocr_carea' id='block_1_29' title="bbox 2112 1051 3429 1122">
    <p class='ocr_par' dir='ltr' id='par_1_29' title="bbox 2112 1051 3429 1122">
     <span class='ocr_line' id='line_1_29' title="bbox 2112 1051 3429 1122; baseline -0.002 -18"><span class='ocrx_word' id='word_1_162' title='bbox 2112 1051 2360 1106; x_wconf 81' lang='lat' dir='ltr'><strong>Mortales</strong></span> <span class='ocrx_word' id='word_1_163' title='bbox 2385 1062 2439 1106; x_wconf 89' lang='lat' dir='ltr'><strong>et</strong></span> <span class='ocrx_word' id='word_1_164' title='bbox 2459 1051 2563 1107; x_wconf 86' lang='lat' dir='ltr'><strong>illis</strong></span> <span class='ocrx_word' id='word_1_165' title='bbox 2592 1053 2818 1108; x_wconf 90' lang='lat' dir='ltr'><strong>mortuis</strong></span> <span class='ocrx_word' id='word_1_166' title='bbox 2835 1053 3120 1107; x_wconf 88' lang='lat' dir='ltr'><strong>simulacra</strong></span> <span class='ocrx_word' id='word_1_167' title='bbox 3143 1051 3429 1122; x_wconf 85' lang='lat' dir='ltr'><strong>ponebant.</strong></span> 
     </span>
    </p>
   </div>
   <div class='ocr_carea' id='block_1_30' title="bbox 2112 1145 3629 1217">
    <p class='ocr_par' dir='ltr' id='par_1_30' title="bbox 2112 1145 3629 1217">
     <span class='ocr_line' id='line_1_30' title="bbox 2112 1145 3629 1217; baseline -0.003 -17"><span class='ocrx_word' id='word_1_168' title='bbox 2112 1146 2466 1216; x_wconf 86' lang='lat' dir='ltr'><strong>Omnipotens</strong></span> <span class='ocrx_word' id='word_1_169' title='bbox 2495 1156 2695 1213; x_wconf 89' lang='lat' dir='ltr'><strong>autem,</strong></span> <span class='ocrx_word' id='word_1_170' title='bbox 2728 1147 2870 1217; x_wconf 90' lang='lat' dir='ltr'><strong>quod</strong></span> <span class='ocrx_word' id='word_1_171' title='bbox 2900 1156 3082 1204; x_wconf 86' lang='lat' dir='ltr'><strong>essent</strong></span> <span class='ocrx_word' id='word_1_172' title='bbox 3111 1146 3178 1203; x_wconf 89' lang='lat' dir='ltr'><strong>de</strong></span> <span class='ocrx_word' id='word_1_173' title='bbox 3208 1145 3413 1201; x_wconf 88' lang='lat' dir='ltr'><strong>semine</strong></span> <span class='ocrx_word' id='word_1_174' title='bbox 3441 1157 3629 1215; x_wconf 86' lang='lat' dir='ltr'><strong>pravo,</strong></span> 
     </span>
    </p>
   </div>
   <div class='ocr_carea' id='block_1_31' title="bbox 2110 1239 3392 1311">
    <p class='ocr_par' dir='ltr' id='par_1_31' title="bbox 2110 1239 3392 1311">
     <span class='ocr_line' id='line_1_31' title="bbox 2110 1239 3392 1311; baseline 0.001 -18"><span class='ocrx_word' id='word_1_175' title='bbox 2110 1239 2226 1294; x_wconf 78' lang='lat' dir='ltr'><strong>Non</strong></span> <span class='ocrx_word' id='word_1_176' title='bbox 2250 1240 2460 1296; x_wconf 88' lang='lat' dir='ltr'><strong>censuit</strong></span> <span class='ocrx_word' id='word_1_177' title='bbox 2483 1241 2609 1297; x_wconf 90' lang='lat' dir='ltr'><strong>illos</strong></span> <span class='ocrx_word' id='word_1_178' title='bbox 2635 1241 2796 1311; x_wconf 86' lang='lat' dir='ltr'><strong>recipi</strong></span> <span class='ocrx_word' id='word_1_179' title='bbox 2833 1241 3114 1298; x_wconf 86' lang='lat' dir='ltr'><strong>defunctos</strong></span> <span class='ocrx_word' id='word_1_180' title='bbox 3141 1257 3171 1296; x_wconf 92' lang='lat' dir='ltr'><strong>e</strong></span> <span class='ocrx_word' id='word_1_181' title='bbox 3199 1250 3392 1296; x_wconf 88' lang='lat' dir='ltr'><strong>morte.</strong></span> 
     </span>
    </p>
   </div>
   <div class='ocr_carea' id='block_1_32' title="bbox 2112 1331 3402 1404">
    <p class='ocr_par' dir='ltr' id='par_1_32' title="bbox 2112 1331 3402 1404">
     <span class='ocr_line' id='line_1_32' title="bbox 2112 1331 3402 1404; baseline 0 -18"><span class='ocrx_word' id='word_1_182' title='bbox 2112 1331 2264 1387; x_wconf 88' lang='lat' dir='ltr'><strong>Unde</strong></span> <span class='ocrx_word' id='word_1_183' title='bbox 2290 1333 2449 1389; x_wconf 87' lang='lat' dir='ltr'><strong>modo</strong></span> <span class='ocrx_word' id='word_1_184' title='bbox 2469 1333 2590 1403; x_wconf 84' lang='lat' dir='ltr'><strong>vagi</strong></span> <span class='ocrx_word' id='word_1_185' title='bbox 2611 1333 2927 1389; x_wconf 88' lang='lat' dir='ltr'><strong>subvertunt</strong></span> <span class='ocrx_word' id='word_1_186' title='bbox 2957 1348 3184 1404; x_wconf 88' lang='lat' dir='ltr'><strong>corpora</strong></span> <span class='ocrx_word' id='word_1_187' title='bbox 3205 1333 3368 1387; x_wconf 87' lang='lat' dir='ltr'><strong>multa</strong></span> <span class='ocrx_word' id='word_1_188' title='bbox 3389 1349 3402 1386; x_wconf 91' lang='lat'><strong>:</strong></span> 
     </span>
    </p>
   </div>
   <div class='ocr_carea' id='block_1_33' title="bbox 2110 1425 3312 1497">
    <p class='ocr_par' dir='ltr' id='par_1_33' title="bbox 2110 1425 3312 1497">
     <span class='ocr_line' id='line_1_33' title="bbox 2110 1425 3312 1497; baseline 0 -18"><span class='ocrx_word' id='word_1_189' title='bbox 2110 1425 2337 1482; x_wconf 79' lang='lat' dir='ltr'><strong>Maxime</strong></span> <span class='ocrx_word' id='word_1_190' title='bbox 2358 1442 2493 1497; x_wconf 92' lang='lat' dir='ltr'><strong>quos</strong></span> <span class='ocrx_word' id='word_1_191' title='bbox 2521 1425 2679 1483; x_wconf 87' lang='lat' dir='ltr'><strong>hodie</strong></span> <span class='ocrx_word' id='word_1_192' title='bbox 2707 1426 2882 1482; x_wconf 89' lang='lat' dir='ltr'><strong>colitis</strong></span> <span class='ocrx_word' id='word_1_193' title='bbox 2899 1425 3030 1482; x_wconf 90' lang='lat' dir='ltr'><strong>deos</strong></span> <span class='ocrx_word' id='word_1_194' title='bbox 3058 1435 3113 1482; x_wconf 91' lang='lat' dir='ltr'><strong>et</strong></span> <span class='ocrx_word' id='word_1_195' title='bbox 3128 1426 3312 1482; x_wconf 87' lang='lat' dir='ltr'><strong>oratis.</strong></span> 
     </span>
    </p>
   </div>
   <div class='ocr_carea' id='block_1_34' title="bbox 2645 1584 3131 1628">
    <p class='ocr_par' dir='ltr' id='par_1_34' title="bbox 2645 1584 3131 1628">
     <span class='ocr_line' id='line_1_34' title="bbox 2645 1584 3131 1628; baseline -0.006 -1"><span class='ocrx_word' id='word_1_196' title='bbox 2645 1587 2718 1628; x_wconf 79' lang='lat' dir='ltr'><strong>IV.</strong></span> <span class='ocrx_word' id='word_1_197' title='bbox 2749 1601 2819 1611; x_wconf 90' lang='grc'><strong><em>-</em></strong></span> <span class='ocrx_word' id='word_1_198' title='bbox 2838 1584 3131 1628; x_wconf 63' lang='grc' dir='ltr'><strong>ελτυιωυε.</strong></span> 
     </span>
    </p>
   </div>
   <div class='ocr_carea' id='block_1_35' title="bbox 2111 1702 3489 1777">
    <p class='ocr_par' dir='ltr' id='par_1_35' title="bbox 2111 1702 3489 1777">
     <span class='ocr_line' id='line_1_35' title="bbox 2111 1702 3489 1777; baseline -0.004 -15"><span class='ocrx_word' id='word_1_199' title='bbox 2111 1709 2478 1776; x_wconf 77' lang='lat' dir='ltr'><strong>Saturnusque</strong></span> <span class='ocrx_word' id='word_1_200' title='bbox 2499 1721 2662 1763; x_wconf 78' lang='lat' dir='ltr'><strong>senex</strong></span> <span class='ocrx_word' id='word_1_201' title='bbox 2687 1723 2701 1773; x_wconf 88' lang='lat'><strong>;</strong></span> <span class='ocrx_word' id='word_1_202' title='bbox 2732 1708 2776 1762; x_wconf 90' lang='lat' dir='ltr'><strong>si</strong></span> <span class='ocrx_word' id='word_1_203' title='bbox 2803 1706 2956 1774; x_wconf 89' lang='lat' dir='ltr'><strong>deus,</strong></span> <span class='ocrx_word' id='word_1_204' title='bbox 2985 1704 3199 1777; x_wconf 85' lang='lat' dir='ltr'><strong>quando</strong></span> <span class='ocrx_word' id='word_1_205' title='bbox 3221 1702 3489 1760; x_wconf 82' lang='lat' dir='ltr'><strong>senescit?</strong></span> 
     </span>
    </p>
   </div>
   <div class='ocr_carea' id='block_1_36' title="bbox 2035 1800 3293 1900">
    <p class='ocr_par' dir='ltr' id='par_1_36' title="bbox 2035 1800 3293 1900">
     <span class='ocr_line' id='line_1_36' title="bbox 2035 1800 3293 1900; baseline -0.001 -45"><span class='ocrx_word' id='word_1_206' title='bbox 2035 1840 2084 1900; x_wconf 74' lang='grc' dir='ltr'><strong>Β</strong></span> <span class='ocrx_word' id='word_1_207' title='bbox 2113 1801 2220 1855; x_wconf 88' lang='lat' dir='ltr'><strong>Aut</strong></span> <span class='ocrx_word' id='word_1_208' title='bbox 2245 1800 2288 1854; x_wconf 89' lang='lat' dir='ltr'><strong>si</strong></span> <span class='ocrx_word' id='word_1_209' title='bbox 2316 1801 2448 1856; x_wconf 90' lang='lat' dir='ltr'><strong>deus</strong></span> <span class='ocrx_word' id='word_1_210' title='bbox 2468 1811 2604 1869; x_wconf 91' lang='lat' dir='ltr'><strong>erat,</strong></span> <span class='ocrx_word' id='word_1_211' title='bbox 2638 1816 2734 1856; x_wconf 86' lang='lat' dir='ltr'><strong>cur</strong></span> <span class='ocrx_word' id='word_1_212' title='bbox 2759 1801 3033 1873; x_wconf 68' lang='lat' dir='ltr'><strong>natosfille</strong></span> <span class='ocrx_word' id='word_1_213' title='bbox 3070 1800 3293 1855; x_wconf 88' lang='lat' dir='ltr'><strong>vorabat</strong></span> 
     </span>
    </p>
   </div>
   <div class='ocr_carea' id='block_1_37' title="bbox 2113 1889 3477 1965">
    <p class='ocr_par' dir='ltr' id='par_1_37' title="bbox 2113 1889 3477 1965">
     <span class='ocr_line' id='line_1_37' title="bbox 2113 1889 3477 1965; baseline -0.003 -15"><span class='ocrx_word' id='word_1_214' title='bbox 2113 1894 2431 1951; x_wconf 88' lang='lat' dir='ltr'><strong>Terroribus</strong></span> <span class='ocrx_word' id='word_1_215' title='bbox 2453 1895 2642 1951; x_wconf 86' lang='lat' dir='ltr'><strong>actus?</strong></span> <span class='ocrx_word' id='word_1_216' title='bbox 2669 1896 2762 1950; x_wconf 90' lang='lat' dir='ltr'><strong>sed</strong></span> <span class='ocrx_word' id='word_1_217' title='bbox 2794 1895 2913 1965; x_wconf 82' lang='lat' dir='ltr'><strong>quia</strong></span> <span class='ocrx_word' id='word_1_218' title='bbox 2946 1893 3080 1948; x_wconf 91' lang='lat' dir='ltr'><strong>deus</strong></span> <span class='ocrx_word' id='word_1_219' title='bbox 3108 1907 3211 1948; x_wconf 93' lang='lat' dir='ltr'><strong>non</strong></span> <span class='ocrx_word' id='word_1_220' title='bbox 3243 1902 3359 1946; x_wconf 90' lang='lat' dir='ltr'><strong>erat</strong></span> <span class='ocrx_word' id='word_1_221' title='bbox 3383 1889 3477 1946; x_wconf 89' lang='lat' dir='ltr'><strong>ille</strong></span> 
     </span>
    </p>
   </div>
   <div class='ocr_carea' id='block_1_38' title="bbox 2115 1988 3411 2047">
    <p class='ocr_par' dir='ltr' id='par_1_38' title="bbox 2115 1988 3411 2047">
     <span class='ocr_line' id='line_1_38' title="bbox 2115 1988 3411 2047; baseline -0.002 -5"><span class='ocrx_word' id='word_1_222' title='bbox 2115 1990 2333 2045; x_wconf 75' lang='lat' dir='ltr'><strong>Viscera</strong></span> <span class='ocrx_word' id='word_1_223' title='bbox 2366 2001 2615 2047; x_wconf 87' lang='lat' dir='ltr'><strong>natorum</strong></span> <span class='ocrx_word' id='word_1_224' title='bbox 2639 1991 2784 2047; x_wconf 89' lang='lat' dir='ltr'><strong>rabie</strong></span> <span class='ocrx_word' id='word_1_225' title='bbox 2816 1997 3115 2045; x_wconf 88' lang='lat' dir='ltr'><strong>monstrosa</strong></span> <span class='ocrx_word' id='word_1_226' title='bbox 3147 1988 3411 2043; x_wconf 75' lang='lat' dir='ltr'><strong>sumebat.</strong></span> 
     </span>
    </p>
   </div>
   <div class='ocr_carea' id='block_1_39' title="bbox 2113 2079 3401 2150">
    <p class='ocr_par' dir='ltr' id='par_1_39' title="bbox 2113 2079 3401 2150">
     <span class='ocr_line' id='line_1_39' title="bbox 2113 2079 3401 2150; baseline -0.001 -15"><span class='ocrx_word' id='word_1_227' title='bbox 2113 2081 2228 2136; x_wconf 83' lang='lat' dir='ltr'><strong>Rex</strong></span> <span class='ocrx_word' id='word_1_228' title='bbox 2256 2081 2351 2137; x_wconf 88' lang='lat' dir='ltr'><strong>fuit</strong></span> <span class='ocrx_word' id='word_1_229' title='bbox 2382 2083 2432 2136; x_wconf 90' lang='lat' dir='ltr'><strong>in</strong></span> <span class='ocrx_word' id='word_1_230' title='bbox 2460 2082 2633 2146; x_wconf 89' lang='lat' dir='ltr'><strong>terris,</strong></span> <span class='ocrx_word' id='word_1_231' title='bbox 2668 2084 2719 2136; x_wconf 92' lang='lat' dir='ltr'><strong>in</strong></span> <span class='ocrx_word' id='word_1_232' title='bbox 2751 2089 2933 2138; x_wconf 89' lang='lat' dir='ltr'><strong>monte</strong></span> <span class='ocrx_word' id='word_1_233' title='bbox 2957 2089 3113 2135; x_wconf 89' lang='lat' dir='ltr'><strong>natus</strong></span> <span class='ocrx_word' id='word_1_234' title='bbox 3138 2079 3401 2150; x_wconf 87' lang='lat' dir='ltr'><strong>Olympo;</strong></span> 
     </span>
    </p>
   </div>
   <div class='ocr_carea' id='block_1_40' title="bbox 2113 2171 3326 2240">
    <p class='ocr_par' dir='ltr' id='par_1_40' title="bbox 2113 2171 3326 2240">
     <span class='ocr_line' id='line_1_40' title="bbox 2113 2171 3326 2240; baseline -0.005 -10"><span class='ocrx_word' id='word_1_235' title='bbox 2113 2175 2224 2231; x_wconf 69' lang='lat' dir='ltr'><strong>Nec</strong></span> <span class='ocrx_word' id='word_1_236' title='bbox 2244 2176 2456 2231; x_wconf 87' lang='lat' dir='ltr'><strong>divinus</strong></span> <span class='ocrx_word' id='word_1_237' title='bbox 2484 2183 2622 2240; x_wconf 88' lang='lat' dir='ltr'><strong>erat,</strong></span> <span class='ocrx_word' id='word_1_238' title='bbox 2647 2175 2738 2230; x_wconf 91' lang='lat' dir='ltr'><strong>sed</strong></span> <span class='ocrx_word' id='word_1_239' title='bbox 2767 2174 2925 2228; x_wconf 88' lang='lat' dir='ltr'><strong>deum</strong></span> <span class='ocrx_word' id='word_1_240' title='bbox 2949 2188 3070 2229; x_wconf 86' lang='lat' dir='ltr'><strong>sesc</strong></span> <span class='ocrx_word' id='word_1_241' title='bbox 3099 2171 3326 2226; x_wconf 89' lang='lat' dir='ltr'><strong>dicebat.</strong></span> 
     </span>
    </p>
   </div>
   <div class='ocr_carea' id='block_1_41' title="bbox 2115 2262 3403 2339">
    <p class='ocr_par' dir='ltr' id='par_1_41' title="bbox 2115 2262 3403 2339">
     <span class='ocr_line' id='line_1_41' title="bbox 2115 2262 3403 2339; baseline -0.005 -16"><span class='ocrx_word' id='word_1_242' title='bbox 2115 2267 2272 2323; x_wconf 83' lang='lat' dir='ltr'><strong>Venit</strong></span> <span class='ocrx_word' id='word_1_243' title='bbox 2299 2269 2453 2339; x_wconf 91' lang='lat' dir='ltr'><strong>in0ps</strong></span> <span class='ocrx_word' id='word_1_244' title='bbox 2481 2267 2644 2322; x_wconf 77' lang='lat' dir='ltr'><strong>animi</strong></span> <span class='ocrx_word' id='word_1_245' title='bbox 2670 2265 2898 2337; x_wconf 88' lang='lat' dir='ltr'><strong>lapidem</strong></span> <span class='ocrx_word' id='word_1_246' title='bbox 2929 2281 3025 2336; x_wconf 91' lang='lat' dir='ltr'><strong>pro</strong></span> <span class='ocrx_word' id='word_1_247' title='bbox 3047 2265 3159 2319; x_wconf 79' lang='lat' dir='ltr'><strong>filio</strong></span> <span class='ocrx_word' id='word_1_248' title='bbox 3185 2262 3403 2333; x_wconf 90' lang='lat' dir='ltr'><strong>sorpsit.</strong></span> 
     </span>
    </p>
   </div>
   <div class='ocr_carea' id='block_1_42' title="bbox 2107 2356 3390 2429">
    <p class='ocr_par' dir='ltr' id='par_1_42' title="bbox 2107 2356 3390 2429">
     <span class='ocr_line' id='line_1_42' title="bbox 2107 2356 3390 2429; baseline -0.002 -13"><span class='ocrx_word' id='word_1_249' title='bbox 2107 2360 2195 2416; x_wconf 90' lang='lat' dir='ltr'><strong>Sic</strong></span> <span class='ocrx_word' id='word_1_250' title='bbox 2219 2361 2350 2416; x_wconf 89' lang='lat' dir='ltr'><strong>deus</strong></span> <span class='ocrx_word' id='word_1_251' title='bbox 2381 2360 2578 2416; x_wconf 84' lang='lat' dir='ltr'><strong>evasit:</strong></span> <span class='ocrx_word' id='word_1_252' title='bbox 2613 2359 2806 2416; x_wconf 87' lang='lat' dir='ltr'><strong>dicitur</strong></span> <span class='ocrx_word' id='word_1_253' title='bbox 2829 2358 2990 2415; x_wconf 91' lang='lat' dir='ltr'><strong>modo</strong></span> <span class='ocrx_word' id='word_1_254' title='bbox 3010 2356 3253 2429; x_wconf 70' lang='lat' dir='ltr'><strong>luppiter</strong></span> <span class='ocrx_word' id='word_1_255' title='bbox 3280 2357 3390 2413; x_wconf 89' lang='lat' dir='ltr'><strong>ille.</strong></span> 
     </span>
    </p>
   </div>
   <div class='ocr_carea' id='block_1_43' title="bbox 1776 2520 2337 2581">
    <p class='ocr_par' dir='ltr' id='par_1_43' title="bbox 1776 2520 2337 2581">
     <span class='ocr_line' id='line_1_43' title="bbox 1776 2520 2337 2581; baseline 0.005 -3"><span class='ocrx_word' id='word_1_256' title='bbox 1776 2520 2337 2581; x_wconf 79' lang='lat' dir='ltr'><strong>COMMENTARIUS.</strong></span> 
     </span>
    </p>
   </div>
   <div class='ocr_carea' id='block_1_44' title="bbox 477 2659 2003 2731">
    <p class='ocr_par' dir='ltr' id='par_1_44' title="bbox 477 2659 2003 2731">
     <span class='ocr_line' id='line_1_44' title="bbox 477 2659 2003 2731; baseline -0.009 -4"><span class='ocrx_word' id='word_1_257' title='bbox 477 2671 753 2727; x_wconf 79' lang='lat' dir='ltr'><strong>Morientes</strong></span> <span class='ocrx_word' id='word_1_258' title='bbox 808 2669 930 2723; x_wconf 87' lang='lat' dir='ltr'><strong>deos</strong></span> <span class='ocrx_word' id='word_1_259' title='bbox 976 2665 1213 2720; x_wconf 81' lang='lat' dir='ltr'><strong>orabant.</strong></span> <span class='ocrx_word' id='word_1_260' title='bbox 1248 2662 1499 2718; x_wconf 89' lang='lat' dir='ltr'><strong>Baluzius</strong></span> <span class='ocrx_word' id='word_1_261' title='bbox 1548 2661 1599 2714; x_wconf 89' lang='lat' dir='ltr'><strong>iu</strong></span> <span class='ocrx_word' id='word_1_262' title='bbox 1631 2659 1773 2714; x_wconf 89' lang='lat' dir='ltr'><strong>notis</strong></span> <span class='ocrx_word' id='word_1_263' title='bbox 1803 2659 1871 2714; x_wconf 87' lang='lat' dir='ltr'><strong>ad</strong></span> <span class='ocrx_word' id='word_1_264' title='bbox 1897 2659 2003 2731; x_wconf 83' lang='lat' dir='ltr'><strong>Cy-</strong></span> 
     </span>
    </p>
   </div>
   <div class='ocr_carea' id='block_1_45' title="bbox 406 2731 2003 2814">
    <p class='ocr_par' dir='ltr' id='par_1_45' title="bbox 406 2731 2003 2814">
     <span class='ocr_line' id='line_1_45' title="bbox 406 2731 2003 2814; baseline -0.007 -19"><span class='ocrx_word' id='word_1_265' title='bbox 406 2745 655 2814; x_wconf 80' lang='lat' dir='ltr'><strong>prianum</strong></span> <span class='ocrx_word' id='word_1_266' title='bbox 675 2738 1136 2814; x_wconf 11' lang='lat' dir='ltr'><strong>de‘idolornvanit.</strong></span> <span class='ocrx_word' id='word_1_267' title='bbox 1161 2751 1223 2814; x_wconf 59' lang='lat' dir='ltr'><strong>es</strong></span> <span class='ocrx_word' id='word_1_268' title='bbox 1249 2734 1564 2814; x_wconf 77' lang='lat' dir='ltr'><strong>codicems.</strong></span> <span class='ocrx_word' id='word_1_269' title='bbox 1597 2731 1656 2814; x_wconf 42' lang='lat' dir='ltr'><strong>SA.</strong></span> <span class='ocrx_word' id='word_1_270' title='bbox 1691 2731 1872 2813; x_wconf 76' lang='lat' dir='ltr'><strong>Albini</strong></span> <span class='ocrx_word' id='word_1_271' title='bbox 1893 2732 2003 2814; x_wconf 75' lang='lat' dir='ltr'><strong>An-</strong></span> 
     </span>
    </p>
   </div>
   <div class='ocr_carea' id='block_1_46' title="bbox 400 2802 2002 2886">
    <p class='ocr_par' dir='ltr' id='par_1_46' title="bbox 400 2802 2002 2886">
     <span class='ocr_line' id='line_1_46' title="bbox 400 2802 2002 2886; baseline -0.009 -16"><span class='ocrx_word' id='word_1_272' title='bbox 400 2802 868 2886; x_wconf 79' lang='lat' dir='ltr'><strong>degaveusislegit</strong></span> <span class='ocrx_word' id='word_1_273' title='bbox 889 2809 1156 2886; x_wconf 72' lang='lat' dir='ltr'><strong>defunctos</strong></span> <span class='ocrx_word' id='word_1_274' title='bbox 1187 2805 1587 2886; x_wconf 77' lang='lat' dir='ltr'><strong>deos_orabatit.</strong></span> <span class='ocrx_word' id='word_1_275' title='bbox 1611 2802 2002 2886; x_wconf 47' lang='lat' dir='ltr'><strong>&#39;Qurfnquidem</strong></span> 
     </span>
    </p>
   </div>
   <div class='ocr_carea' id='block_1_47' title="bbox 401 2871 2004 2942">
    <p class='ocr_par' dir='ltr' id='par_1_47' title="bbox 401 2871 2004 2942">
     <span class='ocr_line' id='line_1_47' title="bbox 401 2871 2004 2942; baseline -0.009 -1"><span class='ocrx_word' id='word_1_276' title='bbox 401 2871 564 2942; x_wconf 51' lang='lat' dir='ltr'><strong>locutio</strong></span> <span class='ocrx_word' id='word_1_277' title='bbox 616 2871 926 2939; x_wconf 69' lang='lat' dir='ltr'><strong>confirmari</strong></span> <span class='ocrx_word' id='word_1_278' title='bbox 953 2871 1188 2933; x_wconf 57' lang='lat' dir='ltr'><strong>&#39;videtur</strong></span> <span class='ocrx_word' id='word_1_279' title='bbox 1215 2892 1281 2930; x_wconf 78' lang='lat' dir='ltr'><strong>ex</strong></span> <span class='ocrx_word' id='word_1_280' title='bbox 1311 2877 1469 2929; x_wconf 91' lang='lat' dir='ltr'><strong>iustr.</strong></span> <span class='ocrx_word' id='word_1_281' title='bbox 1498 2891 1591 2941; x_wconf 80' lang='lat' dir='ltr'><strong>xx,</strong></span> <span class='ocrx_word' id='word_1_282' title='bbox 1626 2891 1675 2927; x_wconf 88' lang='grc' dir='ltr'><strong>ν.</strong></span> <span class='ocrx_word' id='word_1_283' title='bbox 1706 2871 1834 2928; x_wconf 69' lang='lat'><strong>262.</strong></span> <span class='ocrx_word' id='word_1_284' title='bbox 1864 2875 2004 2927; x_wconf 82' lang='lat' dir='ltr'><strong>Ado-</strong></span> 
     </span>
    </p>
   </div>
   <div class='ocr_carea' id='block_1_48' title="bbox 407 2951 1464 3018">
    <p class='ocr_par' dir='ltr' id='par_1_48' title="bbox 407 2951 1464 3018">
     <span class='ocr_line' id='line_1_48' title="bbox 407 2951 1464 3018; baseline -0.01 -8"><span class='ocrx_word' id='word_1_285' title='bbox 407 2958 533 3011; x_wconf 81' lang='lat' dir='ltr'><strong>ratis</strong></span> <span class='ocrx_word' id='word_1_286' title='bbox 555 2957 689 3010; x_wconf 84' lang='lat' dir='ltr'><strong>enim</strong></span> <span class='ocrx_word' id='word_1_287' title='bbox 713 2953 854 3006; x_wconf 77' lang='lat' dir='ltr'><strong>stulti</strong></span> <span class='ocrx_word' id='word_1_288' title='bbox 881 2951 1016 3005; x_wconf 88' lang='lat' dir='ltr'><strong>malo</strong></span> <span class='ocrx_word' id='word_1_289' title='bbox 1046 2951 1143 3003; x_wconf 86' lang='lat' dir='ltr'><strong>leto</strong></span> <span class='ocrx_word' id='word_1_290' title='bbox 1173 2951 1464 3018; x_wconf 73' lang='lat' dir='ltr'><strong>defunctos.</strong></span> 
     </span>
    </p>
   </div>
   <div class='ocr_carea' id='block_1_49' title="bbox 476 3015 2004 3089">
    <p class='ocr_par' dir='ltr' id='par_1_49' title="bbox 476 3015 2004 3089">
     <span class='ocr_line' id='line_1_49' title="bbox 476 3015 2004 3089; baseline -0.005 -8"><span class='ocrx_word' id='word_1_291' title='bbox 476 3026 554 3081; x_wconf 87' lang='lat' dir='ltr'><strong>De</strong></span> <span class='ocrx_word' id='word_1_292' title='bbox 600 3025 972 3080; x_wconf 82' lang='lat' dir='ltr'><strong>resurrectione</strong></span> <span class='ocrx_word' id='word_1_293' title='bbox 1021 3015 1493 3089; x_wconf 37' lang='lat' dir='ltr'><strong>quoque&#39;docetur.</strong></span> <span class='ocrx_word' id='word_1_294' title='bbox 1527 3017 1608 3089; x_wconf 11' lang='lat' dir='ltr'><strong>ln‘</strong></span> <span class='ocrx_word' id='word_1_295' title='bbox 1637 3017 1755 3085; x_wconf 85' lang='lat' dir='ltr'><strong>lege</strong></span> <span class='ocrx_word' id='word_1_296' title='bbox 1785 3015 2004 3074; x_wconf 82' lang='lat' dir='ltr'><strong>Domini</strong></span> 
     </span>
    </p>
   </div>
   <div class='ocr_carea' id='block_1_50' title="bbox 405 3087 2002 3156">
    <p class='ocr_par' dir='ltr' id='par_1_50' title="bbox 405 3087 2002 3156">
     <span class='ocr_line' id='line_1_50' title="bbox 405 3087 2002 3156; baseline -0.007 -4"><span class='ocrx_word' id='word_1_297' title='bbox 405 3098 634 3152; x_wconf 87' lang='lat' dir='ltr'><strong>docetur</strong></span> <span class='ocrx_word' id='word_1_298' title='bbox 661 3097 729 3149; x_wconf 88' lang='lat' dir='ltr'><strong>de</strong></span> <span class='ocrx_word' id='word_1_299' title='bbox 761 3087 1160 3150; x_wconf 77' lang='lat' dir='ltr'><strong>resurrectione</strong></span> <span class='ocrx_word' id='word_1_300' title='bbox 1206 3104 1496 3156; x_wconf 88' lang='lat' dir='ltr'><strong>corporum</strong></span> <span class='ocrx_word' id='word_1_301' title='bbox 1532 3104 1543 3140; x_wconf 92' lang='lat'><strong>:</strong></span> <span class='ocrx_word' id='word_1_302' title='bbox 1581 3087 1808 3141; x_wconf 87' lang='lat' dir='ltr'><strong>docetur</strong></span> <span class='ocrx_word' id='word_1_303' title='bbox 1838 3089 2002 3142; x_wconf 89' lang='lat' dir='ltr'><strong>etiam</strong></span> 
     </span>
    </p>
   </div>
   <div class='ocr_carea' id='block_1_51' title="bbox 404 3158 2004 3235">
    <p class='ocr_par' dir='ltr' id='par_1_51' title="bbox 404 3158 2004 3235">
     <span class='ocr_line' id='line_1_51' title="bbox 404 3158 2004 3235; baseline -0.005 -13"><span class='ocrx_word' id='word_1_304' title='bbox 404 3170 472 3223; x_wconf 88' lang='lat' dir='ltr'><strong>de</strong></span> <span class='ocrx_word' id='word_1_305' title='bbox 494 3184 590 3235; x_wconf 82' lang='lat' dir='ltr'><strong>Spe</strong></span> <span class='ocrx_word' id='word_1_306' title='bbox 609 3168 736 3221; x_wconf 72' lang='lat' dir='ltr'><strong>vita)</strong></span> <span class='ocrx_word' id='word_1_307' title='bbox 767 3179 982 3220; x_wconf 85' lang='lat' dir='ltr'><strong>rursum</strong></span> <span class='ocrx_word' id='word_1_308' title='bbox 1009 3161 1254 3216; x_wconf 80' lang='lat' dir='ltr'><strong>vivenda:</strong></span> <span class='ocrx_word' id='word_1_309' title='bbox 1273 3160 1718 3235; x_wconf 30' lang='lat' dir='ltr'><strong>_i_u__:evo.‘Atque</strong></span> <span class='ocrx_word' id='word_1_310' title='bbox 1745 3158 1876 3235; x_wconf 72' lang='lat' dir='ltr'><strong>hinc</strong></span> <span class='ocrx_word' id='word_1_311' title='bbox 1895 3161 2004 3235; x_wconf 81' lang='lat' dir='ltr'><strong>jam</strong></span> 
     </span>
    </p>
   </div>
   <div class='ocr_carea' id='block_1_52' title="bbox 404 3229 2008 3304">
    <p class='ocr_par' dir='ltr' id='par_1_52' title="bbox 404 3229 2008 3304">
     <span class='ocr_line' id='line_1_52' title="bbox 404 3229 2008 3304; baseline -0.005 -12"><span class='ocrx_word' id='word_1_312' title='bbox 404 3229 594 3294; x_wconf 72' lang='lat' dir='ltr'><strong>auctor</strong></span> <span class='ocrx_word' id='word_1_313' title='bbox 626 3237 814 3304; x_wconf 84' lang='lat' dir='ltr'><strong>incipit</strong></span> <span class='ocrx_word' id='word_1_314' title='bbox 842 3236 1036 3304; x_wconf 84' lang='lat' dir='ltr'><strong>dogma</strong></span> <span class='ocrx_word' id='word_1_315' title='bbox 1068 3247 1226 3285; x_wconf 82' lang='lat' dir='ltr'><strong>suum</strong></span> <span class='ocrx_word' id='word_1_316' title='bbox 1273 3229 1584 3304; x_wconf 83' lang='lat' dir='ltr'><strong>Millenarl.c</strong></span> <span class='ocrx_word' id='word_1_317' title='bbox 1610 3231 1890 3304; x_wconf 72' lang='lat' dir='ltr'><strong>felicitatis</strong></span> <span class='ocrx_word' id='word_1_318' title='bbox 1913 3231 2008 3284; x_wconf 91' lang='lat' dir='ltr'><strong>ad-</strong></span> 
     </span>
    </p>
   </div>
   <div class='ocr_carea' id='block_1_53' title="bbox 404 3300 2002 3372">
    <p class='ocr_par' dir='ltr' id='par_1_53' title="bbox 404 3300 2002 3372">
     <span class='ocr_line' id='line_1_53' title="bbox 404 3300 2002 3372; baseline -0.006 -7"><span class='ocrx_word' id='word_1_319' title='bbox 404 3321 637 3365; x_wconf 86' lang='lat' dir='ltr'><strong>struere.</strong></span> <span class='ocrx_word' id='word_1_320' title='bbox 662 3300 780 3364; x_wconf 66' lang='lat' dir='ltr'><strong>lito.</strong></span> <span class='ocrx_word' id='word_1_321' title='bbox 804 3300 955 3358; x_wconf 79' lang='grc' dir='ltr'><strong>-Πε</strong></span> <span class='ocrx_word' id='word_1_322' title='bbox 973 3305 1339 3357; x_wconf 76' lang='lat' dir='ltr'><strong>resurrectione</strong></span> <span class='ocrx_word' id='word_1_323' title='bbox 1367 3302 1574 3372; x_wconf 72' lang='lat' dir='ltr'><strong>docetur</strong></span> <span class='ocrx_word' id='word_1_324' title='bbox 1603 3301 1654 3372; x_wconf 84' lang='lat' dir='ltr'><strong>in</strong></span> <span class='ocrx_word' id='word_1_325' title='bbox 1681 3302 1812 3372; x_wconf 73' lang='lat' dir='ltr'><strong>ipsa.</strong></span> <span class='ocrx_word' id='word_1_326' title='bbox 1843 3300 2002 3372; x_wconf 82' lang='lat' dir='ltr'><strong>Lege.</strong></span> 
     </span>
    </p>
   </div>
   <div class='ocr_carea' id='block_1_54' title="bbox 2108 2658 3718 2730">
    <p class='ocr_par' dir='ltr' id='par_1_54' title="bbox 2108 2658 3718 2730">
     <span class='ocr_line' id='line_1_54' title="bbox 2108 2658 3718 2730; baseline 0 -16"><span class='ocrx_word' id='word_1_327' title='bbox 2108 2660 2349 2730; x_wconf 80' lang='lat' dir='ltr'><strong>angelos.</strong></span> <span class='ocrx_word' id='word_1_328' title='bbox 2381 2660 2476 2715; x_wconf 90' lang='lat' dir='ltr'><strong>sed</strong></span> <span class='ocrx_word' id='word_1_329' title='bbox 2511 2659 2651 2715; x_wconf 90' lang='lat' dir='ltr'><strong>filios</strong></span> <span class='ocrx_word' id='word_1_330' title='bbox 2676 2660 2793 2726; x_wconf 89' lang='lat' dir='ltr'><strong>Dei,</strong></span> <span class='ocrx_word' id='word_1_331' title='bbox 2827 2658 2894 2714; x_wconf 90' lang='lat' dir='ltr'><strong>de</strong></span> <span class='ocrx_word' id='word_1_332' title='bbox 2933 2659 3128 2729; x_wconf 81' lang='lat' dir='ltr'><strong>quibus</strong></span> <span class='ocrx_word' id='word_1_333' title='bbox 3171 2659 3582 2715; x_wconf 81' lang='lat' dir='ltr'><strong>observavimus</strong></span> <span class='ocrx_word' id='word_1_334' title='bbox 3611 2659 3718 2714; x_wconf 84' lang='lat' dir='ltr'><strong>ali-</strong></span> 
     </span>
    </p>
   </div>
   <div class='ocr_carea' id='block_1_55' title="bbox 2107 2731 2987 2800">
    <p class='ocr_par' dir='ltr' id='par_1_55' title="bbox 2107 2731 2987 2800">
     <span class='ocr_line' id='line_1_55' title="bbox 2107 2731 2987 2800; baseline 0.003 -18"><span class='ocrx_word' id='word_1_335' title='bbox 2107 2732 2235 2800; x_wconf 85' lang='lat' dir='ltr'><strong>quid</strong></span> <span class='ocrx_word' id='word_1_336' title='bbox 2268 2731 2332 2785; x_wconf 90' lang='lat' dir='ltr'><strong>ad</strong></span> <span class='ocrx_word' id='word_1_337' title='bbox 2363 2735 2610 2786; x_wconf 88' lang='lat' dir='ltr'><strong>instruct.</strong></span> <span class='ocrx_word' id='word_1_338' title='bbox 2651 2747 2833 2786; x_wconf 81' lang='lat' dir='ltr'><strong>xxxvr.</strong></span> <span class='ocrx_word' id='word_1_339' title='bbox 2867 2732 2987 2787; x_wconf 81' lang='lat' dir='ltr'><strong>th.</strong></span> 
     </span>
    </p>
   </div>
   <div class='ocr_carea' id='block_1_56' title="bbox 2180 2800 3461 2872">
    <p class='ocr_par' dir='ltr' id='par_1_56' title="bbox 2180 2800 3461 2872">
     <span class='ocr_line' id='line_1_56' title="bbox 2180 2800 3461 2872; baseline 0.004 -19"><span class='ocrx_word' id='word_1_340' title='bbox 2180 2802 2434 2872; x_wconf 81' lang='lat' dir='ltr'><strong>Legitinm</strong></span> <span class='ocrx_word' id='word_1_341' title='bbox 2464 2805 2615 2872; x_wconf 75' lang='lat' dir='ltr'><strong>cujus</strong></span> <span class='ocrx_word' id='word_1_342' title='bbox 2641 2812 2960 2869; x_wconf 82' lang='lat' dir='ltr'><strong>spreverunt.</strong></span> <span class='ocrx_word' id='word_1_343' title='bbox 2991 2800 3260 2866; x_wconf 77' lang='lat' dir='ltr'><strong>Mandata,</strong></span> <span class='ocrx_word' id='word_1_344' title='bbox 3292 2802 3461 2872; x_wconf 76' lang='lat' dir='ltr'><strong>leges.</strong></span> 
     </span>
    </p>
   </div>
   <div class='ocr_carea' id='block_1_57' title="bbox 2179 2872 3722 2944">
    <p class='ocr_par' dir='ltr' id='par_1_57' title="bbox 2179 2872 3722 2944">
     <span class='ocr_line' id='line_1_57' title="bbox 2179 2872 3722 2944; baseline 0.002 -19"><span class='ocrx_word' id='word_1_345' title='bbox 2179 2872 2348 2925; x_wconf 81' lang='lat' dir='ltr'><strong>Tanta</strong></span> <span class='ocrx_word' id='word_1_346' title='bbox 2378 2875 2474 2944; x_wconf 79' lang='lat' dir='ltr'><strong>fuit</strong></span> <span class='ocrx_word' id='word_1_347' title='bbox 2507 2873 2676 2942; x_wconf 77' lang='lat' dir='ltr'><strong>[arma</strong></span> <span class='ocrx_word' id='word_1_348' title='bbox 2718 2877 3050 2943; x_wconf 75' lang='lat' dir='ltr'><strong>feminarum.</strong></span> <span class='ocrx_word' id='word_1_349' title='bbox 3087 2873 3354 2936; x_wconf 71' lang='lat' dir='ltr'><strong>Justinus,</strong></span> <span class='ocrx_word' id='word_1_350' title='bbox 3406 2874 3722 2941; x_wconf 78' lang='lat' dir='ltr'><strong>Athenago-</strong></span> 
     </span>
    </p>
   </div>
   <div class='ocr_carea' id='block_1_58' title="bbox 2109 2944 3718 3016">
    <p class='ocr_par' dir='ltr' id='par_1_58' title="bbox 2109 2944 3718 3016">
     <span class='ocr_line' id='line_1_58' title="bbox 2109 2944 3718 3016; baseline 0.002 -21"><span class='ocrx_word' id='word_1_351' title='bbox 2109 2961 2217 3010; x_wconf 90' lang='lat' dir='ltr'><strong>ras,</strong></span> <span class='ocrx_word' id='word_1_352' title='bbox 2252 2945 2643 3016; x_wconf 70' lang='lat' dir='ltr'><strong>&#39;l‘ertullianus,</strong></span> <span class='ocrx_word' id='word_1_353' title='bbox 2689 2947 3014 3016; x_wconf 80' lang='lat' dir='ltr'><strong>Cyprianus,</strong></span> <span class='ocrx_word' id='word_1_354' title='bbox 3046 2944 3380 3003; x_wconf 86' lang='lat' dir='ltr'><strong>Lactantius.</strong></span> <span class='ocrx_word' id='word_1_355' title='bbox 3418 2945 3718 3014; x_wconf 79' lang='lat' dir='ltr'><strong>Sulpicius,</strong></span> 
     </span>
    </p>
   </div>
   <div class='ocr_carea' id='block_1_59' title="bbox 2105 3015 3722 3084">
    <p class='ocr_par' dir='ltr' id='par_1_59' title="bbox 2105 3015 3722 3084">
     <span class='ocr_line' id='line_1_59' title="bbox 2105 3015 3722 3084; baseline -0.001 -14"><span class='ocrx_word' id='word_1_356' title='bbox 2105 3018 2341 3070; x_wconf 79' lang='lat' dir='ltr'><strong>Severus</strong></span> <span class='ocrx_word' id='word_1_357' title='bbox 2364 3026 2418 3070; x_wconf 91' lang='lat' dir='ltr'><strong>et</strong></span> <span class='ocrx_word' id='word_1_358' title='bbox 2441 3015 2554 3082; x_wconf 84' lang='lat' dir='ltr'><strong>alii,</strong></span> <span class='ocrx_word' id='word_1_359' title='bbox 2578 3015 2881 3070; x_wconf 85' lang='lat' dir='ltr'><strong>consimilia</strong></span> <span class='ocrx_word' id='word_1_360' title='bbox 2909 3017 3244 3071; x_wconf 83' lang='lat' dir='ltr'><strong>tradiderunt</strong></span> <span class='ocrx_word' id='word_1_361' title='bbox 3273 3031 3338 3070; x_wconf 80' lang='lat' dir='ltr'><strong>ex</strong></span> <span class='ocrx_word' id='word_1_362' title='bbox 3371 3017 3460 3070; x_wconf 77' lang='lat' dir='ltr'><strong>ille</strong></span> <span class='ocrx_word' id='word_1_363' title='bbox 3481 3032 3722 3084; x_wconf 83' lang='lat' dir='ltr'><strong>apocry-</strong></span> 
     </span>
    </p>
   </div>
   <div class='ocr_carea' id='block_1_60' title="bbox 2108 3087 3725 3157">
    <p class='ocr_par' dir='ltr' id='par_1_60' title="bbox 2108 3087 3725 3157">
     <span class='ocr_line' id='line_1_60' title="bbox 2108 3087 3725 3157; baseline 0.002 -18"><span class='ocrx_word' id='word_1_364' title='bbox 2108 3087 2216 3155; x_wconf 85' lang='lat' dir='ltr'><strong>pho</strong></span> <span class='ocrx_word' id='word_1_365' title='bbox 2266 3087 2451 3140; x_wconf 75' lang='lat' dir='ltr'><strong>Euoch</strong></span> <span class='ocrx_word' id='word_1_366' title='bbox 2485 3103 2497 3134; x_wconf 90' lang='lat'><strong><em>:</em></strong></span> <span class='ocrx_word' id='word_1_367' title='bbox 2531 3087 2685 3152; x_wconf 84' lang='lat' dir='ltr'><strong>cujus</strong></span> <span class='ocrx_word' id='word_1_368' title='bbox 2732 3088 2892 3141; x_wconf 84' lang='lat' dir='ltr'><strong>verba</strong></span> <span class='ocrx_word' id='word_1_369' title='bbox 2950 3089 3062 3155; x_wconf 91' lang='lat' dir='ltr'><strong>ipsa</strong></span> <span class='ocrx_word' id='word_1_370' title='bbox 3107 3087 3221 3141; x_wconf 85' lang='lat' dir='ltr'><strong>Jos.</strong></span> <span class='ocrx_word' id='word_1_371' title='bbox 3273 3087 3513 3157; x_wconf 77' lang='lat' dir='ltr'><strong>Scaliger</strong></span> <span class='ocrx_word' id='word_1_372' title='bbox 3546 3087 3725 3142; x_wconf 84' lang='lat' dir='ltr'><strong>edidit</strong></span> 
     </span>
    </p>
   </div>
   <div class='ocr_carea' id='block_1_61' title="bbox 2115 3157 3721 3227">
    <p class='ocr_par' dir='ltr' id='par_1_61' title="bbox 2115 3157 3721 3227">
     <span class='ocr_line' id='line_1_61' title="bbox 2115 3157 3721 3227; baseline 0.001 -17"><span class='ocrx_word' id='word_1_373' title='bbox 2115 3160 2256 3211; x_wconf 90' lang='lat' dir='ltr'><strong>notis</strong></span> <span class='ocrx_word' id='word_1_374' title='bbox 2279 3158 2344 3211; x_wconf 88' lang='lat' dir='ltr'><strong>ad</strong></span> <span class='ocrx_word' id='word_1_375' title='bbox 2371 3157 2558 3212; x_wconf 65' lang='lat' dir='ltr'><strong>Graeca</strong></span> <span class='ocrx_word' id='word_1_376' title='bbox 2586 3159 2901 3212; x_wconf 72' lang='lat' dir='ltr'><strong>Eusebiana:</strong></span> <span class='ocrx_word' id='word_1_377' title='bbox 2923 3159 3314 3227; x_wconf 72' lang='lat' dir='ltr'><strong>cltronologiaz,</strong></span> <span class='ocrx_word' id='word_1_378' title='bbox 3339 3159 3426 3212; x_wconf 88' lang='lat' dir='ltr'><strong>ubi</strong></span> <span class='ocrx_word' id='word_1_379' title='bbox 3453 3159 3521 3212; x_wconf 88' lang='lat' dir='ltr'><strong>de</strong></span> <span class='ocrx_word' id='word_1_380' title='bbox 3545 3159 3721 3227; x_wconf 83' lang='lat' dir='ltr'><strong>Egre-</strong></span> 
     </span>
    </p>
   </div>
   <div class='ocr_carea' id='block_1_62' title="bbox 2111 3228 3718 3298">
    <p class='ocr_par' dir='ltr' id='par_1_62' title="bbox 2111 3228 3718 3298">
     <span class='ocr_line' id='line_1_62' title="bbox 2111 3228 3718 3298; baseline 0.001 -17"><span class='ocrx_word' id='word_1_381' title='bbox 2111 3231 2277 3298; x_wconf 85' lang='lat' dir='ltr'><strong>goris.</strong></span> <span class='ocrx_word' id='word_1_382' title='bbox 2311 3230 2504 3284; x_wconf 70' lang='lat' dir='ltr'><strong>“IG.-—</strong></span> <span class='ocrx_word' id='word_1_383' title='bbox 2535 3229 2612 3282; x_wconf 81' lang='lat' dir='ltr'><strong>Ex</strong></span> <span class='ocrx_word' id='word_1_384' title='bbox 2647 3229 2786 3282; x_wconf 84' lang='lat' dir='ltr'><strong>male</strong></span> <span class='ocrx_word' id='word_1_385' title='bbox 2834 3231 3108 3283; x_wconf 88' lang='lat' dir='ltr'><strong>intellecto</strong></span> <span class='ocrx_word' id='word_1_386' title='bbox 3155 3228 3450 3294; x_wconf 85' lang='lat' dir='ltr'><strong>Geneseos,</strong></span> <span class='ocrx_word' id='word_1_387' title='bbox 3480 3245 3601 3295; x_wconf 87' lang='lat' dir='ltr'><strong>cap.</strong></span> <span class='ocrx_word' id='word_1_388' title='bbox 3637 3245 3718 3294; x_wconf 86' lang='lat' dir='ltr'><strong>vt,</strong></span> 
     </span>
    </p>
   </div>
   <div class='ocr_carea' id='block_1_63' title="bbox 2111 3299 3720 3368">
    <p class='ocr_par' dir='ltr' id='par_1_63' title="bbox 2111 3299 3720 3368">
     <span class='ocr_line' id='line_1_63' title="bbox 2111 3299 3720 3368; baseline 0.002 -17"><span class='ocrx_word' id='word_1_389' title='bbox 2111 3301 2165 3362; x_wconf 70' lang='lat'><strong>‘2,</strong></span> <span class='ocrx_word' id='word_1_390' title='bbox 2203 3311 2323 3353; x_wconf 84' lang='lat' dir='ltr'><strong>nata</strong></span> <span class='ocrx_word' id='word_1_391' title='bbox 2352 3310 2436 3355; x_wconf 82' lang='lat' dir='ltr'><strong>est</strong></span> <span class='ocrx_word' id='word_1_392' title='bbox 2467 3299 2583 3354; x_wconf 70' lang='lat' dir='ltr'><strong>haec</strong></span> <span class='ocrx_word' id='word_1_393' title='bbox 2626 3303 2914 3354; x_wconf 87' lang='lat' dir='ltr'><strong>sententia.</strong></span> <span class='ocrx_word' id='word_1_394' title='bbox 2947 3301 3236 3368; x_wconf 72' lang='lat' dir='ltr'><strong>JuSCpiltlS,</strong></span> <span class='ocrx_word' id='word_1_395' title='bbox 3269 3301 3442 3368; x_wconf 82' lang='lat' dir='ltr'><strong>Antiq.</strong></span> <span class='ocrx_word' id='word_1_396' title='bbox 3484 3299 3644 3365; x_wconf 86' lang='lat' dir='ltr'><strong>Jud.,</strong></span> <span class='ocrx_word' id='word_1_397' title='bbox 3679 3301 3720 3354; x_wconf 93' lang='grc' dir='ltr'><strong>Ι.</strong></span> 
     </span>
    </p>
   </div>
   <div class='ocr_carea' id='block_1_64' title="bbox 406 3370 2000 3460">
    <p class='ocr_par' dir='ltr' id='par_1_64' title="bbox 406 3370 2000 3460">
     <span class='ocr_line' id='line_1_64' title="bbox 406 3370 2000 3460; baseline -0.004 -25"><span class='ocrx_word' id='word_1_398' title='bbox 406 3382 639 3449; x_wconf 84' lang='lat' dir='ltr'><strong>Opiuoni</strong></span> <span class='ocrx_word' id='word_1_399' title='bbox 672 3394 782 3460; x_wconf 55' lang='lat' dir='ltr'><strong>sum.</strong></span> <span class='ocrx_word' id='word_1_400' title='bbox 824 3373 1167 3460; x_wconf 51' lang='lat' dir='ltr'><strong>stabiliendae</strong></span> <span class='ocrx_word' id='word_1_401' title='bbox 1197 3371 1464 3460; x_wconf 60' lang='lat' dir='ltr'><strong>nonnulla</strong></span> <span class='ocrx_word' id='word_1_402' title='bbox 1486 3371 1703 3460; x_wconf 54' lang='lat' dir='ltr'><strong>quildem</strong></span> <span class='ocrx_word' id='word_1_403' title='bbox 1727 3370 2000 3460; x_wconf 60' lang='lat' dir='ltr'><strong>Oencseos</strong></span> 
     </span>
    </p>
   </div>
   <div class='ocr_carea' id='block_1_65' title="bbox 2129 3370 3723 3460">
    <p class='ocr_par' dir='ltr' id='par_1_65' title="bbox 2129 3370 3723 3460">
     <span class='ocr_line' id='line_1_65' title="bbox 2129 3370 3723 3460; baseline 0.001 -37"><span class='ocrx_word' id='word_1_404' title='bbox 2129 3388 2152 3431; x_wconf 79' lang='lat'><strong>1,</strong></span> <span class='ocrx_word' id='word_1_405' title='bbox 2187 3386 2340 3457; x_wconf 44' lang='lat' dir='ltr'><strong>c.&#39;ltt.</strong></span> <span class='ocrx_word' id='word_1_406' title='bbox 2368 3388 2513 3460; x_wconf 59' lang='lat' dir='ltr'><strong>utrm.</strong></span> <span class='ocrx_word' id='word_1_407' title='bbox 2551 3372 2575 3424; x_wconf 79' lang='grc'>1</span> <span class='ocrx_word' id='word_1_408' title='bbox 2607 3391 2637 3460; x_wconf 57' lang='grc' dir='ltr'><strong>ε⁸</strong></span> <span class='ocrx_word' id='word_1_409' title='bbox 2665 3373 2834 3460; x_wconf 38' lang='lat' dir='ltr'><strong>“dif/[.01</strong></span> <span class='ocrx_word' id='word_1_410' title='bbox 2855 3377 2956 3448; x_wconf 75' lang='grc' dir='ltr'><strong>γὰρ</strong></span> <span class='ocrx_word' id='word_1_411' title='bbox 2996 3370 3198 3460; x_wconf 61' lang='grc' dir='ltr'><strong>ἄγγελοι</strong></span> <span class='ocrx_word' id='word_1_412' title='bbox 3227 3374 3578 3460; x_wconf 46' lang='grc' dir='ltr'><strong>ἓερῦαυναιξὶ</strong></span> <span class='ocrx_word' id='word_1_413' title='bbox 3617 3395 3723 3427; x_wconf 85' lang='grc' dir='ltr'><strong>συ-</strong></span> 
     </span>
    </p>
   </div>
   <div class='ocr_carea' id='block_1_66' title="bbox 405 3441 2012 3520">
    <p class='ocr_par' dir='ltr' id='par_1_66' title="bbox 405 3441 2012 3520">
     <span class='ocr_line' id='line_1_66' title="bbox 405 3441 2012 3520; baseline -0.008 -14"><span class='ocrx_word' id='word_1_414' title='bbox 405 3441 524 3508; x_wconf 65' lang='grc' dir='ltr'><strong>1οὀ³</strong></span> <span class='ocrx_word' id='word_1_415' title='bbox 557 3450 879 3520; x_wconf 88' lang='lat' dir='ltr'><strong>torquebaut</strong></span> <span class='ocrx_word' id='word_1_416' title='bbox 902 3445 1209 3520; x_wconf 69' lang='lat' dir='ltr'><strong>Cluiliastm;</strong></span> <span class='ocrx_word' id='word_1_417' title='bbox 1237 3443 1331 3520; x_wconf 80' lang='lat' dir='ltr'><strong>sed</strong></span> <span class='ocrx_word' id='word_1_418' title='bbox 1356 3441 1678 3520; x_wconf 70' lang='lat' dir='ltr'><strong>quibusdam</strong></span> <span class='ocrx_word' id='word_1_419' title='bbox 1701 3444 1862 3496; x_wconf 90' lang='lat' dir='ltr'><strong>etiam</strong></span> <span class='ocrx_word' id='word_1_420' title='bbox 1888 3460 2012 3520; x_wconf 86' lang='lat' dir='ltr'><strong>pro-</strong></span> 
     </span>
    </p>
   </div>
   <div class='ocr_carea' id='block_1_67' title="bbox 409 3512 2010 3597">
    <p class='ocr_par' dir='ltr' id='par_1_67' title="bbox 409 3512 2010 3597">
     <span class='ocr_line' id='line_1_67' title="bbox 409 3512 2010 3597; baseline -0.004 -20"><span class='ocrx_word' id='word_1_421' title='bbox 409 3512 694 3597; x_wconf 80' lang='lat' dir='ltr'><strong>phetarum</strong></span> <span class='ocrx_word' id='word_1_422' title='bbox 727 3521 962 3597; x_wconf 47' lang='grc' dir='ltr'><strong>’ρῄσεσιη</strong></span> <span class='ocrx_word' id='word_1_423' title='bbox 997 3526 1070 3597; x_wconf 40' lang='grc' dir='ltr'><strong>οι.</strong></span> <span class='ocrx_word' id='word_1_424' title='bbox 1102 3515 1423 3597; x_wconf 44' lang='lat' dir='ltr'><strong>Apocalypsi</strong></span> <span class='ocrx_word' id='word_1_425' title='bbox 1466 3512 1689 3567; x_wconf 85' lang='lat' dir='ltr'><strong>Joannis</strong></span> <span class='ocrx_word' id='word_1_426' title='bbox 1711 3518 2010 3597; x_wconf 44' lang='lat' dir='ltr'><strong>&quot;prrelcipUe</strong></span> 
     </span>
    </p>
   </div>
   <div class='ocr_carea' id='block_1_68' title="bbox 409 3584 2004 3654">
    <p class='ocr_par' dir='ltr' id='par_1_68' title="bbox 409 3584 2004 3654">
     <span class='ocr_line' id='line_1_68' title="bbox 409 3584 2004 3654; baseline -0.005 -6"><span class='ocrx_word' id='word_1_427' title='bbox 409 3584 908 3648; x_wconf 71' lang='lat' dir='ltr'><strong>nitebantur.&#39;Vide</strong></span> <span class='ocrx_word' id='word_1_428' title='bbox 936 3588 1131 3644; x_wconf 75' lang='lat' dir='ltr'><strong>Justini</strong></span> <span class='ocrx_word' id='word_1_429' title='bbox 1170 3585 1239 3639; x_wconf 88' lang='grc' dir='ltr'><strong>Μ.</strong></span> <span class='ocrx_word' id='word_1_430' title='bbox 1263 3586 1539 3654; x_wconf 87' lang='lat' dir='ltr'><strong>Dialogum</strong></span> <span class='ocrx_word' id='word_1_431' title='bbox 1566 3599 1686 3637; x_wconf 90' lang='lat' dir='ltr'><strong>cum</strong></span> <span class='ocrx_word' id='word_1_432' title='bbox 1711 3584 2004 3652; x_wconf 77' lang='lat' dir='ltr'><strong>&#39;l&#39;riplione,</strong></span> 
     </span>
    </p>
   </div>
   <div class='ocr_carea' id='block_1_69' title="bbox 411 3656 2010 3735">
    <p class='ocr_par' dir='ltr' id='par_1_69' title="bbox 411 3656 2010 3735">
     <span class='ocr_line' id='line_1_69' title="bbox 411 3656 2010 3735; baseline -0.004 -18"><span class='ocrx_word' id='word_1_433' title='bbox 411 3683 464 3735; x_wconf 88' lang='lat' dir='ltr'><strong>p.</strong></span> <span class='ocrx_word' id='word_1_434' title='bbox 497 3664 639 3730; x_wconf 73' lang='lat'><strong>259;</strong></span> <span class='ocrx_word' id='word_1_435' title='bbox 673 3661 1028 3735; x_wconf 65' lang='lat' dir='ltr'><strong>Irenteutn,_l.</strong></span> <span class='ocrx_word' id='word_1_436' title='bbox 1065 3674 1117 3735; x_wconf 90' lang='lat' dir='ltr'><strong>v_,</strong></span> <span class='ocrx_word' id='word_1_437' title='bbox 1166 3672 1322 3735; x_wconf 77' lang='lat' dir='ltr'><strong>Capp.</strong></span> <span class='ocrx_word' id='word_1_438' title='bbox 1359 3671 1464 3709; x_wconf 78' lang='lat' dir='ltr'><strong>xxx</strong></span> <span class='ocrx_word' id='word_1_439' title='bbox 1508 3665 1765 3735; x_wconf 66' lang='lat' dir='ltr'><strong>et_se_qq.,</strong></span> <span class='ocrx_word' id='word_1_440' title='bbox 1792 3665 1846 3710; x_wconf 87' lang='lat' dir='ltr'><strong>et</strong></span> <span class='ocrx_word' id='word_1_441' title='bbox 1874 3656 2010 3712; x_wconf 86' lang='lat' dir='ltr'><strong>Ter-</strong></span> 
     </span>
    </p>
   </div>
   <div class='ocr_carea' id='block_1_70' title="bbox 412 3726 1822 3791">
    <p class='ocr_par' dir='ltr' id='par_1_70' title="bbox 412 3726 1822 3791">
     <span class='ocr_line' id='line_1_70' title="bbox 412 3726 1822 3791; baseline -0.008 -2"><span class='ocrx_word' id='word_1_442' title='bbox 412 3726 693 3790; x_wconf 75' lang='lat' dir='ltr'><strong>iullianum</strong></span> <span class='ocrx_word' id='word_1_443' title='bbox 725 3745 915 3787; x_wconf 72' lang='lat' dir='ltr'><strong>contra</strong></span> <span class='ocrx_word' id='word_1_444' title='bbox 941 3731 1225 3791; x_wconf 66' lang='lat' dir='ltr'><strong>Marcium,</strong></span> <span class='ocrx_word' id='word_1_445' title='bbox 1256 3728 1290 3781; x_wconf 94' lang='lat' dir='ltr'><strong>l.</strong></span> <span class='ocrx_word' id='word_1_446' title='bbox 1327 3743 1406 3788; x_wconf 83' lang='lat' dir='ltr'><strong>Ill,</strong></span> <span class='ocrx_word' id='word_1_447' title='bbox 1439 3741 1487 3780; x_wconf 89' lang='lat' dir='ltr'><strong>c.</strong></span> <span class='ocrx_word' id='word_1_448' title='bbox 1515 3726 1605 3779; x_wconf 70' lang='grc'><strong>24.</strong></span> <span class='ocrx_word' id='word_1_449' title='bbox 1641 3728 1822 3780; x_wconf 65' lang='grc' dir='ltr'><strong>υλνιε.</strong></span> 
     </span>
    </p>
   </div>
   <div class='ocr_carea' id='block_1_71' title="bbox 490 3797 2003 3875">
    <p class='ocr_par' dir='ltr' id='par_1_71' title="bbox 490 3797 2003 3875">
     <span class='ocr_line' id='line_1_71' title="bbox 490 3797 2003 3875; baseline -0.005 -16"><span class='ocrx_word' id='word_1_450' title='bbox 490 3807 555 3859; x_wconf 86' lang='lat' dir='ltr'><strong>Et</strong></span> <span class='ocrx_word' id='word_1_451' title='bbox 582 3822 670 3874; x_wconf 81' lang='lat' dir='ltr'><strong>spe</strong></span> <span class='ocrx_word' id='word_1_452' title='bbox 727 3807 1064 3875; x_wconf 77' lang='lat' dir='ltr'><strong>fortunatum.</strong></span> <span class='ocrx_word' id='word_1_453' title='bbox 1099 3799 1560 3875; x_wconf 58' lang='lat' dir='ltr'><strong>Tertullianusin</strong></span> <span class='ocrx_word' id='word_1_454' title='bbox 1613 3797 2003 3875; x_wconf 79' lang='lat' dir='ltr'><strong>ltanc_sentcn_-</strong></span> 
     </span>
    </p>
   </div>
   <div class='ocr_carea' id='block_1_72' title="bbox 416 3869 2006 3940">
    <p class='ocr_par' dir='ltr' id='par_1_72' title="bbox 416 3869 2006 3940">
     <span class='ocr_line' id='line_1_72' title="bbox 416 3869 2006 3940; baseline -0.004 -9"><span class='ocrx_word' id='word_1_455' title='bbox 416 3877 544 3931; x_wconf 88' lang='lat' dir='ltr'><strong>liam</strong></span> <span class='ocrx_word' id='word_1_456' title='bbox 577 3869 769 3930; x_wconf 74' lang='lat' dir='ltr'><strong>librum</strong></span> <span class='ocrx_word' id='word_1_457' title='bbox 799 3875 1110 3940; x_wconf 83' lang='lat' dir='ltr'><strong>scripserat.</strong></span> <span class='ocrx_word' id='word_1_458' title='bbox 1147 3869 1224 3922; x_wconf 89' lang='lat' dir='ltr'><strong>De</strong></span> <span class='ocrx_word' id='word_1_459' title='bbox 1264 3885 1353 3937; x_wconf 83' lang='lat' dir='ltr'><strong>spe</strong></span> <span class='ocrx_word' id='word_1_460' title='bbox 1379 3869 1605 3936; x_wconf 82' lang='lat' dir='ltr'><strong>ﬁdelium</strong></span> <span class='ocrx_word' id='word_1_461' title='bbox 1635 3885 1651 3940; x_wconf 54' lang='grc' dir='ltr'><strong>τ’</strong></span> <span class='ocrx_word' id='word_1_462' title='bbox 1683 3877 1736 3921; x_wconf 90' lang='lat' dir='ltr'><strong>et</strong></span> <span class='ocrx_word' id='word_1_463' title='bbox 1768 3869 1908 3940; x_wconf 82' lang='lat' dir='ltr'><strong>hunc</strong></span> <span class='ocrx_word' id='word_1_464' title='bbox 1943 3870 2006 3924; x_wconf 87' lang='lat' dir='ltr'><strong>li-</strong></span> 
     </span>
    </p>
   </div>
   <div class='ocr_carea' id='block_1_73' title="bbox 413 3939 2008 4009">
    <p class='ocr_par' dir='ltr' id='par_1_73' title="bbox 413 3939 2008 4009">
     <span class='ocr_line' id='line_1_73' title="bbox 413 3939 2008 4009; baseline -0.005 -7"><span class='ocrx_word' id='word_1_465' title='bbox 413 3949 571 4002; x_wconf 88' lang='lat' dir='ltr'><strong>brum</strong></span> <span class='ocrx_word' id='word_1_466' title='bbox 602 3947 788 4002; x_wconf 84' lang='lat' dir='ltr'><strong>habuit</strong></span> <span class='ocrx_word' id='word_1_467' title='bbox 816 3939 942 3997; x_wconf 88' lang='lat' dir='ltr'><strong>olim</strong></span> <span class='ocrx_word' id='word_1_468' title='bbox 975 3943 1027 3995; x_wconf 92' lang='lat' dir='ltr'><strong>in</strong></span> <span class='ocrx_word' id='word_1_469' title='bbox 1062 3957 1160 3993; x_wconf 89' lang='lat' dir='ltr'><strong>suo</strong></span> <span class='ocrx_word' id='word_1_470' title='bbox 1185 3939 1501 3994; x_wconf 84' lang='lat' dir='ltr'><strong>Tertulliani</strong></span> <span class='ocrx_word' id='word_1_471' title='bbox 1530 3939 1718 3994; x_wconf 89' lang='lat' dir='ltr'><strong>codice</strong></span> <span class='ocrx_word' id='word_1_472' title='bbox 1764 3939 2008 4009; x_wconf 81' lang='lat' dir='ltr'><strong>Agobar-</strong></span> 
     </span>
    </p>
   </div>
   <div class='ocr_carea' id='block_1_74' title="bbox 414 4010 2006 4089">
    <p class='ocr_par' dir='ltr' id='par_1_74' title="bbox 414 4010 2006 4089">
     <span class='ocr_line' id='line_1_74' title="bbox 414 4010 2006 4089; baseline -0.006 -15"><span class='ocrx_word' id='word_1_473' title='bbox 414 4020 516 4074; x_wconf 92' lang='lat' dir='ltr'><strong>dus</strong></span> <span class='ocrx_word' id='word_1_474' title='bbox 532 4021 818 4089; x_wconf 88' lang='lat' dir='ltr'><strong>episcopus</strong></span> <span class='ocrx_word' id='word_1_475' title='bbox 841 4013 1240 4089; x_wconf 62' lang='lat' dir='ltr'><strong>Lugdunensis,</strong></span> <span class='ocrx_word' id='word_1_476' title='bbox 1260 4013 1401 4089; x_wconf 64' lang='lat' dir='ltr'><strong>sicut</strong></span> <span class='ocrx_word' id='word_1_477' title='bbox 1426 4011 1651 4089; x_wconf 87' lang='lat' dir='ltr'><strong>in_dicice</strong></span> <span class='ocrx_word' id='word_1_478' title='bbox 1676 4010 2006 4089; x_wconf 69' lang='lat' dir='ltr'><strong>declaratur,</strong></span> 
     </span>
    </p>
   </div>
   <div class='ocr_carea' id='block_1_75' title="bbox 413 4081 2009 4158">
    <p class='ocr_par' dir='ltr' id='par_1_75' title="bbox 413 4081 2009 4158">
     <span class='ocr_line' id='line_1_75' title="bbox 413 4081 2009 4158; baseline -0.004 -14"><span class='ocrx_word' id='word_1_479' title='bbox 413 4081 754 4158; x_wconf 75' lang='lat' dir='ltr'><strong>exemplaris</strong></span> <span class='ocrx_word' id='word_1_480' title='bbox 791 4081 995 4156; x_wconf 81' lang='lat' dir='ltr'><strong>antiqui</strong></span> <span class='ocrx_word' id='word_1_481' title='bbox 1025 4082 1167 4153; x_wconf 89' lang='lat' dir='ltr'><strong>quod</strong></span> <span class='ocrx_word' id='word_1_482' title='bbox 1197 4083 1250 4136; x_wconf 91' lang='lat' dir='ltr'><strong>in</strong></span> <span class='ocrx_word' id='word_1_483' title='bbox 1280 4081 1603 4137; x_wconf 84' lang='lat' dir='ltr'><strong>bibliotheca</strong></span> <span class='ocrx_word' id='word_1_484' title='bbox 1654 4083 1799 4152; x_wconf 86' lang='lat' dir='ltr'><strong>regia</strong></span> <span class='ocrx_word' id='word_1_485' title='bbox 1827 4099 2009 4137; x_wconf 86' lang='lat' dir='ltr'><strong>scrva-</strong></span> 
     </span>
    </p>
   </div>
   <div class='ocr_carea' id='block_1_76' title="bbox 413 4161 2010 4289">
    <p class='ocr_par' dir='ltr' id='par_1_76' title="bbox 413 4161 2010 4289">
     <span class='ocr_line' id='line_1_76' title="bbox 413 4161 2010 4289; baseline -0.005 -3"><span class='ocrx_word' id='word_1_486' title='bbox 413 4161 718 4287; x_wconf 41' lang='lat'><strong>[0233:3111</strong></span> <span class='ocrx_word' id='word_1_487' title='bbox 755 4229 807 4282; x_wconf 86' lang='lat' dir='ltr'><strong>in</strong></span> <span class='ocrx_word' id='word_1_488' title='bbox 833 4244 937 4282; x_wconf 68' lang='lat' dir='ltr'><strong>arvo</strong></span> <span class='ocrx_word' id='word_1_489' title='bbox 968 4224 1188 4280; x_wconf 84' lang='lat' dir='ltr'><strong>vivendi.</strong></span> <span class='ocrx_word' id='word_1_490' title='bbox 1220 4223 1276 4277; x_wconf 93' lang='lat' dir='ltr'><strong>ln</strong></span> <span class='ocrx_word' id='word_1_491' title='bbox 1320 4237 1458 4289; x_wconf 60' lang='lat' dir='ltr'><strong>aevo,</strong></span> <span class='ocrx_word' id='word_1_492' title='bbox 1486 4223 1537 4276; x_wconf 92' lang='lat' dir='ltr'><strong>in</strong></span> <span class='ocrx_word' id='word_1_493' title='bbox 1567 4224 1699 4278; x_wconf 90' lang='lat' dir='ltr'><strong>orbe</strong></span> <span class='ocrx_word' id='word_1_494' title='bbox 1746 4231 1924 4288; x_wconf 72' lang='lat' dir='ltr'><strong>terrae,</strong></span> <span class='ocrx_word' id='word_1_495' title='bbox 1959 4223 2010 4278; x_wconf 92' lang='lat' dir='ltr'><strong>in</strong></span> 
     </span>
    </p>
   </div>
   <div class='ocr_carea' id='block_1_77' title="bbox 413 4301 916 4360">
    <p class='ocr_par' dir='ltr' id='par_1_77' title="bbox 413 4301 916 4360">
     <span class='ocr_line' id='line_1_77' title="bbox 413 4301 916 4360; baseline -0.02 -1"><span class='ocrx_word' id='word_1_496' title='bbox 413 4305 517 4360; x_wconf 86' lang='lat' dir='ltr'><strong>hoc</strong></span> <span class='ocrx_word' id='word_1_497' title='bbox 545 4302 766 4357; x_wconf 90' lang='lat' dir='ltr'><strong>mundo.</strong></span> <span class='ocrx_word' id='word_1_498' title='bbox 798 4301 916 4354; x_wconf 82' lang='lat' dir='ltr'><strong>Rto.</strong></span> 
     </span>
    </p>
   </div>
   <div class='ocr_carea' id='block_1_78' title="bbox 487 4364 2010 4436">
    <p class='ocr_par' dir='ltr' id='par_1_78' title="bbox 487 4364 2010 4436">
     <span class='ocr_line' id='line_1_78' title="bbox 487 4364 2010 4436; baseline -0.005 -7"><span class='ocrx_word' id='word_1_499' title='bbox 487 4374 744 4429; x_wconf 71' lang='lat' dir='ltr'><strong>Comum</strong></span> <span class='ocrx_word' id='word_1_500' title='bbox 758 4367 1188 4436; x_wconf 62' lang='lat' dir='ltr'><strong>DEIONUI.QII.’D</strong></span> <span class='ocrx_word' id='word_1_501' title='bbox 1209 4374 1500 4419; x_wconf 87' lang='lat' dir='ltr'><strong>narrantur</strong></span> <span class='ocrx_word' id='word_1_502' title='bbox 1521 4365 1634 4420; x_wconf 73' lang='lat' dir='ltr'><strong>lucc</strong></span> <span class='ocrx_word' id='word_1_503' title='bbox 1651 4364 2010 4436; x_wconf 80' lang='lat' dir='ltr'><strong>Instructione</strong></span> 
     </span>
    </p>
   </div>
   <div class='ocr_carea' id='block_1_79' title="bbox 415 4435 2010 4516">
    <p class='ocr_par' dir='ltr' id='par_1_79' title="bbox 415 4435 2010 4516">
     <span class='ocr_line' id='line_1_79' title="bbox 415 4435 2010 4516; baseline -0.006 -15"><span class='ocrx_word' id='word_1_504' title='bbox 415 4447 484 4501; x_wconf 91' lang='lat' dir='ltr'><strong>de</strong></span> <span class='ocrx_word' id='word_1_505' title='bbox 516 4446 729 4516; x_wconf 85' lang='lat' dir='ltr'><strong>Angelis</strong></span> <span class='ocrx_word' id='word_1_506' title='bbox 757 4441 1017 4516; x_wconf 88' lang='lat' dir='ltr'><strong>apostatis</strong></span> <span class='ocrx_word' id='word_1_507' title='bbox 1050 4435 1169 4516; x_wconf 72' lang='lat' dir='ltr'><strong>sive</strong></span> <span class='ocrx_word' id='word_1_508' title='bbox 1195 4437 1586 4516; x_wconf 76' lang='lat' dir='ltr'><strong>desertoribus,</strong></span> <span class='ocrx_word' id='word_1_509' title='bbox 1619 4435 1760 4490; x_wconf 89' lang='lat' dir='ltr'><strong>unde</strong></span> <span class='ocrx_word' id='word_1_510' title='bbox 1793 4441 1900 4516; x_wconf 70' lang='lat' dir='ltr'><strong>nati</strong></span> <span class='ocrx_word' id='word_1_511' title='bbox 1933 4440 2010 4516; x_wconf 86' lang='lat' dir='ltr'><strong>gi-</strong></span> 
     </span>
    </p>
   </div>
   <div class='ocr_carea' id='block_1_80' title="bbox 413 4509 2012 4586">
    <p class='ocr_par' dir='ltr' id='par_1_80' title="bbox 413 4509 2012 4586">
     <span class='ocr_line' id='line_1_80' title="bbox 413 4509 2012 4586; baseline -0.006 -15"><span class='ocrx_word' id='word_1_512' title='bbox 413 4509 626 4586; x_wconf 57' lang='lat' dir='ltr'><strong>gantes:</strong></span> <span class='ocrx_word' id='word_1_513' title='bbox 658 4530 721 4569; x_wconf 89' lang='lat' dir='ltr'><strong>ac</strong></span> <span class='ocrx_word' id='word_1_514' title='bbox 768 4509 835 4586; x_wconf 81' lang='lat' dir='ltr'><strong>de</strong></span> <span class='ocrx_word' id='word_1_515' title='bbox 866 4510 1486 4586; x_wconf 29' lang='lat' dir='ltr'><strong>gigantibusAdtetnones</strong></span> <span class='ocrx_word' id='word_1_516' title='bbox 1513 4519 1762 4586; x_wconf 75' lang='lat' dir='ltr'><strong>auctores</strong></span> <span class='ocrx_word' id='word_1_517' title='bbox 1793 4509 2012 4586; x_wconf 74' lang='lat' dir='ltr'><strong>simula-</strong></span> 
     </span>
    </p>
   </div>
   <div class='ocr_carea' id='block_1_81' title="bbox 415 4577 2002 4651">
    <p class='ocr_par' dir='ltr' id='par_1_81' title="bbox 415 4577 2002 4651">
     <span class='ocr_line' id='line_1_81' title="bbox 415 4577 2002 4651; baseline -0.005 -8"><span class='ocrx_word' id='word_1_518' title='bbox 415 4577 634 4643; x_wconf 61' lang='lat' dir='ltr'><strong>crorum</strong></span> <span class='ocrx_word' id='word_1_519' title='bbox 656 4595 708 4640; x_wconf 85' lang='lat' dir='ltr'><strong>et</strong></span> <span class='ocrx_word' id='word_1_520' title='bbox 734 4577 1017 4646; x_wconf 63' lang='lat' dir='ltr'><strong>idolatria},</strong></span> <span class='ocrx_word' id='word_1_521' title='bbox 1044 4581 1332 4651; x_wconf 86' lang='lat' dir='ltr'><strong>peculiaria</strong></span> <span class='ocrx_word' id='word_1_522' title='bbox 1357 4578 1471 4651; x_wconf 72' lang='lat' dir='ltr'><strong>fere</strong></span> <span class='ocrx_word' id='word_1_523' title='bbox 1500 4589 1624 4651; x_wconf 79' lang='lat' dir='ltr'><strong>sunt</strong></span> <span class='ocrx_word' id='word_1_524' title='bbox 1652 4577 2002 4635; x_wconf 88' lang='lat' dir='ltr'><strong>Comodiano.</strong></span> 
     </span>
    </p>
   </div>
   <div class='ocr_carea' id='block_1_82' title="bbox 414 4650 2008 4722">
    <p class='ocr_par' dir='ltr' id='par_1_82' title="bbox 414 4650 2008 4722">
     <span class='ocr_line' id='line_1_82' title="bbox 414 4650 2008 4722; baseline -0.004 -9"><span class='ocrx_word' id='word_1_525' title='bbox 414 4659 527 4713; x_wconf 87' lang='lat' dir='ltr'><strong>Etsi</strong></span> <span class='ocrx_word' id='word_1_526' title='bbox 559 4657 720 4713; x_wconf 89' lang='lat' dir='ltr'><strong>nolim</strong></span> <span class='ocrx_word' id='word_1_527' title='bbox 773 4650 1181 4722; x_wconf 79' lang='lat' dir='ltr'><strong>insitiari,qu:e</strong></span> <span class='ocrx_word' id='word_1_528' title='bbox 1210 4659 1335 4705; x_wconf 88' lang='lat' dir='ltr'><strong>sunt</strong></span> <span class='ocrx_word' id='word_1_529' title='bbox 1377 4650 1476 4722; x_wconf 87' lang='lat' dir='ltr'><strong>hac</strong></span> <span class='ocrx_word' id='word_1_530' title='bbox 1499 4650 1704 4722; x_wconf 78' lang='lat' dir='ltr'><strong>derea</strong></span> <span class='ocrx_word' id='word_1_531' title='bbox 1739 4653 2008 4706; x_wconf 85' lang='lat' dir='ltr'><strong>veteribus</strong></span> 
     </span>
    </p>
   </div>
   <div class='ocr_carea' id='block_1_83' title="bbox 2116 3443 3724 3528">
    <p class='ocr_par' dir='ltr' id='par_1_83' title="bbox 2116 3443 3724 3528">
     <span class='ocr_line' id='line_1_83' title="bbox 2116 3443 3724 3528; baseline -0.001 -32"><span class='ocrx_word' id='word_1_532' title='bbox 2116 3445 2395 3528; x_wconf 50' lang='grc' dir='ltr'><strong>ξίοιγέντες,</strong></span> <span class='ocrx_word' id='word_1_533' title='bbox 2417 3444 2674 3528; x_wconf 67' lang='grc' dir='ltr'><strong>ύξξριστάς</strong></span> <span class='ocrx_word' id='word_1_534' title='bbox 2704 3443 2972 3528; x_wconf 52' lang='grc' dir='ltr'><strong>έγέννήξὰν</strong></span> <span class='ocrx_word' id='word_1_535' title='bbox 3002 3443 3201 3528; x_wconf 42' lang='lat' dir='ltr'><strong>«mea;</strong></span> <span class='ocrx_word' id='word_1_536' title='bbox 3243 3443 3346 3525; x_wconf 80' lang='lat' dir='ltr'><strong>Sic_</strong></span> <span class='ocrx_word' id='word_1_537' title='bbox 3366 3443 3491 3496; x_wconf 78' lang='lat' dir='ltr'><strong>item</strong></span> <span class='ocrx_word' id='word_1_538' title='bbox 3523 3452 3724 3528; x_wconf 60' lang='lat' dir='ltr'><strong>attetur</strong></span> 
     </span>
    </p>
   </div>
   <div class='ocr_carea' id='block_1_84' title="bbox 2121 3513 3725 3570">
    <p class='ocr_par' dir='ltr' id='par_1_84' title="bbox 2121 3513 3725 3570">
     <span class='ocr_line' id='line_1_84' title="bbox 2121 3513 3725 3570; baseline -0.001 -5"><span class='ocrx_word' id='word_1_539' title='bbox 2121 3513 2424 3568; x_wconf 82' lang='lat' dir='ltr'><strong>&#39;l&#39;estament.</strong></span> <span class='ocrx_word' id='word_1_540' title='bbox 2461 3513 2751 3568; x_wconf 34' lang='lat' dir='ltr'><strong>Patriarc/t&#39;.</strong></span> <span class='ocrx_word' id='word_1_541' title='bbox 2786 3517 2836 3568; x_wconf 93' lang='lat' dir='ltr'><strong>in</strong></span> <span class='ocrx_word' id='word_1_542' title='bbox 2871 3515 3109 3570; x_wconf 72' lang='lat' dir='ltr'><strong>Testam.</strong></span> <span class='ocrx_word' id='word_1_543' title='bbox 3139 3515 3380 3568; x_wconf 68' lang='lat' dir='ltr'><strong>liubeuis</strong></span> <span class='ocrx_word' id='word_1_544' title='bbox 3407 3529 3455 3568; x_wconf 92' lang='lat' dir='ltr'><strong>c.</strong></span> <span class='ocrx_word' id='word_1_545' title='bbox 3491 3529 3540 3566; x_wconf 92' lang='lat' dir='ltr'><strong>v.</strong></span> <span class='ocrx_word' id='word_1_546' title='bbox 3563 3513 3725 3567; x_wconf 76' lang='lat' dir='ltr'><strong>Alio-</strong></span> 
     </span>
    </p>
   </div>
   <div class='ocr_carea' id='block_1_85' title="bbox 2113 3582 3723 3653">
    <p class='ocr_par' dir='ltr' id='par_1_85' title="bbox 2113 3582 3723 3653">
     <span class='ocr_line' id='line_1_85' title="bbox 2113 3582 3723 3653; baseline 0.001 -16"><span class='ocrx_word' id='word_1_547' title='bbox 2113 3601 2228 3637; x_wconf 87' lang='lat' dir='ltr'><strong>rum</strong></span> <span class='ocrx_word' id='word_1_548' title='bbox 2261 3587 2590 3653; x_wconf 79' lang='lat' dir='ltr'><strong>seriptorum</strong></span> <span class='ocrx_word' id='word_1_549' title='bbox 2631 3587 2780 3640; x_wconf 87' lang='lat' dir='ltr'><strong>locos</strong></span> <span class='ocrx_word' id='word_1_550' title='bbox 2812 3586 3067 3641; x_wconf 77' lang='lat' dir='ltr'><strong>indicavit</strong></span> <span class='ocrx_word' id='word_1_551' title='bbox 3101 3587 3375 3643; x_wconf 83' lang='lat' dir='ltr'><strong>Pamelius</strong></span> <span class='ocrx_word' id='word_1_552' title='bbox 3401 3585 3466 3640; x_wconf 88' lang='lat' dir='ltr'><strong>ad</strong></span> <span class='ocrx_word' id='word_1_553' title='bbox 3495 3582 3723 3639; x_wconf 79' lang='lat' dir='ltr'><strong>Tertul-</strong></span> 
     </span>
    </p>
   </div>
   <div class='ocr_carea' id='block_1_86' title="bbox 2113 3655 2824 3712">
    <p class='ocr_par' dir='ltr' id='par_1_86' title="bbox 2113 3655 2824 3712">
     <span class='ocr_line' id='line_1_86' title="bbox 2113 3655 2824 3712; baseline 0.003 -4"><span class='ocrx_word' id='word_1_554' title='bbox 2113 3655 2240 3708; x_wconf 80' lang='lat' dir='ltr'><strong>iiaui</strong></span> <span class='ocrx_word' id='word_1_555' title='bbox 2270 3657 2533 3710; x_wconf 71' lang='lat' dir='ltr'><strong>l‘aradox.</strong></span> <span class='ocrx_word' id='word_1_556' title='bbox 2567 3656 2605 3708; x_wconf 95' lang='grc' dir='ltr'><strong>Ι.</strong></span> <span class='ocrx_word' id='word_1_557' title='bbox 2641 3657 2824 3712; x_wconf 79' lang='lat' dir='ltr'><strong>DAVIS.</strong></span> 
     </span>
    </p>
   </div>
   <div class='ocr_carea' id='block_1_87' title="bbox 2183 3726 3719 3794">
    <p class='ocr_par' dir='ltr' id='par_1_87' title="bbox 2183 3726 3719 3794">
     <span class='ocr_line' id='line_1_87' title="bbox 2183 3726 3719 3794; baseline 0.001 -13"><span class='ocrx_word' id='word_1_558' title='bbox 2183 3726 2321 3781; x_wconf 67' lang='lat' dir='ltr'><strong>Caelo</strong></span> <span class='ocrx_word' id='word_1_559' title='bbox 2353 3728 2538 3781; x_wconf 77' lang='lat' dir='ltr'><strong>redire.</strong></span> <span class='ocrx_word' id='word_1_560' title='bbox 2576 3727 2630 3781; x_wconf 93' lang='lat' dir='ltr'><strong>In</strong></span> <span class='ocrx_word' id='word_1_561' title='bbox 2656 3729 3184 3792; x_wconf 68' lang='lat' dir='ltr'><strong>CtBIllﬂLVlRGILlC-S,</strong></span> <span class='ocrx_word' id='word_1_562' title='bbox 3221 3727 3442 3782; x_wconf 72' lang='lat' dir='ltr'><strong>Ai&#39;neid.</strong></span> <span class='ocrx_word' id='word_1_563' title='bbox 3475 3743 3550 3794; x_wconf 74' lang='lat' dir='ltr'><strong>si,</strong></span> <span class='ocrx_word' id='word_1_564' title='bbox 3584 3727 3719 3783; x_wconf 77' lang='grc'><strong>191.</strong></span> 
     </span>
    </p>
   </div>
   <div class='ocr_carea' id='block_1_88' title="bbox 2237 3859 3555 3925">
    <p class='ocr_par' dir='ltr' id='par_1_88' title="bbox 2237 3859 3555 3925">
     <span class='ocr_line' id='line_1_88' title="bbox 2237 3859 3555 3925; baseline 0.002 -17"><span class='ocrx_word' id='word_1_565' title='bbox 2237 3859 2279 3908; x_wconf 88' lang='lat' dir='ltr'><strong>lt</strong></span> <span class='ocrx_word' id='word_1_566' title='bbox 2301 3860 2425 3910; x_wconf 76' lang='lat' dir='ltr'><strong>coelo</strong></span> <span class='ocrx_word' id='word_1_567' title='bbox 2448 3860 2649 3921; x_wconf 89' lang='lat' dir='ltr'><strong>clamor,</strong></span> <span class='ocrx_word' id='word_1_568' title='bbox 2678 3867 2938 3925; x_wconf 86' lang='lat' dir='ltr'><strong>virumque</strong></span> <span class='ocrx_word' id='word_1_569' title='bbox 2963 3861 3267 3924; x_wconf 79' lang='lat' dir='ltr'><strong>clangorque</strong></span> <span class='ocrx_word' id='word_1_570' title='bbox 3305 3861 3555 3911; x_wconf 86' lang='lat' dir='ltr'><strong>tubarum.</strong></span> 
     </span>
    </p>
   </div>
   <div class='ocr_carea' id='block_1_89' title="bbox 2107 4008 3716 4083">
    <p class='ocr_par' dir='ltr' id='par_1_89' title="bbox 2107 4008 3716 4083">
     <span class='ocr_line' id='line_1_89' title="bbox 2107 4008 3716 4083; baseline 0.008 -23"><span class='ocrx_word' id='word_1_571' title='bbox 2107 4008 2349 4083; x_wconf 46' lang='lat' dir='ltr'><strong>Sicanio</strong></span> <span class='ocrx_word' id='word_1_572' title='bbox 2378 4020 2610 4083; x_wconf 78' lang='lat' dir='ltr'><strong>receptus</strong></span> <span class='ocrx_word' id='word_1_573' title='bbox 2663 4012 2802 4081; x_wconf 89' lang='lat' dir='ltr'><strong>apud</strong></span> <span class='ocrx_word' id='word_1_574' title='bbox 2838 4012 3146 4076; x_wconf 76' lang='lat' dir='ltr'><strong>Plirdrum,</strong></span> <span class='ocrx_word' id='word_1_575' title='bbox 3186 4013 3217 4066; x_wconf 91' lang='grc' dir='ltr'><strong>Ι.</strong></span> <span class='ocrx_word' id='word_1_576' title='bbox 3255 4030 3325 4067; x_wconf 85' lang='lat' dir='ltr'><strong>tv.</strong></span> <span class='ocrx_word' id='word_1_577' title='bbox 3376 4013 3509 4070; x_wconf 86' lang='lat' dir='ltr'><strong>Fab.</strong></span> <span class='ocrx_word' id='word_1_578' title='bbox 3544 4031 3626 4083; x_wconf 69' lang='grc' dir='ltr'><strong>ιι,</strong></span> <span class='ocrx_word' id='word_1_579' title='bbox 3656 4017 3716 4073; x_wconf 80' lang='lat'><strong>3.</strong></span> 
     </span>
    </p>
   </div>
   <div class='ocr_carea' id='block_1_90' title="bbox 2115 4079 3678 4154">
    <p class='ocr_par' dir='ltr' id='par_1_90' title="bbox 2115 4079 3678 4154">
     <span class='ocr_line' id='line_1_90' title="bbox 2115 4079 3678 4154; baseline 0.006 -21"><span class='ocrx_word' id='word_1_580' title='bbox 2115 4079 2247 4154; x_wconf 64' lang='lat' dir='ltr'><strong>Vid.</strong></span> <span class='ocrx_word' id='word_1_581' title='bbox 2267 4081 2462 4134; x_wconf 84' lang='lat' dir='ltr'><strong>Thom.</strong></span> <span class='ocrx_word' id='word_1_582' title='bbox 2499 4079 2844 4138; x_wconf 82' lang='lat' dir='ltr'><strong>Munckerum</strong></span> <span class='ocrx_word' id='word_1_583' title='bbox 2872 4085 2934 4136; x_wconf 88' lang='lat' dir='ltr'><strong>ad</strong></span> <span class='ocrx_word' id='word_1_584' title='bbox 2972 4084 3162 4154; x_wconf 78' lang='lat' dir='ltr'><strong>Hygini</strong></span> <span class='ocrx_word' id='word_1_585' title='bbox 3198 4084 3328 4139; x_wconf 85' lang='lat' dir='ltr'><strong>Fab.</strong></span> <span class='ocrx_word' id='word_1_586' title='bbox 3363 4103 3450 4139; x_wconf 82' lang='lat' dir='ltr'><strong>xv.</strong></span> <span class='ocrx_word' id='word_1_587' title='bbox 3490 4079 3678 4144; x_wconf 70' lang='lat' dir='ltr'><strong>Davis.</strong></span> 
     </span>
    </p>
   </div>
   <div class='ocr_carea' id='block_1_91' title="bbox 2185 4152 3723 4223">
    <p class='ocr_par' dir='ltr' id='par_1_91' title="bbox 2185 4152 3723 4223">
     <span class='ocr_line' id='line_1_91' title="bbox 2185 4152 3723 4223; baseline 0.008 -21"><span class='ocrx_word' id='word_1_588' title='bbox 2185 4152 2260 4204; x_wconf 80' lang='lat' dir='ltr'><strong>Ab</strong></span> <span class='ocrx_word' id='word_1_589' title='bbox 2289 4154 2416 4222; x_wconf 82' lang='lat' dir='ltr'><strong>ipsis</strong></span> <span class='ocrx_word' id='word_1_590' title='bbox 2446 4155 2497 4206; x_wconf 88' lang='lat' dir='ltr'><strong>in</strong></span> <span class='ocrx_word' id='word_1_591' title='bbox 2525 4164 2658 4206; x_wconf 85' lang='lat' dir='ltr'><strong>terra</strong></span> <span class='ocrx_word' id='word_1_592' title='bbox 2685 4165 2838 4209; x_wconf 85' lang='lat' dir='ltr'><strong>artes.</strong></span> <span class='ocrx_word' id='word_1_593' title='bbox 2872 4152 3356 4223; x_wconf 75' lang='lat' dir='ltr'><strong>Haneopinionem</strong></span> <span class='ocrx_word' id='word_1_594' title='bbox 3386 4173 3449 4212; x_wconf 82' lang='lat' dir='ltr'><strong>ex</strong></span> <span class='ocrx_word' id='word_1_595' title='bbox 3479 4160 3723 4222; x_wconf 83' lang='lat' dir='ltr'><strong>pseude-</strong></span> 
     </span>
    </p>
   </div>
   <div class='ocr_carea' id='block_1_92' title="bbox 2116 4224 3724 4298">
    <p class='ocr_par' dir='ltr' id='par_1_92' title="bbox 2116 4224 3724 4298">
     <span class='ocr_line' id='line_1_92' title="bbox 2116 4224 3724 4298; baseline 0.007 -23"><span class='ocrx_word' id='word_1_596' title='bbox 2116 4224 2670 4298; x_wconf 73' lang='lat' dir='ltr'><strong>nochosumpsertmt</strong></span> <span class='ocrx_word' id='word_1_597' title='bbox 2702 4240 2932 4280; x_wconf 78' lang='lat' dir='ltr'><strong>veteres.</strong></span> <span class='ocrx_word' id='word_1_598' title='bbox 2962 4225 3334 4282; x_wconf 88' lang='lat' dir='ltr'><strong>Tertullianus</strong></span> <span class='ocrx_word' id='word_1_599' title='bbox 3364 4229 3426 4282; x_wconf 81' lang='lat' dir='ltr'><strong>de</strong></span> <span class='ocrx_word' id='word_1_600' title='bbox 3451 4228 3608 4284; x_wconf 84' lang='lat' dir='ltr'><strong>Cultu</strong></span> <span class='ocrx_word' id='word_1_601' title='bbox 3634 4236 3724 4298; x_wconf 81' lang='lat' dir='ltr'><strong>[e-</strong></span> 
     </span>
    </p>
   </div>
   <div class='ocr_carea' id='block_1_93' title="bbox 2116 4295 3725 4368">
    <p class='ocr_par' dir='ltr' id='par_1_93' title="bbox 2116 4295 3725 4368">
     <span class='ocr_line' id='line_1_93' title="bbox 2116 4295 3725 4368; baseline 0.009 -22"><span class='ocrx_word' id='word_1_602' title='bbox 2116 4296 2267 4368; x_wconf 83' lang='lat' dir='ltr'><strong>min..</strong></span> <span class='ocrx_word' id='word_1_603' title='bbox 2297 4295 2330 4347; x_wconf 86' lang='lat' dir='ltr'><strong>l.</strong></span> <span class='ocrx_word' id='word_1_604' title='bbox 2365 4312 2402 4361; x_wconf 90' lang='lat' dir='ltr'><strong>l,</strong></span> <span class='ocrx_word' id='word_1_605' title='bbox 2437 4297 2555 4368; x_wconf 47' lang='grc' dir='ltr'><strong>αεὶ,</strong></span> <span class='ocrx_word' id='word_1_606' title='bbox 2591 4297 2726 4351; x_wconf 87' lang='lat' dir='ltr'><strong>hanc</strong></span> <span class='ocrx_word' id='word_1_607' title='bbox 2757 4299 2808 4351; x_wconf 92' lang='lat' dir='ltr'><strong>in</strong></span> <span class='ocrx_word' id='word_1_608' title='bbox 2843 4313 2954 4353; x_wconf 87' lang='lat' dir='ltr'><strong>rem</strong></span> <span class='ocrx_word' id='word_1_609' title='bbox 2990 4299 3138 4366; x_wconf 82' lang='lat' dir='ltr'><strong>plura</strong></span> <span class='ocrx_word' id='word_1_610' title='bbox 3164 4299 3550 4368; x_wconf 88' lang='lat' dir='ltr'><strong>suppeditabit.</strong></span> <span class='ocrx_word' id='word_1_611' title='bbox 3580 4295 3725 4360; x_wconf 80' lang='lat' dir='ltr'><strong>Vide</strong></span> 
     </span>
    </p>
   </div>
   <div class='ocr_carea' id='block_1_94' title="bbox 2112 4366 2736 4430">
    <p class='ocr_par' dir='ltr' id='par_1_94' title="bbox 2112 4366 2736 4430">
     <span class='ocr_line' id='line_1_94' title="bbox 2112 4366 2736 4430; baseline 0.006 -11"><span class='ocrx_word' id='word_1_612' title='bbox 2112 4377 2163 4419; x_wconf 93' lang='lat' dir='ltr'><strong>ct</strong></span> <span class='ocrx_word' id='word_1_613' title='bbox 2193 4366 2226 4418; x_wconf 93' lang='grc' dir='ltr'><strong>Ι.</strong></span> <span class='ocrx_word' id='word_1_614' title='bbox 2267 4383 2323 4430; x_wconf 89' lang='lat' dir='ltr'><strong>n,</strong></span> <span class='ocrx_word' id='word_1_615' title='bbox 2350 4382 2398 4420; x_wconf 93' lang='lat' dir='ltr'><strong>c.</strong></span> <span class='ocrx_word' id='word_1_616' title='bbox 2437 4367 2525 4420; x_wconf 84' lang='grc'><strong>10.</strong></span> <span class='ocrx_word' id='word_1_617' title='bbox 2560 4369 2736 4423; x_wconf 70' lang='grc' dir='ltr'><strong>[ὶΑνις.</strong></span> 
     </span>
    </p>
   </div>
   <div class='ocr_carea' id='block_1_95' title="bbox 2188 4436 3720 4510">
    <p class='ocr_par' dir='ltr' id='par_1_95' title="bbox 2188 4436 3720 4510">
     <span class='ocr_line' id='line_1_95' title="bbox 2188 4436 3720 4510; baseline 0.007 -19"><span class='ocrx_word' id='word_1_618' title='bbox 2188 4436 2307 4510; x_wconf 52' lang='lat' dir='ltr'><strong>{Van</strong></span> <span class='ocrx_word' id='word_1_619' title='bbox 2361 4440 2556 4492; x_wconf 76' lang='lat' dir='ltr'><strong>censuit</strong></span> <span class='ocrx_word' id='word_1_620' title='bbox 2602 4442 2720 4495; x_wconf 82' lang='lat' dir='ltr'><strong>illos</strong></span> <span class='ocrx_word' id='word_1_621' title='bbox 2766 4441 2943 4510; x_wconf 85' lang='lat' dir='ltr'><strong>recipi.</strong></span> <span class='ocrx_word' id='word_1_622' title='bbox 2993 4440 3325 4503; x_wconf 86' lang='lat' dir='ltr'><strong>Lactantius,</strong></span> <span class='ocrx_word' id='word_1_623' title='bbox 3360 4443 3397 4498; x_wconf 95' lang='lat' dir='ltr'><strong>l.</strong></span> <span class='ocrx_word' id='word_1_624' title='bbox 3430 4461 3488 4510; x_wconf 84' lang='lat' dir='ltr'><strong>tr,</strong></span> <span class='ocrx_word' id='word_1_625' title='bbox 3517 4460 3567 4499; x_wconf 90' lang='lat' dir='ltr'><strong>c.</strong></span> <span class='ocrx_word' id='word_1_626' title='bbox 3596 4462 3720 4502; x_wconf 74' lang='lat' dir='ltr'><strong>xw.</strong></span> 
     </span>
    </p>
   </div>
   <div class='ocr_carea' id='block_1_96' title="bbox 2118 4509 3719 4586">
    <p class='ocr_par' dir='ltr' id='par_1_96' title="bbox 2118 4509 3719 4586">
     <span class='ocr_line' id='line_1_96' title="bbox 2118 4509 3719 4586; baseline 0.007 -26"><span class='ocrx_word' id='word_1_627' title='bbox 2118 4529 2136 4560; x_wconf 73' lang='grc' dir='ltr'>ι</span> <span class='ocrx_word' id='word_1_628' title='bbox 2175 4509 2308 4562; x_wconf 88' lang='lat' dir='ltr'><strong>Tmu</strong></span> <span class='ocrx_word' id='word_1_629' title='bbox 2344 4510 2392 4562; x_wconf 90' lang='lat' dir='ltr'><strong>in</strong></span> <span class='ocrx_word' id='word_1_630' title='bbox 2415 4512 2610 4586; x_wconf 60' lang='lat' dir='ltr'><strong>coelum</strong></span> <span class='ocrx_word' id='word_1_631' title='bbox 2635 4514 2704 4586; x_wconf 86' lang='lat' dir='ltr'><strong>ob</strong></span> <span class='ocrx_word' id='word_1_632' title='bbox 2735 4509 2953 4586; x_wconf 87' lang='lat' dir='ltr'><strong>peccata</strong></span> <span class='ocrx_word' id='word_1_633' title='bbox 2988 4513 3184 4579; x_wconf 87' lang='lat' dir='ltr'><strong>quibus</strong></span> <span class='ocrx_word' id='word_1_634' title='bbox 3210 4527 3269 4586; x_wconf 79' lang='lat' dir='ltr'><strong>se</strong></span> <span class='ocrx_word' id='word_1_635' title='bbox 3300 4514 3719 4586; x_wconf 75' lang='lat' dir='ltr'><strong>inmerserant,</strong></span> 
     </span>
    </p>
   </div>
   <div class='ocr_carea' id='block_1_97' title="bbox 2114 4582 3347 4650">
    <p class='ocr_par' dir='ltr' id='par_1_97' title="bbox 2114 4582 3347 4650">
     <span class='ocr_line' id='line_1_97' title="bbox 2114 4582 3347 4650; baseline 0.003 -16"><span class='ocrx_word' id='word_1_636' title='bbox 2114 4596 2219 4634; x_wconf 91' lang='lat' dir='ltr'><strong>non</strong></span> <span class='ocrx_word' id='word_1_637' title='bbox 2255 4582 2475 4650; x_wconf 87' lang='lat' dir='ltr'><strong>recepti,</strong></span> <span class='ocrx_word' id='word_1_638' title='bbox 2501 4582 2813 4638; x_wconf 81' lang='lat' dir='ltr'><strong>ccenlerunt</strong></span> <span class='ocrx_word' id='word_1_639' title='bbox 2842 4585 2891 4636; x_wconf 90' lang='lat' dir='ltr'><strong>in</strong></span> <span class='ocrx_word' id='word_1_640' title='bbox 2925 4594 3143 4639; x_wconf 89' lang='lat' dir='ltr'><strong>terram.</strong></span> <span class='ocrx_word' id='word_1_641' title='bbox 3178 4603 3196 4634; x_wconf 73' lang='grc' dir='ltr'><strong><em>ι</em></strong></span> <span class='ocrx_word' id='word_1_642' title='bbox 3227 4584 3347 4640; x_wconf 71' lang='grc' dir='ltr'><strong>Βία.</strong></span> 
     </span>
    </p>
   </div>
   <div class='ocr_carea' id='block_1_98' title="bbox 2186 4651 3722 4724">
    <p class='ocr_par' dir='ltr' id='par_1_98' title="bbox 2186 4651 3722 4724">
     <span class='ocr_line' id='line_1_98' title="bbox 2186 4651 3722 4724; baseline 0.007 -19"><span class='ocrx_word' id='word_1_643' title='bbox 2186 4651 2498 4724; x_wconf 77' lang='lat' dir='ltr'><strong>Subverttmt</strong></span> <span class='ocrx_word' id='word_1_644' title='bbox 2551 4671 2767 4724; x_wconf 88' lang='lat' dir='ltr'><strong>corpora</strong></span> <span class='ocrx_word' id='word_1_645' title='bbox 2814 4655 2994 4709; x_wconf 82' lang='lat' dir='ltr'><strong>multa.</strong></span> <span class='ocrx_word' id='word_1_646' title='bbox 3042 4655 3194 4723; x_wconf 86' lang='lat' dir='ltr'><strong>Quod</strong></span> <span class='ocrx_word' id='word_1_647' title='bbox 3227 4659 3342 4711; x_wconf 86' lang='lat' dir='ltr'><strong>lieri</strong></span> <span class='ocrx_word' id='word_1_648' title='bbox 3390 4659 3631 4714; x_wconf 77' lang='lat' dir='ltr'><strong>creditur</strong></span> <span class='ocrx_word' id='word_1_649' title='bbox 3661 4661 3722 4716; x_wconf 87' lang='lat' dir='ltr'><strong>in</strong></span> 
     </span>
    </p>
   </div>
   <div class='ocr_carea' id='block_1_99' title="bbox 414 4720 3719 4801">
    <p class='ocr_par' dir='ltr' id='par_1_99' title="bbox 414 4720 3719 4801">
     <span class='ocr_line' id='line_1_99' title="bbox 414 4720 3719 4801; baseline 0 -16"><span class='ocrx_word' id='word_1_650' title='bbox 414 4728 736 4785; x_wconf 85' lang='lat' dir='ltr'><strong>Christianis</strong></span> <span class='ocrx_word' id='word_1_651' title='bbox 759 4726 974 4801; x_wconf 80' lang='lat' dir='ltr'><strong>tradita,</strong></span> <span class='ocrx_word' id='word_1_652' title='bbox 1007 4720 1265 4801; x_wconf 36' lang='lat' dir='ltr'><strong>origin-em</strong></span> <span class='ocrx_word' id='word_1_653' title='bbox 1297 4721 1523 4801; x_wconf 62' lang='lat' dir='ltr'><strong>traxisse</strong></span> <span class='ocrx_word' id='word_1_654' title='bbox 1549 4720 1618 4801; x_wconf 75' lang='lat' dir='ltr'><strong>de</strong></span> <span class='ocrx_word' id='word_1_655' title='bbox 1648 4720 1785 4801; x_wconf 70' lang='lat' dir='ltr'><strong>libro</strong></span> <span class='ocrx_word' id='word_1_656' title='bbox 1822 4721 2009 4801; x_wconf 67' lang='lat' dir='ltr'><strong>Euoeh</strong></span> <span class='ocrx_word' id='word_1_657' title='bbox 2037 4721 2087 4780; x_wconf 87' lang='lat' dir='ltr'><strong>D</strong></span> <span class='ocrx_word' id='word_1_658' title='bbox 2114 4723 2434 4801; x_wconf 59' lang='lat' dir='ltr'><strong>eatlucartis,</strong></span> <span class='ocrx_word' id='word_1_659' title='bbox 2461 4720 2787 4801; x_wconf 53' lang='lat' dir='ltr'><strong>epilep&#39;ticis.</strong></span> <span class='ocrx_word' id='word_1_660' title='bbox 2824 4720 3082 4801; x_wconf 31' lang='lat' dir='ltr'><strong>August...</strong></span> <span class='ocrx_word' id='word_1_661' title='bbox 3111 4727 3144 4782; x_wconf 93' lang='lat' dir='ltr'><strong>l.</strong></span> <span class='ocrx_word' id='word_1_662' title='bbox 3178 4727 3245 4779; x_wconf 89' lang='lat' dir='ltr'><strong>de</strong></span> <span class='ocrx_word' id='word_1_663' title='bbox 3292 4727 3455 4783; x_wconf 85' lang='lat' dir='ltr'><strong>Beata</strong></span> <span class='ocrx_word' id='word_1_664' title='bbox 3488 4732 3620 4795; x_wconf 86' lang='lat' dir='ltr'><strong>vita,</strong></span> <span class='ocrx_word' id='word_1_665' title='bbox 3658 4748 3719 4801; x_wconf 91' lang='lat' dir='ltr'><strong>p.</strong></span> 
     </span>
    </p>
   </div>
   <div class='ocr_carea' id='block_1_100' title="bbox 417 4791 2006 4871">
    <p class='ocr_par' dir='ltr' id='par_1_100' title="bbox 417 4791 2006 4871">
     <span class='ocr_line' id='line_1_100' title="bbox 417 4791 2006 4871; baseline -0.003 -19"><span class='ocrx_word' id='word_1_666' title='bbox 417 4801 730 4871; x_wconf 79' lang='lat' dir='ltr'><strong>apocrypha</strong></span> <span class='ocrx_word' id='word_1_667' title='bbox 761 4796 941 4871; x_wconf 74' lang='lat' dir='ltr'><strong>;_unde</strong></span> <span class='ocrx_word' id='word_1_668' title='bbox 987 4791 1186 4871; x_wconf 67' lang='lat' dir='ltr'><strong>aliquid</strong></span> <span class='ocrx_word' id='word_1_669' title='bbox 1230 4803 1404 4871; x_wconf 77' lang='lat' dir='ltr'><strong>tamen</strong></span> <span class='ocrx_word' id='word_1_670' title='bbox 1438 4792 1629 4846; x_wconf 83' lang='lat' dir='ltr'><strong>Paulus</strong></span> <span class='ocrx_word' id='word_1_671' title='bbox 1661 4791 1776 4871; x_wconf 77' lang='lat' dir='ltr'><strong>ipse</strong></span> <span class='ocrx_word' id='word_1_672' title='bbox 1805 4795 2006 4849; x_wconf 90' lang='lat' dir='ltr'><strong>citavit.</strong></span> 
     </span>
    </p>
   </div>
   <div class='ocr_carea' id='block_1_101' title="bbox 414 4863 2004 4935">
    <p class='ocr_par' dir='ltr' id='par_1_101' title="bbox 414 4863 2004 4935">
     <span class='ocr_line' id='line_1_101' title="bbox 414 4863 2004 4935; baseline -0.004 -9"><span class='ocrx_word' id='word_1_673' title='bbox 414 4863 519 4927; x_wconf 74' lang='lat' dir='ltr'><strong>Sed</strong></span> <span class='ocrx_word' id='word_1_674' title='bbox 553 4863 656 4924; x_wconf 80' lang='lat' dir='ltr'><strong>tam</strong></span> <span class='ocrx_word' id='word_1_675' title='bbox 688 4869 834 4923; x_wconf 81' lang='lat' dir='ltr'><strong>varia</strong></span> <span class='ocrx_word' id='word_1_676' title='bbox 864 4881 1024 4935; x_wconf 88' lang='lat' dir='ltr'><strong>super</strong></span> <span class='ocrx_word' id='word_1_677' title='bbox 1048 4865 1196 4918; x_wconf 86' lang='lat' dir='ltr'><strong>hisce</strong></span> <span class='ocrx_word' id='word_1_678' title='bbox 1226 4879 1290 4918; x_wconf 89' lang='lat' dir='ltr'><strong>ac</strong></span> <span class='ocrx_word' id='word_1_679' title='bbox 1336 4864 1545 4924; x_wconf 71' lang='lat' dir='ltr'><strong>diversa</strong></span> <span class='ocrx_word' id='word_1_680' title='bbox 1595 4863 1824 4933; x_wconf 83' lang='lat' dir='ltr'><strong>quisque</strong></span> <span class='ocrx_word' id='word_1_681' title='bbox 1855 4881 2004 4919; x_wconf 82' lang='lat' dir='ltr'><strong>corn-</strong></span> 
     </span>
    </p>
   </div>
   <div class='ocr_carea' id='block_1_102' title="bbox 416 4935 2006 5000">
    <p class='ocr_par' dir='ltr' id='par_1_102' title="bbox 416 4935 2006 5000">
     <span class='ocr_line' id='line_1_102' title="bbox 416 4935 2006 5000; baseline -0.007 -5"><span class='ocrx_word' id='word_1_682' title='bbox 416 4951 629 4997; x_wconf 84' lang='lat' dir='ltr'><strong>mentus</strong></span> <span class='ocrx_word' id='word_1_683' title='bbox 658 4951 760 5000; x_wconf 88' lang='lat' dir='ltr'><strong>est,</strong></span> <span class='ocrx_word' id='word_1_684' title='bbox 790 4950 842 4994; x_wconf 90' lang='lat' dir='ltr'><strong>et</strong></span> <span class='ocrx_word' id='word_1_685' title='bbox 871 4939 948 4992; x_wconf 86' lang='lat' dir='ltr'><strong>sic</strong></span> <span class='ocrx_word' id='word_1_686' title='bbox 996 4950 1185 4990; x_wconf 85' lang='lat' dir='ltr'><strong>omnes</strong></span> <span class='ocrx_word' id='word_1_687' title='bbox 1213 4935 1280 4988; x_wconf 89' lang='lat' dir='ltr'><strong>ab</strong></span> <span class='ocrx_word' id='word_1_688' title='bbox 1326 4945 1546 4988; x_wconf 89' lang='lat' dir='ltr'><strong>auctore</strong></span> <span class='ocrx_word' id='word_1_689' title='bbox 1574 4950 1693 4999; x_wconf 76' lang='lat' dir='ltr'><strong>suo,</strong></span> <span class='ocrx_word' id='word_1_690' title='bbox 1745 4945 1797 4995; x_wconf 84' lang='lat' dir='ltr'><strong>et</strong></span> <span class='ocrx_word' id='word_1_691' title='bbox 1822 4938 1918 4990; x_wconf 84' lang='lat' dir='ltr'><strong>abs</strong></span> <span class='ocrx_word' id='word_1_692' title='bbox 1947 4952 2006 4989; x_wconf 88' lang='lat' dir='ltr'><strong>se</strong></span> 
     </span>
    </p>
   </div>
   <div class='ocr_carea' id='block_1_103' title="bbox 412 5005 2005 5076">
    <p class='ocr_par' dir='ltr' id='par_1_103' title="bbox 412 5005 2005 5076">
     <span class='ocr_line' id='line_1_103' title="bbox 412 5005 2005 5076; baseline -0.003 -9"><span class='ocrx_word' id='word_1_693' title='bbox 412 5014 669 5076; x_wconf 86' lang='lat' dir='ltr'><strong>invicem,</strong></span> <span class='ocrx_word' id='word_1_694' title='bbox 701 5009 1046 5072; x_wconf 88' lang='lat' dir='ltr'><strong>dissentiunt,</strong></span> <span class='ocrx_word' id='word_1_695' title='bbox 1083 5017 1140 5061; x_wconf 89' lang='lat' dir='ltr'><strong>ut</strong></span> <span class='ocrx_word' id='word_1_696' title='bbox 1190 5005 1314 5076; x_wconf 90' lang='lat' dir='ltr'><strong>quid</strong></span> <span class='ocrx_word' id='word_1_697' title='bbox 1351 5006 1654 5060; x_wconf 85' lang='lat' dir='ltr'><strong>traditionis</strong></span> <span class='ocrx_word' id='word_1_698' title='bbox 1686 5006 1854 5060; x_wconf 90' lang='lat' dir='ltr'><strong>instar</strong></span> <span class='ocrx_word' id='word_1_699' title='bbox 1883 5010 2005 5073; x_wconf 90' lang='lat' dir='ltr'><strong>poni</strong></span> 
     </span>
    </p>
   </div>
   <div class='ocr_carea' id='block_1_104' title="bbox 412 5077 2007 5154">
    <p class='ocr_par' dir='ltr' id='par_1_104' title="bbox 412 5077 2007 5154">
     <span class='ocr_line' id='line_1_104' title="bbox 412 5077 2007 5154; baseline -0.002 -16"><span class='ocrx_word' id='word_1_700' title='bbox 412 5095 680 5154; x_wconf 89' lang='lat' dir='ltr'><strong>oporteat,</strong></span> <span class='ocrx_word' id='word_1_701' title='bbox 699 5083 850 5136; x_wconf 85' lang='lat' dir='ltr'><strong>valde</strong></span> <span class='ocrx_word' id='word_1_702' title='bbox 873 5082 941 5134; x_wconf 88' lang='lat' dir='ltr'><strong>sit</strong></span> <span class='ocrx_word' id='word_1_703' title='bbox 967 5081 1230 5154; x_wconf 77' lang='lat' dir='ltr'><strong>incertum</strong></span> <span class='ocrx_word' id='word_1_704' title='bbox 1251 5095 1264 5143; x_wconf 92' lang='lat'><strong>;</strong></span> <span class='ocrx_word' id='word_1_705' title='bbox 1284 5089 1479 5154; x_wconf 75' lang='lat' dir='ltr'><strong>prteler</strong></span> <span class='ocrx_word' id='word_1_706' title='bbox 1499 5077 1598 5154; x_wconf 74' lang='lat' dir='ltr'><strong>hoc</strong></span> <span class='ocrx_word' id='word_1_707' title='bbox 1619 5079 2007 5154; x_wconf 83' lang='lat' dir='ltr'><strong>unum_:_valde</strong></span> 
     </span>
    </p>
   </div>
   <div class='ocr_carea' id='block_1_105' title="bbox 413 5147 2006 5218">
    <p class='ocr_par' dir='ltr' id='par_1_105' title="bbox 413 5147 2006 5218">
     <span class='ocr_line' id='line_1_105' title="bbox 413 5147 2006 5218; baseline -0.003 -9"><span class='ocrx_word' id='word_1_708' title='bbox 413 5147 534 5210; x_wconf 79' lang='lat' dir='ltr'><strong>esse</strong></span> <span class='ocrx_word' id='word_1_709' title='bbox 549 5147 892 5209; x_wconf 81' lang='lat' dir='ltr'><strong>temerarium</strong></span> <span class='ocrx_word' id='word_1_710' title='bbox 911 5151 1142 5216; x_wconf 87' lang='lat' dir='ltr'><strong>mortali,</strong></span> <span class='ocrx_word' id='word_1_711' title='bbox 1160 5149 1228 5204; x_wconf 92' lang='lat' dir='ltr'><strong>de</strong></span> <span class='ocrx_word' id='word_1_712' title='bbox 1245 5149 1405 5203; x_wconf 84' lang='lat' dir='ltr'><strong>rebus</strong></span> <span class='ocrx_word' id='word_1_713' title='bbox 1422 5147 1618 5203; x_wconf 88' lang='lat' dir='ltr'><strong>divinis</strong></span> <span class='ocrx_word' id='word_1_714' title='bbox 1639 5149 1839 5218; x_wconf 88' lang='lat' dir='ltr'><strong>aliquid</strong></span> <span class='ocrx_word' id='word_1_715' title='bbox 1859 5166 2006 5205; x_wconf 89' lang='lat' dir='ltr'><strong>asse-</strong></span> 
     </span>
    </p>
   </div>
   <div class='ocr_carea' id='block_1_106' title="bbox 413 5220 1999 5342">
    <p class='ocr_par' dir='ltr' id='par_1_106' title="bbox 413 5220 1999 5342">
     <span class='ocr_line' id='line_1_106' title="bbox 413 5220 1999 5342; baseline -0.003 -61"><span class='ocrx_word' id='word_1_716' title='bbox 413 5242 559 5295; x_wconf 90' lang='lat' dir='ltr'><strong>rere,</strong></span> <span class='ocrx_word' id='word_1_717' title='bbox 579 5227 716 5281; x_wconf 90' lang='lat' dir='ltr'><strong>ultra</strong></span> <span class='ocrx_word' id='word_1_718' title='bbox 741 5223 881 5296; x_wconf 89' lang='lat' dir='ltr'><strong>quod</strong></span> <span class='ocrx_word' id='word_1_719' title='bbox 909 5233 993 5278; x_wconf 90' lang='lat' dir='ltr'><strong>est</strong></span> <span class='ocrx_word' id='word_1_720' title='bbox 1017 5223 1084 5276; x_wconf 93' lang='lat' dir='ltr'><strong>ab</strong></span> <span class='ocrx_word' id='word_1_721' title='bbox 1109 5223 1226 5292; x_wconf 87' lang='lat' dir='ltr'><strong>ipso</strong></span> <span class='ocrx_word' id='word_1_722' title='bbox 1253 5220 1473 5275; x_wconf 90' lang='lat' dir='ltr'><strong>domino</strong></span> <span class='ocrx_word' id='word_1_723' title='bbox 1502 5228 1688 5342; x_wconf 52' lang='lat' dir='ltr'><strong>nltzstro</strong></span> <span class='ocrx_word' id='word_1_724' title='bbox 1707 5223 1999 5291; x_wconf 87' lang='lat' dir='ltr'><strong>proditum.</strong></span> 
     </span>
     <span class='ocr_line' id='line_1_107' title="bbox 1577 5306 1643 5342; baseline -0.03 0"><span class='ocrx_word' id='word_1_725' title='bbox 1577 5306 1643 5342; x_wconf 81' lang='lat' dir='ltr'><strong>re.</strong></span> 
     </span>
    </p>
   </div>
   <div class='ocr_carea' id='block_1_107' title="bbox 1577 5306 1643 5346">
    <p class='ocr_par' dir='ltr' id='par_1_107' title="bbox 1577 5306 1643 5346">
     <span class='ocr_line' id='line_1_108' title="bbox 1577 5306 1643 5346; baseline 0.03 -2"><span class='ocrx_word' id='word_1_726' title='bbox 1577 5306 1643 5346; x_wconf 75' lang='grc' dir='ltr'><strong>Ιϐ-</strong></span> 
     </span>
    </p>
   </div>
   <div class='ocr_carea' id='block_1_108' title="bbox 483 5363 2006 5434">
    <p class='ocr_par' dir='ltr' id='par_1_108' title="bbox 483 5363 2006 5434">
     <span class='ocr_line' id='line_1_109' title="bbox 483 5363 2006 5434; baseline -0.004 -9"><span class='ocrx_word' id='word_1_727' title='bbox 483 5369 609 5425; x_wconf 81' lang='lat' dir='ltr'><strong>Cum</strong></span> <span class='ocrx_word' id='word_1_728' title='bbox 634 5368 771 5422; x_wconf 79' lang='lat' dir='ltr'><strong>Deus</strong></span> <span class='ocrx_word' id='word_1_729' title='bbox 784 5369 1103 5434; x_wconf 83' lang='lat' dir='ltr'><strong>omnipotens</strong></span> <span class='ocrx_word' id='word_1_730' title='bbox 1122 5372 1389 5418; x_wconf 71' lang='lat' dir='ltr'><strong>exornaret</strong></span> <span class='ocrx_word' id='word_1_731' title='bbox 1408 5363 1862 5434; x_wconf 60' lang='lat' dir='ltr'><strong>ntundinuturam.</strong></span> <span class='ocrx_word' id='word_1_732' title='bbox 1883 5366 2006 5420; x_wconf 77' lang='grc' dir='ltr'><strong>Κόσ-</strong></span> 
     </span>
    </p>
   </div>
   <div class='ocr_carea' id='block_1_109' title="bbox 410 5432 2004 5514">
    <p class='ocr_par' dir='ltr' id='par_1_109' title="bbox 410 5432 2004 5514">
     <span class='ocr_line' id='line_1_110' title="bbox 410 5432 2004 5514; baseline -0.003 -18"><span class='ocrx_word' id='word_1_733' title='bbox 410 5463 504 5514; x_wconf 84' lang='grc' dir='ltr'><strong>μον</strong></span> <span class='ocrx_word' id='word_1_734' title='bbox 534 5444 798 5511; x_wconf 80' lang='grc' dir='ltr'><strong>κοκμήκας,</strong></span> <span class='ocrx_word' id='word_1_735' title='bbox 834 5432 1004 5514; x_wconf 76' lang='lat' dir='ltr'><strong>stellis</strong></span> <span class='ocrx_word' id='word_1_736' title='bbox 1033 5437 1259 5505; x_wconf 83' lang='lat' dir='ltr'><strong>angelis.</strong></span> <span class='ocrx_word' id='word_1_737' title='bbox 1312 5449 1529 5506; x_wconf 67' lang='lat' dir='ltr'><strong>Kac-pou.</strong></span> <span class='ocrx_word' id='word_1_738' title='bbox 1562 5432 1732 5514; x_wconf 72' lang='lat' dir='ltr'><strong>Gr;c_ci</strong></span> <span class='ocrx_word' id='word_1_739' title='bbox 1786 5439 2004 5514; x_wconf 80' lang='lat' dir='ltr'><strong>nomine</strong></span> 
     </span>
    </p>
   </div>
   <div class='ocr_carea' id='block_1_110' title="bbox 410 5505 2003 5578">
    <p class='ocr_par' dir='ltr' id='par_1_110' title="bbox 410 5505 2003 5578">
     <span class='ocr_line' id='line_1_111' title="bbox 410 5505 2003 5578; baseline -0.001 -15"><span class='ocrx_word' id='word_1_740' title='bbox 410 5505 715 5567; x_wconf 71' lang='lat' dir='ltr'><strong>ornamenti</strong></span> <span class='ocrx_word' id='word_1_741' title='bbox 745 5510 1086 5578; x_wconf 77' lang='lat' dir='ltr'><strong>appellavere</strong></span> <span class='ocrx_word' id='word_1_742' title='bbox 1117 5523 1130 5559; x_wconf 88' lang='lat'><strong>:</strong></span> <span class='ocrx_word' id='word_1_743' title='bbox 1163 5523 1286 5560; x_wconf 90' lang='lat' dir='ltr'><strong>eum</strong></span> <span class='ocrx_word' id='word_1_744' title='bbox 1306 5518 1367 5578; x_wconf 79' lang='lat' dir='ltr'><strong>et</strong></span> <span class='ocrx_word' id='word_1_745' title='bbox 1400 5505 1495 5578; x_wconf 84' lang='lat' dir='ltr'><strong>nos</strong></span> <span class='ocrx_word' id='word_1_746' title='bbox 1524 5520 1553 5578; x_wconf 89' lang='lat' dir='ltr'><strong>a</strong></span> <span class='ocrx_word' id='word_1_747' title='bbox 1581 5505 1812 5578; x_wconf 81' lang='lat' dir='ltr'><strong>perfecta</strong></span> <span class='ocrx_word' id='word_1_748' title='bbox 1842 5509 2003 5562; x_wconf 75' lang='lat' dir='ltr'><strong>abso-</strong></span> 
     </span>
    </p>
   </div>
   <div class='ocr_carea' id='block_1_111' title="bbox 411 5575 2001 5649">
    <p class='ocr_par' dir='ltr' id='par_1_111' title="bbox 411 5575 2001 5649">
     <span class='ocr_line' id='line_1_112' title="bbox 411 5575 2001 5649; baseline -0.003 -12"><span class='ocrx_word' id='word_1_749' title='bbox 411 5584 633 5644; x_wconf 69' lang='lat' dir='ltr'><strong>luta:itte</strong></span> <span class='ocrx_word' id='word_1_750' title='bbox 679 5575 964 5649; x_wconf 74' lang='lat' dir='ltr'><strong>elegantia,</strong></span> <span class='ocrx_word' id='word_1_751' title='bbox 1017 5578 1267 5631; x_wconf 77' lang='lat' dir='ltr'><strong>Mundam</strong></span> <span class='ocrx_word' id='word_1_752' title='bbox 1300 5577 1499 5649; x_wconf 84' lang='lat' dir='ltr'><strong>Plinius</strong></span> <span class='ocrx_word' id='word_1_753' title='bbox 1545 5575 1694 5629; x_wconf 87' lang='lat' dir='ltr'><strong>initio</strong></span> <span class='ocrx_word' id='word_1_754' title='bbox 1745 5577 1868 5649; x_wconf 83' lang='lat' dir='ltr'><strong>libri</strong></span> <span class='ocrx_word' id='word_1_755' title='bbox 1914 5595 2001 5632; x_wconf 90' lang='lat' dir='ltr'><strong>se-</strong></span> 
     </span>
    </p>
   </div>
   <div class='ocr_carea' id='block_1_112' title="bbox 410 5648 1997 5719">
    <p class='ocr_par' dir='ltr' id='par_1_112' title="bbox 410 5648 1997 5719">
     <span class='ocr_line' id='line_1_113' title="bbox 410 5648 1997 5719; baseline -0.003 -10"><span class='ocrx_word' id='word_1_756' title='bbox 410 5655 593 5710; x_wconf 91' lang='lat' dir='ltr'><strong>cundi.</strong></span> <span class='ocrx_word' id='word_1_757' title='bbox 629 5654 746 5708; x_wconf 76' lang='lat' dir='ltr'><strong>llic.</strong></span> <span class='ocrx_word' id='word_1_758' title='bbox 765 5648 833 5691; x_wconf 57' lang='lat'><strong>€—</strong></span> <span class='ocrx_word' id='word_1_759' title='bbox 854 5650 1038 5704; x_wconf 84' lang='lat' dir='ltr'><strong>Mundi</strong></span> <span class='ocrx_word' id='word_1_760' title='bbox 1068 5659 1324 5702; x_wconf 68' lang='lat' dir='ltr'><strong>nnttu&#39;am.</strong></span> <span class='ocrx_word' id='word_1_761' title='bbox 1351 5648 1529 5719; x_wconf 85' lang='lat' dir='ltr'><strong>ipsum</strong></span> <span class='ocrx_word' id='word_1_762' title='bbox 1551 5649 1828 5703; x_wconf 87' lang='lat' dir='ltr'><strong>mundum.</strong></span> <span class='ocrx_word' id='word_1_763' title='bbox 1856 5648 1997 5704; x_wconf 84' lang='lat' dir='ltr'><strong>Infra</strong></span> 
     </span>
    </p>
   </div>
   <div class='ocr_carea' id='block_1_113' title="bbox 409 5719 1134 5792">
    <p class='ocr_par' dir='ltr' id='par_1_113' title="bbox 409 5719 1134 5792">
     <span class='ocr_line' id='line_1_114' title="bbox 409 5719 1134 5792; baseline -0.017 -9"><span class='ocrx_word' id='word_1_764' title='bbox 409 5725 660 5783; x_wconf 88' lang='lat' dir='ltr'><strong>instruct.</strong></span> <span class='ocrx_word' id='word_1_765' title='bbox 695 5740 789 5790; x_wconf 88' lang='lat' dir='ltr'><strong>vu,</strong></span> <span class='ocrx_word' id='word_1_766' title='bbox 817 5723 985 5789; x_wconf 87' lang='lat' dir='ltr'><strong>v.89,</strong></span> <span class='ocrx_word' id='word_1_767' title='bbox 1019 5720 1046 5792; x_wconf 84' lang='lat'>§</span> <span class='ocrx_word' id='word_1_768' title='bbox 1079 5719 1134 5772; x_wconf 77' lang='lat'><strong>‘2.</strong></span> 
     </span>
    </p>
   </div>
   <div class='ocr_carea' id='block_1_114' title="bbox 491 5790 1997 5864">
    <p class='ocr_par' dir='ltr' id='par_1_114' title="bbox 491 5790 1997 5864">
     <span class='ocr_line' id='line_1_115' title="bbox 491 5790 1997 5864; baseline -0.003 -11"><span class='ocrx_word' id='word_1_769' title='bbox 491 5795 703 5854; x_wconf 71' lang='lat' dir='ltr'><strong>Visitari</strong></span> <span class='ocrx_word' id='word_1_770' title='bbox 750 5795 906 5851; x_wconf 86' lang='lat' dir='ltr'><strong>voluit</strong></span> <span class='ocrx_word' id='word_1_771' title='bbox 951 5790 1140 5848; x_wconf 79' lang='lat' dir='ltr'><strong>terram</strong></span> <span class='ocrx_word' id='word_1_772' title='bbox 1170 5791 1231 5844; x_wconf 86' lang='lat' dir='ltr'><strong>ab</strong></span> <span class='ocrx_word' id='word_1_773' title='bbox 1257 5791 1483 5864; x_wconf 79' lang='lat' dir='ltr'><strong>Angelis.</strong></span> <span class='ocrx_word' id='word_1_774' title='bbox 1515 5790 1691 5848; x_wconf 85' lang='lat' dir='ltr'><strong>Moses</strong></span> <span class='ocrx_word' id='word_1_775' title='bbox 1727 5806 1832 5848; x_wconf 92' lang='lat' dir='ltr'><strong>non</strong></span> <span class='ocrx_word' id='word_1_776' title='bbox 1864 5793 1997 5849; x_wconf 79' lang='lat' dir='ltr'><strong>dixit</strong></span> 
     </span>
    </p>
   </div>
   <div class='ocr_carea' id='block_1_115' title="bbox 2114 4795 3723 4874">
    <p class='ocr_par' dir='ltr' id='par_1_115' title="bbox 2114 4795 3723 4874">
     <span class='ocr_line' id='line_1_116' title="bbox 2114 4795 3723 4874; baseline 0.006 -27"><span class='ocrx_word' id='word_1_777' title='bbox 2114 4795 2252 4874; x_wconf 47' lang='lat'><strong>2-153</strong></span> <span class='ocrx_word' id='word_1_778' title='bbox 2276 4795 2365 4849; x_wconf 86' lang='lat' dir='ltr'><strong>Isti</strong></span> <span class='ocrx_word' id='word_1_779' title='bbox 2401 4795 2648 4851; x_wconf 84' lang='lat' dir='ltr'><strong>homines</strong></span> <span class='ocrx_word' id='word_1_780' title='bbox 2676 4798 2950 4852; x_wconf 73' lang='lat' dir='ltr'><strong>cailucarii</strong></span> <span class='ocrx_word' id='word_1_781' title='bbox 2977 4807 3108 4874; x_wconf 62' lang='lat' dir='ltr'><strong>sunt</strong></span> <span class='ocrx_word' id='word_1_782' title='bbox 3131 4813 3273 4874; x_wconf 29' lang='lat' dir='ltr'><strong>:hquo</strong></span> <span class='ocrx_word' id='word_1_783' title='bbox 3301 4803 3522 4874; x_wconf 84' lang='lat' dir='ltr'><strong>nomine</strong></span> <span class='ocrx_word' id='word_1_784' title='bbox 3551 4795 3723 4874; x_wconf 73' lang='lat' dir='ltr'><strong>vulgo</strong></span> 
     </span>
    </p>
   </div>
   <div class='ocr_carea' id='block_1_116' title="bbox 2115 4867 3724 4938">
    <p class='ocr_par' dir='ltr' id='par_1_116' title="bbox 2115 4867 3724 4938">
     <span class='ocr_line' id='line_1_117' title="bbox 2115 4867 3724 4938; baseline 0.007 -20"><span class='ocrx_word' id='word_1_785' title='bbox 2115 4867 2252 4938; x_wconf 81' lang='lat' dir='ltr'><strong>apud</strong></span> <span class='ocrx_word' id='word_1_786' title='bbox 2300 4883 2400 4919; x_wconf 87' lang='lat' dir='ltr'><strong>nos</strong></span> <span class='ocrx_word' id='word_1_787' title='bbox 2447 4879 2726 4930; x_wconf 82' lang='lat' dir='ltr'><strong>vocantur,</strong></span> <span class='ocrx_word' id='word_1_788' title='bbox 2752 4884 2886 4938; x_wconf 88' lang='lat' dir='ltr'><strong>quos</strong></span> <span class='ocrx_word' id='word_1_789' title='bbox 2918 4867 3206 4924; x_wconf 79' lang='lat' dir='ltr'><strong>comitialis</strong></span> <span class='ocrx_word' id='word_1_790' title='bbox 3228 4873 3449 4925; x_wconf 90' lang='lat' dir='ltr'><strong>morbus</strong></span> <span class='ocrx_word' id='word_1_791' title='bbox 3482 4867 3724 4929; x_wconf 52' lang='lat' dir='ltr'><strong>subve&#39;r—</strong></span> 
     </span>
    </p>
   </div>
   <div class='ocr_carea' id='block_1_117' title="bbox 2116 4936 3716 5016">
    <p class='ocr_par' dir='ltr' id='par_1_117' title="bbox 2116 4936 3716 5016">
     <span class='ocr_line' id='line_1_118' title="bbox 2116 4936 3716 5016; baseline 0.009 -28"><span class='ocrx_word' id='word_1_792' title='bbox 2116 4936 2196 4989; x_wconf 91' lang='lat' dir='ltr'><strong>tit.</strong></span> <span class='ocrx_word' id='word_1_793' title='bbox 2231 4937 2654 5016; x_wconf 78' lang='lat' dir='ltr'><strong>Observarimus</strong></span> <span class='ocrx_word' id='word_1_794' title='bbox 2682 4936 2905 5016; x_wconf 79' lang='lat' dir='ltr'><strong>adillud</strong></span> <span class='ocrx_word' id='word_1_795' title='bbox 2938 4939 3256 5016; x_wconf 73' lang='lat' dir='ltr'><strong>Tertulliani</strong></span> <span class='ocrx_word' id='word_1_796' title='bbox 3288 4943 3354 4998; x_wconf 88' lang='lat' dir='ltr'><strong>ad</strong></span> <span class='ocrx_word' id='word_1_797' title='bbox 3389 4943 3716 5016; x_wconf 83' lang='lat' dir='ltr'><strong>Scapulam,</strong></span> 
     </span>
    </p>
   </div>
   <div class='ocr_carea' id='block_1_118' title="bbox 2112 5011 3093 5082">
    <p class='ocr_par' dir='ltr' id='par_1_118' title="bbox 2112 5011 3093 5082">
     <span class='ocr_line' id='line_1_119' title="bbox 2112 5011 3093 5082; baseline 0.007 -24"><span class='ocrx_word' id='word_1_798' title='bbox 2112 5023 2224 5082; x_wconf 80' lang='lat' dir='ltr'><strong>cum</strong></span> <span class='ocrx_word' id='word_1_799' title='bbox 2249 5027 2279 5060; x_wconf 82' lang='grc' dir='ltr'><strong>(ι</strong></span> <span class='ocrx_word' id='word_1_800' title='bbox 2302 5011 2533 5063; x_wconf 71' lang='lat' dir='ltr'><strong>(Immone</strong></span> <span class='ocrx_word' id='word_1_801' title='bbox 2561 5011 2991 5082; x_wconf 78' lang='lat' dir='ltr'><strong>pra&#39;cipituretur.</strong></span> <span class='ocrx_word' id='word_1_802' title='bbox 3020 5013 3093 5067; x_wconf 84' lang='lat' dir='ltr'><strong>In.</strong></span> 
     </span>
    </p>
   </div>
   <div class='ocr_carea' id='block_1_119' title="bbox 2187 5079 3722 5159">
    <p class='ocr_par' dir='ltr' id='par_1_119' title="bbox 2187 5079 3722 5159">
     <span class='ocr_line' id='line_1_120' title="bbox 2187 5079 3722 5159; baseline 0.008 -27"><span class='ocrx_word' id='word_1_803' title='bbox 2187 5079 2408 5159; x_wconf 67' lang='lat' dir='ltr'><strong>Quando</strong></span> <span class='ocrx_word' id='word_1_804' title='bbox 2427 5084 2658 5159; x_wconf 81' lang='lat' dir='ltr'><strong>senescit.</strong></span> <span class='ocrx_word' id='word_1_805' title='bbox 2691 5079 2818 5159; x_wconf 58' lang='lat' dir='ltr'><strong>Legg.</strong></span> <span class='ocrx_word' id='word_1_806' title='bbox 2852 5087 3113 5159; x_wconf 73' lang='lat' dir='ltr'><strong>quomodo</strong></span> <span class='ocrx_word' id='word_1_807' title='bbox 3127 5085 3268 5159; x_wconf 68' lang='lat' dir='ltr'><strong>(vel.</strong></span> <span class='ocrx_word' id='word_1_808' title='bbox 3293 5104 3391 5153; x_wconf 91' lang='lat' dir='ltr'><strong>quo</strong></span> <span class='ocrx_word' id='word_1_809' title='bbox 3421 5087 3591 5159; x_wconf 89' lang='lat' dir='ltr'><strong>modo)</strong></span> <span class='ocrx_word' id='word_1_810' title='bbox 3629 5107 3722 5145; x_wconf 82' lang='lat' dir='ltr'><strong>se-</strong></span> 
     </span>
    </p>
   </div>
   <div class='ocr_carea' id='block_1_120' title="bbox 2114 5153 3720 5230">
    <p class='ocr_par' dir='ltr' id='par_1_120' title="bbox 2114 5153 3720 5230">
     <span class='ocr_line' id='line_1_121' title="bbox 2114 5153 3720 5230; baseline 0.01 -28"><span class='ocrx_word' id='word_1_811' title='bbox 2114 5153 2290 5205; x_wconf 86' lang='lat' dir='ltr'><strong>nescit.</strong></span> <span class='ocrx_word' id='word_1_812' title='bbox 2329 5153 2830 5230; x_wconf 64' lang='lat' dir='ltr'><strong>Noneuinrqumrit</strong></span> <span class='ocrx_word' id='word_1_813' title='bbox 2858 5153 3305 5230; x_wconf 61' lang='lat' dir='ltr'><strong>Coimuodianus,</strong></span> <span class='ocrx_word' id='word_1_814' title='bbox 3325 5175 3431 5226; x_wconf 83' lang='lat' dir='ltr'><strong>quo</strong></span> <span class='ocrx_word' id='word_1_815' title='bbox 3460 5153 3720 5230; x_wconf 81' lang='lat' dir='ltr'><strong>tempore</strong></span> 
     </span>
    </p>
   </div>
   <div class='ocr_carea' id='block_1_121' title="bbox 2110 5225 3723 5296">
    <p class='ocr_par' dir='ltr' id='par_1_121' title="bbox 2110 5225 3723 5296">
     <span class='ocr_line' id='line_1_122' title="bbox 2110 5225 3723 5296; baseline 0.008 -22"><span class='ocrx_word' id='word_1_816' title='bbox 2110 5233 2357 5277; x_wconf 67' lang='lat' dir='ltr'><strong>senescat</strong></span> <span class='ocrx_word' id='word_1_817' title='bbox 2408 5225 2498 5280; x_wconf 89' lang='lat' dir='ltr'><strong>ille</strong></span> <span class='ocrx_word' id='word_1_818' title='bbox 2543 5225 2632 5296; x_wconf 88' lang='lat' dir='ltr'><strong>qui</strong></span> <span class='ocrx_word' id='word_1_819' title='bbox 2674 5225 2808 5280; x_wconf 91' lang='lat' dir='ltr'><strong>deus</strong></span> <span class='ocrx_word' id='word_1_820' title='bbox 2862 5227 3076 5282; x_wconf 85' lang='lat' dir='ltr'><strong>habitus</strong></span> <span class='ocrx_word' id='word_1_821' title='bbox 3105 5237 3232 5294; x_wconf 88' lang='lat' dir='ltr'><strong>est,</strong></span> <span class='ocrx_word' id='word_1_822' title='bbox 3281 5225 3723 5287; x_wconf 41' lang='lat' dir='ltr'><strong>Saturnum-DA-</strong></span> 
     </span>
    </p>
   </div>
   <div class='ocr_carea' id='block_1_122' title="bbox 2113 5307 2301 5349">
    <p class='ocr_par' dir='ltr' id='par_1_122' title="bbox 2113 5307 2301 5349">
     <span class='ocr_line' id='line_1_123' title="bbox 2113 5307 2301 5349; baseline 0.005 -4"><span class='ocrx_word' id='word_1_823' title='bbox 2113 5307 2301 5349; x_wconf 81' lang='lat' dir='ltr'><strong>VISIUS.</strong></span> 
     </span>
    </p>
   </div>
   <div class='ocr_carea' id='block_1_123' title="bbox 2169 5363 3718 5446">
    <p class='ocr_par' dir='ltr' id='par_1_123' title="bbox 2169 5363 3718 5446">
     <span class='ocr_line' id='line_1_124' title="bbox 2169 5363 3718 5446; baseline 0.01 -28"><span class='ocrx_word' id='word_1_824' title='bbox 2169 5363 2284 5446; x_wconf 78' lang='lat' dir='ltr'><strong>_Cur</strong></span> <span class='ocrx_word' id='word_1_825' title='bbox 2330 5378 2475 5420; x_wconf 87' lang='lat' dir='ltr'><strong>natos</strong></span> <span class='ocrx_word' id='word_1_826' title='bbox 2503 5366 2592 5421; x_wconf 80' lang='lat' dir='ltr'><strong>ille</strong></span> <span class='ocrx_word' id='word_1_827' title='bbox 2627 5368 2855 5423; x_wconf 78' lang='lat' dir='ltr'><strong>vornbat.</strong></span> <span class='ocrx_word' id='word_1_828' title='bbox 2881 5369 3016 5424; x_wconf 86' lang='lat' dir='ltr'><strong>Nota</strong></span> <span class='ocrx_word' id='word_1_829' title='bbox 3036 5381 3133 5446; x_wconf 76' lang='lat' dir='ltr'><strong>est</strong></span> <span class='ocrx_word' id='word_1_830' title='bbox 3184 5372 3382 5446; x_wconf 81' lang='lat' dir='ltr'><strong>fabula,</strong></span> <span class='ocrx_word' id='word_1_831' title='bbox 3409 5372 3718 5433; x_wconf 86' lang='lat' dir='ltr'><strong>Saturnum</strong></span> 
     </span>
    </p>
   </div>
   <div class='ocr_carea' id='block_1_124' title="bbox 2109 5438 3720 5517">
    <p class='ocr_par' dir='ltr' id='par_1_124' title="bbox 2109 5438 3720 5517">
     <span class='ocr_line' id='line_1_125' title="bbox 2109 5438 3720 5517; baseline 0.007 -27"><span class='ocrx_word' id='word_1_832' title='bbox 2109 5438 2246 5490; x_wconf 85' lang='lat' dir='ltr'><strong>filios</strong></span> <span class='ocrx_word' id='word_1_833' title='bbox 2300 5453 2427 5517; x_wconf 74' lang='lat' dir='ltr'><strong>suos</strong></span> <span class='ocrx_word' id='word_1_834' title='bbox 2457 5454 2680 5517; x_wconf 75' lang='lat' dir='ltr'><strong>vorasse</strong></span> <span class='ocrx_word' id='word_1_835' title='bbox 2730 5458 2892 5509; x_wconf 69' lang='lat' dir='ltr'><strong>«pnuu</strong></span> <span class='ocrx_word' id='word_1_836' title='bbox 2945 5443 3182 5517; x_wconf 76' lang='lat' dir='ltr'><strong>audisset</strong></span> <span class='ocrx_word' id='word_1_837' title='bbox 3227 5461 3255 5498; x_wconf 88' lang='lat' dir='ltr'><strong>a</strong></span> <span class='ocrx_word' id='word_1_838' title='bbox 3291 5445 3399 5517; x_wconf 88' lang='lat' dir='ltr'><strong>filio</strong></span> <span class='ocrx_word' id='word_1_839' title='bbox 3435 5459 3506 5517; x_wconf 82' lang='lat' dir='ltr'><strong>se</strong></span> <span class='ocrx_word' id='word_1_840' title='bbox 3535 5461 3720 5517; x_wconf 83' lang='lat' dir='ltr'><strong>regno</strong></span> 
     </span>
    </p>
   </div>
   <div class='ocr_carea' id='block_1_125' title="bbox 2105 5509 3718 5585">
    <p class='ocr_par' dir='ltr' id='par_1_125' title="bbox 2105 5509 3718 5585">
     <span class='ocr_line' id='line_1_126' title="bbox 2105 5509 3718 5585; baseline 0.007 -23"><span class='ocrx_word' id='word_1_841' title='bbox 2105 5523 2225 5585; x_wconf 80' lang='lat' dir='ltr'><strong>esse</strong></span> <span class='ocrx_word' id='word_1_842' title='bbox 2260 5509 2587 5585; x_wconf 78' lang='lat' dir='ltr'><strong>pellendum,</strong></span> <span class='ocrx_word' id='word_1_843' title='bbox 2614 5521 2667 5566; x_wconf 89' lang='lat' dir='ltr'><strong>et</strong></span> <span class='ocrx_word' id='word_1_844' title='bbox 2696 5528 2941 5577; x_wconf 75' lang='lat' dir='ltr'><strong>uxorem,</strong></span> <span class='ocrx_word' id='word_1_845' title='bbox 2977 5525 3103 5568; x_wconf 89' lang='lat' dir='ltr'><strong>nato</strong></span> <span class='ocrx_word' id='word_1_846' title='bbox 3145 5514 3303 5578; x_wconf 80' lang='lat' dir='ltr'><strong>Jove,</strong></span> <span class='ocrx_word' id='word_1_847' title='bbox 3340 5515 3573 5584; x_wconf 90' lang='lat' dir='ltr'><strong>lapidem</strong></span> <span class='ocrx_word' id='word_1_848' title='bbox 3600 5509 3718 5585; x_wconf 68' lang='lat' dir='ltr'><strong>pro</strong></span> 
     </span>
    </p>
   </div>
   <div class='ocr_carea' id='block_1_126' title="bbox 2107 5580 3712 5651">
    <p class='ocr_par' dir='ltr' id='par_1_126' title="bbox 2107 5580 3712 5651">
     <span class='ocr_line' id='line_1_127' title="bbox 2107 5580 3712 5651; baseline 0.007 -18"><span class='ocrx_word' id='word_1_849' title='bbox 2107 5580 2311 5636; x_wconf 83' lang='lat' dir='ltr'><strong>infante</strong></span> <span class='ocrx_word' id='word_1_850' title='bbox 2344 5582 2600 5637; x_wconf 87' lang='lat' dir='ltr'><strong>obtulisse</strong></span> <span class='ocrx_word' id='word_1_851' title='bbox 2633 5586 2839 5638; x_wconf 89' lang='lat' dir='ltr'><strong>voraci.</strong></span> <span class='ocrx_word' id='word_1_852' title='bbox 2873 5586 3093 5641; x_wconf 85' lang='lat' dir='ltr'><strong>Servius</strong></span> <span class='ocrx_word' id='word_1_853' title='bbox 3120 5588 3187 5642; x_wconf 86' lang='lat' dir='ltr'><strong>ad</strong></span> <span class='ocrx_word' id='word_1_854' title='bbox 3221 5587 3314 5642; x_wconf 89' lang='lat' dir='ltr'><strong>lib.</strong></span> <span class='ocrx_word' id='word_1_855' title='bbox 3341 5580 3455 5651; x_wconf 82' lang='lat' dir='ltr'><strong>xm,</strong></span> <span class='ocrx_word' id='word_1_856' title='bbox 3483 5580 3712 5645; x_wconf 57' lang='lat' dir='ltr'><strong>.‘Etteid.</strong></span> 
     </span>
    </p>
   </div>
   <div class='ocr_carea' id='block_1_127' title="bbox 3365 5657 3558 5716">
    <p class='ocr_par' dir='ltr' id='par_1_127' title="bbox 3365 5657 3558 5716">
     <span class='ocr_line' id='line_1_128' title="bbox 3365 5657 3558 5716; baseline -0.005 -3"><span class='ocrx_word' id='word_1_857' title='bbox 3365 5657 3558 5716; x_wconf 72' lang='lat' dir='ltr'><strong>RIGAL.</strong></span> 
     </span>
    </p>
   </div>
   <div class='ocr_carea' id='block_1_128' title="bbox 2178 5721 3712 5800">
    <p class='ocr_par' dir='ltr' id='par_1_128' title="bbox 2178 5721 3712 5800">
     <span class='ocr_line' id='line_1_129' title="bbox 2178 5721 3712 5800; baseline 0.009 -25"><span class='ocrx_word' id='word_1_858' title='bbox 2178 5721 2551 5800; x_wconf 79' lang='lat' dir='ltr'><strong>Lapidem_pro</strong></span> <span class='ocrx_word' id='word_1_859' title='bbox 2578 5724 2690 5794; x_wconf 78' lang='lat' dir='ltr'><strong>filio</strong></span> <span class='ocrx_word' id='word_1_860' title='bbox 2720 5727 2929 5798; x_wconf 78' lang='lat' dir='ltr'><strong>sorpsit.</strong></span> <span class='ocrx_word' id='word_1_861' title='bbox 2963 5728 3030 5784; x_wconf 89' lang='lat' dir='ltr'><strong>Et</strong></span> <span class='ocrx_word' id='word_1_862' title='bbox 3057 5729 3287 5800; x_wconf 84' lang='lat' dir='ltr'><strong>lapidem</strong></span> <span class='ocrx_word' id='word_1_863' title='bbox 3334 5734 3555 5788; x_wconf 82' lang='lat' dir='ltr'><strong>Omnino</strong></span> <span class='ocrx_word' id='word_1_864' title='bbox 3587 5740 3712 5790; x_wconf 87' lang='lat' dir='ltr'><strong>tor-</strong></span> 
     </span>
    </p>
   </div>
   <div class='ocr_carea' id='block_1_129' title="bbox 2103 5795 2534 5852">
    <p class='ocr_par' dir='ltr' id='par_1_129' title="bbox 2103 5795 2534 5852">
     <span class='ocr_line' id='line_1_130' title="bbox 2103 5795 2534 5852; baseline -0.005 -1"><span class='ocrx_word' id='word_1_865' title='bbox 2103 5795 2380 5851; x_wconf 89' lang='lat' dir='ltr'><strong>minalem.</strong></span> <span class='ocrx_word' id='word_1_866' title='bbox 2417 5795 2534 5852; x_wconf 82' lang='lat' dir='ltr'><strong>th.</strong></span> 
     </span>
    </p>
   </div>
  </div>
