3950 6346
188 392 272 449 209
372 394 449 469 (v.
475 393 642 472 1'58.)
1342 400 1714 459 ADVERSUS
1753 400 2071 461 GENTIUM
2114 405 2310 463 DEOS.

193 510 503 580 Repudiatus
528 513 690 569 enim
721 515 987 573 discessit
1029 516 1152 573 inde
1179 516 1408 573 divinus.

197 603 390 658 Terruit
425 604 577 660 hunc
607 607 775 676 virgo
807 610 1025 678 specie,
1053 626 1211 680 quam
1241 611 1329 666 ille
1353 611 1596 668 deberet.

3033 412 3107 486 (v.
3140 413 3293 483 154.)
3404 409 3512 468 9.10

1826 521 1877 580 A
1904 520 2236 593 Belligerans
2265 535 2450 580 contra
2483 527 2676 582 titanas
2705 528 2927 598 profuso
2954 543 3150 586 cruore
3175 571 3189 594 ,

1909 613 2216 684 Exspiravit
2245 617 2388 671 enim
2416 617 2550 672 sicut
2581 634 2644 674 ex
2675 621 2991 675 mortalibus
3015 635 3155 675 unus

201 692 282 751 illa
304 694 446 764 prior
470 710 597 765 qua:
626 697 908 754 debuerat
929 699 1088 755 deum
1119 702 1382 757 amavisse
1401 742 1417 767 ,

208 785 498 843 Lasciviens
520 790 614 859 qui
647 788 938 859 Daphnem
973 793 1051 847 sic
1080 794 1243 863 cmpit
1267 809 1450 849 amare
1479 812 1491 846 :

214 879 270 936 Et
293 890 460 935 tamen
499 881 838 953 insequitur,
886 884 1012 940 dum
1046 887 1160 942 vult
1188 887 1393 942 violare
1425 889 1694 957 puellam;

216 969 372 1026 Gratis
398 982 546 1026 amat
573 975 778 1029 stultus
796 1017 810 1040 ,
842 991 942 1032 nec
967 978 1139 1047 potuit
1168 980 1425 1049 consequi
1454 995 1643 1036 cursu.

215 1064 298 1120 Vel
318 1105 334 1131 ,
363 1065 406 1118 si
435 1065 576 1120 deus
605 1077 764 1133 erat,
797 1074 1107 1126 occurreret
1135 1071 1211 1126 illi
1240 1087 1334 1140 per
1361 1088 1540 1127 auras.

223 1155 318 1212 Sub
344 1158 497 1212 teetis
521 1157 615 1212 illa
651 1157 801 1228 prior
831 1162 1008 1227 venit,
1043 1164 1303 1216 remansit
1329 1178 1433 1231 que
1467 1163 1702 1220 divinus.

217 1246 364 1304 Fallit
401 1263 497 1304 vos
531 1263 670 1319 gens
717 1249 993 1307 hominum
1015 1295 1031 1320 ,
1061 1269 1185 1308 nam
1225 1255 1366 1309 victu
1397 1257 1535 1311 tristi
1563 1260 1800 1315 fuerunt.

215 1342 410 1398 Admeti
452 1358 650 1413 pecora
679 1359 896 1417 quoque
924 1347 1138 1416 pavisse
1166 1346 1418 1402 refertur.

215 1434 426 1489 Lusibus
454 1435 728 1506 impositis
771 1438 899 1492 dum
931 1438 1168 1494 mitteret
1191 1439 1398 1493 discum
1437 1440 1490 1494 in
1520 1441 1689 1495 altum
1709 1484 1725 1508 ,

215 1525 520 1596 Sublapsum
554 1544 660 1583 non
693 1530 868 1600 patuit
905 1531 1168 1586 retinere:
1201 1531 1492 1601 prostravit
1518 1532 1755 1588 amicum
1783 1552 1795 1588 τ

215 1618 430 1675 Ultimus
452 1620 545 1676 ille
573 1621 691 1678 dies
720 1623 819 1677 fuit
851 1623 1135 1696 Hyacinthi
1164 1625 1390 1681 sodalis.

213 1712 262 1770 Si
285 1714 494 1771 divinus
526 1725 679 1783 erat,
715 1728 946 1774 mortem
976 1720 1283 1789 praescisset
1303 1720 1483 1775 amici.

549 1871 904 1913 XII.—LIBBR
940 1872 1131 1924 PATER,
1175 1871 1427 1914 BACCHUS.

217 1984 457 2042 Liberum
482 1995 693 2058 patrem
725 1996 876 2042 certe
899 1987 983 2043 bis
1008 1987 1247 2058 genitum
1270 1986 1450 2042 dicitis
1478 1986 1615 2057 ipsi,

217 2076 266 2132 lu
290 2076 428 2134 india
459 2087 620 2134 natus
647 2093 716 2134 ex
738 2077 875 2134 Jove
896 2077 1218 2149 Proserpina
1243 2077 1499 2147 primum.

1909 707 2117 764 Rursus
2146 710 2255 766 fato
2287 726 2386 766 suo
2414 714 2658 769 redditus
2687 714 2738 768 in
2767 714 2940 770 altero
2967 725 3156 770 ventre

1908 801 2147 864 Percipit
2175 803 2276 858 hoc
2303 803 2516 859 Semele
2553 806 2746 860 iterum
2788 806 2938 861 Jovis
2968 807 3138 861 altera
3169 805 3325 860 Maia.

1907 894 2163 950 Abscisso
2187 896 2340 966 cujus
2380 909 2555 960 utero.
2605 913 2773 969 pmpe
2805 911 3014 966 partum
3059 899 3350 962 defuncte,

1907 987 2157 1051 Tollitur.
2186 999 2240 1044 et
2264 990 2424 1046 datur
2449 991 2579 1047 Niso
2612 991 2929 1047 nutriendus
2955 992 3226 1054 alumnus,

1907 1079 1984 1134 Ex
2016 1097 2083 1133 eo
2110 1080 2190 1137 bis
2223 1092 2399 1147 natus,
2429 1084 2693 1156 Dionysus
2721 1085 2813 1138 ille
2855 1095 3096 1154 vocatur,

1905 1171 2117 1241 Religio
2143 1174 2295 1241 cujus
2323 1174 2376 1229 in
2403 1189 2572 1228 vacuo
2604 1175 2732 1231 falsa
2765 1187 3006 1232 curatur.

1905 1263 2246 1320 Bacchantur
2272 1275 2326 1322 et.
2365 1267 2461 1330 illi,
2490 1270 2664 1337 qualia
2701 1285 2842 1322 nunc
2872 1269 2972 1338 ipsi
3003 1268 3250 1322 videntur

1905 1359 2010 1412 Aut
2038 1359 2380 1428 periculones
2407 1361 2921 1432 Minun-rmonisque
2963 1364 3191 1427 l'utores,

1904 1448 2229 1520 Conspirant
2257 1454 2308 1507 in
2339 1454 2502 1518 malo,
2534 1455 2818 1524 proludunt
2856 1455 2979 1509 ficto
3005 1470 3219 1521 surore,

1905 1544 2130 1598 Ceteros
2156 1556 2213 1598 ut
2240 1544 2446 1606 fallant.
2476 1547 2718 1601 dicturos
2751 1563 2951 1602 numen
2981 1547 3196 1602 adesse.

1908 1635 2044 1691 Hinc
2071 1638 2355 1694 manifeste
2384 1639 2534 1695 vides
2561 1640 2808 1697 homines
2837 1641 3016 1696 simile
3046 1641 3310 1704 viventes,

1907 1728 2045 1784 Vino
2072 1733 2353 1799 permotati
2383 1730 2596 1802 primus'
2636 1733 2778 1803 quod
2798 1743 3142 1803 expresserat
3168 1733 3290 1792 ille.

1909 1820 2022 1877 Sub
2049 1821 2257 1879 ludicro
2282 1838 2382 1880 suo
2409 1824 2670 1880 honorem
2705 1825 2782 1881 illi
2818 1824 3036 1880 dedere.

2403 1975 2514 2016 XIII.
2559 1990 2628 2001 --
2667 1976 2931 2018 INVICTUS.

1905 2097 2139 2154 invictus
2187 2097 2254 2153 de
2287 2106 2438 2167 petra
2468 2107 2649 2165 natus,
2683 2098 2729 2152 si
2757 2097 2891 2153 deus
2917 2097 3166 2163 habetur,

1581 2234 2140 2294 COMMENTARIUS.

213 2363 320 2474 ﬁlum
356 2352 557 2424 duplici
584 2354 753 2411 corde
782 2355 912 2420 fuit,
949 2353 1246 2425 fefellitque
1274 2363 1572 2410 amatorem
1605 2369 1784 2410 suum.

260 2436 322 2474 no
363 2426 530 2474 corde
593 2427 843 2474 nromisit
896 2426 1176 2474 amnlexns
1221 2442 1346 2474 suos
1398 2426 1677 2474 Anollini-
1735 2436 1784 2474 nl

260 2436 322 2476 no
363 2426 530 2481 corde
593 2427 843 2491 promisit
896 2426 1176 2492 amplexus
1221 2442 1346 2482 suos
1398 2426 1677 2496 Apollini,
1735 2436 1793 2481 ut

213 2491 274 2566 ab
314 2510 377 2566 eo
425 2497 664 2552 disceret
699 2509 870 2552 artem
925 2491 1200 2552 divinandi
1228 2517 1241 2552 :
1269 2491 1459 2554 altero’
1474 2497 1641 2552 corde
1671 2513 1791 2566 per-

214 2560 306 2616 ﬁda
346 2565 475 2638 fuit;
533 2581 817 2638 postquam
846 2568 1068 2632 didicit.
1112 2570 1325 2638 negavit
1355 2568 1496 2635 quod
1532 2560 1794 2635 promise-

212 2643 306 2712 ζει.
349 2637 576 2712 Bicors,
621 2637 875 2712 ambiguo
923 2640 1117 2712 corde,
1171 2637 1468 2712 Hesychius
1513 2640 1792 2712 Arluxiat,

214 2707 410 2784 ἁπρρίᾳ.
482 2707 930 2784 (ροιηιηοόίξιηυξί
963 2709 1221 2772 dixisset,
1242 2782 1256 2784 Α
1279 2707 1550 2784 itit-ordia.
1582 2707 1591 2712 ’
1623 2707 1688 2762 et
1742 2711 1794 2764 in

214 2781 442 2855 Epistolis
487 2781 748 2855 Ba_rnab:e
792 2792 847 2837 et
875 2781 1168 2837 Clementis
1190 2824 1204 2849 ,
1237 2782 1490 2853 διψύχος,
1524 2781 1798 2855 Str/whom,

214 2845 507 2921 ὃιγςνὼσσυς.
549 2853 672 2910 RIG.

276 2920 480 2994 Terruit
519 2927 656 2977 hunc
681 2925 824 2994 virgo
851 2925 1037 2992 specie.
1069 2924 1198 2992 ch.
1229 2923 1272 2978 Τ
1275 2923 1453 2976 orruit.
1487 2923 1608 2979 th.

281 2991 380 3048 Illa
409 2997 554 3062 prior
575 3011 691 3062 quae
716 2991 980 3050 debuerat.
1006 2999 1044 3049 A
1071 2991 1178 3065 quo
1204 3006 1310 3049 tam
1330 2995 1603 3049 efficacem
1631 2994 1804 3050 scien-

215 3063 328 3136 tiam
371 3068 656 3136 percipere
685 3068 965 3134 cupiebat.
995 3063 1111 3122 litor.

278 3135 386 3190 Nec
425 3135 594 3207 potuit
622 3137 861 3206 consequi
890 3155 1065 3190 cursu.
1090 3137 1262 3191 Julius
1293 3136 1560 3190 Firmicus
1590 3154 1607 3193 ξ
1639 3154 1657 3187 t
1692 3135 1798 3191 Sed

217 3221 272 3262 ex
322 3209 425 3262 isto
488 3208 774 3262 mulierum
832 3219 1208 3276 Corruptarum
1259 3222 1423 3277 grege
1453 3221 1579 3277 una
1624 3207 1796 3274 puella

215 3291 498 3334 amatorem
539 3280 700 3333 deum
750 3290 802 3332 et
834 3280 1024 3332 vitavit
1052 3289 1106 3332 et
1144 3276 1288 3332 vicit.
1333 3276 1606 3347 Daphnem
1650 3278 1796 3332 enim

215 3349 628 3405 divinans'dens
685 3359 740 3403 et
788 3349 964 3404 futura
1021 3348 1358 3419 prwdioeus,
1417 3363 1515 3403 nec
1557 3350 1800 3419 invenire

216 3423 373 3489 potuit
416 3437 520 3476 nec
550 3432 824 3487 stuprare.
867 3441 887 3473 ›
935 3418 1134 3476 EuSeh.
1165 3419 1254 3488 qui
1285 3435 1444 3486 supra
1476 3437 1490 3474 :
1529 3439 1548 3470 ι
1586 3418 1631 3474 Ο
1655 3420 1797 3488 inju-

215 3494 368 3546 riam!
411 3493 582 3560 Virgo
633 3492 705 3546 ob
746 3491 1055 3562 pudicitiam
1101 3490 1235 3560 fugit
1272 3509 1285 3542 :
1316 3492 1448 3545 deus
1487 3500 1668 3546 autem
1705 3492 1795 3562 qui

213 3562 414 3628 dicitur,
443 3566 516 3620 ob
541 3579 781 3618 amorem
816 3563 1056 3617 libidinis
1082 3562 1400 3631 insequitur,
1434 3571 1487 3615 et
1514 3579 1618 3616 non
1651 3578 1798 3618 co:n-

213 3637 488 3703 prehendit
509 3678 523 3695 .
552 3645 659 3690 etc.
687 3653 706 3686 ι
730 3637 795 3689 Et
822 3635 983 3704 paulo
1013 3643 1160 3699 po-t:
1187 3652 1206 3684 ι
1240 3632 1343 3687 Sed
1379 3635 1518 3688 forte
1549 3633 1794 3697 quaedam

214 3719 360 3774 poeta
401 3707 579 3762 facilis
618 3719 673 3762 et
723 3705 1120 3760 inconsiderate
1169 3704 1393 3773 loquens
1432 3705 1686 3760 mentitus
1727 3705 1796 3760 de

212 3779 305 3831 diis
349 3789 432 3833 est
477 3779 636 3844 talia,
686 3788 742 3832 et
791 3791 896 3832 non
951 3785 1034 3830 est
1086 3776 1359 3830 insecutus
1403 3775 1663 3845 virginem
1714 3777 1794 3832 ci-

211 3847 420 3905 tharista
442 3891 460 3914 .
495 3860 602 3904 etc.
641 3869 661 3901 ι

278 3921 412 3975 Nam
442 3922 580 3974 victu
603 3921 737 3974 tristi
763 3922 986 3990 fuerunt.
1014 3918 1073 3972 In
1095 3917 1406 3989 apographo
1429 3918 1621 3988 legitur
1648 3919 1790 3982 bizo.

213 3992 557 4060 depravatum
586 4008 650 4045 cx
679 3994 831 4044 victu.
867 3992 984 4044 llic.

275 4059 450 4117 Tristi.
485 4064 614 4118 Diro
635 4105 650 4124 .
685 4061 882 4116 misero
903 4103 916 4123 ,
950 4059 1152 4126 crudo,
1181 4061 1294 4115 sive
1309 4060 1535 4116 crudeli.
1570 4061 1692 4117 th.

274 4135 476 4189 Admeti
530 4151 717 4202 pecora
762 4148 981 4201 quoque.
1030 4131 1276 4185 Baluzms
1318 4133 1368 4185 in
1401 4133 1540 4204 notis
1569 4133 1635 4186 ad
1668 4133 1790 4204 Cy-

208 4208 449 4274 prianum
478 4206 542 4258 de
562 4205 734 4258 idolor
778 4205 935 4257 vanit.
961 4243 974 4264 ,
1017 4216 1196 4256 monet
1223 4205 1273 4257 in
1294 4218 1396 4256 tus.
1419 4203 1792 4259 Commodia’ni

207 4277 496 4344 exemplari
644 4275 819 4329 Albini
866 4274 1254 4343 andegavensis
1287 4275 1546 4344 scriptum
1596 4290 1718 4331 esse
1761 4292 1794 4329 a

206 4350 428 4416 primilia
461 4364 557 4413 pro
590 4347 808 4400 Admeti.
842 4345 1023 4400 DAVIS.

274 4418 515 4474 Liberum
567 4429 761 4488 patrem
822 4428 955 4471 certe
1010 4417 1083 4471 bis
1136 4416 1382 4484 genitum.
1442 4415 1789 4472 Consimilem

208 4489 438 4545 fabulam
501 4499 690 4545 narrat
737 4488 909 4543 Julius
963 4489 1237 4560 Hyginus.
1287 4490 1503 4560 Astron.
1561 4504 1787 4543 ccxvu:

1896 2368 1960 2408 ex
1994 2354 2324 2426 Philostrato
2375 2354 2633 2426 colligere
2659 2361 2781 2420 est,
2829 2353 3192 2426 Nysamgesse
3219 2354 3382 2411 veluti
3426 2355 3507 2412 fe-

1897 2439 2020 2478 mur
2072 2424 2298 2480 Caucasi
2341 2441 2355 2477 :
2408 2425 2546 2478 hanc
2599 2439 2730 2478 vero
2779 2424 2984 2492 partem
3033 2424 3198 2481 fuisse
3248 2428 3513 2482 consitam

1898 2497 2024 2561 vile,
2077 2495 2324 2558 Baccho,
2375 2495 2670 2566 Dionysio;
2713 2505 2871 2564 atque
2903 2496 3026 2549 inde
3079 2497 3312 2551 fabulam
3363 2497 3512 2553 lovis

1898 2567 2158 2635 gestantis
2200 2569 2251 2620 in
2311 2568 2544 2642 femore,
2598 2570 2647 2621 ἐν
2674 2576 2820 2642 μηρῷ
2889 2567 3175 2642 Bacchum.
3231 2568 3512 2642 Mensores

1899 2651 2186 2705 agrorum;
2245 2650 2298 2691 ut
2356 2640 2585 2693 vertices
2630 2650 2683 2692 et
2737 2639 3020 2707 stuporcilia
3075 2639 3378 2703 montium,
3431 2641 3512 2694 sic

1901 2711 2062 2762 etiam
2092 2709 2275 2781 femur
2305 2719 2360 2762 et
2403 2723 2582 2781 suram
2626 2718 2681 2761 et
2737 2709 3096 2776 cro-pidinom,
3131 2722 3185 2764 et
3223 2712 3511 2781 corrigiam

1910 2789 1964 2852 et
2005 2780 2193 2847 pedem
2223 2779 2441 2852 dixere;
2465 2779 2630 2834 Undae
2675 2789 2729 2833 et
2778 2789 2948 2848 poetae
2981 2781 3273 2852 Dionysum
3319 2779 3510 2837 femori

1907 2849 2056 2905 Jovis
2085 2852 2368 2906 insertum.
2413 2850 2533 2909 RIG.

1980 2923 2083 2996 _Aut
2115 2920 2452 2996 periculones.
2488 2921 2693 2996 Glossa:
2724 2924 3328 2996 νθιθΐ85,1³ιφοκινδννοκ,
3362 2925 3508 2991 peri-

1907 2993 2145 3046 culosus.
2175 2993 2274 3046 Alii
2299 2994 2505 3050 dixero.
2542 2995 2851 3054 naraltolum
2879 3005 2926 3047 et
2960 2993 3350 3062 parabolanum
3380 2997 3515 3050 Pau-

1907 3064 1991 3117 lus
2019 3065 2084 3116 ad
2103 3063 2306 3139 Phipp.
2326 3066 2842 3139 πᾳρᾳϐολενσαμξνθς
2870 3072 2932 3124 τὴ
2956 3088 3098 3139 φηχη
3123 3065 3313 3121 Versio
3345 3068 3510 3122 latina

1908 3142 2062 3188 vetus
2102 3135 2197 3187 Ms.
2233 3135 2562 3202 parubblatus
2585 3137 2647 3189 de
2670 3135 2842 3190 a'nitua
2868 3135 2982 3189 sua.
3022 3135 3136 3191 lita.

1982 3205 2474 3280 Mimnermonisque
2525 3219 2738 3280 sutores.
2795 3206 2885 3262 Sic
2932 3207 3123 3280 legitur
3168 3209 3229 3280 in,
3282 3223 3511 3280 apogra-

1905 3274 2032 3343 pho.
2068 3275 2298 3330 Fortcau
2347 3280 2640 3345 scripserat
2687 3274 3142 3344 Connnmlianus,
3180 3274 3514 3334 Mimnernia-

1903 3349 2130 3427 tuerique
2172 3357 2387 3427 sutores.
2418 3351 2741 3427 γελςυῖρποιοι
2766 3348 2986 3427 ραςιιωδοι
3015 3350 3103 3420 qui
3153 3367 3217 3404 ex
3261 3351 3515 3427 Mimner-

1904 3419 1973 3470 mi
2004 3430 2052 3473 et
2085 3418 2302 3473 Homeri
2351 3418 2680 3474 carminibus
2720 3418 2776 3475 in'
2805 3418 2964 3476 alium
3012 3418 3228 3475 sensum
3270 3425 3514 3478 consutis

1901 3496 1956 3562 et
1974 3492 2313 3562 concinnatis
2349 3492 2513 3544 risum
2552 3493 2838 3562 captabant
2865 3492 2914 3544 iu
2964 3492 3205 3546 theatris.
3239 3491 3514 3550 Videudus

1899 3559 2192 3634 latin-meus
2237 3562 2332 3634 lib.
2373 3577 2488 3634 χιιι.
2539 3559 2657 3634 pag,
2712 3564 2839 3618 620.
2889 3563 2977 3616 ubi
3027 3562 3093 3618 de
3148 3563 3408 3619 hilarodis
3456 3576 3513 3620 et

1902 3628 2358 3700 hilarotragmdis.
2397 3633 2516 3689 Hic.

1976 3701 2159 3758 Simile
2205 3705 2447 3776 viventes.
2490 3704 2560 3761 Ut
2605 3719 2801 3776 supra.
2853 3706 2956 3760 hac
3010 3707 3126 3775 ipsa
3181 3706 3344 3761 InSll‘.
3389 3707 3511 3762 bac-

1901 3776 2121 3827 chantur
2155 3775 2349 3844 qualia.
2400 3775 2714 3841 iuvenalis,
2773 3777 3106 3830 bacchanalia
3153 3780 3345 3832 vivunt.
3405 3779 3514 3834 Aut

1898 3845 2066 3898 simile
2094 3846 2470 3901 adverbialiter
2493 3847 2648 3913 dixit,
2681 3849 2820 3902 unde
2861 3849 3154 3902 simillime.
3191 3849 3308 3904 Hic.

1984 3915 2114 3991 Vino
2169 3919 2460 3991 permotati.
2513 3917 2784 3973 Motantur
2839 3920 2977 3991 bene
3024 3919 3165 3985 pOIi.
3222 3922 3508 3991 pet-potati.

1899 3986 2128 4052 Mutari,
2171 3986 2510 4059 frequenter
2576 3992 2802 4053 motari,
2862 3986 3232 4059 Frequenter'
3267 3986 3507 4058 moveri;

1899 4059 2096 4183 tls‘altare
2127 4060 2258 4115 Hor.
2314 4058 2380 4114 Ut
2410 4061 2552 4130 festis
2582 4072 2816 4115 matrona
2878 4058 3064 4115 moveri
3107 4061 3261 4130 jussa
3308 4061 3506 4118 diebus.

1949 4146 2020 4183 ιο.

1949 4146 2020 4185 IG.

1973 4200 2182 4256 Primus
2228 4203 2365 4271 quod
2433 4214 2750 4273 expresserat
2801 4205 2908 4258 ille.
2961 4204 3202 4259 Bacchus
3256 4205 3306 4258 in
3360 4205 3508 4261 India

1900 4273 2102 4339 primus
2144 4274 2262 4334 _vini
2290 4289 2445 4328 usum
2478 4285 2809 4330 monstrasse
2851 4275 3067 4331 dicitur.
3102 4274 3254 4331 Unde
3299 4287 3348 4330 et
3379 4277 3507 4330 viti-

1897 4356 2064 4416 sator,
2097 4355 2150 4398 et
2182 4345 2370 4416 vitium
2419 4358 2682 4416 repertor.
2725 4346 2893 4402 GALL.

1967 4414 2192 4470 Ludrico
2208 4433 2319 4487 suo.
2349 4414 2532 4481 Ludis,
2564 4419 2727 4487 orgiis
2759 4418 3064 4473 trietericis.
3097 4416 3214 4473 ηις.

1971 4487 2220 4541 Invictus.
2270 4485 2562 4542 Historiam
2609 4485 2857 4557 Kgdestis
2909 4489 3129 4557 hujusce
3158 4489 3366 4551 invicti.
3415 4491 3508 4558 qui

212 4562 444 4640 «MLiber,
491 4561 645 4640 lovis
685 4570 739 4615 et
786 4557 1118 4640 Proserpina:
1170 4559 1343 4640 filius,
1370 4575 1418 4640 na
1459 4559 1664 4640 Titanis
1705 4570 1789 4640 est
1815 4579 1866 4639 ι)
1898 4557 2004 4640 fuit
2049 4574 2255 4640 magna:
2312 4559 2499 4640 matris
2550 4559 2895 4640 filius-Audi
2932 4570 3131 4640 petra},
3185 4562 3234 4613 in
3261 4557 3510 4632 Phrygiae

207 4633 528 4696 distractus.
562 4631 714 4700 cujus
739 4646 833 4684 cor
858 4633 1162 4693 contritum,
1194 4629 1340 4684 Jovis
1369 4630 1599 4684 Semela!
1632 4631 1782 4686 dedit

211 4703 257 4757 in
291 4707 589 4774 pctioncm.
627 4703 704 4757 Ex
734 4718 799 4756 eo
830 4716 1109 4774 praegnans
1139 4715 1259 4754 cum
1286 4710 1430 4756 esset
1456 4700 1593 4755 facta
1619 4702 1779 4767 Juno,

210 4775 256 4827 in
291 4772 516 4830 'Beroen
565 4774 828 4828 nUIriccm
887 4772 1117 4827 Semela:
1171 4787 1229 4828 se
1294 4775 1674 4840 Ctitttttiutavit,
1731 4785 1782 4828 et

208 4847 272 4899 ait
297 4865 310 4898 :
333 4849 598 4910 Almana,
631 4853 749 4912 pete
776 4860 806 4896 a
846 4844 1012 4910 Jove,
1046 4845 1204 4898 utsic
1227 4843 1291 4896 ad
1327 4854 1377 4898 te
1404 4845 1583 4915 veniat
1607 4861 1788 4915 quem-

207 4917 493 4972 admodum
523 4917 592 4970 ad
623 4916 886 4970 .Iunonem
910 4957 925 4980 ,
979 4925 1036 4968 ut
1075 4915 1215 4970 scias
1253 4931 1371 4983 qum
1409 4914 1658 4984 voluptas
1705 4926 1788 4972 est

209 5004 324 5042 cum
355 4991 461 5045 deo
499 4991 881 5044 concumbere.
928 4986 1019 5041 illa
1061 4995 1238 5040 autem
1283 4987 1527 5056 instigata
1578 4988 1712 5057 petit
1759 5005 1786 5040 a

209 5057 362 5123 Jove.
419 5073 474 5115 et
529 5060 752 5114 fulmine
798 5066 883 5112 est
933 5061 1067 5121 icta;
1119 5073 1186 5111 ex
1238 5057 1391 5127 cujus
1443 5067 1594 5111 utero
1641 5057 1790 5113 .Iovis

210 5129 456 5186 Liberum
485 5131 667 5195 exuit,
691 5140 744 5184 et
772 5129 916 5200 Nyso
941 5129 1086 5184 dedit
1114 5129 1478 5187 nutriendum,
1501 5129 1792 5200 undeDio-

211 5205 388 5272 nysius
415 5215 500 5258 cst
525 5199 882 5273 appeliatusl,
900 5211 953 5254 et
985 5200 1218 5254 Bunater
1243 5211 1326 5255 est
1346 5199 1539 5273 dictus.
1582 5219 1627 5273 ι-
1648 5199 1790 5256 Idem

216 5270 359 5328 num.
387 5270 614 5330 cuxui
639 5272 780 5328 Non.
829 5271 1194 5342 Dionysiacor.
1229 5287 1343 5336 vm,
1390 5271 1558 5325 initio.
1598 5270 1719 5327 Βία.

275 5347 418 5401 locis
458 5345 626 5399 altera
663 5344 826 5398 Maia.
873 5342 1022 5397 Jovis
1069 5344 1155 5397 hic
1205 5343 1379 5412 primo
1405 5352 1657 5405 casu..ut
1698 5359 1795 5398 su-

215 5432 299 5486 pra
351 5419 560 5475 Classe
596 5416 808 5472 Isidori.
847 5413 980 5468 Maia
1007 5456 1021 5478 ,
1055 5416 1259 5468 medica
1284 5456 1300 5480 ,
1332 5413 1610 5468 obstetrix.
1671 5413 1792 5470 Hic.

277 5486 358 5544 Ex
390 5489 522 5545 Jove
549 5487 872 5550 Proserpina
906 5486 1142 5549 primum.
1176 5486 1440 5554 Absorpta
1466 5494 1549 5537 est
1579 5487 1792 5540 vocula.

217 5559 332 5629 Leg.
358 5580 421 5618 ea:
446 5561 576 5616 Jove
613 5571 662 5615 et
711 5557 1031 5629 Proserpina
1075 5558 1314 5626 primunt.
1364 5558 1545 5609 DAVIS.

275 5627 354 5690 Ex
385 5653 443 5690 eo
490 5635 567 5690 bis
599 5643 752 5687 natus
815 5627 1094 5697 Dionysus.
1142 5629 1266 5682 lla-c
1309 5629 1514 5697 poetica
1569 5627 1802 5682 nominis

275 5645 354 5690 Ex
385 5653 443 5690 eo
490 5645 567 5690 bis
599 5645 752 5687 natus
815 5645 954 5682 won
995 5645 1094 5681 sus.
1143 5645 1266 5682 ηενρ
1309 5645 1514 5697 poetica
1569 5645 1798 5682 nominis

215 5709 370 5776 origo.
420 5710 590 5762 Aliam
637 5645 1296 5776 tradidit‘Piiilostratus.
1347 5698 1476 5776 Vit._
1510 5698 1687 5765 Apoll.
1735 5699 1798 5754 Il.

214 5770 376 5844 Χνάἐθς
397 5785 494 5868 γὰρ
525 5783 550 5839 ὁ
572 5777 846 5868 διοννσιίοξ
877 5771 980 5825 ἀπὸ
999 5780 1089 5832 τῆς·
1178 5770 1326 5868 ἰιίδόις
1351 5774 1530 5868 wing.
1552 5777 1800 5868 AArsaces,

215 5841 472 5913 Αηιιρί.ἷω⁸
499 5871 592 5911 rex
628 5847 892 5924 pardalm
923 5844 1149 5924 sacravit
1176 5843 1381 5924 elogio:
1417 5843 1805 5924 tientia-saces

218 5934 298 5981 Dm
321 5926 500 5987 Nysi-0
527 5913 864 5998 Stephanus
914 5929 930 5968 ε
974 5923 1145 5988 Aer/rat
1185 5919 1265 5970 καὶ
1289 5935 1454 5968 νυκεκ.
1507 5913 1620 5968 lloc
1646 5915 1807 5983 igitur

1894 4629 2089 4683 ﬁnibus
2113 4671 2128 4694 ,
2174 4630 2426 4682 inaudita!
2469 4645 2566 4700 per
2593 4632 2773 4685 omnia
2806 4633 3072 4685 vaSIitatis
3100 4647 3267 4700 nepos
3289 4673 3302 4694 .
3328 4629 3513 4686 narrat

1889 4717 1952 4752 ex
1987 4700 2312 4755 'l'himmhco
2361 4700 2640 4767 'l‘ht-ologo
2693 4703 2965 4755 Arnobius
3015 4702 3108 4756 lib.
3163 4717 3218 4755 v.
3250 4702 3511 4757 adversus

1890 4770 2114 4834 Gentes,
2153 4771 2218 4826 ad
2267 4786 2495 4840 eamque
2543 4771 2822 4826 historiam
2874 4774 3297 4827 Commotlianus
3325 4786 3511 4827 noster

1890 4844 2150 4914 respexit,
2205 4859 2304 4898 nec
2346 4844 2564 4898 aliunde
2607 4844 2834 4910 petenda
2873 4855 2954 4899 est
2997 4846 3120 4898 hu.c
3167 4844 3508 4899 instructioni

1893 4914 2004 4968 lux.
2046 4914 2208 4969 Valde
2249 4927 2426 4968 autem
2459 4915 2664 4968 abludit
2692 4916 3007 4969 Timotheus
3050 4916 3118 4966 ab
3168 4915 3253 4979 iis,
3284 4930 3403 4980 qua:
3440 4917 3509 4971 de

1893 4985 2083 5040 eodem
2139 4986 2355 5055 Adgesti
2389 4985 2696 5040 referuntur
2724 4987 2774 5041 in
2804 4986 3051 5040 Achaicis
3081 4985 3356 5041 Pausaniae
3386 5001 3506 5055 pag.

1893 5055 2472 5112 225.1itc.-—-lm’ictus
2493 5055 2554 5110 de
2582 5068 2724 5127 petra
2740 5071 2909 5119 natus,
2943 5058 3079 5111 Deus
3109 5059 3358 5123 invictus,
3388 5072 3511 5127 per-

1896 5142 2112 5198 petuum
2131 5127 2270 5183 Solis
2287 5138 2370 5182 est
2389 5128 2694 5196 epitheton:
2732 5130 2956 5197 ideoque
2982 5145 3085 5184 non
3117 5128 3385 5196 Agdestis,
3412 5129 3510 5182 Sed

1896 5198 2117 5252 Mithras
2164 5201 2469 5254 denotatur.
2517 5198 2652 5254 Vide
2696 5201 2770 5253 sis
2813 5199 3059 5268 Inseript.
3089 5199 3329 5254 Gruteri.
3386 5215 3507 5268 pag.

1898 5271 1987 5325 33.
2042 5285 2155 5339 seq.
2213 5269 2280 5324 Et
2335 5272 2513 5323 omnia
2567 5286 2697 5326 sane
2767 5287 2887 5339 qua:
2957 5271 3022 5325 de
3089 5285 3301 5325 mucro
3348 5269 3510 5324 tradit

1897 5339 2317 5395 Commodianus
2343 5383 2357 5401 ,
2402 5340 2611 5395 Mithrm
2644 5344 2883 5395 tribuunt
2924 5353 3154 5397 veteres.
3201 5340 3318 5400 ,Hic
3363 5343 3508 5394 enim

1902 5413 1964 5466 de
1996 5428 2138 5482 petra
2178 5423 2332 5466 natus
2357 5410 2647 5475 ferebatur,
2678 5413 3020 5468 llieronimus
3047 5414 3098 5466 iu
3168 5411 3506 5465 Jovinizinum

1903 5483 1996 5536 lib.
2035 5484 2178 5537 Icol.
2215 5484 2341 5539 M9.
2371 5483 2500 5536 edit.
2531 5483 2635 5538 RB.
2688 5483 2920 5538 Narrant
2971 5493 3017 5536 et
3069 5484 3292 5552 gentium
3320 5482 3510 5552 [abolla

1903 5554 2116 5609 Mirum
2161 5565 2206 5607 et
2249 5554 2663 5622 Erichthonium,
2692 5555 2772 5609 vel
2799 5574 2846 5608 ιιι
2883 5569 3069 5609 LAPIDE
3122 5555 3201 5606 vel
3256 5555 3506 5615 interra.

1905 5627 1970 5679 de
2043 5628 2152 5679 solo
2220 5637 2325 5680 esto
2407 5627 2632 5679 libidinis
2684 5645 2792 5682 esse
2848 5636 3130 5695 generales.
3187 5623 3360 5695 Etiam
3427 5623 3512 5677 fur

1906 5699 2227 5751 censebatur
2266 5716 2277 5751 :
2330 5697 2468 5749 unde
2516 5694 3013 5765 Gauriomg‘tlicms
3058 5707 3141 5750 est
3185 5694 3506 5765 Porphyrii).

1907 5773 2027 5845 περὶ
2051 5776 2148 5823 τῶν
2175 5777 2378 5842 νυμφῶν
2403 5766 2607 5845 ἄντρου,
2642 5785 2755 5836 pag.
2789 5759 2916 5845 292.
2947 5769 3126 5845 Davis.

1984 5837 2213 5894 Invictus
2240 5837 2331 5895 ⁷ἀιί
2371 5837 2513 5910 petra
2560 5852 2728 5894 natus.
2793 5839 3062 5894 Arnobius
3107 5838 3242 5911 (lib.
3311 5852 3362 5890 v.
3409 5837 3508 5911 sub

1911 5911 2026 5968 init.
2058 5914 2097 5982 ):
2136 5931 2153 5963 ι
2186 5913 2319 5969 Huic
2369 5909 2534 5968 robur
2576 5912 2867 5978 invictum,
2922 5919 2977 5968 et
3046 5909 3292 5967 ferocitas
3347 5909 3516 5965 animi
