3950 6338
262 382 353 439 215
459 380 536 455 (v.
574 380 738 454 195.)

263 499 420 556 Dicite
444 513 589 554 nunc
615 514 754 571 ergo
785 501 993 571 quibus
1019 501 1248 571 primum
1273 515 1420 557 sacra
1451 502 1714 556 ferantur.

262 591 395 648 Inter
425 590 684 662 utrinque
712 592 858 660 vias,
891 606 1041 649 mors
1069 593 1349 647 immatura
1378 603 1618 663 vagatur,

263 683 314 741 Si
343 682 586 739 tribuunt
617 683 727 739 fata
759 686 1000 756 genesis,
1031 701 1129 741 cur
1153 685 1314 742 deum
1346 687 1532 742 oratis.

262 773 530 845 Deciperis
559 791 722 843 vane,
753 778 848 845 qui
881 791 1068 832 manes
1093 778 1292 847 queris
1318 791 1493 845 orare,

259 868 321 923 Et
346 868 434 938 qui
461 867 801 923 fabricantur
830 869 1083 925 dominos
1115 870 1208 925 tibi
1232 886 1507 940 nuncupas
1534 886 1679 926 esse.

261 964 362 1015 Aut
386 959 621 1016 feminas
650 977 871 1031 quoque
901 963 1085 1018 nescio
1110 977 1243 1032 quas
1270 962 1400 1018 deas
1428 963 1614 1028 oratis,

261 1053 533 1108 Bellonam
565 1064 622 1108 et
651 1053 928 1108 Nemesim
957 1056 1105 1120 deas,
1139 1053 1352 1109 Furiam
1382 1069 1488 1108 una
1517 1054 1819 1118 caelestem,

259 1147 500 1218 Vrgines,
518 1159 573 1203 et
596 1146 890 1211 Venerem,
913 1149 996 1203 cui
1018 1147 1276 1218 conjuges
1298 1157 1491 1203 vestrae
1515 1147 1853 1204 delumbant.

259 1241 387 1296 Sunt
413 1241 518 1294 alia
547 1252 812 1310 prmterea
853 1241 1115 1296 dtemonia
1143 1240 1301 1304 fanis,

258 1334 384 1402 Quae
412 1350 512 1390 nec
539 1344 895 1390 numerantur
919 1334 1113 1406 adhuc,
1142 1345 1196 1390 et
1223 1335 1277 1388 in
1302 1334 1441 1389 collo
1474 1332 1736 1402 feruntur,

257 1427 324 1484 Ut
350 1443 445 1482 nec
475 1427 576 1496 ipsi
609 1427 732 1490 sibi,
768 1427 975 1497 possint
1004 1418 1264 1482 rationem
1311 1427 1558 1482 reddere.
1591 1428 1781 1484 Pestes

257 1521 534 1592 Exportari
561 1522 735 1592 magis
762 1521 815 1575 in
844 1521 1056 1577 ultimas
1087 1531 1255 1577 terras
1286 1521 1566 1577 deberent.

618 1727 749 1768 ινιι.
781 1741 853 1754 —
878 1729 945 1769 DE
971 1728 1286 1772 SIIULACIUS
1315 1729 1517 1770 EORUI-

253 1890 523 1949 Deludunt
551 1905 649 1948 vos
676 1891 832 1962 pauci
860 1890 1104 1947 scelerati
1129 1899 1278 1948 vates
1301 1889 1510 1947 inanes.

1436 382 1806 442 ADVERSUS
1847 383 2155 442 GENTIUM
2186 386 2385 444 DEOS.

3105 394 3178 468 (ν.
3203 392 3360 466 sos.)
3471 393 3577 449 stt

1889 503 1940 566 Λ
1967 502 2249 560 Extricare
2283 519 2433 561 suam
2466 505 2594 562 dum
2625 517 2876 578 qumrunt
2917 509 3118 568 vitam:

1965 593 2274 652 Subornant
2297 597 2416 652 aliis
2442 612 2564 654 esse
2587 603 2686 655 sub
2709 601 2963 671 mysteria
2985 600 3203 657 falsum.

1964 685 2093 742 inde
2125 688 2441 744 simulantes
2474 691 2692 748 concuti
2721 693 2941 749 numine
2967 693 3223 765 quodam,

1963 778 2407 850 Majestatcmque
2438 793 2657 851 canunt,
2689 791 2744 840 et
2772 799 2830 841 se
2855 786 2956 841 sub
2982 786 3148 856 figura
3181 786 3427 859 fatigant.

1965 868 2191 926 Vidistis
2218 887 2362 943 sa-pe
2388 872 2782 945 Dindymarios,
2814 876 2960 947 quali
2986 876 3198 948 fragore

1962 959 2230 1017 Luxurias
2256 964 2597 1020 ineunt-dum
2622 965 2786 1021 furias
2815 967 3018 1038 lingere
3044 978 3318 1039 quierunt,

1963 1055 2070 1108 Aut
2092 1070 2211 1109 cum
2242 1056 2400 1112 dorsa
2433 1074 2527 1112 sua
2560 1057 2784 1114 allidunt
2813 1075 3005 1130 spurca
3043 1061 3278 1131 bipenne
3305 1079 3319 1115 :

1962 1147 2095 1201 Cum
2128 1148 2366 1204 doctrina
2394 1166 2487 1204 sua
2516 1162 2732 1206 servant
2756 1152 2896 1222 quod
2921 1168 3112 1209 cruore
3143 1165 3356 1210 sanant.

1965 1239 2234 1311 Respicite
2264 1257 2368 1311 quo
2382 1244 2499 1296 'non
2532 1243 2651 1297 illos
2679 1245 2896 1299 nomine
2926 1254 3146 1314 cogunt,

1962 1330 2099 1400 Ipsis
2121 1332 2209 1402 qui
2241 1348 2299 1386 se
2332 1334 2558 1401 primum
2596 1345 2923 1404 componunt
2958 1337 3160 1407 integra
3187 1347 3385 1392 mente.

1966 1422 2071 1477 Sed
2095 1423 2291 1492 stipem
2321 1432 2379 1477 ιιι
2401 1423 2589 1480 tollant
2611 1465 2626 1490 ,
2660 1424 2868 1496 ingenia
2895 1427 3018 1481 talia
3046 1436 3316 1497 quierunt.

1964 1513 2047 1568 Ex
2076 1531 2140 1569 eo
2170 1514 2364 1582 videte,
2397 1517 2651 1586 quoniam
2683 1528 2808 1573 sunt
2837 1520 3016 1575 omnia
3050 1521 3195 1578 ficta.

1964 1601 2301 1660 Obumbrant
2323 1608 2573 1678 populum
2616 1610 2952 1680 simplicem,
2985 1615 3212 1685 perituri
3235 1618 3288 1673 ni
3320 1617 3570 1676 credant.

1963 1697 2073 1754 Res
2100 1698 2269 1753 semel
2297 1700 2348 1753 in
2378 1715 2516 1755 vano
2546 1699 2615 1756 de
2642 1705 2919 1760 ‘vetnstate
2948 1707 3240 1776 processit,

1965 1788 2036 1845 Ut
2060 1791 2370 1846 vaticinanti
2399 1792 2652 1850 credatur
2675 1795 2921 1865 prodenti
2952 1796 3106 1854 falsa.

1889 1888 1938 1948 B
1963 1888 2213 1959 Majestas
2239 1895 2418 1944 autem
2450 1887 2663 1951 illorum
2693 1889 2836 1944 nulla
2871 1891 3048 1946 locuta
3075 1901 3182 1948 eSt.

1619 2044 1997 2102 COMMENTA
2009 2043 2184 2101 RIUS.

319 2181 570 2238 Dominos
623 2184 713 2238 tibi
760 2199 1026 2252 nuncupas
1078 2199 1204 2238 esse.
1263 2182 1354 2238 Sic
1409 2181 1562 2236 instr.
1621 2197 1733 2237 Lnt.
1785 2179 1857 2236 Et

250 2256 514 2326 proprium
541 2256 774 2310 satellem
801 2255 1000 2326 dedicat
1028 2270 1155 2309 esse.
1181 2253 1302 2310 th.

321 2325 557 2380 Furiam.
615 2326 672 2380 In
726 2325 1036 2396 apographo
1092 2326 1309 2396 legitur,
1351 2324 1558 2396 furiam.
1595 2323 1676 2396 _Et
1720 2323 1859 2396 inter

249 2396 374 2452 deas
402 2405 594 2452 censet
618 2391 903 2459 Arnobius,
931 2391 1239 2454 Lavernam.
1275 2391 1559 2459 Bellonam,
1586 2391 1857 2449 Discordi-

249 2485 324 2531 as,
377 2467 593 2522 Furias.
648 2468 796 2523 llaue
844 2482 972 2522 vero
1010 2466 1436 2532 caelestemhalii
1484 2465 1709 2531 Lunam,
1765 2466 1855 2519 alii

249 2539 550 2610 Atargatin,
598 2538 1030 2610 sive_Astarten,
1074 2538 1160 2610 alii
1207 2538 1362 2610 deam
1407 2537 1614 2610 Syriam
1662 2552 1855 2589 nuneu-

250 2605 400 2678 pant:
451 2610 573 2665 Btc.
606 2639 680 2649 —
706 2608 917 2663 Furiam
963 2626 1064 2662 una
1108 2605 1369 2662 Ccelesten't
1423 2605 1670 2678 Virgines.
1714 2609 1857 2675 Apo-

249 2682 430 2750 graphi
469 2680 628 2735 lectio
653 2697 761 2735 non
795 2692 874 2734 εει
903 2678 1220 2744 deserenda,
1267 2681 1312 2734 si
1345 2678 1505 2750 modo
1533 2680 1681 2732 locus
1707 2692 1854 2731 eont-

251 2747 404 2807 inude
425 2751 810 2820 distinguatur.
826 2751 1000 2805 Scrili.
1019 2750 1256 2815 Furiam,
1277 2765 1380 2802 una
1401 2747 1680 2820 Calestem,
1699 2751 1855 2819 virgi-

249 2839 350 2876 nes.
368 2824 457 2876 Sic
471 2818 619 2890 apud
630 2824 914 2878 Gruterum
927 2836 1062 2877 cccx
1075 2836 1164 2874 vm
1183 2837 1233 2890 p.
1249 2823 1300 2874 4.
1316 2820 1562 2873 sacerdoti
1573 2818 1855 2874 Cmcesrts

249 2893 661 2958 incomparabili.
696 2893 736 2947 Τ
740 2893 1052 2948 ertullianus
1072 2893 1228 2960 Apol.
1297 2906 1415 2957 cap.
1449 2907 1540 2944 xu.
1577 2894 1644 2960 ad
1672 2892 1854 2944 bestias

248 2965 559 3033 impellimur
587 2981 606 3016 :
635 2974 765 3019 certe
811 2979 937 3033 quas
975 2959 1134 3018 libero
1187 2972 1233 3015 et
1280 2960 1463 3033 Cybele
1509 2970 1554 3014 et
1603 2959 1858 3033 CmLESTi

248 3031 542 3104 applicatis.
574 3033 709 3089 Vide
734 3046 788 3088 et
823 3031 954 3104 cap.
997 3049 1250 3104 xxtvaae
1293 3031 1396 3086 Th.
1436 3032 1746 3087 Reinesium
1790 3031 1856 3084 ad

250 3108 434 3176 prima:
463 3105 664 3161 Classis
693 3103 938 3174 Inscript.
969 3119 1112 3160 XXIX.
1152 3103 1336 3158 DAVIS.

318 3199 414 3253 Cui
457 3200 700 3269 coniuges
755 3196 1282 3269 vestrtedelumbant.
1311 3195 1485 3269 ‘Luxu
1534 3195 1858 3269 lasciviaque

247 3252 430 3325 fracta:
508 3252 812 3324 lumborum
882 3252 1230 3337 eriSpitndine
1303 3265 1582 3322 fluctuant.
1653 3252 1929 3321 IdcircoC

248 3341 466 3396 Porcius
517 3340 714 3395 lasciva
761 3341 997 3395 carmina
1046 3339 1242 3393 lumbos
1287 3340 1476 3392 intrare
1520 3339 1673 3393 dixit.
1721 3337 1858 3393 Hinc

248 3413 409 3468 etiam
439 3411 733 3467 delumbati
776 3422 828 3466 et
870 3412 1130 3467 elumbes.
1160 3410 1278 3467 th.

321 3507 452 3574 Qua
499 3522 591 3560 nec
646 3515 977 3560 mttnerantnr
1034 3506 1222 3558 adhuc.
1282 3503 1485 3558 Plinius
1545 3503 1681 3566 Hist.
1741 3513 1850 3559 ttat.

249 3581 342 3634 lib.
373 3595 431 3634 ιι.
487 3596 506 3628 t
546 3577 612 3631 Et
642 3577 856 3631 numina
896 3577 948 3631 in
973 3577 1159 3630 iisdem
1193 3575 1596 3630 innumerabilia
1648 3575 1856 3630 inveni-

250 3666 366 3706 mus
394 3668 408 3701 :
432 3649 620 3703 inferis
635 3664 848 3720 quoque
879 3651 928 3702 in
951 3663 1146 3720 genera
1173 3647 1492 3720 descriptos.
1523 3645 1852 3720 morbisque,

248 3735 299 3778 et
335 3723 521 3777 multis
561 3717 721 3776 etiam
758 3717 1016 3790 pestibus.
1064 3719 1189 3772 dum
1231 3732 1352 3773 esse
1391 3717 1596 3788 placata
1645 3719 1854 3787 trepido

248 3803 391 3849 metu
419 3794 686 3862 cupimus.
722 3813 818 3845 i—
847 3791 912 3845 In
941 3792 1070 3850 collo
1102 3798 1355 3862 feruntur.
1403 3790 1468 3846 Ut
1496 3792 1674 3845 solent
1710 3804 1860 3844 autu-

247 3867 374 3943 leta,
417 3871 686 3943 περίαπτα
721 3866 814 3943 _vel
865 3864 1062 3943 potius,
1090 3863 1476 3943 succollant.ur._
1510 3862 1693 3943 itaque
1735 3876 1859 3943 mox

247 3932 389 3994 diuit
417 3956 430 3991 :
459 3932 733 4006 exportari
759 3937 994 4006 magisiu
1016 3935 1227 3988 ultimas
1251 3941 1425 3988 terras
1445 3932 1854 3989 deberent.th.

320 4030 594 4085 Eztricare
639 4046 783 4083 suam
834 4030 954 4082 dum
1003 4037 1234 4096 qttterunt
1280 4026 1448 4080 vitam.
1514 4026 1604 4081 Sic
1642 4025 1857 4096 AHorat.

248 4102 368 4159 Ser.
436 4119 474 4157 ι.
543 4103 656 4156 Sat.
689 4116 766 4156 ιιι.
812 4094 1092 4154 Mercedem
1137 4109 1224 4151 aut
1271 4114 1502 4152 nummos
1547 4094 1681 4150 unde
1726 4097 1862 4149 unde

248 4176 478 4228 extricat.
517 4173 723 4230 Glossre
751 4181 991 4226 veteres:
1013 4171 1296 4233 Extricure,
1326 4168 1615 4234 ἐκποδὶσαί,
1643 4168 1857 4237 expedi,

247 4247 507 4310 ὶκπλεξὸν.
571 4245 884 4301 Bibaculus.
952 4242 1020 4297 de
1064 4241 1277 4296 Valerio
1337 4240 1540 4296 Catone
1593 4259 1606 4294 :
1673 4238 1861 4293 Omnes

246 4322 440 4373 solvere
507 4333 656 4386 posse
725 4315 1067 4383 quwstiottt-s,
1127 4330 1281 4367 unum
1342 4312 1557 4385 difﬁcile
1624 4312 1860 4380 expedire

248 4406 430 4443 ποιηεη
440 4428 453 4440 .

320 4480 624 4536 Subormmt
655 4479 770 4531 aliis
800 4493 907 4532 esse
934 4477 1025 4530 sub
1066 4478 1303 4548 mysteria
1345 4475 1556 4546 falsum.
1602 4474 1712 4548 Hoc
1738 4484 1856 4548 est,

249 4552 528 4607 fraudibus
557 4563 610 4604 ct
643 4549 952 4618 imposturis
992 4549 1065 4603 sic
1118 4545 1352 4602 illudnut
1395 4545 1860 4618 oculisivulgi,-ut

247 4623 454 4678 falsitas
499 4617 758 4693 [ιη-Βιριιώ
801 4631 935 4693 tecta
968 4628 1019 4672 et
1059 4619 1383 4693 adumbrata
1416 4632 1521 4693 non
1564 4617 1862 4693 deprehen—

248 4695 428 4750 datur.
456 4695 533 4748 Es
557 4687 630 4748 eo
652 4708 850 4761 genere
873 4691 1223 4760 impostorntn
1250 4689 1384 4744 Galli
1431 4687 1612 4741 Matris
1638 4687 1858 4756 Magum,

246 4767 544 4828 Romanis,
604 4764 926 4834 Sangatinm
981 4763 1198 4834 fluvium
1264 4769 1448 4834 ponte
1489 4762 1858 4834 transgressis,

246 4853 539 4893 occurrere
588 4830 1058 4899 cum'insignibus
1122 4832 1252 4897 suis,
1306 4831 1476 4900 inquit
1533 4830 1712 4883 Livius
1764 4830 1857 4884 lil).

247 4924 441 4964 xxvm.
480 4925 600 4978 cap.
632 4922 742 4960 xu.
788 4905 1128 4978 Vaticinuntes
1163 4902 1386 4978 fanatico
1422 4903 1671 4978 carmine,
1713 4902 1861 4978 deum

249 4978 499 5035 Romanis
542 4974 640 5032 vim
679 4978 797 5031 belli
848 4987 893 5030 et
933 4975 1193 5028 victoriam
1244 4974 1384 5027 dare.
1421 4974 1495 5026 lla
1532 4988 1660 5027 vero
1690 4977 1861 5044 scrip-

249 5053 386 5106 siSse
439 5051 703 5108 Livium:
748 5051 848 5102 vim
893 5048 1010 5101 belli
1059 5059 1105 5100 et
1154 5047 1414 5100 victoriam
1458 5046 1600 5111 dare,
1651 5064 1755 5101 non
1803 5055 1862 5102 ut

249 5125 304 5178 in
359 5124 612 5176 omnibus
662 5120 822 5174 editis
890 5119 1082 5188 legitur
1123 5137 1134 5172 :
1179 5117 1314 5170 viani
1362 5117 1478 5169 belli
1526 5129 1749 5188 apparet
1792 5133 1858 5173 ex

250 5195 512 5266 Polybio:
546 5195 830 5254 Mazéurs;
871 5191 1268 5267 προσαγγέλᾌξειν
1419 5191 1548 5267 ᾳοεὸν
1593 5195 1743 5267 νικῆν.
1773 5194 1860 5267 uoti

249 5261 454 5341 κράξας.
503 5267 738 5341 Insignia
779 5261 1288 5341 impostorttt’ntjicit
1321 5261 1518 5341 Livius,
1562 5278 1679 5332 quin
1712 5263 1857 5318 Poli-

249 5333 389 5414 ljius.
417 5333 764 5414 «pumicata
789 5333 1669 5414 xui-ruro~);._l_{icst:r.7—_Sensus
1697 5349 1856 5405 quem

251 5410 400 5481 fingit
430 5405 712 5480 lt'igaltius,
743 5425 810 5462 ex
843 5407 992 5462 hisce
1027 5405 1205 5461 verbis
1236 5405 1475 5474 exsculpi
1503 5421 1607 5460 non
1657 5415 1854 5475 potest,

247 5483 450 5540 fortean
475 5481 766 5553 legendum
794 5495 811 5533 :

403 5619 691 5670 Subornant
718 5613 839 5664 aliis
863 5624 982 5664 esse
1007 5613 1098 5663 sub
1120 5615 1352 5679 mysteria
1376 5626 1589 5665 sacrum.

323 5742 425 5800 Seu
456 5745 597 5801 falso
627 5737 973 5815 persuadent
1007 5737 1120 5815 aliis
1151 5749 1396 5795 sanctum
1429 5739 1631 5812 aliquid
1658 5749 1711 5795 et
1738 5739 1873 5796 diri-

259 5831 375 5873 num
400 5810 733 5891 mysterium
759 5811 1014 5868 subesse.
1034 5810 1220 5865 DAVIS.

2037 2178 2104 2232 Et
2131 2179 2310 2255 sesua
2333 2179 2499 2255 figura
2527 2178 2766 2255 fatigant.
2810 2178 3139 2255 Subligura,
3169 2183 3270 2239 sub
3301 2198 3565 2255 persona,

1965 2249 2108 2316 ficte,
2152 2247 2598 2328 sitnulateLPub.
2625 2247 2851 2321 'Syrus:
2891 2247 3408 2324 Her'edisﬂetus'sub
3445 2247 3561 2328 per:

1966 2337 2091 2374 sana
2127 2325 2260 2375 risus
2290 2333 2382 2376 est.
2420 2321 2535 2375 lita.

2053 2391 2260 2468 Vidistis
2291 2408 2426 2459 saepe
2466 2390 2856 2468 Diudyntarias.
2904 2394 3234 2468 Dindymarii
3277 2407 3562 2468 sunt,_pe-

1968 2476 2091 2535 cora
2129 2462 2476 2534 Dindymena:
2503 2462 2752 2535 Cybeles.
2777 2462 2912 2535 Atys
2933 2462 3157 2535 Catulli,
3191 2468 3257 2522 ad
3285 2462 3422 2525 suas
3441 2462 3572 2526 Cal-

1960 2533 2039 2606 las
2066 2552 2078 2586 :
2110 2533 2280 2603 Agite,
2307 2537 2392 2606 gite
2436 2535 2504 2586 att
2546 2533 2651 2586 alta
2692 2533 2865 2588 Galla!
2903 2534 3112 2606 Cybeles
3151 2554 3358 2594 nemora
3397 2544 3570 2597 simul.

1961 2603 2134 2678 _Simul
2175 2606 2262 2678 ite,
2295 2603 2632 2678 Dindymenae
2675 2606 2916 2678 dominwA
2943 2603 3071 2678 vaga
3108 2625 3314 2678 pecora.
3358 2612 3575 2668 Martia-

1958 2674 2046 2742 lis,
2082 2691 2158 2740 ιιι,
2191 2675 2298 2730 82:
2336 2674 2514 2746 Spado
2543 2675 2853 2747 Dindymus.
2886 2675 3008 2734 th.

2031 2773 2132 2825 Aut
2161 2790 2275 2827 cum
2304 2773 2457 2826 dorsa
2482 2787 2575 2824 sua
2604 2771 2843 2824 allidunt.
2887 2769 3042 2837 Circa
3082 2774 3305 2830 istorum
3350 2778 3574 2833 nebulo-

1960 2859 2085 2897 nutu
2118 2844 2415 2913 prtestigias
2445 2843 2651 2895 variant
2690 2845 3004 2910 scriptorcs.
3050 2845 3341 2912 Lucianus,
3377 2849 3469 2902 lib.
3505 2851 3574 2910 de

1965 2914 2075 2968 Dea‘
2104 2914 2280 2986 Syria,
2309 2915 2576 2986 τεμνόνται
2607 2935 2660 2968 τε
2687 2917 2809 2973 τοὺς
2840 2918 3056 2982 πηκεάς,
3090 2922 3175 2972 καὶ
3201 2922 3337 2974 τοίσι
3362 2932 3570 2981 νωτοῐσι

1960 2987 2090 3059 πρὸς
2133 2987 2375 3046 ἀλληλούς
2412 2987 2710 3042 τυπτόνται.
2759 2987 3016 3059 Apuleius
3039 3030 3055 3054 ,
3099 2989 3191 3059 libr.
3221 3005 3351 3047 Vitt;
3387 3010 3406 3043 t
3442 2993 3577 3050 Bra-

1963 3057 2098 3110 cluis
2127 3060 2236 3111 suis
2269 3058 2493 3110 humero
2535 3065 2689 3110 tenus
2730 3057 3025 3122 renudatis,
3056 3058 3346 3114 attolentes
3375 3064 3572 3118 imma-

1965 3140 2062 3182 nes
2100 3127 2304 3195 gladios
2343 3141 2408 3180 ac
2446 3141 2689 3190 secures,
2732 3132 2952 3179 evantes
2991 3129 3282 3196 exsiliunt;
3313 3133 3569 3194 incitante

1967 3199 2110 3275 tibiae
2132 3208 2292 3252 cantu
2317 3197 2703 3275 lytnpltaticun_i
2725 3197 3049 3275 tripudians.
3085 3219 3103 3252 ι
3134 3201 3198 3275 Et
3227 3203 3385 3275 paulo
3409 3218 3532 3275 post
3557 3227 3571 3263 :

1969 3287 1987 3320 ‹
2019 3268 2099 3323 Ad
2126 3276 2455 3338 postremum
2477 3268 2697 3340 ancipiti
2721 3267 2864 3340 ferro
2880 3269 3020 3338 quod
3043 3267 3323 3340 gerebant,
3348 3267 3567 3335 brachia

1964 3356 2059 3394 sua
2087 3342 2377 3414 dissecant.
2414 3357 2432 3391 ι
2473 3339 2538 3393 Ει
2565 3349 2684 3406 post
2710 3339 2812 3414 alia
2842 3339 3088 3414 qtttedant
3113 3359 3124 3394 :
3155 3346 3442 3414 «Arrepto
3469 3349 3569 3402 fla-

1961 3425 2127 3480 gro...
2176 3410 2411 3464 indidem
2455 3424 2578 3464 sese
2614 3409 2930 3465 multinodis
2969 3409 3568 3476 cuminulcant'ictibns

1963 3483 2095 3563 mira
2120 3492 2305 3607 ccli‘ntra
2333 3481 2606 3551 plagarum
2632 3481 2849 3536 dolores
2880 3485 3300 3554 praesumptione
3326 3500 3567 3546 continu-

1963 3565 2077 3606 mtt.
2110 3572 2128 3604 ι
2210 3568 2277 3607 tc.

1960 3565 2077 3606 11111.
2110 3572 2128 3604 ι
2159 3565 2277 3608 IUG.

2033 3644 2202 3720 Darsa
2229 3661 2323 3697 sua
2352 3643 2573 3720 alliduttt
2618 3661 2806 3720 spurca
2848 3647 3173 3720 bipennealu
3214 3652 3566 3720 apograplto;

1966 3733 2122 3791 parca
2151 3716 2381 3791 bipenne.
2416 3716 2838 3791 Commodianus
2865 3719 3064 3791 aliquid
3098 3719 3185 3791 hic
3241 3716 3569 3791 propudiosa

1964 3789 2184 3844 obsceni
2234 3788 2370 3842 Galli
2415 3787 2637 3841 cinaedis
2690 3788 3022 3858 exprobrare
3074 3787 3305 3848 videtur.
3342 3787 3566 3848 'Glossa:

1964 3873 2176 3939 veteres
2208 3875 2220 3939 ξ
2250 3860 2448 3938 ὶσχὶρν,
2479 3858 2726 3939 Bassum,
2759 3859 2963 3927 Lumbi,
2993 3860 3143 3939 Glos.
3178 3863 3319 3939 alize,
3347 3865 3566 3939 ῥσφύες,

1963 3933 2144 4003 ἰσχία.
2192 3928 2496 4005 Apuleius:
2549 3949 2566 3980 ι
2614 3928 2882 4005 Cerneres
2939 3932 3183 4005 profectu
3236 3928 3563 4005 gladiorum,

1967 4001 2181 4072 ictuque
2210 4001 2519 4070 flagrorum,
2551 4003 2726 4073 solum
2758 4004 3017 4072 spurcitia
3050 4001 3326 4073 sanguinis
3354 4001 3566 4062 eﬂemi4

1968 4075 2075 4126 Itali
2105 4074 2434 4132 tttadescet‘C,
2467 4085 2574 4128 etc.
2609 4091 2628 4123 ι
2663 4072 2782 4127 th.

2037 4162 2165 4217 Cum
2205 4163 2437 4218 doctrina
2479 4181 2572 4218 sua
2611 4176 2830 4238 servant.
2882 4165 2992 4220 Hoc
3043 4174 3167 4221 est:
3203 4168 3566 4238 nequidquam

1965 4235 2208 4291 doctrina
2239 4250 2332 4290 sua
2365 4245 2603 4302 servant,
2631 4235 2807 4307 neque
2835 4238 2963 4292 item
3003 4252 3196 4294 cruore
3222 4235 3335 4365 suta
3349 4235 3566 4296 sanant.

3342 4327 3410 4365 ιθ.

3342 4327 3410 4367 IG.

2037 4397 2239 4476 Stipept
2288 4408 2342 4452 ut
2391 4397 2628 4476 tollant,‘
2657 4399 2862 4476 ingenia
2912 4401 3039 4454 talia
3080 4414 3337 4474 quierunt.
3393 4405 3570 4476 Supra

1964 4470 2340 4546 eadetti__ltts_tr.
2372 4470 2507 4524 dixit
2537 4488 2557 4546 :_
2586 4469 2725 4524 Dum
2765 4475 2916 4526 vitam
2959 4469 3104 4526 suum
3135 4475 3385 4530 extricare
3422 4469 3568 4546 qtite-

1966 4553 2104 4617 runt.
2161 4542 2310 4594 'l‘alia
2361 4557 2488 4596 vero
2539 4542 2958 4617 jatn___u:vo_suo
3007 4555 3314 4617 agyrtarum
3357 4542 3571 4617 ingenia

1967 4611 2133 4690 fuisse
2159 4622 2389 4690 testatur
2428 4611 2618 4690 auctor
2646 4613 2774 4690 libri
2801 4614 2863 4667 de
2890 4611 3257 4690 inorba'sacro,
3287 4621 3376 4688 qui
3411 4611 3570 4690 Vulgo

1968 4686 2154 4761 fertur,
2189 4685 2528 4753 Hippocratis
2561 4702 2574 4736 :
2609 4685 2881 4761 ’Λνθρριποι
2902 4686 3276 4761 βίοιένδεομὲνοι
3304 4685 3466 4745 ἶπολλὰ
3487 4685 3570 4746 {uti

1966 4758 2177 4811 παντοία
2201 4776 2474 4812 τεκνεονται
2500 4761 2582 4811 καὶ
2610 4757 2968 4813 πουέιλλούσὶν.
3005 4759 3125 4814 lito.

2038 4826 2258 4900 Ingenia
2289 4827 2413 4880 talia
2443 4838 2697 4897 quierunt.
2730 4831 2819 4883 Sic
2845 4830 2985 4900 apud
3025 4830 3413 4886 Tertttlliantttn
3439 4848 3454 4889 τ
3487 4833 3571 4888 in-

1965 4899 2170 4966 genium
2191 4899 2388 4952 decoris
2415 4917 2429 4955 ;
2452 4901 2656 4971 ingenia
2679 4899 2980 4968 poenarum:
3003 4903 3206 4972 ingenia
3227 4905 3436 4971 artium,
3461 4916 3570 4960 etc.

3257 4975 3379 5030 llic.

2042 5040 2358 5115 Obutiibrant
2385 5044 2653 5115 populum.
2690 5043 2925 5113 Fallunt,
2963 5043 3173 5115 objecta
3204 5048 3346 5102 nube
3376 5056 3430 5104 et
3455 5059 3575 5114 utu-

1963 5110 2082 5177 bra,
2117 5110 2413 5167 fraudibus.
2437 5113 2560 5169 th.

2038 5182 2117 5238 De
2147 5193 2390 5238 vetustate
2417 5187 2683 5255 processit.
2719 5185 2941 5244 Ovidius
2968 5205 3039 5253 tv,
3074 5188 3220 5245 Fast.
3251 5207 3265 5243 :

2569 5323 2666 5372 Pro
2691 5334 2868 5385 magno
2894 5331 3025 5373 teste
3050 5332 3273 5376 vetustas

2120 5385 2366 5449 Creditur,
2394 5392 2646 5451 acceptam
2671 5399 2820 5448 prace
2847 5399 3049 5436 movere
3073 5387 3239 5437 ﬁdem.
3371 5385 3520 5438 (ιλιι.

2057 5512 2346 5567 Vaticinani
2369 5513 2606 5568 credatur
2633 5512 2872 5585 prodenti
2889 5513 3041 5585 falsa.
3070 5512 3236 5569 Forte
3263 5510 3382 5570 ιιωο
3404 5521 3578 5569 trans-

1977 5587 2149 5655 posila
2180 5585 2330 5638 fuere
2353 5601 2368 5636 :
2395 5585 2530 5656 falsa
2562 5584 2813 5652 prodenti.
2847 5584 2966 5640 th.

2049 5656 2300 5726 Mujestas
2344 5653 2512 5709 autem
2557 5656 2764 5726 illorum
2803 5656 2947 5708 nulla
2992 5656 3159 5710 locuta
3199 5663 3308 5726 est._
3350 5653 3579 5726 “pede

1975 5723 2283 5783 simulacris
2310 5730 2548 5797 gentium
2574 5723 3016 5794 Connuodianus,
3039 5741 3106 5783 ex
3130 5723 3579 5797 oraculoiPsalmi

1979 5813 2148 5855 cxut:
2180 5797 2253 5854 0s
2282 5795 2468 5854 habent
2506 5808 2553 5852 et
2582 5813 2686 5853 non
2713 5798 3004 5868 loquentur.
3047 5795 3298 5865 Maiestas
3337 5796 3576 5860 illorum,
