3950 6346
338 395 467 457 ,915
578 393 831 466 (ει-εει.)

597 526 742 564 XVIII.
772 537 843 548 —
870 521 937 562 ιιι
968 520 1260 561 Αιωυωτε
1289 519 1354 559 ET
1381 519 1484 559 ι)εο
1504 517 1698 558 MAGNO.

356 645 598 702 Diximus
617 644 729 716 jam
759 643 924 699 multa
947 643 1014 718 de
1039 641 1417 712 superstitione
1443 639 1665 694 nefanda
1685 679 1699 702 ,

356 738 428 794 Et
455 747 630 792 tamen
660 737 1026 807 exsequimur,
1061 751 1127 790 ne
1149 735 1273 806 quid
1300 733 1600 803 praeterisse
1621 729 1880 786 dicamur.

356 830 843 898 Ammudatemque
874 844 1030 883 suum
1062 827 1297 882 cultores
1327 839 1479 878 more
1515 822 1767 877 colebant
1799 839 1812 876 :

357 920 580 991 Magnus
603 929 725 973 erat
746 918 873 985 illis,
899 917 1112 988 quando
1141 914 1241 982 fuit
1263 930 1454 969 aurum
1487 918 1540 968 ln
1568 912 1707 968 mde.

357 1009 637 1065 Mittebant
655 1009 828 1078 capita
852 1008 954 1063 sub
981 1006 1198 1061 numine
1218 1001 1674 1076 quasiprzesenti.

356 1102 590 1158 Ventum
620 1111 703 1158 est
723 1101 787 1156 ad
814 1115 1105 1164 summum,
1132 1109 1187 1154 ut
1212 1095 1393 1153 Caesar
1419 1099 1630 1154 tolleret
1649 1112 1838 1153 aurum
1870 1117 1883 1153 :

357 1193 564 1249 Defecit
585 1208 805 1258 numen,
833 1202 926 1246 aut
953 1180 1107 1262 fugit,
1135 1200 1227 1246 attt
1253 1191 1448 1245 transit
1481 1191 1534 1245 in
1554 1190 1754 1260 ignem.

354 1285 560 1340 Auctor
587 1283 744 1353 hujus
767 1283 988 1339 sceleris
1011 1291 1243 1348 constat,
1273 1283 1363 1352 qui
1392 1282 1656 1337 formabat
1684 1280 1932 1338 eumdem

356 1375 462 1431 Tot
500 1377 642 1430 viros
670 1384 722 1430 et
751 1391 972 1446 magnos
995 1374 1205 1430 seducit
1229 1374 1363 1429 false
1389 1374 1720 1446 prophetans
1745 1389 1782 1439 ;~

349 1467 423 1524 Et
449 1465 609 1521 modo
631 1467 844 1522 reticuit
868 1465 958 1537 qui
985 1465 1195 1520 solebat
1215 1481 1335 1521 esse
1363 1465 1597 1520 divinus.

356 1559 731 1629 Erumpebant
753 1560 896 1614 enim
928 1573 1112 1624 voces,
1142 1560 1294 1630 quasi
1323 1568 1503 1614 mente
1532 1566 1774 1622 mutata;

354 1652 636 1722 Tanquam
674 1651 751 1706 illi
781 1651 916 1707 deus
943 1651 1070 1722 ligni
1101 1651 1410 1722 loqueretur
1450 1653 1500 1705 in
1528 1665 1734 1705 aurem.

355 1744 531 1800 Dicite
558 1759 701 1799 nunc
723 1745 846 1814 ipsi,
878 1745 924 1798 si
954 1758 1058 1798 non
1087 1745 1202 1798 sint
1227 1744 1442 1798 numina
1466 1742 1636 1798 falsa?

353 1835 437 1892 Ex
468 1850 535 1891 eo
567 1834 813 1906 prodigio
842 1845 972 1905 quot
995 1835 1226 1905 perdidit
1255 1835 1343 1890 ille
1367 1835 1674 1906 propheta?

354 1927 569 1987 Oblitus
590 1935 672 1982 est
702 1927 803 1982 iste
829 1926 1172 1996 pr0phetare,
1205 1927 1295 1997 qui
1321 1938 1448 1982 ante
1477 1926 1707 1982 solebat.

354 2019 594 2074 Monstra
619 2016 757 2072 adeo
783 2017 886 2071 ista
926 2017 1046 2072 ficta
1074 2028 1198 2073 sunt
1220 2033 1317 2088 per
1337 2018 1709 2085 vinivoraces;

358 2111 599 2170 Audacia
626 2127 854 2183 quorum
878 2110 1200 2164 damnabilis
1221 2111 1441 2165 numina
1470 2110 1640 2181 lingit.

358 2203 658 2261 Gestabant
701 2205 869 2270 enim,
908 2214 960 2259 et
989 2205 1131 2259 aruit
1160 2204 1264 2259 tale
1285 2204 1523 2276 sigillum
1552 2223 1566 2259 :

357 2297 494 2354 Nam
522 2306 577 2353 et
599 2298 714 2368 ipse
735 2298 878 2364 silet,
908 2313 1007 2353 nec
1036 2298 1176 2354 ullus
1205 2297 1272 2354 de
1304 2299 1396 2353 illo
1427 2296 1710 2369 praphetat

361 2391 618 2459 Omnino,
650 2390 746 2447 sed
776 2406 872 2447 vos
902 2392 1048 2462 ipsos
1080 2392 1309 2462 perdere
1334 2393 1515 2448 vultis.

794 2525 908 2564 XIX.
934 2539 1003 2551 -—
1027 2523 1339 2564 NEIBSIACIS
1357 2525 1533 2565 \‘ANIS.

362 2622 480 2679 Non
507 2622 858 2693 ignominium
881 2629 984 2687 est,
1022 2621 1198 2676 virum
1227 2621 1411 2678 seduci
1444 2624 1788 2694 prudentem,

363 2714 434 2770 Et
461 2713 640 2770 colere
672 2713 853 2781 talem,
881 2721 974 2768 aut
1002 2713 1224 2768 Dianam
1257 2713 1438 2770 dicere
1465 2715 1719 2787 lignum?

1481 383 1906 442 COMMODIANI
1947 379 2521 438 INSTRUCTIONES

1971 501 2023 558 Α
2048 494 2200 552 Mane
2224 494 2394 562 ebrio,
2418 495 2603 560 crudo,
2638 492 2877 565 perituro
2900 490 3124 547 creditis
3151 490 3301 556 viro;

3192 379 3265 448 (ν.
3287 372 3442 444 eiii.)
3557 369 3671 426 216

2061 586 2140 642 Es
2164 595 2281 643 arte
2303 588 2394 657 qui
2420 586 2542 642 ficte
2571 585 2808 656 loquitur
2837 583 2962 656 quid
2991 583 3066 639 illi
3090 582 3304 638 videtur
3343 599 3358 635 :

2062 678 2259 734 Severe
2287 678 2413 734 dum
2442 678 2579 746 agit,
2612 677 2714 731 sibi
2746 677 2951 732 viscera
2983 674 3172 746 pascit.

2060 772 2331 842 Incopriat
2357 770 2503 826 cives
2529 786 2666 825 unus
2691 770 3026 825 detestabilis
3056 780 3269 824 omnes.

2062 862 2436 934 Adplicuitque
2461 861 2585 928 sibi,
2617 861 2780 916 simili
2807 861 3038 931 collegio
3065 859 3228 922 facto,

2060 953 2195 1012 Cum
2223 954 2416 1022 quibus
2443 952 2723 1008 historiam
2750 952 2923 1023 lingit,
2955 961 3014 1006 ut
3040 951 3200 1007 deum
3229 945 3482 1005 adornet.

2059 1045 2180 1116 Ipse
2201 1045 2305 1100 sibi
2337 1047 2510 1099 nescit
2533 1044 2779 1100 divinare
2808 1086 2822 1111 ,
2851 1043 3063 1099 ceteris
3086 1041 3270 1098 audet.

2062 1138 2354 1201 Succollat,
2382 1135 2597 1208 quando
2622 1137 2770 1200 libet,
2794 1150 2942 1201 eum,
2974 1142 3029 1190 et
3047 1132 3262 1204 quando
3286 1130 3531 1203 deponit.

2059 1231 2301 1286 Vertitur
2320 1248 2351 1285 a
2378 1247 2440 1287 se
2469 1239 2655 1286 rotans
2687 1244 2809 1284 cum
2847 1228 2996 1298 ligno
3025 1225 3252 1293 bifurci;

2062 1325 2139 1378 Ac
2162 1324 2205 1377 si
2237 1333 2393 1392 putes
2416 1321 2568 1376 illum
2595 1319 2836 1375 afﬂatum
2869 1318 3091 1373 numine
3117 1317 3271 1388 ligni.

2060 1413 2177 1469 Non
2199 1413 2332 1468 deos
2359 1427 2453 1467 vos
2477 1411 2654 1467 colitis
2684 1425 2820 1482 quos
2857 1411 2957 1480 ipsi
2985 1408 3120 1464 false
3147 1413 3511 1480 prophetarit;

2065 1505 2214 1576 Ipsos
2243 1504 2555 1559 sacerdotes
2580 1502 2757 1560 colitis
2778 1543 2792 1567 ,
2818 1503 2872 1557 in
2901 1516 3041 1557 vano
3073 1501 3341 1557 timentes.

2064 1596 2172 1654 Sed
2199 1597 2245 1650 si
2269 1594 2435 1651 corde
2460 1597 2634 1665 viges,
2656 1593 2780 1664 fuge
2803 1582 2916 1664 iam
2947 1593 3181 1649 sacraria
3212 1593 3424 1648 mortis.

2629 1724 2720 1763 XX.
2745 1739 2818 1749 —
2835 1723 3088 1771 TITANES.

2064 1823 2285 1880 Titanas
2308 1823 2460 1880 vobis
2486 1824 2728 1880 Tutanos
2752 1823 2930 1878 dicitis
2952 1837 3094 1879 esse.

1991 1889 2039 1949 Β
2067 1915 2307 1972 Immites
2334 1917 2525 1971 tacitos
2554 1915 2656 1972 sub
2681 1915 2918 1978 culmine
2946 1923 3129 1971 vestro
3159 1914 3388 1986 rogatis.

2065 2006 2168 2064 Tot
2198 2007 2360 2074 lares,
2391 2006 2667 2072 aediculas,
2701 2006 2992 2062 simulacra
3019 2005 3142 2061 fleta
3172 2004 3384 2061 Titano.

2069 2099 2322 2156 Adoratis
2345 2101 2490 2156 enim
2515 2100 2662 2155 stulti
2693 2099 2834 2155 malo
2861 2099 2972 2155 leto
2999 2097 3312 2163 defunctos;

2063 2194 2183 2252 Non
2213 2194 2384 2267 legem
2414 2196 2651 2266 ipsorum
2679 2195 2918 2266 legentes
2945 2209 2960 2246 :
2997 2207 3102 2248 non
3134 2193 3234 2264 ipsi
3263 2195 3575 2266 loquuntur.

2065 2286 2135 2342 Et
2155 2286 2286 2343 deos
2324 2287 2536 2342 audetis
2567 2287 2822 2343 :eramine
2859 2285 3040 2341 dicere
3069 2285 3236 2342 fusos.

2072 2381 2356 2438 Solveritis
2383 2395 2478 2438 eos
2508 2382 2678 2451 magis
2707 2382 2759 2435 in
2789 2379 3004 2435 vascula
3031 2381 3230 2444 vobis.

2571 2513 2693 2553 XXI.
2722 2527 2791 2538 ’-
2819 2511 3188 2552 ιοκτεειλυιε.

2077 2629 2284 2686 Montes
2312 2640 2367 2686 et
2395 2628 2528 2685 deos
2557 2629 2770 2686 dicitis:
2802 2629 3146 2685 dominentur
3171 2629 3224 2684 in
3247 2643 3400 2685 auro.

2075 2723 2359 2780 Obscurati
2379 2724 2543 2789 malo,
2569 2723 2743 2778 aliena
2771 2731 2950 2778 mente
2973 2723 3246 2792 juvantes.

1713 2875 2269 2940 COMMENTARIUS.

368 3010 560 3065 nempe
586 2994 996 3065 simulacrorum,
1019 2993 1085 3047 de.
1119 2992 1314 3065 quibus
1330 3001 1414 3065 est
1432 2992 1812 3065 Instructionis
1835 2994 1958 3048 titu-

370 3069 474 3128 lus.
498 3062 647 3120 nulta
673 3067 842 3119 locuta
869 3076 959 3125 est.
987 3063 1090 3118 hoc
1122 3073 1225 3130 est,
1270 3062 1399 3117 nihil
1432 3063 1604 3117 locuta
1635 3076 1717 3118 est
1760 3081 1772 3117 :
1815 3065 1957 3120 nulla

369 3138 505 3193 fudit
529 3138 767 3192 oracula.
799 3137 919 3192 th.
1350 3135 1354 3140 ’

2069 3014 2196 3068 psus
2218 3009 2302 3054 est
2331 2999 2611 3068 Rigaltius.
2643 2997 2768 3052 V'nlt
2812 2997 2955 3052 enim
2980 2994 3416 3068 rCommodianus
3439 3038 3454 3061 ,
3485 2994 3691 3051 Neme-

2068 3067 2269 3124 SiaCmn
2298 3067 2423 3124 dum
2453 3086 2621 3124 severe
2667 3069 2810 3138 agit,
2844 3084 2938 3122 seu
2968 3067 3155 3138 ﬂagris
3178 3078 3234 3122 et
3261 3067 3438 3136 gladio
3482 3082 3688 3136 corpus

2072 3141 2310 3206 lacerat,
2369 3142 2564 3196 victum
2624 3136 2729 3195 sibi
2785 3136 3058 3210 qumrere.
3117 3136 3253 3193 Iliuc
3315 3138 3478 3194 lustr.
3533 3153 3690 3205 xvu,

444 3209 523 3262 De
561 3223 877 3263 annonam.
912 3206 1236 3261 Gratulabor
1272 3205 1591 3259 monstranti
1637 3205 1797 3277 alium
1835 3210 1971 3263 scri-
1999 3215 2045 3277 C
2079 3227 2132 3265 v.
2164 3210 2274 3268 215
2305 3229 2318 3265 :

377 3289 620 3345 ptorem,
679 3279 768 3346 qui
832 3278 1053 3347 hujusce
1105 3277 1342 3330 numinis
1391 3277 1716 3330 mentionem
1761 3276 1969 3334 fecerit.

375 3350 704 3409 Terminalia
735 3349 1005 3403 Persicam
1033 3362 1216 3401 vocem
1246 3347 1477 3406 indicat;
1511 3360 1566 3400 ut
1594 3358 1735 3409 sunt,
1765 3349 1972 3404 Mithri-

377 3421 551 3485 dates,
581 3418 904 3484 Orondates,
928 3417 1216 3482 Tiridates,
1257 3416 1616 3472 Meherdates.
1653 3420 1816 3474 Etest
1837 3422 1974 3489 apud

377 3493 698 3560 Procopium
729 3491 779 3543 in
810 3490 1041 3562 Persicis
1065 3492 1366 3562 ᾲμμουδίος,
1386 3489 1671 3562 agcrhand
1701 3491 1969 3562 ignobilis,

376 3563 540 3639 δαρὰς
560 3559 750 3639 μικρὸν
782 3560 943 3639 εζνςοσι
968 3559 1190 3639 erudias?
1218 3563 1452 3639 ἀγινεχρίνέθ2
1486 3559 1572 3613 ubi
1589 3569 1767 3639 castra
1790 3559 1978 3639 [iet'sa-

382 3630 499 3688 ru'm
532 3630 790 3686 adversus
818 3632 1106 3686 Romanos.
1138 3631 1205 3686 Et
1234 3630 1372 3701 apud
1410 3630 1754 3700 Hesychinm,
1795 3632 1940 3687 Datis
1961 3675 1973 3697 ,

384 3718 575 3758 nomen
606 3704 943 3771 imperatoris
960 3702 1134 3756 Persa:
1161 3721 1173 3754 :
1198 3705 1290 3754 sed
1321 3702 1434 3754 lucc
1456 3717 1614 3770 quam
1636 3711 1760 3755 sunt
1778 3703 1974 3769 lnauia,

384 3775 429 3829 si
455 3791 560 3828 non
589 3774 803 3828 aliunde
833 3772 1256 3827 eonfirmenlur?
1288 3774 1402 3827 lltc.

456 3846 794 3898 Nsussmms.
833 3845 906 3897 De
943 3844 1111 3898 Gallis
1151 3843 1396 3914 Cybeles,
1425 3843 1600 3914 Illa-is.
1641 3843 1976 3912 Bellonariis,

386 3917 568 3970 Isianis
589 3925 643 3969 et
681 3914 1009 3969 Nemesiacis
1038 3913 1205 3967 etiam
1225 3917 1418 3982 scripta
1448 3913 1695 3969 Gentium
1727 3917 1978 3983 profana-

387 4001 504 4042 rum
536 3986 764 4041 confuse
801 3985 1096 4039 disserunt.
1155 3984 1523 4037 Nemesiacnm
1551 3986 1804 4041 describit
1839 3993 1982 4048 Anu-

388 4058 524 4113 leins
552 4057 664 4110 Mil.
695 4073 786 4112 vm
815 4074 826 4108 :
861 4075 878 4107 ‹
910 4056 1038 4110 lnsit
1070 4055 1446 4109 vaticinatione
1472 4057 1726 4119 clamosa,
1751 4059 1982 4114 conficto

389 4129 709 4191 mendacio,
765 4128 1112 4195 semetipsum
1165 4128 1432 4180 incessere
1486 4137 1648 4194 atque
1687 4131 1978 4194 criminari,

386 4201 536 4270 quasi
567 4209 757 4254 contra
778 4199 855 4251 fas
875 4207 1073 4251 sane-nc
1102 4198 1375 4270 religionis
1400 4197 1733 4270 designasset
1761 4201 1978 4270 aliquid,

387 4267 442 4325 et
470 4271 690 4339 insuper
717 4270 888 4338 justas
915 4284 1097 4337 poenas
1130 4267 1273 4321 noxii
1315 4267 1568 4339 facinoris
1590 4269 1726 4339 ipse
1755 4270 1822 4324 de
1852 4267 1984 4326 'snis

388 4338 634 4396 manibus
674 4355 990 4411 exposcere.
1034 4342 1286 4411 Arrepto
1311 4338 1540 4406 denique
1579 4338 1776 4411 flagro,
1819 4352 1978 4404 (διον

389 4427 508 4480 quae
539 4427 696 4480 supra
740 4409 806 4465 de
835 4411 1191 4481 Dindymariis
1240 4409 1642 4481 observavimus
1669 4451 1683 4472 ,
1716 4410 1782 4465 ad
1826 4411 1984 4466 Instr.

392 4497 523 4536 xvn.
553 4481 654 4537 Uni
707 4483 774 4537 de
813 4480 1024 4550 fragore
1050 4497 1156 4550 quo
1201 4480 1439 4534 luxurias
1479 4480 1694 4547 ineunt,
1728 4491 1782 4535 et
1824 4483 1988 4536 furias

392 4555 598 4621 fingunt
632 4570 646 4606 :
688 4554 775 4621 qui
819 4551 1000 4621 fragor
1037 4561 1092 4606 et
1134 4552 1281 4605 furor
1336 4552 1496 4606 etiam
1550 4550 1987 4607 Nemesiacorum

389 4622 512 4688 fuit,
539 4635 603 4679 ut
631 4622 808 4679 videre
835 4631 921 4678 est
949 4625 998 4676 in
1022 4622 1154 4677 estis
1174 4622 1491 4690 .Apuleianis
1524 4639 1537 4675 :
1588 4641 1606 4674 ι
1643 4623 1726 4676 Ah
1749 4625 1991 4691 ingressu

391 4695 570 4763 primo
592 4696 769 4748 statim
798 4694 1018 4749 absonis
1048 4694 1335 4748 ululatibus
1361 4703 1766 4762 constrepentes
1795 4693 1990 4748 fanati-

390 4779 455 4819 ce
485 4765 782 4833 pervolant,
815 4776 916 4819 etc.
936 4785 954 4818 s
985 4765 1274 4832 PrOpterea
1302 4763 1550 4818 Nemesin
1577 4764 1815 4819 Catullus
1832 4765 1988 4820 deam

389 4837 765 4889 vehementem
809 4850 928 4891 esse
977 4836 1139 4895 dixit.
1173 4835 1556 4904 epigrammate
1581 4835 1647 4888 ad
1693 4835 1938 4890 Licinum
1973 4855 1987 4892 :

393 4904 479 4960 Ne
502 4923 677 4975 poenas
708 4905 940 4960 Nemesis
988 4916 1221 4976 reposcat
1255 4903 1286 4959 ἁ
1313 4915 1377 4959 te.
1421 4903 1514 4958 Est
1538 4906 1822 4976 ivehemens
1871 4907 1987 4968 dea,

392 4979 581 5052 Irrdere
609 4979 740 5052 hanc
766 4989 957 5052 caueto.
988 4975 1233 5052 Babrius,
1255 4975 1643 5052 apudSuidam
1672 4994 1684 5028 :
1715 4977 1990 5052 [Iapfivd'ii

390 5051 619 5121 νεμέσις,
640 5052 670 5107 ἡ
696 5050 740 5103 τ’
773 5047 904 5103 ἄδικ’
927 5050 1227 5121 ἐποπτεύει.Δ
1255 5047 1320 5100 Et
1348 5047 1448 5121 alia
1473 5046 1771 5121 bujusmodi
1789 5046 1990 5104 ibidem

392 5117 617 5174 in'banc
655 5120 973 5174 sententiam
1019 5120 1084 5173 de
1129 5117 1482 5187 scriptoribus
1524 5119 1754 5188 antiquis
1806 5123 1987 5175 citata.

391 5191 714 5244 Ammianus
739 5188 1075 5244 Marcellinus
1095 5191 1187 5246 lib.
1213 5205 1302 5244 xlv
1335 5206 1349 5242 :
1383 5207 1400 5238 ‹
1429 5188 1571 5250 Haec.
1600 5201 1654 5243 et
1684 5191 1992 5258 bujusmodi

395 5259 613 5330 quidem
659 5260 1064 5316 innumerabilia
1119 5260 1280 5314 ultrix
1327 5259 1626 5313 facinorum
1679 5261 1989 5330 impiorum,

395 5331 772 5400 bonorumque
809 5333 1461 5403 prasiniatriicoperatur
1504 5330 1779 5403 Adrastia;
1832 5348 1991 5403 quam

393 5403 660 5457 vocabulo
690 5402 890 5471 duplici
937 5405 1093 5456 etiam
1137 5401 1388 5456 Nemesin
1432 5401 1801 5471 appellamus,
1847 5401 1987 5458 etc.»

395 5472 549 5526 Hanc
574 5469 804 5542 denique
833 5472 1014 5542 Apu|.,
1037 5473 1127 5526 lib.
1156 5474 1221 5527 de
1249 5471 1466 5537 Mundo,
1488 5469 1848 5528 Necessitatem
1874 5489 1993 5530 esse

397 5488 549 5526 hanc
574 5488 804 5542 denique
833 5488 869 5527 Α
919 5488 1014 5534 υι.,
1037 5488 1127 5526 ιιι).
1156 5488 1221 5527 (te
1249 5488 1311 5527 Ml

397 5544 529 5615 dicit.
553 5545 760 5598 ultimus
780 5488 1163 5615 inefugibilem.
1191 5543 1311 5600 Βία.

471 5613 596 5669 Νοη
623 5613 956 5687 ignominiam
979 5625 1072 5670 est.
1105 5615 1342 5669 Isidorus
1367 5614 1462 5687 lib.
1495 5629 1570 5678 tv,
1601 5628 1721 5687 cap.
1752 5615 1870 5679 ult.,
1907 5616 1996 5671 ubi

397 5685 465 5742 de
493 5685 667 5758 poenis
688 5729 702 5754 ,
756 5701 877 5756 quae
904 5699 1028 5742 sunt
1059 5687 1266 5758 legibus
1293 5686 1621 5752 constitutas,
1653 5685 1998 5756 Ignominiam

395 5768 440 5810 et
462 5759 756 5828 infamiam.
785 5758 902 5814 Rto.

465 5827 578 5882 Sibi
609 5828 801 5884 viscera
831 5831 1012 5899 pascit.
1042 5829 1300 5898 Apuleius
1325 5846 1338 5882 :
1374 5827 1627 5885 Morsibus
1664 5845 1783 5899 suos
1811 5830 1992 5885 incur-

388 5909 504 5953 sant
534 5902 808 5968 musculos,
831 5895 1049 5957 brachia
1074 5895 1348 5955 dissecant.
1384 5899 1503 5957 th.
1536 5927 1611 5944 --
1648 5895 1881 5957 Οὶηῐιὶηο
1915 5902 1992 5957 la-

2611 3281 2736 3330 Dum
2761 3280 2914 3330 furias
2937 3281 3127 3342 tingere
3153 3285 3400 3343 quaerunt,

2205 3345 2305 3395 Aut
2325 3358 2434 3394 cum
2457 3345 2602 3394 dorsa
2624 3357 2711 3393 sua
2735 3343 2941 3406 allidunt
2965 3356 3140 3406 spurca
3161 3344 3401 3406 bipenne.
3436 3378 3466 3390 ..

2205 3407 2514 3458 Obumbraut
2538 3406 2768 3472 poliulum
2794 3402 3085 3471 simplicem,
3115 3402 3318 3474 perituri
3340 3405 3388 3452 ni
3416 3402 3648 3453 credant.

2080 3493 2357 3561 Apuleius,
2403 3491 2634 3556 Metam,
2671 3491 2762 3544 lib.
2797 3506 2907 3551 vui,
2942 3505 3059 3559 pag.
3112 3489 3214 3544 175
3246 3505 3258 3538 :
3299 3507 3316 3539 ‹
3356 3486 3454 3542 Ubi
3484 3489 3693 3541 tandem

2083 3560 2284 3633 fatigati
2331 3563 2404 3615 vel
2423 3574 2557 3616 certe
2580 3577 2671 3616 suo
2695 3562 2890 3614 laniatu
2917 3560 3111 3624 satiati,
3143 3576 3354 3629 pausam
3376 3560 3697 3633 carniﬁcina:

2083 3631 2298 3696 dedere;
2325 3648 2507 3687 STIPES
2531 3649 2687 3687 cereas
2706 3673 2720 3698 ,
2757 3633 2913 3685 immo
2948 3646 3073 3685 uero
3100 3641 3145 3684 et
3182 3641 3472 3698 argenteas,
3518 3631 3694 3684 multis

2083 3688 2314 3774 certatim
2339 3688 2824 3770 oﬂ'et'entibits,sintt
2848 3718 3082 3771 recepere
3115 3688 3313 3769 patulo,
3338 3688 3476 3756 etc.i
3512 3702 3694 3756 IIM'IS.

2157 3775 2423 3841 Inceprtat
2467 3777 2617 3829 cives.
2659 3774 2928 3828 Couviciis
2952 3813 2968 3837 ,
2999 3774 3304 3843 opprobriis
3331 3783 3689 3840 conspurcat,

2084 3856 2140 3902 et
2165 3847 2315 3917 quasi
2342 3856 2585 3917 stercore
2610 3845 2936 3917 Conspergit.
2971 3842 3125 3917 Glos.
3155 3842 3341 3917 Isidori
3369 3847 3398 3894 a‘
3435 3843 3700 3917 vulcanio

2086 3914 2244 3972 edita:
2281 3935 2293 3970 :
2329 3915 2542 3976 Scurra,
2575 3917 2661 3985 qui
2702 3916 3041 3979 incopriatur.
3089 3914 3377 3975 Scurrula,
3431 3914 3514 3983 qui
3555 3915 3703 3966 inco-

2087 3989 2242 4060 priat.
2271 3987 2500 4060 Scurras
2525 3986 2695 4060 dictos
2743 3986 2916 4060 fuisse
2943 3985 3132 4060 Grazco
3162 3985 3427 4060 vocabulo
3454 3989 3699 4060 nonpioc,

2084 4056 2194 4129 jam
2227 4059 2431 4126 pritletn
2470 4075 2536 4110 ex
2582 4058 2749 4112 Dione
2786 4069 2835 4110 et
2886 4057 3147 4111 Svetonio
3196 4057 3296 4129 viri
3346 4056 3697 4129 eritclitissittti

2089 4126 2342 4184 docuere.
2365 4129 2597 4203 rSuidas_;
2633 4133 2840 4203 κοπρίος
2872 4131 2995 4203 ἀνὴρ
3041 4131 3107 4203 ᾡς
3136 4130 3239 4182 ἀπὸ
3265 4126 3449 4203 δημοῦ,
3480 4128 3616 4203 λέγει
3645 4126 3702 4182 δέ

2089 4202 2531 4275 rbujorrpoléyov.
2564 4201 2620 4254 In
2651 4199 3173 4275 apogﬂtplto'lcgitur
3195 4202 3440 4275 ttthpittl.
3471 4199 3599 4275 lito.

2175 4268 2395 4325 Vertitur
2417 4268 2447 4322 ὰ
2477 4287 2530 4325 se
2558 4281 2750 4325 rotans.
2779 4268 2976 4324 Planus
3001 4271 3087 4322 ille
3113 4270 3484 4338 artilicioligui
3503 4269 3704 4323 decus-

2091 4343 2250 4396 satim
2276 4342 2463 4396 bifurci
2494 4351 2634 4396 rotat
2663 4357 2803 4402 sese,
2831 4350 2886 4394 ut
2917 4341 3161 4409 imperita
3197 4341 3469 4408 plebecula
3508 4345 3702 4395 corre-

2093 4424 2239 4482 ptuut
2268 4429 2297 4467 a
2326 4415 2542 4467 numine
2575 4412 2863 4475 existimet,
2897 4412 3176 4482 caducaria
3210 4415 3479 4480 passione,
3523 4411 3704 4466 subita

2095 4481 2269 4550 ruina,
2289 4485 2552 4550 vertigine
2577 4483 2860 4538 utratione
2895 4481 3099 4548 divina,
3139 4498 3238 4536 axe
3263 4483 3444 4536 divino
3465 4483 3708 4536 circnm-

2097 4565 2296 4610 actum.
2345 4558 2414 4612 At
2441 4557 2618 4610 nasuti
2657 4555 2836 4615 rident
2866 4555 3235 4622 impostorem,
3263 4563 3318 4609 et
3359 4553 3652 4608 inclamant
3687 4570 3702 4606 :

2101 4625 2282 4695 Qucere
2309 4628 2648 4695 peregrinum,
2681 4634 2757 4692 et,
2788 4623 2962 4678 Tollat
2993 4635 3040 4678 te
3069 4625 3154 4693 qui
3181 4641 3282 4678 non
3313 4625 3472 4680 novit.
3508 4624 3628 4680 Rto.

2170 4693 2316 4767 Cum
2337 4693 2476 4767 ligno
2508 4697 2709 4766 bifurci.
2750 4696 3157 4767 Agrimensores
3186 4695 3476 4750 terminum
3513 4697 3708 4752 dixere

2099 4765 2408 4837 bifurciutn,
2435 4771 2687 4837 ungulam
2723 4766 3002 4821 bifut‘cam.
3037 4765 3160 4821 th.

2174 4836 2381 4909 Titanas
2412 4836 2548 4892 vobis
2575 4838 2822 4893 Tutanos.
2855 4856 2873 4889 ι
2902 4839 3119 4892 Titanas
3148 4836 3312 4892 Mauri
3345 4851 3440 4907 pro
3483 4838 3708 4909 regibus

2098 4907 2337 4962 colunt.)
2368 4910 2595 4972 Arnob,
2631 4911 2722 4964 lib.
2753 4926 2787 4964 ι.

2171 4977 2421 5052 Immites,
2456 4982 2631 5034 tacitos
2661 4983 2752 5034 sub
2781 4982 3000 5034 culmine
3041 4989 3206 5034 vestro
3235 4981 3452 5052 rogatis.
3495 4980 3592 5036 Tot
3624 4983 3706 5037 la-

2099 5067 2200 5104 res.
2231 5050 2487 5121 Exempla
2517 5067 2586 5104 an
2616 5066 2713 5105 ms.
2749 5067 2762 5103 :
2799 5053 2898 5122 Aut
2938 5061 3126 5117 mutas,
3169 5050 3386 5114 tacitas;
3423 5068 3452 5106 a
3482 5067 3589 5122 quo
3620 5057 3710 5107 ni-

2099 5122 2262 5175 mium
2287 5124 2509 5177 recessit
2532 5123 2808 5192 Rigaltius.
2830 5121 3033 5177 Forsan
3059 5125 3161 5194 leg.
3187 5121 3271 5175 Ita
3294 5124 3464 5178 Mum
3482 5121 3709 5180 't‘scru:

2095 5195 2190 5246 sub
2209 5195 2434 5264 culmine
2460 5203 2620 5247 vestro
2649 5200 2859 5264 rogatis.
2897 5193 2990 5264 Tot
3018 5193 3152 5248 lares
3181 5210 3200 5247 :
3229 5210 3348 5247 nam
3380 5194 3565 5259 Lares,
3593 5197 3712 5250 Mn-

2101 5271 2167 5316 tte
2195 5263 2309 5339 dea~
2332 5265 2446 5318 lilii.
2476 5263 2787 5339 Lactantius
2816 5263 3086 5339 Div._lnst.
3109 5265 3259 5339 I,‘2_0_.
3285 5264 3431 5339 Hanc
3456 5266 3711 5339 (Mutatu)

2099 5349 2206 5406 esse
2226 5335 2422 5398 dicunt,
2475 5352 2538 5389 ex
2566 5353 2664 5406 qua
2696 5337 2796 5390 sint
2838 5337 2942 5389 nati
2987 5335 3161 5389 Lares.
3203 5335 3333 5390 Vide
3385 5335 3475 5390 sis‘
3508 5335 3706 5404 Uvid.,

2100 5402 2273 5476 Fast.,
2314 5422 2370 5469 ιι,
2417 5406 2541 5472 572,
2577 5402 2724 5470 '583,
2779 5422 2932 5476 seqq.
2985 5407 3177 5461 Statim
3234 5423 3363 5463 vero
3417 5402 3710 5476 legendum

2098 5475 2331 5530 tedicqu
2379 5494 2391 5529 :
2435 5478 2576 5547 quod
2621 5477 2794 5532 Latini
2842 5475 3110 5534 sermonis
3153 5481 3292 5533 ratio
3345 5475 3708 5536 demunstrat.

3231 5551 3416 5604 DAVIS.

2175 5619 2442 5693 Solveritis
2469 5635 2552 5674 eos
2579 5621 2759 5693 magis.
2794 5621 2988 5678 Utilius
3018 5624 3271 5676 :cramina
3315 5621 3405 5674 illa
3445 5620 3708 5693 cimflata,

2103 5699 2154 5744 et
2177 5689 2544 5758 colliquefucta
2574 5689 2932 5747 dissolvet-itis
2953 5734 2969 5756 ,
3023 5694 3166 5747 unde
3198 5695 3336 5763 fiant
3353 5692 3562 5756 urceoli,
3598 5694 3712 5763 pel-

2103 5774 2464 5833 vestsartago,
2495 5764 2716 5828 patellis.
2749 5763 3026 5819 JuVeualis
3050 5804 3064 5824 ,
3094 5771 3193 5816 sat.
3234 5778 3284 5826 s,
3317 5762 3405 5818 δι.
3441 5763 3560 5819 Btc.

2178 5831 2394 5888 Montes
2409 5844 2453 5888 et
2475 5833 2596 5888 deos
2614 5835 2802 5890 dicitis.
2833 5834 2888 5890 In
2916 5835 3234 5904 apographo
3262 5834 3482 5903 legitur,
3517 5833 3704 5892 Monte

2104 5918 2182 5958 ses
2205 5904 2325 5958 deos
2353 5905 2523 5960 dicitis
2547 5945 2560 5968 ,
2594 5904 2738 5974 quod
2768 5905 3031 5960 accedere
3059 5904 3280 5960 videtur
3305 5908 3370 5960 ad
3405 5907 3536 5962 deos
3576 5905 3698 5962 Mon
