3950 6328
187 349 278 407 ιιι
393 356 481 428 (v.
508 357 690 435 aes.)

197 467 343 535 Nam,
371 471 419 526 si
449 487 632 544 purus
664 475 894 535 animus
921 487 971 534 et
1000 495 1153 537 mens
1179 494 1368 540 serena
1410 495 1685 553 maneret,

205 558 279 616 Τιι
305 561 404 618 tibi
424 563 497 621 de
517 567 636 623 illis
658 569 768 639 ipsi
795 570 1074 643 disputare
1095 573 1343 631 deberes.

213 652 536 714 Excordaris
566 658 765 729 homo,
795 665 841 719 si
876 674 1051 734 putas,
1072 677 1130 721 ut
1154 665 1256 737 ipsi
1285 677 1336 722 te
1362 667 1594 724 salvent.

219 746 319 804 Seu
350 761 573 821 regant,
604 767 706 809 seu
751 756 1014 813 minuant.
1035 757 1091 814 Si
1119 760 1246 830 quid
1272 771 1327 816 tu
1351 761 1471 817 sani
1498 762 1756 833 requiris,

216 838 482 897 Justitiam
515 844 658 917 legis
683 863 870 918 quaere
902 850 1069 922 magis
1095 868 1109 904 :
1142 851 1231 906 illa
1254 853 1443 908 salutis

220 933 487 988 Auxilium
520 946 726 1006 portat,
755 948 812 995 et
839 934 956 996 ﬁeri
985 943 1115 999 dicit
1141 957 1434 1003 aeternum.

221 1025 348 1083 Nam
372 1030 525 1099 quod
549 1031 605 1086 in
633 1033 788 1088 vanis
813 1035 1072 1105 sequeris,
1109 1052 1206 1109 per
1227 1048 1470 1111 tempora
1495 1041 1716 1112 gaudet.

224 1119 277 1176 ln
303 1121 450 1177 brevi
479 1122 689 1180 laetaris
708 1168 724 1192 ,
754 1136 810 1182 et
842 1131 1180 1198 postmodum
1209 1133 1416 1205 plangis
1435 1135 1488 1190 in
1515 1136 1657 1192 imis.

225 1213 486 1272 Subtrahe
512 1226 567 1274 te
591 1218 700 1275 illis
723 1262 738 1288 ,
768 1223 814 1276 si
843 1223 928 1279 vis
955 1238 1238 1297 resurgere
1257 1241 1380 1283 cum
1406 1226 1647 1286 Christo.

643 1351 778 1391 XXII.
803 1367 875 1379 -
894 1354 1172 1396 πεπτιιιιο
1195 1356 1418 1398 δεουιι.

228 1444 337 1501 ﬂeo
363 1447 550 1514 doleo,
581 1448 751 1517 cives,
783 1451 861 1507 sic
885 1467 982 1507 vos
1004 1453 1244 1510 hebetari
1275 1454 1342 1511 de
1365 1456 1564 1513 mundo
1598 1458 1610 1510 !

227 1536 474 1592 Excurrit
504 1539 645 1594 alius
670 1541 737 1595 ad
765 1553 963 1610 sortes,
991 1559 1116 1600 aves
1141 1545 1333 1615 aspicit
1358 1545 1516 1612 alter,

226 1626 507 1685 Dalantum
529 1646 724 1689 cruore
746 1632 887 1698 fuso,
912 1650 1101 1691 manus
1133 1637 1352 1708 inspicit
1377 1639 1549 1708 alter,,

228 1721 290 1776 Et
315 1724 462 1794 cupit
487 1723 679 1781 audire
715 1741 974 1798 responsa
1002 1743 1140 1785 vana
1168 1731 1439 1787 credulus.

227 1813 325 1871 τοι
343 1814 536 1884 duces,
568 1826 625 1873 et
648 1833 806 1890 reges
825 1821 915 1876 ubi
939 1832 1064 1878 sunt
1089 1825 1323 1880 consulti
1350 1826 1417 1882 de
1444 1825 1570 1892 vita,

227 1907 319 1966 Vel
344 1921 593 1982 portenta
619 1928 716 1970 sua
741 1915 910 1971 scisse
936 1916 1065 1988 quid
1092 1919 1290 1988 profuit
1317 1919 1421 1974 illis
1439 1921 1465 1974 τ

228 1998 423 2058 Discite
451 2017 640 2075 quaso
668 2004 893 2072 bonum,
920 2007 1088 2075 cives,
1120 2008 1404 2065 simulacra
1426 2019 1613 2066 cavete
1644 2026 1658 2063 :

229 2092 626 2164 Omnipotentis
655 2097 804 2153 enim
837 2099 889 2154 in
919 2099 1038 2171 lege
1067 2103 1293 2170 quaerite
1318 2106 1516 2159 cuncti.

227 2184 313 2241 Sic
334 2188 436 2258 ipsi
457 2190 793 2261 complacuit
825 2193 1052 2250 Domino
1078 2197 1420 2255 dominorum
1449 2199 1500 2252 in
1532 2197 1680 2260 altis.

225 2276 302 2332 Ad
331 2279 711 2350 probationem
740 2295 982 2341 nostram
1024 2286 1299 2346 dmntonas
1329 2291 1383 2346 in
1414 2290 1614 2347 mundo
1643 2291 1826 2363 vagari

1375 368 1736 430 ADVERSUS
1773 372 2081 433 GENTIUM
2122 378 2313 438 DEOS.

3040 392 3117 464 (ν.
3148 394 3303 468 287.)
3434 392 3543 452 2l8

1859 495 1912 553 Α
1939 491 2011 547 Et
2038 501 2218 550 tamen
2242 497 2417 553 exalia
2442 507 2595 570 parte
2628 499 2882 558 mandata
2908 505 3176 574 prrcmisit

1935 582 2194 643 Crelestes
2219 588 2333 644 ﬁeri
2357 591 2447 662 qui
2479 592 2786 664 relinquunt
2805 608 2929 651 aras
2955 611 3174 655 eorum.

1936 678 2091 743 Unde
2118 696 2223 738 non
2245 684 2346 739 hoc
2373 700 2504 740 curo
2524 685 2801 757 disputare
2825 705 2998 762 parvo
3022 692 3205 748 libello
3237 710 3253 749 :

1935 771 2048 827 Lex
2070 773 2248 840 docet,
2284 776 2336 831 in
2367 777 2545 833 medio
2569 779 2696 844 ciet,
2727 778 3008 839 Consulite
3031 799 3128 852 pro
3154 784 3334 842 vobis.

1935 864 1995 922 In
2027 866 2161 923 duas
2189 869 2429 926 intrastis
2459 873 2592 940 vias,
2618 873 2886 932 condicite
2917 884 3143 934 rectam.

2293 1048 2447 1089 xxtn.
2487 1065 2558 1075 —
2597 1050 2665 1099 ps
2702 1037 2891 1103 usique
2930 1053 3176 1095 ιηιιυιτιε.

1941 1169 2073 1225 Dum
2102 1167 2277 1224 ventri
2305 1169 2496 1236 servis,
2529 1171 2872 1228 innocentem
2904 1187 3026 1230 esse
3054 1183 3106 1229 te
3129 1172 3289 1243 dicis,

1934 1264 2004 1321 Et
2029 1264 2182 1334 quasi
2203 1265 2507 1320 communis
2526 1264 2656 1322 facis
2682 1274 2734 1322 te
2761 1268 2958 1338 ubique
2983 1278 3256 1339 paratum.

1935 1355 2032 1411 Vae
2061 1355 2154 1412 tibi
2185 1355 2349 1412 stulte
2377 1356 2560 1420 homo.
2595 1369 2825 1415 mortem
2849 1359 3226 1432 circumspicis
3254 1360 3392 1432 ipse.

1935 1447 2172 1504 Barbaro
2198 1448 2268 1504 de
2295 1463 2446 1506 more
2465 1449 2583 1506 sine
2608 1450 2726 1521 lege
2745 1451 2930 1509 vivere
2961 1454 3196 1524 quaeris;

1935 1540 2058 1610 Ipse
2084 1540 2180 1596 tibi
2207 1540 2527 1613 hymniticas
2553 1543 2716 1598 etiam
2749 1545 2986 1600 insinere
3012 1544 3082 1602 de
3108 1545 3301 1611 verbo,

1934 1629 2367 1703 Qui’simplicem
2391 1633 2549 1705 ﬁngis
2581 1655 2595 1691 :
2624 1636 2946 1705 simpliciter
2974 1637 3100 1695 vivo
3120 1654 3242 1695 cum
3266 1638 3395 1696 isto.

1940 1726 2136 1782 Vivere
2164 1735 2216 1783 te
2236 1726 2437 1794 credis,
2468 1727 2612 1784 dum‘
2625 1739 2867 1786 ventrem
2898 1732 3054 1802 cupis
3080 1731 3330 1804 implere.

1934 1820 2176 1892 Exiguus
2199 1833 2286 1877 tua
2315 1822 2370 1876 in
2392 1821 2816 1880 domoresidere
2838 1839 3036 1896 prave;

1857 1891 1906 1951 Β
1932 1891 2160 1970 Paratus
2185 1913 2251 1968 ad
2285 1915 2494 1984 epulas,
2519 1924 2576 1971 et
2605 1891 2934 1988 refugiscere
2961 1927 3253 1989 praecepta.

1931 2006 2040 2062 Aut
2066 2004 2479 2074 quiadiscredis
2497 2008 2663 2062 Deum
2685 2007 2933 2078 judicare
2957 2008 3277 2076 defunctos;

1932 2097 2220 2154 Rectorem
2249 2097 2366 2154 ειειί
2396 2097 2525 2156 facis
2550 2109 2602 2170 te
2630 2099 2812 2172 inepte
2828 2116 2929 2172 pro
2957 2101 3070 2157 illo.

1932 2194 2147 2266 Aspicis
2174 2193 2241 2248 ad
2273 2202 2538 2260 ventrem,
2572 2195 2726 2265 quasi
2760 2203 2816 2250 tu
2841 2195 2916 2250 sis
2941 2193 3202 2266 providus
3221 2193 3333 2250 illi.

1933 2288 2017 2346 Tu
2043 2287 2205 2344 modo
2235 2283 2513 2358 profanus,
2544 2284 2707 2341 modo
2733 2295 2954 2342 sanctus
2979 2299 3104 2342 esse
3130 2284 3357 2342 videris.

1593 2446 2150 2506 COMMENTARIUS.

226 2586 400 2660 tenses
453 2597 731 2652 :quorum
783 2587 986 2660 mentio
1023 2588 1092 2643 sit
1131 2588 1351 2660 inserip.
1399 2587 1627 2660 quadam
1672 2586 1823 2660 apud

226 2650 666 2730 Gruterum‘pag.
691 2671 806 2724 χιιι,
839 2658 908 2718 5,
940 2659 1027 2713 ubi
1056 2660 1283 2730 legimus
1301 2650 1375 2716 'ex
1415 2650 1638 2715 deorum
1669 2650 1826 2713 Mon-

226 2724 456 2800 tensium
483 2737 759 2800 praecepto
787 2730 1013 2797 positam
1042 2724 1207 2787 fuisse
1237 2747 1383 2786 aram
1405 2731 1524 2786 Jovi
1568 2730 1826 2800 Fulgera-

226 2793 344 2848 tori.
375 2793 743 2852 Nihilominus
784 2793 960 2854 tamen
1001 2803 1342 2858 scribendum
1395 2803 1484 2857 hic
1525 2817 1644 2857 esse
1668 2793 1829 2856 ἰιι-ὶιὶ-

225 2873 445 2938 tramur,
484 2865 688 2922 Montes
719 2880 765 2924 et
786 2872 906 2924 deos
932 2871 1130 2938 dicitis;
1159 2886 1215 2929 ut
1237 2874 1826 2928 MontesiauiCommo-

223 2935 660 3014 dianosint,_q_ui
717 2941 934 2996 numina
991 2935 1235 3014 quaedam
1285 2947 1336 3000 in
1390 2946 1653 3000 Montibus
1709 2958 1830 2999 esse

223 3006 528 3062 crederent.
562 3006 796 3079 Ideoque
822 3017 898 3067 ait
923 3032 934 3066 :
964 3006 1288 3070 dominentur
1318 3019 1369 3070 in
1399 3033 1528 3069 auro
1553 3015 1824 3070 Obscurati

223 3079 400 3142 malo;
428 3081 713 3136 avaritiem
746 3083 1008 3139 damnans
1039 3101 1226 3140 eorum
1252 3131 1266 3154 ,
1299 3089 1388 3157 qui
1417 3087 1687 3142 felicitatis
1731 3087 1828 3139 liu-

225 3134 396 3226 πιδηξὲ
424 3166 695 3226 summam
717 3157 986 3222 ponebant
1004 3159 1054 3210 in
1077 3134 1386 3212 numm’islet
1406 3160 1520 3212 auri
1543 3157 1826 3226 congerie:
1857 3134 1902 3198 (ἶ

225 3219 362 3343 good
393 3233 478 3275 εει
503 3219 770 3276 malorum
799 3228 1038 3281 omnium
1066 3230 1479 3283 irritamentum.
1507 3219 1828 3297 lsti.ii1quit,

264 3292 295 3343 Il
324 3290 680 3343 dominentur
711 3297 762 3343 in
796 3311 929 3343 auro
956 3299 1222 3343 nlim‘nmti
1248 3302 1416 3343 maln'
1448 3300 1597 3343 mmsi
1631 3300 1828 3343 {Inscri-

264 3292 295 3343 ii
324 3290 762 3369 d_umin_eutur_in
796 3311 929 3369 auro
956 3299 1222 3354 obscurati
1248 3302 1419 3363 malo;
1448 3300 1597 3369 quasi
1631 3290 1832 3354 descri;

225 3359 315 3415 bat
336 3362 472 3418 deos
504 3364 625 3418 illos
650 3363 836 3422 Manes
856 3368 1189 3425 Metallorum
1217 3359 1477 3426 custodes.
1496 3371 1596 3424 sub
1638 3370 1833 3424 obscu-

226 3433 299 3487 ris
324 3445 376 3488 ει
407 3435 616 3490 intimis
651 3440 910 3493 montium
939 3443 1105 3506 cavis,
1150 3444 1451 3498 invidentes
1484 3442 1829 3504 mortalibus,

226 3505 451 3583 nimium
474 3507 688 3583 cupidis
715 3505 1099 3583 thesaurorum
1131 3532 1143 3568 :
1178 3516 1266 3583 qui
1309 3528 1502 3581 nempe
1530 3513 1600 3566 dii
1630 3512 1676 3566 si
1699 3513 1836 3565 forte

229 3579 435 3644 prosint
459 3577 874 3652 siiﬂ‘odieiitibus
912 3585 1172 3638 montium
1197 3577 1681 3646 latebrasavariis,
1712 3597 1834 3652 pro-

231 3659 352 3702 sunt
382 3651 572 3716 inviti,
611 3660 863 3720 tauquam
904 3655 1167 3720 nolentes,
1204 3666 1261 3710 et
1285 3657 1456 3710 aliena
1486 3665 1695 3717 mente;
1718 3651 1837 3708 hoc

233 3731 332 3796 est,
365 3722 552 3796 animo
588 3735 824 3796 prorsus
860 3725 1037 3796 alieno
1076 3728 1152 3782 sic
1178 3730 1429 3796 juvantes
1453 3767 1467 3791 ,
1501 3737 1557 3780 ut
1583 3726 1686 3780 dici
1731 3740 1834 3778 non

230 3793 467 3868 debeant
495 3791 717 3846 dedisse
739 3795 929 3868 ,rquod
968 3797 1070 3852 IlIsI
1110 3791 1294 3868 rapina
1333 3813 1439 3852 non
1473 3797 1680 3850 tollitur
1710 3814 1722 3849 :
1756 3797 1839 3850 ni-

231 3865 426 3918 mirum
477 3867 880 3933 expugnatione
922 3884 983 3920 ac
1029 3865 1187 3923 ruina
1236 3885 1341 3923 non
1392 3869 1610 3931 montis,
1656 3868 1838 3922 'multo

230 3937 370 4005 igne,
398 3944 559 4011 aceto
587 3936 1293 4011 multosuifussiruplique.
1317 3937 1538 4002 Plinius,
1567 3939 1697 3993 llist.
1723 3948 1832 4011 nat.

229 4004 418 4081 xxxiii,
451 4004 724 4081 principio
752 4007 874 4062 libri
912 4026 924 4061 :
966 4028 984 4059 ι
1011 4004 1391 4081 Persequimur
1412 4026 1602 4066 omnes
1633 4010 1839 4064 telluris

232 4078 430 4141 libras,
489 4075 848 4138 Vldemusaue
914 4075 1208 4136 excavatus
1261 4093 1512 4146 uiontes,
1580 4081 1838 4136 mirantes

230 4147 517 4203 dehiscere
555 4147 872 4219 aliquando,
929 4162 1020 4205 aut
1070 4154 1444 4208 intremiscere
1486 4155 1630 4207 illam
1680 4171 1690 4205 :
1739 4168 1838 4207 ceu

229 4235 357 4275 vero
385 4235 494 4273 non
530 4219 645 4294 hoc»
677 4222 838 4294 etiam
885 4225 1188 4294 exeundum
1240 4224 1625 4294 indignationis
1669 4239 1839 4278 sacra:

229 4294 471 4364 parentis
493 4290 731 4360 exprimi
776 4294 962 4360 possit.
1011 4292 1153 4348 Imus
1194 4297 1245 4348 in
1283 4290 1489 4349 viscera
1521 4295 1670 4364 ejus,
1702 4305 1755 4347 et
1787 4295 1837 4346 in

229 4361 360 4418 Sede
403 4361 640 4416 Manium
689 4377 823 4430 opes
867 4367 1176 4430 qttml‘imus.
1224 4366 1314 4420 Illa
1374 4382 1471 4419 nos
1529 4361 1594 4418 ad
1640 4365 1841 4418 inferos

232 4440 412 4502 agunt,
458 4447 582 4502 qua:
628 4436 918 4505 occultavit
962 4449 1123 4500 atque
1176 4437 1453 4491 demersit.
1516 4434 1839 4505 Utinamque

1935 2587 2168 2659 0rigin..
2196 2586 2291 2641 lib.
2325 2602 2440 2659 viti.
2470 2602 2590 2656 cap.
2616 2602 2692 2653 ix,
2721 2603 2788 2642 ne
2820 2586 3002 2656 plures
3024 2599 3344 2643 memorem.
3369 2585 3544 2659 Immo

1933 2657 2300 2725 nonnunquam
2333 2658 2568 2713 humano
2612 2673 2808 2712 cruore
2854 2674 2958 2712 non
3000 2659 3358 2713 abstinebant.
3407 2657 3543 2714 Vide

1930 2729 2123 2786 Janum
2154 2727 2549 2784 Broukhusium
2565 2729 2629 2783 ad
2649 2728 2842 2784 Tibulli
2860 2730 2896 2784 I.
2920 2745 2954 2783 ι.
2974 2729 3127 2798 Eleg.
3155 2745 3210 2789 ιι.
3237 2729 3327 2785 45.
3359 2729 3542 2785 ῡΑνις.

2007 2800 2101 2855 Tot
2141 2802 2297 2855 duces
2332 2811 2382 2855 et
2423 2817 2565 2871 reges
2586 2800 2670 2854 ubi
2695 2812 2810 2855 sunt
2832 2801 3052 2854 consulti
3073 2802 3136 2855 de
3159 2802 3281 2855 vita.
3311 2799 3546 2870 Hujusce

1935 2872 2068 2929 artis
2104 2872 2485 2927 astronomicae
2529 2871 2811 2942 professor
2837 2872 3010 2926 .Iulius
3046 2871 3313 2926 Firmicus
3341 2871 3436 2926 lib.
3463 2887 3542 2938 ιι,

1933 2961 2054 3012 cap.
2087 2944 2292 3009 ultimo,
2329 2957 2426 3012 per
2458 2942 2785 2998 adulationis
2811 2943 3000 2997 aulica:
3024 2943 3363 3013 prudentiam
3382 2942 3547 2997 disci-

1937 3018 2095 3085 plina:
2123 3031 2234 3069 sua:
2258 3016 2639 3083 prtevaricator
2667 3029 2788 3069 esse
2817 3013 3005 3069 maluit
3029 3055 3043 3078 ,
3068 3029 3228 3084 quam
3257 3013 3547 3082 periclitari

1934 3088 2059 3154 quid
2093 3089 2254 3140 etiam
2276 3088 2427 3156 eirea
2475 3100 2697 3154 regnum
2726 3086 2841 3140 sive
2875 3085 3264 3153 imperatorum
3299 3085 3548 3156 geneseis

1939 3159 2167 3212 valeret.
2204 3176 2221 3208 ι
2252 3155 2414 3222 Cave,
2445 3156 2638 3226 inquit,
2675 3173 2741 3211 ne
2772 3156 2989 3226 quando
3027 3155 3094 3210 de
3120 3163 3260 3210 statu
3291 3155 3548 3226 reipubli-

1937 3244 2037 3293 (ιω,
2074 3228 2156 3282 \el
2186 3228 2255 3282 de
2280 3229 2384 3281 vita
2414 3227 2644 3282 Romani
2675 3227 3021 3296 imperatoris
3065 3227 3265 3295 aliquid
3317 3227 3548 3281 interro-

1936 3300 2082 3370 ganti
2107 3298 2456 3367 respondeas.
2481 3298 2596 3352 Non
2625 3299 2769 3370 enim
2797 3307 3030 3368 oportet,
3081 3313 3182 3352 nec
3223 3298 3366 3370 licet.
3400 3307 3458 3353 ut
3478 3297 3546 3353 de

1937 3368 2077 3426 statu
2107 3370 2416 3439 reipublica:
2441 3369 2641 3438 aliquid
2675 3368 2878 3424 nefaria
2911 3369 3225 3424 curiositate
3252 3369 3546 3424 discamus.

1939 3441 2042 3496 Sed
2077 3456 2177 3496 nec
2206 3442 2398 3508 aliquis
2426 3439 2837 3495 Mathematicus
2869 3456 3056 3494 verum
3104 3440 3304 3509 aliquid
3331 3439 3400 3495 de
3433 3441 3544 3494 l’ato

1940 3513 2282 3578 imperatoris
2328 3510 2554 3566 delinire
2607 3513 2798 3580 potuit.
2852 3511 3013 3567 Solus
3054 3512 3197 3566 enim
3252 3510 3548 3580 imperator

1939 3584 2214 3638 stellarum
2249 3599 2354 3637 non
2380 3583 2622 3652 subjacet
2649 3583 2899 3638 cursibus
2934 3601 2946 3637 :
2976 3592 3032 3636 et
3058 3583 3205 3636 solus
3228 3593 3310 3635 est
3336 3622 3350 3642 .
3379 3581 3432 3636 in
3455 3597 3552 3638 cu-

1935 3655 2025 3724 jus
2078 3654 2188 3708 falo
2229 3654 2399 3710 stella:
2445 3654 2774 3710 decernendi
2804 3668 2910 3708 non
2953 3653 3153 3708 habent
3198 3660 3545 3725 potestatem,

1940 3737 2046 3780 etc.
2064 3745 2082 3778 ι
2113 3725 2230 3781 RIG.

2019 3795 2265 3851 Portenta
2290 3814 2384 3850 sua
2425 3798 2598 3851 scisse.
2632 3796 2838 3865 Quibus
2863 3795 2933 3852 de
2960 3810 3020 3851 se
3047 3794 3248 3865 aliquid
3275 3793 3516 3864 signiﬁca

1942 3877 2030 3921 tur
2073 3883 2135 3922 ac
2179 3878 2642 3934 praemon3tratur.
2694 3868 2904 3922 Glossae
2947 3875 3205 3922 veteres:
3248 3865 3545 3933 Portendit,

1945 3938 2488 4018 σηιξῄνειδιάτβράς·
2584 4012 2594 4018 _
2838 4012 2850 4018 Α
2926 4009 3016 4018 __
3093 4009 3105 4018 _
3469 4007 3480 4018 .

2018 4008 2291 4064 Dtrmouos
2338 4008 2388 4064 in
2437 4012 2626 4064 umudo
2673 4012 2869 4080 vagari.
2926 4009 3175 4064 Baluzius
3229 4008 3292 4062 ad
3322 4008 3548 4080 Cypria-

1943 4097 2068 4136 num
2116 4082 2178 4133 de
2208 4080 2405 4160 (dolor.
2450 4085 2616 4160 pauit.
2662 4077 2781 4160 pag.
2815 4081 3126 4160 5Zl_._edit._
3155 4080 3322 4134 Paris.
3368 4077 3547 4160 ζιιιιιε

1948 4163 2196 4218 testatur,
2223 4155 2272 4206 in
2299 4154 2465 4207 veteri
2498 4149 2685 4208 codice
2709 4149 2771 4209 S.
2804 4153 2979 4207 Albini
3011 4149 3413 4221 Andegavensis
3447 4150 3548 4216 legi

1945 4223 2201 4295 dwmoues
2241 4225 2293 4277 in
2331 4224 2520 4278 mundo
2547 4226 2679 4294 vagi.
2733 4224 2810 4281 Ita
2856 4225 3085 4295 ipsemet
3130 4221 3550 4280 Comitiotliattus

1945 4293 2104 4348 IllStt'.
2137 4295 2222 4349 III.
2267 4311 2317 4346 ν.
2348 4296 2418 4350 ’56
2453 4315 2466 4349 :

2022 4365 2169 4420 Unde
2196 4368 2345 4420 modo
2373 4369 2487 4436 vagi
2508 4367 2799 4421 subvertant
2829 4383 3049 4434 corpora
3073 4365 3256 4436 multa.

2022 4436 2085 4490 In
2103 4439 2232 4490 duas
2275 4432 2503 4492 iutrasiis
2548 4440 2674 4492 vias.
2698 4439 2770 4491 De
2793 4432 2987 4492 duabus
3011 4437 3103 4490 viis
3126 4435 3287 4490 multa
3317 4432 3546 4504 college-

234 4511 417 4584 posset
434 4518 475 4584 ,ε
504 4507 611 4584 vita
643 4504 694 4584 in
734 4516 903 4559 tntum
935 4506 1173 4584 abdicari
1201 4524 1426 4584 aurum;
1457 4522 1609 4563 Sacra
1642 4504 1833 4584 futues,
1864 4523 1917 4584 Ι)
1945 4519 2071 4560 runt
2094 4509 2156 4562 ll.
2184 4508 2471 4584 Meuardus
2488 4508 2605 4584 etJ.
2627 4509 2688 4584 Β.
2709 4507 3010 4564 (Συιθιθι-ιιις
3025 4509 3088 4561 ad
3113 4505 3546 4584 Bai°iiabtc_epist.

236 4573 670 4649 ut‘celeberrimi
692 4587 942 4631 auctores
969 4578 1187 4646 dixere,
1218 4579 1548 4649 proscissum
1578 4579 1836 4634 conviciis

235 4647 300 4698 ab
328 4645 553 4721 Optimis
583 4647 888 4720 quibusque
915 4691 927 4712 .
956 4662 1010 4705 et
1046 4650 1112 4704 ad
1162 4645 1455 4721 perniciem
1488 4650 1611 4704 vitae
1654 4665 1838 4718 reper-

239 4725 366 4769 tum.
406 4716 678 4792 i_Et_cap.
709 4735 780 4774 ιν.
800 4716 840 4772 ἰ
863 4721 1031 4791 Opem
1060 4716 1252 4776 vicerit
1271 4721 1568 4792 gigantum.
1597 4721 1658 4775 Et
1686 4716 1846 4788 paulo

239 4797 355 4856 post
388 4807 399 4840 :
437 4787 842 4862 Reliuqmmtur
869 4787 1054 4862 itaque
1082 4787 1519 4847 fornices'crehri
1571 4787 1846 4848 montibus

238 4859 1162 4933 sustinendis:Occursant'silices
1207 4881 1219 4916 :
1273 4863 1373 4919 lius
1427 4863 1534 4933 igni
1588 4872 1642 4916 et
1688 4873 1846 4918 aceto

237 4939 510 5003 rumpunt.
540 4951 560 4984 ι
599 4931 661 4986 Et
693 4943 812 5002 post
837 4937 941 4988 alia
965 4936 1208 5003 quaedam
1243 4953 1259 4990 :
1297 4953 1315 4987 ι
1343 4931 1525 4989 Manes
1558 4935 1847 4989 trahuntur

239 5000 300 5054 ad
325 5003 604 5074 liuiuiues,
632 5000 902 5059 utivitium
937 5000 1247 5074 importem.
1280 5025 1300 5058 ι
1333 5005 1452 5061 Βιο.

311 5072 456 5147 Nunt
497 5077 638 5142 quod
677 5077 727 5128 in
773 5078 915 5130 ratiis
963 5072 1205 5146 sequeris,
1237 5094 1325 5146 per
1365 5087 1596 5147 tempora
1636 5078 1843 5146 gaudet.

237 5139 366 5221 ξτες.
402 5139 545 5221 Nam
575 5148 712 5221 quod
735 5162 922 5202 manu
954 5139 1206 5219 sequens,
1235 5139 1325 5220 per
1360 5139 1589 5221 tempora
1614 5139 1842 5204 caunas.

239 5212 664 5270 Culllltl0dlatiUs
691 5217 851 5273 IuStr.
879 5235 936 5282 tt,
970 5212 1030 5273 v.'
1057 5221 1121 5274 12
1150 5239 1163 5274 :

361 5330 544 5390 Nolite,
575 5333 750 5396 inquit,
773 5334 978 5382 adorare
1001 5333 1123 5383 deos
1147 5335 1340 5395 inanes,

237 5435 545 5491 Lactantius
598 5437 715 5492 Div.
764 5437 924 5500 lnst.,
969 5453 1027 5502 ιι,
1073 5439 1125 5491 l.
1188 5436 1362 5492 Cestio
1417 5439 1550 5492 enim
1602 5435 1847 5496 convictis

239 5509 478 5564 laxamus
502 5510 615 5582 (alii
645 5510 808 5565 codd.
833 5507 1094 5580 MANIDUS)
1118 5510 1482 5582 —-—singularis
1504 5510 1848 5568 Deiadserere

236 5582 570 5649 majestatem.
616 5583 632 5634 Ι
640 5587 797 5636 lM'ts.

311 5651 499 5707 Alanus
526 5654 738 5722 inspicit
769 5654 925 5706 alter.
960 5651 1265 5722 Legendum
1297 5652 1621 5709 crediderim
1651 5672 1662 5707 :

353 5765 608 5817 Balantum
635 5781 816 5819 cruore
843 5765 970 5825 fuso,
998 5779 1168 5816 manes
1192 5767 1328 5816 elicit
1351 5767 1499 5817 alter.

238 5848 368 5923 Nam
403 5853 695 5910 bestiarum
724 5852 1053 5923 sanguinem
1083 5853 1309 5923 mortuis
1357 5852 1647 5910 evocandis
1686 5852 1846 5908 adlu-

235 5920 441 5997 bebaut,
473 5935 528 5984 ut
571 5936 724 6001 patet
752 5920 1106 5984 ex'llomero
1148 5921 1310 5995 Odys.
1341 5926 1405 5980 Α.
1436 5924 1526 5993 56,
1557 5935 1611 5980 et
1639 5925 1847 5981 Isidoro

1946 4594 2163 4651 ο.)ςινιιι.
2197 4579 2253 4633 In
2277 4581 2622 4649 sequentibus
2646 4581 2748 4651 leg.
2781 4595 3090 4636 conmscrre
3110 4589 3317 4651 rectam.
3361 4575 3545 4651 Davis.

2024 4650 2090 4704 Et
2128 4651 2278 4729 quasi
2313 4647 2614 4729 conmtunis.
2663 4647 3001 4729 Ainhiguuin_
3018 4663 3098 4704 est
3131 4649 3182 4703 in
3213 4647 3545 4729 apographo,

1949 4721 2232 4776 communis
2266 4722 2366 4792 legi
2400 4723 2621 4788 debeat,
2652 4737 2717 4776 an
2741 4724 2920 4776 comis.
2960 4721 3290 4777 Communem
3320 4721 3549 4771 animum

1949 4803 1995 4846 et
2027 4793 2202 4846 levem.
2232 4795 2385 4849 dixit.
2410 4793 2714 4848 Terentius.
2739 4793 2860 4848 llic.

2023 4863 2250 4919 Barbara
2287 4865 2348 4919 de
2387 4882 2540 4920 more.
2580 4865 2844 4919 Barbaros
2877 4879 3057 4918 mores
3085 4869 3376 4927 nuncupat,
3409 4860 3547 4915 ritus

1951 4951 2013 4989 ac
2043 4937 2332 5006 religiooes
2363 4935 2612 4992 Gentium
2638 4936 2860 4990 minime
2881 4935 3335 4998 Christianarum,
3363 4932 3549 4986 smculi

1952 5007 2106 5070 ritus,
2141 5023 2243 5061 non
2275 5007 2550 5062 Ecclesiar.
2587 5006 2710 5062 Rm.

2025 5077 2147 5146 Ipse
2174 5079 2263 5131 tibi
2280 5079 2604 5148 Itymuiﬁcas.
2625 5078 2677 5132 lo
2694 5078 3005 5148 apograplio
3022 5077 3238 5148 legitur,
3260 5075 3550 5148 hymni/iris

1950 5150 2102 5218 quasi
2131 5147 2332 5204 alludai
2361 5147 2778 5204 Coiumodianus
2808 5147 2874 5203 ad
2907 5149 3170 5203 hinnitum
3199 5147 3451 5218 iumenti:
3486 5147 3548 5202 Et

1952 5217 2138 5275 Crzuca
2159 5221 2337 5290 phrasi
2357 5221 2553 5276 dixerit
2574 5263 2587 5286 ,
2611 5219 2730 5291 Ipse
2750 5223 2839 5275 tibi
2870 5221 3143 5288 hinni/iens
3167 5219 3406 5292 iocinere.
3430 5217 3549 5292 Ipse

1952 5299 2131 5365 tamen
2165 5291 2522 5365 Instructioue
2569 5290 2655 5348 1.x.
2700 5293 2842 5348 dicet
2870 5292 3105 5365 gcltorum
3134 5290 3547 5365 Iiymniﬁcaﬂim.

1954 5378 2053 5434 pro
2085 5363 2326 5419 Ecclesia
2373 5381 2491 5434 qum
2520 5365 2773 5420 deleatari
2804 5363 2940 5418 solet
2984 5359 3197 5434 hymnis
3223 5371 3276 5434 et
3304 5359 3550 5434 laudibus

1953 5429 2046 5488 Dei
2085 5450 2148 5488 ac
2191 5429 2404 5489 Domini
2447 5439 2632 5489 noswi.
2671 5436 2854 5490 Latina
2901 5429 3081 5489 versio
3128 5432 3324 5496 Esaim,
3353 5445 3408 5495 x,
3434 5429 3545 5484 50:

1956 5504 2120 5559 llitmt'
2150 5521 2268 5559 voce
2288 5521 2374 5558 tua
2403 5508 2510 5572 ﬁlia
2536 5505 2745 5560 Gallim.
2775 5506 2895 5560 RIG.

2023 5576 2356 5646 Exiguustua
2387 5579 2436 5630 in
2461 5579 2628 5631 domo.
2656 5578 2802 5630 Domi
2831 5586 2934 5628 tua:
2963 5574 3121 5646 exilis,
3143 5581 3198 5626 et
3218 5584 3542 5643 prmparcus.

2025 5645 2252 5701 Paratus
2279 5649 2346 5700 ad
2376 5649 2574 5718 epulas.
2610 5648 2978 5702 Potentiorum
3017 5664 3029 5698 :
3058 5645 3220 5698 etiam
3254 5646 3342 5699 ubi
3381 5655 3546 5710 appo-

1953 5719 2648 5794 nuqturidolothyta.th.
2748 5787 2799 5794 __
2855 5788 2866 5794 _
2926 5786 3006 5794 __
3114 5784 3187 5794 Η
3274 5787 3285 5794 ,
3401 5782 3433 5794 η
3502 5779 3513 5793 ,

2025 5787 2090 5841 Et
2116 5782 2422 5874 refugiscer'e
2438 5786 2938 5874 prwcepta.ICliri_sti
2974 5784 3212 5874 Domitii,
3244 5787 3356 5868 sive
3383 5782 3547 5874 disci-

1953 5857 2111 5928 plima
2141 5855 2556 5931 Ecclesiasticai,
2606 5855 2660 5918 et
2692 5858 2998 5916 christiana:
3041 5855 3293 5984 caritaIt‘is
3324 5864 3541 5927 agapaS-

3262 5944 3330 5984 is.

3262 5944 3330 5986 Ιϐο
