3950 6346
357 387 464 448 319
571 390 645 460 (v.
675 385 828 459 305.)

360 507 417 564 In
449 507 749 579 supplicem
784 507 967 580 pro'dis
993 508 1106 574 dei,
1137 507 1237 563 sub
1263 515 1484 580 aspectu
1513 507 1744 578 tyranni.

362 600 578 659 Senties
607 602 659 656 in
690 599 814 658 fatis
844 603 998 674 cujus
1018 600 1182 660 modo
1208 601 1324 674 lege
1354 601 1582 674 juvaris.

579 729 730 771 XXIV.
770 744 844 758 —
876 729 1043 773 INTBI
1081 730 1368 780 υτιιυιρυι
1410 726 1742 768 νινειητωσδ.

367 827 518 884 Inter
544 837 829 899 utrumque
853 837 1048 898 putans
1075 828 1236 884 dubie
1261 827 1489 897 vivendo
1517 841 1728 895 cavere,

365 921 608 976 Nudatus
639 935 669 975 a
698 921 834 991 lege,
857 920 1164 990 decrepitus
1191 919 1318 973 luxu
1361 917 1642 988 praecedis.

370 1013 474 1068 Tot
501 1027 636 1066 vane
665 1013 946 1082 prospicis,
981 1011 1105 1081 quid
1129 1012 1324 1079 quaeris
1347 1010 1569 1082 iniqua?

372 1103 441 1158 Et
466 1101 724 1173 quidquid
754 1101 908 1172 egisti
939 1101 1100 1168 istinc,
1118 1112 1398 1156 remanere
1439 1099 1722 1166 defuncto,

376 1193 611 1264 Respice
644 1204 700 1248 tu
725 1194 887 1250 stulte
919 1211 930 1247 :
956 1208 1062 1250 non
1095 1208 1238 1260 eras,
1265 1202 1318 1248 et
1343 1208 1470 1249 ecce
1498 1193 1716 1249 videris.

380 1286 534 1342 Unde
569 1285 872 1357 processisti
896 1285 1096 1351 nescis,
1130 1299 1230 1341 nec
1260 1285 1400 1341 unde
1430 1288 1686 1352 nutriris;

373 1379 452 1434 Tu
480 1381 644 1442 Deum
678 1379 952 1437 excelsum
976 1379 1110 1450 iugis
1131 1389 1235 1434 tum
1257 1381 1379 1445 vita:
1404 1381 1713 1452 benignum,

373 1472 772 1543 Rectoremque
798 1482 971 1540 tuum,
999 1475 1087 1543 qui
1105 1453 1164 1528 te
1188 1474 1359 1543 magis
1381 1474 1565 1530 vivere
1598 1474 1754 1530 vellet
1779 1491 1790 1523 :

377 1564 555 1621 Vertis
583 1573 635 1619 te
664 1566 716 1620 in
744 1564 932 1620 faciem
962 1572 1018 1619 et
1044 1564 1264 1621 dorsum
1291 1566 1394 1621 deo
1416 1565 1644 1620 remittis
1673 1583 1686 1618 :

380 1655 576 1726 δίει-εἱς
604 1665 656 1712 te
681 1655 735 1714 in
764 1657 1034 1719 tenebras.
1085 1657 1214 1716 dum
1244 1670 1396 1729 putas
1433 1670 1487 1717 te
1515 1659 1567 1712 in
1597 1662 1720 1716 luce
1750 1661 1972 1717 morari.

376 1747 514 1816 Quid
544 1749 595 1804 in
619 1764 888 1820 synagoga
922 1751 1172 1806 decurris
1198 1752 1264 1807 ad
1296 1752 1612 1822 pharisaeos,

379 1839 450 1897 Ut
481 1841 574 1896 tibi
603 1841 912 1897 misericors
947 1843 1059 1911 liat,
1083 1860 1240 1914 quern
1263 1845 1497 1916 denegas
1527 1845 1705 1901 ultro?

383 1935 515 1990 Exis
539 1933 664 1990 inde
685 1933 836 2003 foris,
863 1921 1052 1992 iterum
1073 1946 1126 1991 tu
1148 1952 1276 1993 sana
1299 1939 1550 2010 requiris.

385 2027 477 2082 Vis
499 2028 639 2082 inter
673 2037 958 2098 utrumque
987 2029 1187 2094 vivere,
1209 2022 1310 2085 sed
1343 2031 1470 2086 inde
1501 2031 1722 2102 peribis.

381 2116 607 2188 Insuper
632 2127 687 2174 et
714 2118 846 2174 dicis
877 2137 892 2174 :
924 2119 1052 2186 Quis
1080 2129 1163 2176 est
1189 2123 1276 2191 qui
1309 2137 1338 2176 a
1370 2133 1543 2178 morte
1570 2123 1829 2178 redemit?

386 2212 459 2270 Ut
483 2212 768 2269 credamus
784 2216 856 2279 ei,
883 2216 1134 2285 quoniam
1168 2214 1242 2270 ibi
1271 2229 1448 2286 pana:
1473 2226 1723 2288 aguntur,

387 2306 486 2361 Eia
537 2321 644 2361 non
667 2307 765 2372 sic,
799 2318 857 2361 ut
887 2315 1044 2378 putas
1063 2321 1208 2374 esse,
1240 2308 1494 2381 maligne.

387 2398 523 2454 Nam
555 2399 630 2454 illi
662 2400 880 2470 prodest
908 2409 1028 2471 post
1055 2401 1263 2469 funera,
1294 2412 1440 2457 recte
1464 2402 1553 2474 qui
1584 2404 1735 2457 vixit.

388 2491 470 2548 Tu
502 2500 676 2547 tamen
706 2509 826 2548 mox
855 2495 1092 2550 moriens
1117 2494 1335 2551 duceris
1364 2496 1418 2550 in
1449 2495 1567 2550 loc'o
1595 2496 1828 2568 maligno
1859 2512 1878 2550 :

387 2586 445 2656 In
481 2585 695 2644 Christo
722 2586 1004 2643 credentes
1029 2591 1207 2646 autem
1237 2590 1288 2648 in
1316 2588 1436 2644 loco
1459 2589 1690 2660 benigno
1721 2609 1734 2645 :

393 2677 779 2749 Blanditurque
805 2679 999 2750 quibus
1028 2681 1195 2737 haeret
1222 2683 1508 2739 amoenitas
1539 2684 1647 2738 illa.

390 2769 562 2827 Vobis
588 2780 765 2827 autem
795 2773 992 2840 dubiis,
1026 2773 1078 2828 in
1111 2789 1204 2829 vos
1228 2776 1347 2832 sine
1370 2791 1596 2846 corpore
1623 2791 1805 2846 poena,

391 2861 626 2918 Suscitat
657 2863 709 2918 ln
737 2863 954 2922 fratrem
985 2866 1201 2927 tortoris
1220 2866 1353 2921 ordo
1374 2867 1627 2949 clamare.

612 2995 813 3034 χιν.-
849 2995 936 3044 QUI
977 2995 1201 3048 ‘I‘IIENT,
1243 2997 1311 3036 ΕΤ
1350 2998 1452 3038 ηομ
1481 2999 1746 3040 CBEDENT.

390 3092 681 3166 Quamdiu,
714 3095 877 3152 stulte
904 3094 1086 3163 homo,
1118 3093 1392 3152 Christum
1417 3098 1710 3169 agnoscere
1735 3116 1840 3156 non
1871 3101 1992 3157 vis?

1481 384 1905 442 COMMODIANI
1944 382 2488 444 INSTRUCTIONEb

3177 389 3252 462 (ν.
3280 389 3431 462 35L)
3545 391 3654 446 2‘20

1979 503 2031 565 Α
2057 501 2207 557 Vitas
2233 519 2421 574 agrum
2453 505 2727 576 pinguem,
2757 513 2810 560 et
2832 504 3000 561 sterili
3029 505 3237 560 semina
3259 506 3452 576 iactas.

2061 595 2120 650 In
2146 597 2294 669 sylva
2324 612 2539 653 manere
2569 597 2786 666 quaeris,
2804 597 2894 653 ubi
2917 599 3054 653 latro
3076 609 3335 654 moratur.

2065 686 2145 742 Tu
2170 687 2324 755 dicis,
2350 697 2402 743 et
2427 703 2526 758 ego
2558 687 2651 742 Dei
2675 702 2793 742 sum
2815 705 2828 753 ;
2853 698 2906 744 et
2927 688 3069 745 foras
3092 689 3334 746 oberras.

2068 780 2352 851 ingredere
2385 780 2494 850 jam
2528 795 2672 837 nunc
2701 782 2858 837 toties
2884 781 3137 853 invitatus
3165 783 3216 835 in
3247 783 3444 839 aulam.

2069 876 2266 931 Matura
2285 875 2395 956 jam
2427 876 2636 942 messis,
2665 885 2872 946 tempus
2901 876 3228 945 totidemque
3252 889 3514 946 paratum.

2074 968 2211 1024 Ecce
2239 967 2397 1022 modo
2426 976 2566 1024 mete
2598 985 2610 1022 :
2642 969 2808 1040 quid?
2839 985 2941 1022 non
2973 978 3023 1023 te
3054 969 3456 1036 ptenitetﬁnde

2070 1061 2242 1124 Nunc,
2266 1061 2311 1115 si
2345 1075 2448 1116 non
2474 1059 2661 1127 babes,
2689 1061 2880 1132 collige
2911 1056 2932 1115 τ’
2956 1061 3222 1118 vindemia
3247 1063 3390 1117 vina.

2072 1155 2308 1224 Tempus
2337 1154 2489 1211 adest
2518 1155 2642 1210 vita:
2670 1153 2921 1210 credendi
2953 1165 3192 1225 tempore
3217 1157 3427 1212 mortis.

2074 1247 2170 1302 Est
2200 1247 2296 1302 Dei
2323 1247 2407 1302 les
2437 1248 2603 1317 prima
2633 1245 3036 1304 fundamentum
3067 1257 3295 1315 posterae
3321 1249 3470 1319 legis.

2074 1339 2151 1393 Te
2177 1339 2391 1410 quidem
2427 1337 2669 1408 signabat
2693 1338 3019 1394 crediturum
3049 1340 3100 1393 in
3129 1339 3243 1409 lege
3271 1342 3526 1408 secunda,

2076 1430 2186 1486 Nec
2215 1431 2376 1485 mina:
2405 1447 2468 1485 es
2493 1431 2629 1500 ipso,
2660 1429 2753 1484 sed
2781 1446 2845 1485 ex
2877 1431 2990 1501 ipsa
3022 1431 3113 1485 tibi
3147 1441 3392 1501 potentes
3426 1453 3439 1488 :

2077 1521 2318 1590 Obstupe
2339 1521 2448 1592 jam
2477 1519 2669 1588 factus,
2697 1522 2818 1590 jura
2851 1534 2900 1578 te
2928 1522 3154 1578 credere
3183 1523 3398 1579 Christo
3424 1542 3438 1590 ;

2087 1615 2217 1671 Nam
2249 1624 2627 1670 testamentum
2653 1626 2806 1670 vctus
2833 1615 2901 1672 de
2932 1617 3024 1672 illo
3048 1617 3368 1688 proclamat.

2083 1708 2316 1766 Credere
2344 1703 2485 1762 enim
2509 1722 2644 1778 opus
2672 1719 2754 1764 est
2784 1719 2985 1764 tantum
3018 1710 3069 1764 in
3095 1710 3211 1781 ipso
3231 1710 3506 1777 defuncto,

2084 1803 2389 1872 Resurgere
2408 1816 2586 1871 posse,
2614 1802 2799 1858 vivere
2827 1813 3066 1873 tempore
3081 1813 3214 1860 toto.

2089 1895 2227 1965 Ergo
2248 1893 2291 1948 si
2315 1894 2434 1964 quis
2461 1909 2524 1949 ea
2549 1893 2813 1951 discredis
2837 1909 2957 1951 esse
2980 1893 3177 1961 futura,

2091 1985 2391 2042 Dummodo
2421 1987 2668 2043 vincetur
2694 2003 2820 2043 rens
2847 1988 2897 2043 in
2922 1997 3092 2043 morte
3120 1989 3375 2055 secunda,

2087 2079 2363 2135 Eventura
2395 2093 2584 2133 canam
2617 2080 2798 2149 paucis
2823 2079 2875 2133 in
2906 2080 3007 2134 isto
3038 2079 3240 2136 libello.

2085 2171 2221 2228 Nam
2248 2171 2502 2242 cognosci
2536 2179 2731 2240 potest,
2766 2170 2856 2225 ubi
2887 2171 2958 2227 sit
2985 2185 3109 2240 spes
3143 2171 3542 2244 anteponenda.

2087 2267 2287 2322 Tamen
2314 2281 2408 2320 vos
2430 2265 2688 2320 adhortor
2708 2267 3024 2336 quantocius
3053 2266 3280 2322 credere
3306 2265 3542 2322 Christo.

2094 2424 2242 2463 XXVI.
2271 2421 2795 2462 —BEPUGNANTIBUS
2834 2420 3101 2462 Αυνειιευε
3141 2421 3316 2462 LEGEI
3354 2419 3567 2461 CHRISTI
3604 2420 3694 2461 DEI

2835 2515 2969 2554 γινι.

2098 2641 2327 2713 Respuis
2353 2640 2537 2696 infelix
2570 2642 2766 2697 bonum
2792 2638 3086 2710 disciplina:
3115 2637 3346 2693 caelestis
3365 2677 3382 2704 ,

2098 2734 2165 2789 Et
2203 2735 2314 2790 ruis
2340 2735 2392 2790 in
2424 2743 2678 2797 mortem,
2702 2733 2826 2788 dum
2853 2733 2932 2786 vis
2952 2732 3070 2788 sine
3102 2733 3253 2787 freno
3279 2732 3476 2802 vagari.

2096 2826 2336 2882 Perdunt
2365 2836 2415 2882 te
2446 2826 2658 2881 luxuria
2688 2836 2740 2881 et
2763 2825 2943 2880 brevia
2975 2823 3163 2896 gaudia
3192 2825 3374 2878 mundi
3409 2842 3422 2876 :

2095 2918 2252 2977 Unde
2275 2921 2378 2976 sub
2409 2919 2622 2975 inferno
2651 2918 2975 2974 cruciaberis
3005 2928 3246 2988 tempore
3273 2926 3407 2972 toto.

2095 3011 2299 3068 Gaudia
2327 3022 2452 3068 sunt
2475 3026 2610 3066 vana
2642 3011 2831 3081 quibus
2851 3009 3143 3064 oblectaris
3172 3011 3369 3079 inepte.

2097 3104 2214 3160 Non
2237 3105 2326 3159 illa
2359 3116 2410 3160 te
2442 3103 2675 3160 reddunt
2696 3104 2968 3160 hominem
2991 3102 3157 3156 fuisse
3178 3099 3533 3157 defunctum?

1745 3242 2304 3304 COMMENTARIUS.

464 3349 534 3406 In
562 3354 842 3478 supplicem
856 3355 1038 3436 prodis
1061 3355 1160 3409 dei.
1191 3355 1304 3410 Hoc
1326 3365 1430 3421 est,
1456 3357 1668 3414 Christo
1692 3360 1982 3430 supplicas,
2013 3363 2058 3424 C
2094 3363 2184 3418 ille
2224 3372 2547 3433 purpuratus
2572 3365 2808 3418 clamans
2841 3361 2906 3417 ad
2945 3361 3234 3426 Lazarum,
3279 3368 3336 3414 ut
3368 3361 3701 3428 intingueret

464 3439 652 3478 uenicu
678 3435 797 3478 atus
824 3427 1110 3478 sunulacro
1136 3426 1307 3478 .It)"iS.
1340 3427 1457 3478 Rm.
2092 3443 2396 3478 nuru-num
2418 3435 2568 3478 diuiti
2599 3436 2678 3478 sui
2711 3438 2760 3478 in
2780 3449 2991 3478 nntium.
3026 3433 3201 3478 Lucan-
3231 3449 3338 3478 xvi.
3362 3431 3452 3478 ει.
3491 3433 3610 3478 Rm.

392 3422 797 3493 adgeniculatus
824 3422 1110 3490 simulacro
1136 3426 1307 3482 Iovis.
1340 3427 1457 3493 Βια.

493 3495 578 3549 iub
595 3506 798 3566 aspectu
821 3501 1041 3568 tyranni.
1074 3497 1382 3568 Tyrannum
1411 3499 1559 3554 dicit.
1587 3499 1856 3556 Cmsarem
1883 3519 1988 3558 non

395 3565 756 3623 Christianum
783 3587 796 3622 :
827 3565 1174 3626 simulacrum
1203 3569 1368 3632 Jovis,
1403 3571 1672 3627 tiilbttilllll
1727 3573 1843 3629 ltlc.

447 3635 764 3763 ‘ﬂzdnlt‘tlsgu
787 3639 938 3712 Lege.
969 3641 1171 3697 Viduus
1192 3643 1444 3711 operibus
1467 3643 1679 3698 indictis
1702 3643 1818 3715 lege
1840 3645 1996 3700 Chri-

396 3715 586 3764 stlana.
620 3715 737 3765 ηις.

472 3778 752 3858 Prtecedis.
780 3781 1130 3858 Praecessisse
1152 3783 1401 3858 dicuntur
1419 3784 1732 3858 Christiani,
1756 3789 1846 3858 qui
1870 3797 1996 3843 sunt

400 3850 724 3976 IllijiESlm
753 3868 882 3921 pace
913 3851 1117 3910 dimissi
1141 3855 1207 3910 ad
1241 3853 1544 3911 Dominum.
1573 3859 1690 3915 llic.
1716 3850 1845 3930 Lég.
1872 3875 1995 3930 pro-

400 3935 464 3976 ce
505 3937 568 3976 IS.
644 3939 779 3976 ηις.

399 3935 568 3977 CCGIS.
602 3935 779 3978 UAVIS.

477 3992 616 4071 Quid
657 3996 709 4071 in
747 4014 862 4071 sgn.
910 3997 1218 4071 decuris__ad
1255 3996 1567 4071 Pharisreos.
1601 3998 1658 4054 In
1686 4001 1996 4071 apograplto

401 4061 597 4136 legitur
620 4084 632 4118 ε
660 4061 887 4122 άεειὶννὶε
913 4084 1047 4136 saepe
1072 4068 1303 4136 bifartos.
1335 4069 1457 4126 RIG.

476 4133 689 4210 Duces-is
715 4139 768 4192 in
790 4140 900 4194 loco
927 4133 1173 4210 maligno.
1204 4139 1285 4194 Ad
1315 4140 1454 4196 male
1475 4140 1831 4196 Christianum
1862 4161 1873 4193 :
1901 4143 2000 4196 du-

403 4207 551 4280 ceris,
597 4210 786 4280 inquit,
821 4211 872 4263 in
903 4211 1014 4264 loco
1043 4207 1288 4280 maligno.
1324 4211 1404 4266 Ad
1433 4228 1559 4266 vere
1590 4212 1948 4268 Christianum
1982 4233 1996 4269 :

407 4277 604 4354 duceri_s
630 4277 681 4354 in
704 4281 814 4336 loco
841 4283 1074 4354 benigno.
1103 4277 1265 4354 Extra
1292 4282 1455 4338 hosce
1482 4282 1618 4338 duos
1639 4285 1854 4339 ordines
1876 4301 2000 4339 sano

407 4358 528 4425 9!}‘5
559 4349 792 4417 Ephrem
825 4349 1011 4425 Syru's.
1056 4371 1170 4407 σενι)
1207 4352 1579 4410 Cnmmodiani
1613 4355 1906 4423 proximus,
1937 4356 2004 4409 ab

409 4417 761 4493 Hieronymo,
786 4417 924 4480 libro
951 4428 1016 4480 de
1043 4426 1411 4492 Scriptorihns
1446 4417 1860 4488 Eccleéiasticts,
1895 4417 2006 4478 lan-

411 4491 584 4556 datus,
614 4491 774 4548 alium
801 4513 904 4550 non
928 4512 1047 4552 esse
1072 4498 1302 4552 medium
1326 4497 1573 4551 ordinem
1597 4497 1774 4550 docet.
1803 4496 2007 4551 Deinde

413 4563 482 4628 ait
515 4580 526 4614 :
560 4581 578 4614 ι
614 4563 829 4639 Loquor
867 4578 1044 4624 autem
1075 4568 1142 4625 de
1185 4569 1355 4624 altero
1391 4563 1606 4639 quidem
1640 4582 1894 4635 superno,
1925 4568 2006 4620 nl-

412 4641 528 4686 tcro
563 4650 691 4689 vero
733 4637 963 4702 inferno,
1005 4639 1143 4693 inter

413 4702 725 4780 diderentia:
743 4711 1176 4765 retributionnm.
1206 4702 1388 4764 iidem
1409 4710 1568 4780 paulo
1583 4721 1730 4778 post:
1759 4710 2007 4778 Effugere

413 4775 738 4853 gehennam,
759 4782 874 4853 hoc
905 4783 1076 4853 ipsum
1108 4792 1189 4836 est
1221 4775 1438 4853 regnum
1466 4775 1718 4853 caelorum
1754 4775 1958 4853 ingredi
1987 4799 2007 4833 .·

415 4851 863 4921 qucmadmodum
914 4849 968 4909 et
1018 4871 1084 4918 eo
1133 4849 1400 4919 excidere,
1450 4863 1531 4906 est
1577 4849 1877 4921 gehennam
1928 4850 2008 4905 in—

417 4920 600 4975 troire.
634 4941 651 4974 ›
687 4922 811 4978 ll:ec
841 4937 964 4980 sunt
995 4941 1024 4978 a
1055 4924 1295 4980 Gerardo
1326 4923 1510 4980 Vossio
1537 4920 1605 4978 de
1631 4921 1834 4978 Grauis
1869 4936 2006 4977 non-

417 4988 544 5064 dllm
600 4993 756 5048 editis
802 4995 989 5053 Latine
1037 5012 1226 5056 vet-sa;
1287 5005 1446 5064 atque
1497 5006 1551 5050 ut
1624 4997 1736 5064 ipse
1785 4994 2009 5048 Vossius

418 5059 653 5137 editione
683 5081 775 5119 sua
808 5070 1036 5134 censuit,
1067 5059 1375 5137 neutiquam
1411 5059 1719 5132 Purgatorio
1752 5064 2005 5137 prmjudi-

419 5144 562 5188 cant.
587 5133 946 5194 Tertullianus
974 5133 1036 5194 ad
1066 5133 1316 5194 Animam
1345 5155 1354 5190 :
1394 5156 1410 5188 ι
1449 5133 1789 5192 Aftirtnamus
1814 5133 1873 5191 te
1899 5151 2011 5189 nta-

422 5217 716 5280 nerepost
765 5211 886 5266 vitae
933 5211 1385 5279 diSpunctionem,
1437 5218 1494 5280 et
1533 5219 1816 5280 expectare
1864 5207 2007 5262 diem

417 5275 626 5352 indicii,
659 5297 860 5352 proque
888 5275 1092 5337 meritis
1120 5291 1213 5336 aut
1242 5279 1500 5336 cruciatui
1527 5275 1778 5335 destinari
1810 5291 1900 5334 aut
1927 5294 2012 5333 re-

424 5347 679 5423 frigerio:
712 5347 938 5423 utroque
968 5355 1316 5422 sempiterno.
1351 5373 1368 5405 ι
1403 5352 1520 5407 RIG.

481 5419 692 5500 .Quibus
731 5419 1182 5500 liwrétantaenitas
1209 5423 1320 5479 illa.
1367 5425 1744 5480 Ainmnitatem
1771 5420 2018 5492 intelligit

427 5487 864 5548 Millenariorum.
901 5497 1018 5552 lite.

499 5559 568 5638 In
597 5578 683 5617 vos
708 5569 817 5620 sine
845 5574 1058 5637 corpore
1081 5584 1247 5638 paena.
1289 5567 1429 5634 Ignis
1457 5578 1712 5631 :eternus,
1740 5567 1828 5637 qui
1855 5566 2017 5620 etiam

430 5633 848 5707 anirnasrturret,
880 5633 1345 5707 eiutas'corpore.
1376 5639 1495 5694 Rto.

507 5703 747 5782 S_uscita_t‘
764 5709 816 5782 in
831 5712 1058 5780 ‘fratrem
1091 5703 1330 5782 clamare.
1369 5713 1469 5766 Per
1508 5714 1742 5782 fratrem,
1774 5707 2022 5782 intelligit

437 5771 671 5850 fidelem,
689 5771 1072 5848 Christianum.
1100 5781 1330 5836 Suscitat
1349 5783 1402 5836 in
1423 5771 1635 5850 [rairetu
1656 5771 1903 5850 clamare,
1919 5771 2024 5833 hoc

438 5854 540 5913 est,
583 5845 843 5906 advocare
880 5845 1057 5907 fratris
1093 5853 1374 5921 auxilium,
1401 5845 1558 5910 sicuti
1605 5849 1836 5908 faciebat
1872 5847 2025 5906 dives

2092 3431 2396 3490 extremum
2418 3435 2570 3504 digiti
2599 3436 2678 3490 sui
2711 3438 2760 3487 in
2780 3449 2992 3502 aquam.
3025 3433 3202 3496 Luca},
3231 3449 3338 3485 xvi.
3362 3431 3452 3486 24.
3491 3433 3610 3489 Rlc.

2168 3505 2395 3560 Tortoris
2450 3506 2596 3560 ordo.
2660 3505 2998 3570 Tentatoris,
3054 3505 3286 3568 diaholi,
3347 3504 3703 3571 exprobantis

2096 3579 2348 3634 damnato
2401 3591 2620 3639 causam
2669 3592 2778 3630 snzn
2826 3575 3218 3637 damnationis;
3253 3583 3309 3626 ut
3347 3574 3485 3628 hanc
3533 3577 3702 3630 etiam

2097 3648 2313 3718 adjiciat
2334 3649 2574 3702 damnati
2603 3648 2828 3716 suplicin
2858 3645 3257 3718 contumeliam.
3287 3644 3404 3718 ﬂio.

2171 3715 2450 3789 Ingredere
2493 3721 2607 3788 jam
2662 3715 2797 3772 nunc
2842 3718 2986 3789 toties
3027 3717 3286 3789 inuitatus.
3341 3715 3703 3772 Instructione

2099 3787 2307 3918 Exsul:
2348 3789 2547 3846 Intrate
2586 3791 2790 3844 stabiles
2841 3787 3072 3844 Silvestri
3108 3788 3175 3838 ad
3220 3801 3444 3855 prcsepe
3483 3789 3704 3858 pastoris

2151 3879 2223 3918 ια.

2151 3879 2223 3920 IG.

2172 3953 2396 4022 Tempus
2444 3952 2748 4022 totidemque
2793 3961 3042 4023 paratum.
3089 3949 3320 4004 Totidem
3359 3966 3454 4019 pro
3494 3953 3699 4018 etiam,

2109 4026 2489 4089 consimiliter,
2518 4035 2571 4077 ut
2594 4040 2773 4092 supra.
2800 4024 2918 4078 “IG.

2176 4095 2268 4150 Est
2293 4094 2388 4149 Dei
2419 4094 2498 4149 lex
2526 4095 2708 4164 prima.
2742 4094 2906 4149 Vetus
2938 4103 3316 4148 testamentum
3349 4108 3458 4162 prce
3490 4109 3550 4150 se
3583 4094 3708 4150 tulit

2106 4169 2323 4224 umbras
2348 4177 2403 4220 et
2433 4165 2764 4220 sacramenta
2786 4169 2897 4219 sive
2917 4165 3170 4236 mysteria
3197 4164 3347 4236 Novi.
3378 4165 3502 4221 th.

2183 4239 2290 4293 Nec
2340 4240 2490 4292 mina!
2536 4254 2598 4291 ea:
2637 4237 2766 4300 ipso.
2801 4238 2928 4300 Deo,
2961 4235 3184 4290 scilicet.
3229 4235 3358 4290 Nam
3401 4247 3454 4289 to.
3495 4235 3705 4290 salvum

2108 4310 2222 4364 ﬁeri
2257 4310 2366 4364 vult
2415 4311 2574 4363 Deus.
2616 4307 2848 4377 Ideoque
2894 4308 3064 4375 posita
3108 4308 3222 4376 lege
3251 4307 3569 4360 monstravit
3607 4309 3708 4362 tibi

2105 4382 2245 4435 viam
2274 4381 2460 4434 salutis
2487 4398 2499 4435 :
2530 4393 2690 4448 quam
2713 4380 2756 4432 si
2787 4383 3046 4449 pravitate
3073 4388 3159 4431 tua
3193 4378 3558 4447 derelinquas,
3591 4379 3706 4449 jam

2109 4453 2220 4522 ipsa
2253 4452 2344 4505 tibi
2376 4451 2457 4504 via
2487 4451 2846 4522 comminatur
2873 4448 3259 4522 exititmt._ltic.

2184 4523 2408 4592 Obstupe
2421 4522 2532 4590 jam
2559 4527 2744 4593 factus.
2767 4520 2934 4593 Varro
2953 4521 3002 4572 in
3023 4520 3171 4574 libris
3187 4521 3254 4576 de
3271 4521 3350 4575 Re
3369 4528 3504 4575 rust.
3527 4519 3665 4593 dixit
3691 4539 3706 4576 :

2115 4587 2355 4647 Excande
2381 4587 2470 4646 nie‘
2481 4587 2727 4664 fecerunt,
2752 4602 2806 4646 et
2835 4587 3034 4664 Consus
3055 4607 3251 4664 quoque
3277 4593 3470 4662 faciunt
3491 4603 3550 4646 et
3579 4591 3710 4646 Per-

1186 4654 1319 4733 qu'o's
1362 4641 1605 4733 medians
1648 4649 1729 4693 est
1761 4641 2000 4733 £varietas

1207 4730 1219 4733 _
1274 4729 1280 4733 .
1312 4726 1508 4733 Ani..-“
1539 4721 1730 4733 An“-.-
1805 4711 2000 4733 1⁸..-Α-ι.

2138 4681 2250 4718 erue
2267 4665 2337 4716 ita
2366 4665 2442 4727 lit.
2467 4641 2665 4718 Ennius
2683 4641 2860 4718 autem
2887 4641 3096 4716 disera't
3113 4641 3337 4718 -Ῐδαᾶῑο
3358 4679 3468 4718 cere
3485 4665 3708 4717 commi-

2111 4751 2265 4788 nuam
2300 4736 2464 4788 brum.
2491 4735 2611 4791 Rm.

2197 4805 2432 4860 Vincetur
2455 4823 2589 4859 reus.
2621 4805 2998 4862 Conviucetur.

2189 4897 2254 4951 In
2284 4907 2441 4952 morte
2481 4899 2720 4952 secunda.
2770 4899 2891 4952 Post
2941 4897 3186 4967 corporis
3231 4908 3496 4962 mortem,
3528 4898 3709 4954 anima

2115 4970 2305 5026 mortis
2331 4981 2547 5023 mterna:
2573 4969 2743 5038 poenis
2774 4969 3003 5022 addicta.
3041 4972 3233 5038 Apum,
3269 4984 3307 5022 lt
3337 4986 3350 5023 :
3380 4970 3478 5033 Qui
3508 4970 3707 5035 vicerit,

2114 5058 2216 5096 non
2240 5042 2451 5096 (ludetur
2466 5057 2497 5093 a
2515 5051 2672 5092 morte
2684 5041 2923 5093 secunda.
2942 5039 3063 5094 Tcrt
3075 5040 3306 5110 ullianu‘s
3329 5041 3463 5093 libro
3477 5040 3545 5094 de
3564 5039 3712 5110 Fuga

2117 5115 2167 5168 in
2199 5128 2407 5183 persec.
2445 5110 2506 5165 In
2532 5122 2711 5182 stagno
2738 5111 2999 5181 sulphuris
3038 5121 3082 5165 et
3122 5111 3274 5183 ignis,
3304 5111 3440 5180 quod
3478 5119 3550 5166 est
3575 5127 3715 5167 mors

2116 5185 2358 5239 secunda.
2396 5183 2512 5238 llic.

2190 5277 2494 5350 Disciplina
2518 5277 2752 5350 ecclesiis.
2783 5276 3007 5350 Divinm,
3037 5275 3376 5350 Christianae.
3406 5275 3529 5350 rth.

2197 5349 2314 5403 Non
2331 5344 2418 5403 illa
2435 5360 2479 5401 te
2491 5349 2708 5402 reddunt
2722 5349 2973 5402 licininem
2989 5350 3147 5418 fuisse
3160 5347 3266 5415 def.
3287 5344 3551 5413 Cogitatio
3565 5364 3714 5404 mar-

2123 5423 2190 5478 tis
2223 5429 2327 5475 no'n
2345 5430 2395 5475 te
2419 5421 2593 5475 reddit
2615 5421 2746 5473 tibi?
2785 5435 2892 5473 non
2912 5429 2962 5473 te
2995 5427 3209 5473 revocat
3237 5421 3303 5473 ad
3337 5419 3716 5482 temetipsum?

2123 5493 2187 5548 ad
2214 5502 2446 5548 mentem
2469 5493 2681 5548 sanam?
2697 5491 2926 5546 Forteau
2943 5505 3070 5544 vero
3089 5490 3391 5560 legendum,
3411 5489 3714 5546 Terrebunt.

2124 5565 2240 5621 Non
2266 5575 2314 5618 te
2340 5563 2429 5617 illa
2457 5561 2972 5632 terrebit-cogitatio,
2997 5561 3178 5616 adfore
3200 5571 3430 5629 tempus,
3460 5562 3542 5632 vel
3575 5564 3716 5618 intra

2125 5650 2326 5708 paucos
2356 5635 2473 5688 dies
2517 5634 2746 5688 futurum
2776 5631 2834 5688 te
2883 5635 2932 5708 in
2991 5632 3117 5686 ﬂatu
3173 5633 3422 5708 hominis
3451 5631 3715 5708 deftmcti,

2124 5703 2277 5776 cujus
2307 5708 2485 5761 anima
2509 5708 2827 5774 eorripielur
2848 5721 2876 5758 a
2900 5705 3141 5758 dwtnone
3169 5703 3492 5776 crucianda?
3518 5704 3640 5760 Iitc.

2201 5778 2308 5833 Seu
2360 5781 2490 5832 leues
2540 5777 2750 5831 invadit.
2802 5778 3034 5831 Omnino
3072 5774 3544 5843 scribendum,seu
3563 5790 3718 5833 LEV’IS

2123 5849 2336 5917 invadit,
2371 5848 2592 5906 morbus
2616 5845 2837 5904 scilicet.
2875 5848 3057 5903 DAVIS.
