3950 6330
257 393 346 450 sui
458 392 537 465 (v.
561 391 728 465 357.)

256 601 466 660 Nescius
492 601 540 656 si
572 601 821 672 primum
850 601 1063 669 errasti,
1087 601 1296 672 respice
1325 616 1540 658 canum.

257 695 327 750 Tu
350 703 504 764 putas
530 707 684 748 nunc
712 693 890 748 vitam
922 693 1042 748 istic
1072 690 1274 763 perfrui
1303 693 1478 748 laetam

258 785 474 854 Iniurias
501 783 649 840 inter
673 803 690 840 :
719 784 797 840 ibi
826 795 953 842 sunt
977 785 1168 842 damna
1198 793 1432 850 tuorum,

257 879 416 946 Belia,
446 878 531 934 vel
560 878 819 934 infanda:
850 874 1084 945 fraudes,
1119 893 1241 933 cum
1270 877 1530 948 sanguine
1561 875 1719 944 furta,

259 969 527 1027 Ulceribus
554 984 766 1040 corpus
796 979 1042 1035 vexatur,
1075 969 1411 1042 gemiturque
1441 970 1704 1040 ploratur,

258 1061 356 1117 Seu
382 1063 530 1117 leves
554 1061 800 1129 invadit,
831 1071 921 1120 aut
951 1063 1107 1134 longo
1135 1062 1326 1117 morbo
1357 1062 1578 1126 teneris,

256 1155 355 1211 Aut
378 1155 518 1209 natis
541 1155 794 1222 orbaris,
823 1166 910 1210 aut
943 1155 1149 1226 perdita
1175 1155 1403 1226 conjuge
1433 1154 1621 1210 deﬂes.

255 1245 524 1302 Deseritur
554 1255 734 1302 totum
771 1266 786 1301 :
818 1248 953 1302 heu!
990 1256 1153 1303 ruunt
1182 1248 1468 1318 dignitates
1499 1249 1567 1304 ab
1587 1250 1720 1318 alto,

255 1336 421 1404 Vitiis,
450 1340 745 1408 pauperie,
788 1339 1070 1407 dupliciter
1089 1350 1258 1405 certe,
1290 1340 1334 1394 si
1366 1340 1612 1410 ianguis:

253 1431 312 1486 Et
337 1431 470 1486 dicis
503 1431 698 1498 \itam,
737 1433 831 1487 ubi
856 1433 1026 1488 vitrea
1052 1433 1157 1487 vita
1191 1431 1470 1488 mortalis?

253 1523 471 1593 Respice
492 1524 609 1593 jam
642 1524 874 1580 tandem
908 1524 1009 1579 hoc
1039 1535 1249 1595 tempus
1278 1525 1487 1580 irritmn
1519 1539 1642 1582 esse
1669 1540 1686 1579 :

252 1615 351 1671 Sed
379 1616 432 1671 in
461 1614 648 1671 futuro
683 1618 784 1672 tibi
815 1631 940 1688 spes
968 1627 1048 1672 est
1077 1620 1193 1672 sine
1222 1616 1345 1672 dolo
1374 1617 1613 1673 vivendi.

253 1708 437 1765 Vivere
466 1710 730 1766 volebant
756 1713 942 1782 utique
968 1712 1175 1782 parvuli
1203 1713 1364 1783 rapti,

249 1801 344 1858 Sed
371 1803 477 1857 vita
509 1803 716 1874 privati
745 1804 979 1873 juvenes
1004 1818 1289 1860 senescere
1311 1804 1470 1872 forte,

249 1891 478 1947 Laetitios
508 1894 654 1960 dies,
683 1894 1002 1966 perfruique
1026 1895 1126 1966 ipsi
1146 1897 1440 1967 parabant;

251 1985 314 2042 Et
341 1995 518 2042 tamen
541 1988 706 2043 inviti
743 1991 1059 2060 reponimus
1073 1993 1251 2046 omnia
1281 1993 1502 2048 mundo.

251 2079 387 2136 Gens
412 2091 468 2136 et
497 2095 602 2152 ego
639 2081 724 2137 fui
749 2099 1014 2154 perversa
1033 2096 1212 2142 mente
1243 2097 1506 2155 moratus,

249 2171 308 2228 Et
331 2172 490 2229 vitam
526 2176 704 2232 istius
735 2178 920 2233 saeculi
955 2194 1135 2234 veram
1176 2196 1300 2237 esse
1327 2183 1618 2252 putabam;

249 2264 569 2338 Martemque
598 2269 872 2325 similiter
897 2271 1036 2325 sicut
1063 2286 1160 2326 vos
1184 2271 1491 2342 judicabam
1524 2275 1752 2342 adesse;

251 2354 371 2412 Cum
399 2360 569 2414 semel
592 2362 832 2427 exisset,
860 2362 1097 2416 animum
1129 2363 1352 2433 periisse
1379 2364 1713 2421 defunctum.

252 2449 366 2506 llaec
391 2465 573 2509 autem
603 2455 701 2509 sic
730 2469 835 2508 non
862 2465 1006 2522 sunt,
1038 2457 1131 2510 sed
1151 2456 1402 2512 conditor
1421 2459 1569 2513 orbis
1596 2469 1651 2515 et
1677 2469 1867 2517 auctor

253 2545 538 2618 Requisivit
568 2547 732 2605 enim
757 2547 979 2601 fratrem
1002 2562 1030 2602 a
1063 2549 1228 2604 fratre
1254 2561 1616 2620 peremptum.

256 2639 408 2709 impie
437 2639 547 2703 dic,
585 2639 797 2709 inquit,
839 2636 1066 2693 Ubinam
1095 2637 1302 2695 frater?
1329 2640 1419 2696 ille
1451 2644 1683 2710 negavit.

257 2733 468 2804 Sanguis
495 2735 660 2789 enim
683 2732 868 2787 fratris
897 2732 964 2787 ad
996 2749 1081 2789 me
1111 2736 1462 2804 proclamavit
1492 2739 1543 2792 in
1570 2739 1758 2794 altum.

259 2824 564 2897 Torqueris,
603 2825 793 2890 video,
821 2825 911 2880 ubi
939 2825 1007 2880 nil
1039 2827 1246 2883 sentire
1277 2830 1502 2898 putabas
1531 2850 1544 2885 :

258 2916 348 2974 Ille
371 2929 546 2976 autem
585 2919 743 2987 vivit,
776 2931 833 2976 et
861 2918 977 2975 loca
1007 2920 1232 2977 dextera
1256 2932 1431 2989 tenet;

261 3014 474 3070 Delicias
507 3013 742 3076 fruitur,
774 3027 911 3083 quas
935 3022 987 3066 tu
1017 3013 1321 3082 perdidisti,
1354 3014 1614 3084 nefande;

262 3107 319 3161 Et
346 3123 464 3163 cum
493 3107 778 3164 revocasti
804 3106 1098 3170 smcuium;
1127 3116 1182 3161 et
1213 3108 1303 3162 ille
1336 3125 1684 3179 prmgressus,

261 3200 582 3258 Immortalis
614 3200 754 3267 erit;
791 3215 913 3254 nam
946 3210 999 3255 tu
1030 3200 1132 3256 sub
1159 3211 1354 3258 tartara
1379 3204 1614 3275 planges.

266 3294 397 3351 Vivit
423 3307 577 3353 certe
606 3297 773 3362 Deus,
799 3297 891 3367 qui
922 3295 1203 3353 defunctos
1224 3299 1405 3355 vivere
1435 3302 1578 3364 fecit;

267 3385 612 3461 lnnocuisque
645 3390 810 3445 bouis
835 3398 892 3444 ul
919 3390 1107 3446 reddat
1136 3393 1356 3461 praemia
1381 3394 1537 3465 digna
1569 3414 1581 3450 :

265 3478 473 3538 Vesanis
495 3495 688 3540 autem
720 3493 781 3539 et
809 3483 989 3553 impiis
1019 3493 1217 3539 tartara
1248 3499 1412 3541 saeva.

264 3571 426 3646 incipe
445 3579 654 3635 sentire
669 3575 883 3648 judicia
912 3576 1028 3643 Dei,
1052 3576 1296 3636 seducte.

1405 393 1777 451 ADVERSUS
1814 391 2124 451 GENTIUM
2171 392 2366 451 DEOS.

258 510 383 565 Anni
411 518 464 566 te
491 523 600 565 non
629 519 876 580 possunt
905 510 1009 581 jam
1040 509 1252 580 triginta
1278 508 1503 565 reddere
1532 509 1788 569 doctum?
1889 511 1939 570 A

3091 394 3165 466 (v.
3197 393 3356 465 snt.)
3471 393 3581 450 222

2170 523 2335 563 XXVII.
2375 537 2448 548 --
2486 523 2689 564 STULTE
2729 522 2830 576 NON
2870 523 3208 569 PBRIORERIS
3246 523 3373 568 υεο.

1974 644 2171 718 Stulte,
2204 658 2309 699 non
2340 643 2690 713 permoreris,
2736 658 2837 698 nec
2877 651 3125 699 mortuus
3153 642 3344 723 effugis
3373 641 3580 698 Altum.

1973 735 2052 791 Tu
2084 736 2208 791 licet
2235 734 2492 804 disponas
2521 733 2657 789 nihil
2687 743 2739 790 te
2761 735 2964 791 sentire
2988 734 3326 802 defunctum,

1973 827 2216 883 Vinceris
2243 827 2500 896 insipiens
2531 844 2543 880 :
2579 827 2710 881 vivit
2739 828 2877 882 Deus
2907 827 3158 884 conditor
3187 828 3358 898 orbis,

1975 917 2233 990 Legitima
2259 917 2412 987 cujus
2440 917 2677 974 clamant
2707 918 2886 975 valere
2902 919 3215 981 defunctos.

1975 1009 2055 1064 Tu
2085 1019 2263 1064 autem
2286 1008 2686 1088 dum‘przcceps
2708 1009 2824 1063 sine
2856 1009 2966 1064 Deo
2994 1013 3179 1067 vivere
3216 1015 3437 1083 quaeris,

1975 1099 2285 1156 Extinctum
2318 1101 2369 1154 in
2400 1079 2769 1169 fatis'judicas,
2798 1109 2856 1156 et
2873 1100 3033 1158 fatale
3055 1079 3253 1160 credis.

1975 1190 2091 1246 Non
2123 1192 2191 1245 ita
2221 1191 2504 1262 disposuit,
2538 1201 2595 1247 ut
2621 1201 2676 1246 tu
2705 1203 2882 1262 putas,
2911 1194 3051 1250 Deus
3082 1205 3320 1252 mternus
3340 1240 3356 1266 ,

1974 1283 2238 1338 Oblivitos
2259 1298 2380 1339 esse
2404 1293 2647 1339 mortuos
2667 1284 2737 1340 de
2765 1296 2919 1357 gesto
2945 1289 3150 1358 priore.

1974 1377 2124 1432 Nunc
2152 1377 2308 1432 nobis
2333 1376 2649 1448 imperitans
2679 1377 2807 1433 fecit
2836 1382 3174 1450 receptacula
3207 1383 3433 1449 mortis;

1974 1470 2106 1525 Post
2133 1471 2346 1525 cineres
2368 1480 2547 1524 autem
2581 1480 2796 1525 nostros
2824 1471 3126 1527 videbimus
3167 1474 3280 1529 illa.

1977 1562 2193 1618 Exuere
2219 1563 2404 1627 stulte,
2438 1563 2528 1632 qui
2559 1572 2714 1632 putas
2740 1578 2835 1632 per
2859 1561 3046 1619 funera
3073 1575 3132 1620 ut
3163 1582 3270 1622 non
3290 1566 3364 1622 sis
3382 1584 3404 1638 ,ς

1973 1654 2270 1712 Rectorem
2299 1654 2684 1725 dominumque
2716 1664 2865 1710 tuum
2889 1656 2960 1710 nil
2987 1670 3147 1726 posse
3177 1658 3353 1714 fecisti
3385 1675 3398 1714 :

1974 1747 2121 1803 Mors
2149 1757 2327 1803 autem
2356 1746 2411 1801 in
2442 1761 2668 1801 vacuum
2701 1762 2807 1802 non
2840 1757 2944 1813 est,
2975 1748 3020 1802 si
3051 1749 3217 1805 corde
3242 1749 3530 1813 retractes.

1973 1840 2278 1912 Optandum
2311 1855 2507 1896 noscas
2535 1857 2549 1894 :
2585 1851 2707 1894 nam
2732 1853 2856 1895 sero
2884 1841 3091 1896 senties
3117 1841 3292 1897 illum.

1899 1901 1946 1962 Β
1977 1934 2179 1990 Rector
2205 1948 2328 1989 eras
2353 1935 2534 1989 carnis
2558 1951 2571 1998 ;
2591 1949 2700 1988 non
2728 1943 2780 1989 te
2806 1942 2953 1990 certe
2971 1949 3100 1989 caro
3122 1935 3365 2006 regebat.

1973 2029 2268 2098 Exemptus
2298 2028 2366 2083 ab
2396 2027 2507 2094 illa,
2535 2026 2846 2082 reconditur
2874 2028 2986 2091 illa,
3007 2038 3060 2082 tu
3089 2026 3312 2085 horsum
3344 2045 3358 2082 :

1972 2121 2139 2176 Recte
2171 2121 2415 2176 mortalis
2446 2119 2610 2175 homo
2633 2130 2914 2190 separatur
2942 2135 2969 2174 a
2997 2135 3164 2176 carne
3198 2140 3212 2176 :

1971 2213 2178 2268 Idcirco
2202 2227 2308 2267 non
2331 2221 2586 2283 poterunt
2607 2211 2747 2267 oculi
2776 2213 3036 2268 mortales
3064 2212 3290 2284 aequari,

1969 2305 2060 2361 Sic
2091 2305 2254 2361 habet
2281 2305 2511 2377 abyssus
2541 2314 2726 2359 noster
2755 2304 2824 2358 de
2856 2303 2954 2359 Dei
2976 2314 3212 2360 secreto.

1971 2398 2046 2452 Da
2076 2413 2216 2451 nunc
2245 2411 2376 2467 ergo
2411 2397 2536 2460 Deo,
2562 2396 2768 2468 fragilis
2796 2396 2924 2451 dum
2951 2397 3202 2461 moreris,
3227 2399 3494 2455 honorem
3526 2415 3540 2452 :

1971 2489 2041 2544 Et
2065 2487 2229 2544 crede
2261 2488 2406 2560 quod
2447 2487 2697 2543 Christus
2722 2489 2903 2543 vivum
2935 2496 2986 2543 te
3013 2489 3081 2545 de
3111 2501 3324 2548 mortuo
3363 2483 3580 2548 reddet.

1971 2581 2338 2653 Omnipotemi
2362 2581 2550 2636 laudes
2573 2582 2623 2635 in
2646 2580 2892 2636 Ecclesia
2923 2581 3152 2638 reddere
3177 2581 3360 2640 debes.

2373 2711 2401 2747 Χ
2414 2710 2474 2748 Χὶ
2489 2710 2567 2749 111.
2598 2709 2814 2749 -ιυδτι
2855 2708 3193 2752 BESURGUNT.

1979 2829 2191 2886 Iustitia
2230 2841 2284 2886 et
2306 2829 2544 2896 bonitas,
2573 2846 2676 2900 pax
2707 2839 2762 2884 et
2793 2829 3048 2908 patientia
3077 2846 3203 2886 vera

1983 2924 2181 2980 Vivere
2209 2935 2332 2994 post
2362 2923 2469 2978 fata
2503 2925 2723 2989 faciunt,
2760 2931 2814 2980 et
2840 2939 2968 2979 cura
2997 2921 3064 2978 de
3094 2933 3240 2980 actu.

1975 3017 2212 3073 Subdola
2245 3031 2401 3072 meus
2426 3027 2628 3081 autem,
2651 3017 2835 3085 noxia,
2861 3016 3086 3087 perfida,
3105 3032 3290 3086 prava,

1977 3112 2142 3167 Tollit
2169 3127 2229 3167 se
2258 3111 2312 3165 in
2345 3121 2550 3182 partes,
2581 3123 2636 3166 et
2660 3111 2770 3166 fera
2801 3120 2974 3166 morte
2995 3120 3260 3166 moratur.

1978 3203 2167 3274 lmpie,
2203 3218 2343 3258 nunc
2373 3201 2520 3269 audi,
2545 3203 2674 3273 quid
2713 3217 2808 3272 per
2834 3203 3115 3258 malefacta
3146 3203 3378 3261 lucraris
3405 3221 3420 3272 ;

1975 3297 2208 3368 Respice
2236 3307 2483 3353 terrenos
2503 3297 2736 3367 judices,
2767 3298 2818 3351 in
2849 3312 3078 3365 corpore
3107 3299 3198 3368 qui
3224 3315 3370 3354 nunc

1975 3393 2298 3448 Excruciant
2332 3393 2504 3461 pmnis
2534 3391 2720 3446 diros:
2753 3400 2845 3445 aut
2870 3391 3014 3446 ferro
3044 3402 3304 3461 parantur

1974 3484 2246 3554 Supplicia
2269 3485 2498 3550 meritis,
2522 3493 2616 3538 aut
2643 3483 2805 3553 longo
2823 3498 3046 3539 carcere
3075 3482 3225 3539 ﬂere.

1975 3576 2177 3633 Ultime
2206 3587 2262 3632 ιιι
2288 3591 2478 3646 speras
2509 3577 2679 3632 Deum
2710 3577 2936 3632 irridere
2975 3578 3277 3644 cmiestem,

1976 3668 2376 3740 Rectoremque
2406 3669 2654 3739 poli,per
2684 3684 2849 3740 quem
2876 3677 3005 3724 sunt
3028 3670 3213 3727 omnia
3241 3668 3425 3726 facta?

1647 3851 2210 3912 COMMENTARIUS.

335 4030 623 4110 Dupliciter
668 4040 810 4086 certe
833 4031 879 4085 si
906 4032 1129 4110 (anguis.
1162 4032 1217 4088 Si
1247 4035 1471 4107 langues
1492 4079 1506 4104 ,
1538 4035 1582 4092 si
1616 4038 1880 4110 languore

274 4101 440 4181 aliqua
481 4103 750 4181 diuturno
775 4101 1146 4181 consulueris;
1175 4101 1365 4181 atque
1391 4117 1447 4161 ut
1482 4101 1644 4181 supra
1679 4101 1814 4166 dixit
1836 4115 1883 4167 si

275 4173 416 4247 longe
437 4176 616 4229 morbo
650 4177 863 4247 teneris.
890 4173 1044 4230 Unde
1061 4176 1188 4231 illud
1220 4196 1232 4232 :
1256 4176 1428 4234 Genus
1454 4173 1566 4235 esse
1585 4183 1879 4247 misericor-

275 4245 387 4312 dia,
419 4247 520 4300 cito
537 4246 729 4301 occidi.
758 4246 881 4302 th.

350 4335 522 4416 Vitr-ea
549 4337 695 4416 _uita_.
743 4336 897 4404 Quod
929 4337 998 4394 de
1025 4337 1235 4416 fortuna
1267 4339 1400 4416 dixit
1445 4354 1598 4416 vetus
1624 4346 1878 4416 scriptor,

275 4405 376 4463 hoc
404 4410 472 4462 de
511 4409 621 4462 vita
667 4409 899 4465 humana
932 4411 1214 4468 verissime
1254 4413 1463 4469 dicatur
1495 4432 1507 4468 :
1548 4406 1665 4471 Vita
1706 4405 1882 4479 nostra

274 4481 430 4533 vitrea
446 4489 519 4541 est
552 4494 572 4532 :
596 4490 718 4533 tunc
743 4497 898 4551 quum
913 4481 1201 4551 splendent.
1234 4485 1510 4556 frangitur.
1543 4486 1665 4544 RIG.

343 4568 577 4626 laetitias
595 4571 725 4626 dies.
748 4571 991 4638 Laetitiae,
1020 4573 1309 4643 Lzetilimvs,
1337 4575 1534 4633 Laetos.
1559 4578 1727 4636 Valde
1750 4584 1879 4638 mihi

274 4653 535 4720 suSpecta
556 4651 644 4698 est
671 4643 828 4697 istius
856 4646 1124 4720 vocabuli,
1163 4647 1478 4714 formatum,
1513 4665 1614 4706 nec
1645 4667 1880 4720 pronun-

275 4713 703 4792 tiariqnidqnam
726 4725 921 4792 potest,
936 4718 1038 4792 nisi
1058 4717 1299 4792 inspecto
1314 4713 1500 4774 codice
1515 4713 1755 4792 antiquo.
1776 4724 1851 4780 Ve
1866 4758 1878 4766 -

277 4791 359 4864 tus
385 4781 665 4864 Interpres
681 4781 904 4864 Latinus
935 4781 1210 4864 Epistolir,
1236 4806 1354 4864 qua:
1386 4792 1582 4864 dicitur
1600 4781 1878 4864 Barnahze,

278 4856 591 4936 ιρφροσυγήν
615 4859 774 4935 vertit
802 4857 1127 4936 (relationem.
1154 4859 1208 4914 in
1237 4856 1368 4916 edit.
1401 4862 1569 4918 Paris.
1606 4880 1769 4936 prave
1800 4856 1880 4924 ie;

276 4925 416 4995 gitur
446 4945 460 4980 :
495 4928 794 4997 legationes.
828 4928 946 4986 th.

350 5019 453 5075 Ille
475 5021 936 5099 negavit._Et_enim
954 5024 1264 5099 respondit:
1289 5029 1476 5099 nescio.
1492 5019 1720 5099 Negavit
1743 5034 1884 5087 scire

281 5106 358 5157 se,
406 5093 556 5166 quod
591 5094 898 5150 certissime
926 5093 1162 5160 sciebat;
1198 5113 1319 5151 nam
1351 5098 1466 5166 ipse
1497 5093 1688 5161 recens
1709 5104 1883 5159 adhuc

283 5175 392 5239 erat
418 5179 448 5218 a
469 5163 656 5244 fratris
700 5181 863 5244 nece;
895 5177 1056 5244 alque
1081 5169 1182 5244 hoc
1213 5163 1468 5244 mentitus
1499 5171 1611 5227 Deo
1637 5173 1688 5227 in
1719 5190 1883 5244 quem

282 5236 383 5290 non
413 5235 560 5312 cadit
591 5235 1411 5312 ignorantia,impudentissime
1443 5245 1656 5310 negavit
1682 5235 1880 5312 Deum;

283 5317 334 5362 et
379 5307 647 5377 sacrilego
688 5308 990 5370 mendacio.
1026 5307 1133 5365 Dei
1183 5311 1463 5367 scientiam
1509 5307 1783 5379 suffurari,
1829 5307 1886 5373 et

284 5379 430 5446 quasi
459 5379 714 5454 occidere
738 5391 963 5454 c_nnalus
987 5390 1072 5436 est
1105 5398 1118 5435 :
1148 5385 1356 5452 optavit
1380 5384 1514 5454 eripi
1555 5385 1666 5442 Deo
1691 5386 1886 5451 divini-

285 5457 464 5517 tatem,
482 5453 542 5505 τὸ
563 5453 725 5505 Θείαν.
756 5451 875 5508 th.

357 5519 420 5601 Et
441 5537 560 5601 cum
584 5538 748 5577 renoc.
767 5524 1033 5601 saeculum.
1060 5522 1389 5597 Repugnans
1413 5526 1675 5601 adversus
1705 5529 1882 5601 legem

287 5588 500 5666 Christi,
531 5595 796 5666 revocasti
829 5594 1086 5650 smculum
1112 5588 1424 5664 {revocasti
1473 5588 1790 5666 diabolum:
1797 5602 1884 5657 cui

289 5665 706 5720 renuntiaveras.
742 5665 866 5719 Rlc.

355 5747 454 5788 nos
481 5749 816 5808 Pssumus
836 5750 960 5791 nso.
1010 5735 1129 5794 Non
1153 5741 1230 5797 sic
1260 5742 1511 5808 moreris,
1541 5750 1600 5798 ut
1624 5744 1706 5800 vel
1738 5759 1883 5801 mor-

291 5810 436 5884 tuus,
459 5807 676 5884 etlugias
700 5809 1053 5884 pei_m_ainis_:
1087 5820 1143 5865 ut
1166 5815 1276 5884 jam
1309 5815 1366 5874 in
1398 5807 1709 5875 defunctum
1741 5816 1882 5874 Deus

292 5889 393 5932 non
418 5874 610 5936 habeat
631 5877 765 5950 quid
789 5875 976 5934 faciat.
1001 5875 1126 5938 Ilio.

2071 4043 2295 4100 I’inceris
2316 4045 2580 4117 insipiens.
2604 4046 2778 4108 Etiam
2808 4048 3007 4109 invitus
3026 4049 3355 4177 insipiﬁntiaa
3374 4054 3598 4114 teneris.

3235 4139 3308 4177 IG.

3235 4139 3308 4182 IG.

2058 4208 2317 4286 Legitima
2348 4212 2498 4286 cujus
2547 4212 2791 4286 clamant.
2850 4213 3112 4285 Legitima
3153 4215 3301 4274 .dicit
3345 4219 3495 4286 leges
3543 4231 3602 4279 et

1987 4283 2235 4338 mandata
2261 4281 2461 4346 Christi
2477 4299 2500 4339 .:
2527 4283 2811 4354 disciplina
2838 4301 2906 4342 ex
2932 4281 3040 4342 iide
3069 4288 3362 4352 custodita.
3396 4281 3522 4349 Rto.

2069 4375 2251 4430 Valere
2296 4376 2582 4447 defunctos.
2618 4376 2850 4434 Vocatus
2895 4379 3104 4437 scilicet
3143 4381 3209 4436 ad
3245 4382 3410 4438 vitam
3441 4394 3601 4441 aeter-

1991 4462 2136 4501 nam.

1903 4505 1959 4567 Β
2060 4541 2358 4598 Extinctam
2385 4545 2439 4598 in
2473 4546 2614 4615 fatis.
2642 4545 3041 4602 Extinctionem
3063 4589 3078 4615 ,
3113 4550 3362 4605 mortem.
3410 4549 3595 4608 DAVIS.

2061 4636 2306 4715 leivitos
2350 4656 2458 4715 esse
2485 4648 2732 4715 mortuos.
2765 4639 3033 4715 oblivioni
3071 4642 3264 4715 tradita
3293 4659 3446 4712 esse,
3477 4660 3599 4715 qua:

1984 4707 2273 4766 defunctus
2318 4711 2546 4783 quiSque
2592 4713 2759 4782 gessit
2801 4712 2952 4778 olim,
2985 4712 3115 4769 dum
3143 4713 3347 4772 viveret
3384 4707 3443 4776 in'
3470 4707 3594 4773 c'oru

1984 4795 2140 4851 pore.

2060 4871 2268 4928 Exuere
2293 4874 2446 4947 stulte
2468 4875 2554 4943 qui
2580 4885 2748 4944 putas.
2778 4874 2880 4943 Qui
2907 4885 2959 4932 te
2986 4892 3084 4947 per
3107 4887 3336 4934 mortem
3361 4879 3440 4934 sic
3465 4881 3595 4935 exui

1986 4957 2164 5014 putas,
2210 4954 2267 5000 ut
2308 4946 2419 5016 jam
2470 4948 2547 5002 sis
2596 4949 2795 5013 nullus,
2830 4963 2932 5003 nec
2986 4946 3223 5020 amplius
3253 4951 3326 5006 tui
3361 4951 3598 5021 supersit

1991 5017 2308 5088 quidquam.

2059 5108 2361 5180 Optandum
2383 5126 2586 5167 noscas.
2614 5109 2769 5166 Illum
2795 5111 3049 5168 videlicet
3084 5113 3250 5170 Deum
3287 5114 3499 5172 Patrem
3531 5129 3595 5171 ac

1989 5180 2270 5237 Dominum
2304 5191 2571 5236 nostrum.
2606 5182 2916 5242 RIGALTIUS.
2997 5209 3002 5214 -

2060 5251 2379 5324 (“conditur
2401 5253 2515 5307 illa.
2550 5254 2835 5324 Sepulcro.

2063 5322 2159 5398 [τι.
2181 5327 2385 5398 Anima
2405 5335 2525 5387 tua;
2551 5322 2998 5398 pri'ncipalissima
3033 5343 3154 5398 pars
3172 5330 3267 5384 tui.
3288 5328 3405 5385 Βία.

2067 5394 2312 5468 ﬂoreum.
2347 5394 2579 5450 llorSum
2610 5413 2668 5451 se
2694 5394 2953 5468 capessit.
2985 5394 3059 5453 In.

2061 5465 2184 5539 Non
2203 5478 2443 5539 poterunt
2469 5471 2686 5538 aquari.
2711 5465 2934 5539 Divinis.

2059 5536 2291 5616 Quraide
2319 5551 2457 5596 actu.
2488 5536 2882 5616 Supra-dixitj
2916 5540 2992 5616 De
3021 5551 3161 5616 gesto
3188 5541 3380 5616 priore.

2059 5608 2374 5665 Excruciant
2418 5608 2581 5683 panis
2637 5611 2807 5683 diros.
2829 5611 2928 5683 Sicf
2948 5608 3038 5666 de'
3071 5608 3197 5680 ipso
3230 5612 3468 5683 Christo,
3501 5613 3589 5667 ln-

1989 5690 2177 5737 struct.
2210 5683 2300 5750 36,
2334 5681 2426 5752 per
2451 5699 2654 5752 crucem
2702 5681 2865 5737 dirus.
2899 5682 3106 5737 Glossze
3135 5693 3394 5752 veteres;
3429 5682 3591 5738 Diras

1988 5750 2342 5823 Gtoxoldrroc,
2375 5751 2535 5814 δεῖνος
2578 5751 2778 5807 Diritas
2812 5794 2825 5818 ,
2881 5753 3130 5813 Δεινὸτῆς.
3163 5752 3292 5823 Alia_
3331 5750 3538 5807 Glossre
3571 5769 3586 5805 :

1988 5820 2168 5893 sum,
2195 5825 2508 5891 Malitiosus,
2533 5825 2756 5894 iniquus,
2790 5839 2976 5892 smus,
2995 5833 3136 5891 trux,
3158 5820 3390 5890 acerbus,
3413 5831 3583 5877 atros.
