3950 6338
304 388 413 446 aes
523 390 602 464 (ν.
630 390 790 461 tas.)

303 506 603 575 Grassaris,
634 506 859 575 insanis,
881 504 1156 562 detractas
1179 519 1323 559 nunc
1349 512 1404 558 et
1433 503 1526 558 Dei
1557 517 1752 557 nomen
1777 517 1792 567 ;

306 599 465 658 Unde
497 615 602 656 non
633 599 859 669 effugies
889 615 903 652 :
937 612 1126 668 poenas
1156 612 1252 668 per
1283 595 1530 666 iactaque
1558 604 1742 664 punet.

312 693 468 750 Nunc
497 693 620 750 volo
648 693 724 750 sis
749 704 961 757 cautus,
988 707 1058 747 ne
1084 691 1268 745 venias
1298 688 1436 758 ignis
1467 688 1518 741 in
1548 697 1763 741 mstum.

309 788 490 846 Trade
522 800 573 844 te
597 788 708 860 jam
731 786 970 854 Christo,
990 793 1050 841 ut.
1077 794 1128 840 te
1151 779 1430 840 benefacta
1452 791 1768 851 sequantur.

637 939 793 979 XXIX.
821 952 893 965 ··-
913 934 1076 977 υινιτι
1107 930 1405 972 INCBBDULO
1426 928 1589 970 ιιΑιο.

316 1061 571 1129 Diﬂ'eres,
599 1060 771 1126 dives,
805 1056 1028 1114 nimium
1062 1066 1151 1110 tua
1179 1061 1370 1110 cuncta
1398 1051 1631 1107 videndo

316 1152 725 1216 lnsatiabiliter,
748 1148 941 1219 quibus
971 1146 1148 1201 adhuc
1173 1144 1454 1200 adhaerere
1478 1139 1700 1211 quaeris.

317 1243 519 1300 Vivere
551 1255 666 1312 post
696 1241 820 1305 ista,
845 1238 1002 1303 dicis,
1035 1251 1142 1292 non
1172 1249 1331 1304 spero
1356 1232 1660 1288 defunctus.

318 1333 534 1404 Ingrato
555 1345 767 1387 summo
794 1329 926 1395 Deo,
959 1329 1049 1397 qui
1082 1327 1161 1381 sic
1190 1325 1359 1380 Deum
1377 1323 1588 1394 iudicas
1611 1335 1734 1377 esse
1758 1336 1773 1385 ;

318 1426 398 1483 Te
425 1425 516 1495 qui
545 1423 826 1480 nesciente
864 1419 1110 1492 protulit,
1141 1418 1341 1473 deinde
1371 1415 1591 1471 nutrivit
1617 1430 1631 1468 :

319 1519 442 1590 Ipse
470 1524 622 1587 prata
654 1525 741 1570 tua
768 1515 1056 1586 gubernat,
1090 1513 1279 1568 vineas
1303 1513 1442 1577 ipse,

326 1608 453 1680 lpse
473 1623 694 1681 gregem
722 1621 1003 1679 pecorum,
1035 1614 1089 1661 et
1115 1603 1378 1676 quidquid
1407 1600 1650 1674 possides
1676 1598 1809 1670 ipse.

320 1700 436 1759 Nec
462 1701 578 1757 istis
604 1698 862 1766 attendis,
895 1706 987 1754 aut
1010 1707 1065 1753 tu
1099 1698 1242 1768 regis
1272 1696 1449 1751 omnia
1477 1693 1637 1748 forte.

323 1792 531 1851 Caelum
562 1793 664 1849 hoc
688 1801 743 1847 et
770 1803 968 1847 terram
991 1799 1047 1846 et
1071 1791 1239 1846 maria
1268 1788 1407 1843 salsa
1429 1787 1520 1858 qui
1548 1786 1697 1852 fecit,

325 1883 575 1941 Reddere
602 1884 844 1940 decrevit
871 1896 972 1940 nos
999 1883 1145 1952 ipsos
1175 1882 1228 1936 in
1248 1893 1414 1934 aureo
1436 1876 1600 1932 saeclo
1625 1893 1640 1942 ;

327 1978 397 2036 Et
419 1978 579 2034 modo
605 1979 652 2034 si
680 1976 880 2042 credis,
905 1975 1102 2030 vivitur
1127 1975 1181 2030 in
1211 1973 1303 2028 Dei
1333 1981 1566 2028 secreto.

329 2073 489 2128 Disce
513 2071 703 2134 Deum,
737 2068 923 2136 stulte,
969 2069 1060 2139 qui
1085 2068 1203 2123 vult
1243 2077 1296 2122 te
1323 2062 1681 2121 immortalem
1713 2059 1924 2126 adesse,

326 2162 400 2220 Ut
423 2163 625 2236 gratias
649 2161 726 2216 illi
746 2160 948 2218 referas
970 2161 1024 2215 in
1046 2174 1218 2231 agone
1239 2171 1528 2229 perennes.

329 2257 446 2313 Lex
473 2256 634 2311 docet
661 2254 852 2324 ipsius,
883 2253 979 2309 sed
1009 2255 1135 2322 quia
1157 2249 1339 2321 vagari
1373 2259 1425 2304 tu
1456 2247 1677 2318 quzeris,

329 2348 524 2406 Omnia
544 2346 830 2413 discredis,
853 2356 908 2402 et
933 2345 1058 2401 inde
1083 2345 1136 2400 in
1167 2352 1395 2399 tartaros
1425 2342 1527 2397 ibis
1554 2356 1567 2393 :

331 2442 455 2501 Mox
481 2442 718 2498 animam
740 2439 945 2505 reddis,
973 2438 1190 2494 dttceris
1216 2452 1324 2508 quo
1351 2448 1405 2492 te
1433 2437 1656 2506 poenitet
1681 2448 1821 2489 esse.

332 2533 584 2593 Adluitur
607 2531 677 2588 ibi
707 2547 864 2603 paena
897 2530 1158 2601 spiritalis
1184 2536 1385 2584 aeterna
1410 2544 1426 2594 ;

332 2629 501 2703 Lugia
533 2641 660 2687 sunt
684 2645 920 2700 semper,
966 2643 1065 2684 nec
1085 2627 1412 2700 permoreris
1440 2627 1493 2681 in
1520 2626 1632 2692 illa,

333 2724 773 2798 Omnipotentem
797 2724 964 2780 Deum
990 2724 1104 2794 jam
1134 2735 1278 2777 nunc
1307 2721 1379 2776 ibi
1413 2735 1536 2776 sero
1567 2721 1927 2790 proclamans.

623 2877 750 2917 XXX.
783 2891 855 2903 -·
875 2875 1087 2917 DIVITES
1122 2872 1351 2915 HUIILES
1381 2871 1609 2912 ESTOTE.

339 2999 520 3065 Disce,
545 2999 829 3064 moriture,
853 2997 1054 3051 bonum
1085 3006 1135 3052 te
1165 2993 1450 3050 ostendere
1471 2990 1701 3047 cunctis.

340 3091 399 3148 In
426 3092 607 3147 medio
638 3091 817 3162 populi
839 3089 968 3161 quid
1002 3099 1052 3144 te
1080 3087 1212 3142 facis
1239 3086 1467 3141 alterum
1489 3099 1608 3138 esse
1635 3084 1658 3136 ?

343 3184 509 3240 Vadis
532 3183 625 3239 ubi
651 3185 852 3249 nescis,
883 3192 936 3238 et
965 3181 1168 3236 inscius
1196 3178 1320 3234 inde
1349 3175 1578 3232 recedis.

341 3275 514 3348 ltnpie
543 3285 762 3339 tractas,
792 3289 916 3330 cum
941 3275 1059 3344 ipso
1086 3284 1316 3342 corpore
1340 3270 1460 3324 sitis
1486 3282 1492 3286 ‘

343 3369 426 3426 Tu
452 3385 669 3439 semper
693 3369 909 3424 divitias
937 3387 948 3421 :
983 3367 1204 3421 nimium
1237 3374 1289 3419 te
1319 3362 1464 3418 tollis
1491 3363 1542 3416 in
1571 3361 1762 3425 altum,

342 3461 412 3519 Et
439 3462 662 3535 typhum
689 3461 861 3527 ducis,
893 3475 994 3516 nec
1016 3458 1241 3530 respicis
1270 3470 1532 3527 pauperes
1573 3454 1732 3509 ultro.

345 3556 606 3613 Subditos
630 3570 774 3612 nunc
803 3555 980 3620 vobis,
1016 3568 1116 3610 nec
1149 3561 1403 3623 parentes
1427 3549 1644 3620 pascitis
1671 3548 1837 3615 ipsos.

345 3651 465 3708 Heu
491 3652 674 3710 miseri
705 3652 717 3706 !
753 3649 960 3721 fugiant
979 3648 1193 3719 longius
1209 3645 1509 3703 mediocres
1531 3658 1560 3698 a
1593 3642 1766 3698 vobis.

1397 383 1826 442 COMMODIANI
1866 381 2411 442 lNSTRUCTlO-NES

1934 504 1979 562 Λ
2011 498 2156 553 Vixit
2187 518 2199 552 :
2225 509 2299 567 et,
2329 496 2554 553 extinxi.
2588 493 2821 562 Pauper,
2846 504 3067 567 Ευρεκα,
3091 490 3314 546 clamat.

3128 380 3206 450 (ν.
3237 363 3393 447 tsi.)
3505 373 3611 431 εει

2012 589 2130 645 Mox
2157 590 2308 646 furiis
2334 590 2513 660 ageris
2545 602 2671 641 cum
2692 599 2882 655 pereas
2902 583 3038 654 ipse,
3073 579 3396 652 Charybdis.

2014 680 2403 750 ludisciplinati
2434 679 2511 734 sic
2531 693 2628 732 vos
2650 676 2845 732 divites
2868 677 3021 732 estis.

2020 775 2215 846 Legem
2238 773 2379 828 datis
2409 772 2546 840 istis,
2577 786 2688 826 non
2723 771 2877 825 vobis
2903 769 3106 842 paratis
3131 767 3283 837 ipsis.

2021 869 2170 924 Exue
2200 878 2251 922 te
2278 866 2429 922 dives
2455 865 2618 920 tantis
2643 865 2822 933 malis,
2854 865 2965 920 Deo
2998 877 3309 934 perversus,

2020 960 2315 1019 Subveniat
2345 961 2529 1031 utique
2556 960 2648 1015 tibi
2679 959 2820 1030 quod
2847 973 2988 1013 nunc
3018 957 3274 1027 operasti.
3303 954 3350 1010 si
3380 953 3539 1011 forte.

2021 1055 2208 1111 Estote
2238 1067 2424 1108 comes
2451 1052 2710 1116 numinis,
2742 1051 2870 1106 dum
2903 1061 3113 1122 tempus
3146 1049 3379 1114 habetis,

2021 1145 2174 1200 Sicut
2207 1144 2382 1198 ulmus
2404 1153 2548 1198 amat
2575 1143 2761 1209 vitem,
2788 1144 2868 1198 sic
2889 1143 2989 1213 ipsi
3014 1141 3256 1212 pusillos.

2024 1235 2340 1291 Terribilem
2370 1236 2540 1306 legem
2575 1235 2755 1300 malis,
2789 1236 2944 1289 bonis
2971 1248 3122 1304 aeque
3152 1233 3435 1302 benignam

2021 1330 2262 1386 Observa
2285 1345 2427 1384 nunc
2447 1327 2668 1394 sterilis,
2697 1326 2946 1381 subtutus
2975 1325 3027 1380 in
3053 1325 3326 1394 prosperis
3347 1332 3462 1380 esto
3490 1338 3505 1377 :

2023 1423 2218 1479 Tollite
2245 1421 2405 1478 corda
2439 1419 2644 1475 fraudis
2668 1419 2884 1484 divites,
2917 1428 2970 1472 et
2999 1417 3196 1473 sumite
3227 1417 3390 1486 pacis.

2024 1515 2093 1571 Et
2117 1524 2354 1586 Spectale
2392 1512 2590 1568 malum
2625 1520 2886 1566 vestrum.
2919 1507 3277 1564 Benefacitis?
3298 1506 3500 1563 Adsun‘

2597 1657 3119 1699 XXXl.—JUDICIBUS.

2029 1783 2226 1838 Intuite
2252 1781 2393 1837 dicta
2425 1781 2758 1846 Salomonis,
2787 1778 2998 1850 iudices
3025 1791 3238 1832 omnes.

1955 1899 2002 1957 Β
2036 1877 2153 1934 Uno
2171 1876 2338 1931 verbo
2361 1890 2460 1930 suo
2485 1874 2715 1946 qualiter
2743 1887 2840 1928 vos
2866 1871 2955 1927 ille
2975 1871 3264 1926 detractat.

2034 1971 2183 2026 Dona
2211 1984 2369 2039 quam
2404 1978 2459 2023 et
2485 1968 2639 2023 xenia
2667 1972 3020 2035 corrumpunt
3043 1962 3251 2032 iudices
3279 1978 3293 2014 :
3323 1960 3449 2016 inde

2034 2062 2162 2118 inde
2181 2061 2270 2132 jus
2300 2059 2544 2130 sequitur
2571 2076 2583 2112 :
2613 2057 2832 2114 datores
2854 2069 3068 2124 semper
3092 2053 3318 2119 amatis;

2034 2154 2276 2224 Cumque
2300 2153 2404 2208 erit
2428 2166 2611 2218 causa,
2640 2149 2921 2205 victoriam
2953 2146 3094 2202 tollit
3116 2146 3320 2216 iniqua.

2036 2250 2301 2306 lnnocens
2339 2249 2415 2303 sic
2437 2263 2538 2320 ego
2562 2261 2707 2312 sum,
2737 2259 2839 2300 nec
2861 2258 2961 2298 vos
2990 2243 3177 2298 incuso
3204 2240 3451 2313 pusillus,

2037 2340 2438 2411 Blasphemiutn
2473 2339 2610 2394 tollit
2629 2337 2887 2393 Salomon
2912 2336 3035 2406 quia
3066 2343 3270 2404 aperte.

2037 2432 2204 2487 Vobis
2230 2441 2408 2486 autem
2441 2432 2582 2486 Deus
2602 2439 2687 2485 est
2714 2437 2906 2484 venter
2926 2436 2981 2483 et
3010 2425 3230 2496 praemia
3253 2425 3392 2496 jura.

2037 2524 2286 2596 Suggerit
2309 2522 2409 2579 hoc
2433 2523 2627 2578 Paulus
2653 2521 2951 2591 apostolus,
2984 2534 3089 2574 non
3113 2534 3212 2590 ego
3233 2517 3450 2589 duplex.

2469 2671 2637 2714 XXX".
2655 2688 2728 2699 ’-
2741 2672 2838 2713 SIBI
2858 2668 3241 2711 PLACENTIBUS.

2041 2800 2096 2856 Si
2129 2799 2277 2854 lucus
2305 2807 2396 2854 aut
2423 2808 2632 2867 tempus
2665 2796 2823 2862 favet,
2853 2805 2944 2848 aut
2972 2808 3197 2864 persona
3231 2792 3480 2863 provexit
3509 2810 3524 2860 ;

2043 2892 2212 2948 Judcx
2239 2904 2355 2946 esto
2383 2907 2555 2946 novus
2586 2907 2598 2942 :
2624 2891 2751 2962 quid
2785 2905 2925 2944 nunc
2952 2889 3232 2944 cxtolleris
3260 2888 3423 2943 inde?

2044 2986 2394 3057 BlaSphcmas
2434 2985 2702 3050 indocilis,
2736 2986 2803 3038 de
2825 2987 2979 3052 cujus
3003 2983 3312 3052 praestantia
3335 2982 3494 3048 vivis,

2046 3080 2104 3134 In
2136 3081 2417 3150 fragilitate
2443 3087 2584 3132 tanta
2613 3093 2718 3132 non
2748 3076 2974 3146 respicis
2997 3090 3256 3144 utiquam.

2049 3174 2153 3229 Per
2175 3174 2371 3244 gradus
2390 3182 2444 3228 et
2469 3173 2614 3227 lucra
2636 3171 2824 3225 avidus
2851 3168 3081 3225 fortuna:
3104 3169 3387 3240 praesumis
3412 3186 3426 3235 ;

2054 3267 2162 3322 Lex
2201 3267 2292 3319 tibi
2327 3283 2432 3320 non
2462 3267 2568 3320 ulla
2596 3276 2698 3329 est,
2721 3280 2818 3320 uec
2840 3273 2890 3319 te
2924 3266 2973 3318 iu
3002 3263 3356 3334 prosperitate
3382 3263 3641 3318 diuoscis.

2055 3362 2200 3412 Auro
2224 3358 2350 3412 licet
2380 3366 2726 3422 censeantur,
2759 3354 3026 3410 bacchent
3052 3354 3226 3409 aulica
3250 3368 3498 3424 semper;

1974 3423 2018 3486 Ο
2051 3453 2387 3510 Cruciarium
2421 3451 2630 3505 Domini
2653 3452 2694 3504 si
2726 3466 2831 3504 non
2860 3450 3117 3511 adorasti,
3150 3449 3354 3519 peristi.

2054 3546 2119 3600 Et
2141 3546 2289 3599 locus
2313 3555 2367 3598 et
2395 3555 2605 3613 tempus
2627 3554 2679 3598 et
2699 3557 2931 3614 perSona
2958 3543 3050 3597 tibi
3073 3543 3305 3596 donatur

2048 3637 2219 3703 Nuuc,
2251 3636 2295 3691 si
2327 3647 2500 3691 tamen
2519 3634 2697 3690 credis
2728 3652 2739 3686 :
2771 3632 2854 3689 sin
2875 3644 3077 3703 autem,
3109 3648 3206 3704 pro
3223 3648 3290 3689 eo
3322 3633 3554 3691 timebis.

1723 3776 2094 3837 COMMENTA
2105 3773 2280 3831 BIUS.

351 3922 638 3994 διινοποίῳ,
667 3917 866 3994 acerbo.
895 3911 1155 3994 inacgrbo.
1269 3908 1429 3994 alibi:
1475 3907 1806 3994 emacuit-01c
1831 3902 1944 3986 dei-

351 3974 518 4060 iiiis},
537 3974 644 4045 ἰιὲεἱ
668 3989 761 4042 deo
790 3974 973 4060 iratus.
1102 3980 1248 4060 apud
1280 3979 1496 4060 Festum
1509 3997 1544 4060 ’ξ
1577 3974 1734 4030 ’ῡιι-ιιε
1759 3974 1841 4029 dei
1870 3974 1947 4025 ira

354 4049 526 4119 natns'.
557 4059 846 4119 Juvenalis,
883 4058 963 4109 dis
988 4055 1077 4108 ille
1097 4049 1243 4106 iratis
1261 4052 1479 4120 genitus.
1509 4049 1624 4104 th.

432 4133 504 4188 Te
529 4133 616 4204 qui
669 4118 920 4183 nesciente
966 4126 1200 4197 protulit.
1245 4118 1374 4193 Leg.
1409 4119 1478 4174 Te
1515 4123 1598 4190 qui
1649 4118 1950 4172 nescientem

360 4205 595 4278 protulit.
631 4204 816 4256 DAVIS.

439 4258 688 4330 In’aureo
737 4271 909 4326 swcio.
960 4269 1016 4323 In
1049 4281 1209 4320 aurea
1257 4262 1594 4320 Jerusalem:
1627 4260 1719 4312 illo
1747 4258 1954 4313 scilicet

365 4346 676 4404 millenario
703 4341 978 4398 inoffensa:-
1009 4337 1283 4393 felicitatis
1305 4333 1596 4388 curriculo.
1629 4330 1747 4404 th.

441 4416 507 4471 In
531 4415 628 4470 Dei
675 4425 883 4469 secreta.
912 4411 1087 4478 Supra
1119 4408 1253 4462 dixit
1281 4423 1294 4458 :
1326 4404 1418 4461 Sic
1444 4403 1592 4458 habet
1629 4403 1839 4471 abyssus
1869 4415 1960 4452 no-

369 4498 472 4545 ster
499 4488 563 4541 de
588 4487 682 4541 Dei
711 4494 922 4539 secreto.
960 4483 1078 4536 [ἰπὶ.

441 4540 608 4627 Lupia
634 4540 750 4613 sunt
776 4570 989 4622 semper.
1022 4552 1207 4627 Fletus
1229 4561 1282 4627 et
1306 4547 1507 4603 stridor
1533 4543 1805 4627 dentium;
1835 4540 1954 4627 illo.

445 4611 678 4694 Ῑηῖίιρεί,
734 4611 945 4702 nimiast,
1000 4625 1207 4702 clamat.
1245 4617 1650 4702 Innapographo
1688 4633 1699 4667 :
1745 4611 1881 4702 Vixit
1916 4619 1962 4664 et

375 4684 593 4756 extinxit
624 4684 819 4768 pauper
845 4684 1011 4768 Ebrea
1056 4695 1270 4768 clamor.
1301 4684 1623 4768 Eni-eudatio
1648 4684 1906 4768 praeclara

573 4753 853 4825 et'extinxi.
881 4767 1087 4836 Pauper
1116 4765 1309 4836 εὑρήκοι
1353 4759 1563 4836 (laniat.
1597 4753 1686 4836 Ait
1711 4753 1963 4836 Cumulo-

376 4825 568 4898 dianus
590 4856 748 4897 versu
781 4825 1137 4907 praecedenti:
1171 4825 1281 4889 Heu
1307 4832 1476 4907 miseri
1499 4829 1735 4907 !_fu_giqut
1754 4825 1963 4907 longius

377 4897 657 4969 mediocres
679 4929 710 4964 a
731 4897 870 4965 ινὸὺίι
896 4927 907 4963 :
938 4906 1214 4968 divitibus.
1245 4904 1470 4958 scilicet.
1507 4899 1706 4955 Deinde
1734 4897 1956 4969 divitem

381 4966 588 5041 inducit
617 4984 999 5050 obluqueutem
1030 4980 1080 5032 iu
1115 4966 1302 5050 itinere
1348 4973 1620 5050 pauperis,
1652 4968 1815 5050 quasi.
1835 4966 1964 5050 dum

382 5038 584 5110 viveret
633 5038 942 5121 iu'ipdrtuui,
970 5065 1032 5104 ac
1084 5048 1306 5121 nimium
1350 5038 1594 5121 instantis
1624 5058 1637 5095 ε
1663 5038 1818 5121 abegi
1849 5047 1966 5121 tan-

381 5107 518 5182 dem-
540 5107 802 5194 imagn'aut
831 5107 995 5194 ante
1023 5119 1329 5194 molestiam
1362 5131 1375 5166 :
1407 5113 1551 5194 Vixit
1603 5107 1818 5193 putidus
1865 5107 1967 5190 ille

382 5180 883 5253 Lazarustxtiuxi
929 5193 1206 5246 miserum.
1235 5188 1372 5243 Tum
1402 5185 1470 5239 de
1515 5183 1770 5253 pauperis
1792 5180 1969 5234 anima

383 5251 611 5337 corpore
638 5275 817 5323 exuta.
851 5274 904 5337 et
943 5263 1051 5332 jam
1086 5263 1136 5316 in
1167 5262 1368 5337 coelum
1411 5251 1702 5337 assumth
1737 5251 1966 5337 Pauper,

386 5322 554 5410 inqitit
593 5322 1050 5411 Cptandiauus,
1079 5355 1274 5411 rapum
1321 5330 1538 5411 clamat;
1563 5322 1810 5411 q'itodest
1841 5322 1972 5411 :"l‘u-

385 5392 678 5482 nimiaadd
707 5392 1048 5482 optaveram,
1070 5392 1211 5482 qu'pd
1246 5403 1501 5482 petieram
1525 5413 1552 5450 a
1580 5392 1803 5477 Domino
1828 5409 1848 5482 ε.
1871 5392 1973 5473 Te-

387 5498 495 5538 neo
527 5466 662 5534 viam
691 5466 793 5550 qua
827 5479 931 5531 itur
971 5466 1271 5550 infimum.
1293 5474 1390 5550 _Sic
1411 5478 1589 5524 autem
1618 5469 1667 5520 in
1693 5469 1817 5550 ipsa
1839 5466 1976 5533 lapi-

387 5553 608 5609 datione
637 5537 941 5618 Stephanus
967 5566 979 5601 :
1021 5545 1180 5600 Video
1207 5547 1360 5600 caelos
1387 5550 1612 5618 apertos,
1641 5549 1747 5618 etc.
1779 5537 1898 5618 lito.

462 5622 640 5678 Furiis
679 5609 977 5692 Charybdis.
998 5691 1003 5692 γ
1022 5619 1241 5688 Angelis
1287 5627 1490 5692 satana:
1520 5611 1576 5692 in
1603 5609 1792 5692 interni
1820 5621 1978 5692 viara—

390 5697 535 5766 gine,
562 5696 648 5748 ttbi
684 5708 788 5747 noa
817 5679 901 5747 Est
929 5679 1248 5751 substantia,
1275 5685 1368 5742 sed
1401 5681 1726 5742 inenatabile
1754 5679 1977 5751 profun-

395 5770 544 5826 dum.
576 5766 695 5824 th.

473 5822 727 5910 Operasti.
782 5835 1328 5910 lioc~_est‘._operatus
1371 5839 1475 5910 est.
1518 5835 1782 5910 Δχαῖκῶς,
1814 5824 1897 5880 vel
1929 5822 1974 5878 si

399 5900 567 5967 mavis
595 5909 842 5966 barbare.
887 5905 1061 5963 Simili
1105 5900 1319 5961 licentia
1368 5900 1503 5958 dixit
1554 5900 1712 5956 instr.
1745 5912 1894 5965 xxxt,
1923 5910 1972 5950 v.

2052 3897 2199 3952 466:
2234 3895 2428 3949 lntuite
2474 3895 2609 3947 dicta
2665 3893 2980 3947 Salomonis.
3032 3891 3229 3945 iterum
3272 3890 3428 3945 instr.
3459 3906 3649 3954 XXXIX,

2053 3985 2104 4022 v.
2131 3968 2228 4022 ⁴481
2263 3966 2536 4020 :Bacchent
2557 3965 2723 4018 auiica
2751 3981 2966 4031 semper.
2999 3964 3181 4016 DAVIS.

2131 4040 2353 4093 Observa
2382 4052 2517 4091 nunc
2538 4036 2746 4090 sterilis.
2793 4038 2867 4090 lle
2916 4034 3192 4089 sterilibus
3219 4033 3528 4088 Christianis
3565 4032 3653 4087 di-

2057 4123 2210 4166 cetur
2240 4110 2399 4164 In~tr.
2431 4125 2516 4162 LV.
2550 4108 2666 4162 th.

2128 4181 2476 4252 Benefacitis?
2534 4179 2740 4252 Adsunt.
2781 4176 2893 4252 Hoc
2935 4193 3001 4230 ex
3034 4190 3265 4252 persona
3300 4176 3390 4228 Dei
3440 4175 3658 4252 miseri-

2057 4246 2296 4308 cordiam
2318 4251 2613 4314 offerentis,
2640 4260 2689 4303 ct
2713 4248 3046 4316 resipisceuti
3069 4247 3294 4317 gratiam
3321 4255 3483 4314 atque
3502 4246 3660 4317 auxi-

2061 4325 2190 4378 litttn
2223 4321 2699 4390 pra-sentissimunt
2731 4316 3090 4388 suggerentis,
3118 4317 3375 4387 saipsum
3402 4316 3659 4372 videlicet

2061 4393 2387 4450 omnituodze
2410 4391 2722 4447 felilicitatis
2745 4400 3042 4444 auctorem.
3075 4390 3192 4444 Rm.

1982 4440 2037 4500 D
2063 4440 3355 4532 'iép'iiafaéﬁabipaiii—{aiam
3383 4458 3655 4532 Respicit.

2065 4540 2140 4592 uti
2171 4529 2385 4604 quidem
2409 4535 2594 4600 cretlu,
2626 4533 2692 4584 ad
2726 4531 2920 4604 Eccle,
2957 4531 3255 4604 lll,_16.“|n
3285 4546 3443 4597 quem
3480 4529 3658 4604 locum

2065 4611 2143 4664 sic
2184 4599 2565 4676 Hieronymus,
2594 4615 2633 4658 ι.
2666 4620 2719 4676 vi.
2756 4619 2807 4672 p.
2859 4603 2944 4676 ll),
2971 4602 3101 4676 edit.
3153 4601 3397 4676 Victor._:
3437 4620 3454 4651 t
3492 4599 3662 4676 Μειιιί-

2069 4681 2234 4734 iestus
2263 4671 2454 4731 sensus
2483 4689 2588 4741 est,
2615 4675 2710 4730 sed
2754 4671 2938 4728 nubilo
2970 4674 3426 4740 interpretationis
3455 4671 3654 4725 obvol-

2067 4753 2227 4805 vitur.
2258 4749 2371 4802 Sub
2423 4748 2558 4810 sole,
2589 4747 2780 4815 inquit,
2826 4745 2928 4798 isto
2975 4745 3254 4799 veritatem
3301 4755 3354 4797 et
3393 4743 3660 4815 judicium

2067 4819 2334 4887 exquisivi
2361 4837 2372 4871 :
2395 4829 2450 4871 et
2472 4819 2575 4872 vidi
2605 4812 2764 4871 etiam
2793 4815 3324 4887 interjudicutnipsa
3356 4812 3639 4887 subsellia,

2069 4885 2177 4946 non
2211 4891 2491 4944 veritatem
2515 4889 2718 4952 valere,
2747 4888 2841 4941 sed
2871 4885 3291 4940 muneraaVide
3317 4885 3447 4955 psal.
3471 4899 3662 4950 Lxxs't,

2067 4964 2122 5018 2.
2161 4964 2344 5017 ῡΑνιε.

2154 5033 2430 5087 Victoriam
2455 5031 2587 5084 tollit
2610 5031 2810 5096 iuiqua’.
2839 5028 2894 5084 lu
2925 5027 3233 5099 apograplto
3264 5027 3477 5098 legitur,
3506 5026 3664 5080 victo-

2071 5107 2149 5159 ria
2173 5105 2304 5159 tollit
2326 5105 2573 5173 iniquam.
2607 5103 2721 5156 lito.

2144 5169 2527 5246 Blasphentium
2569 5174 2703 5226 tollit
2756 5173 3025 5246 Salomon.
3058 5171 3147 5246 Sic
3173 5171 3224 5225 in
3254 5169 3562 5246 apographo
3582 5169 3665 5246 le-

2073 5251 2232 5320 gitur.
2256 5239 2312 5301 ut
2342 5246 2936 5320 supra,ignominiumct
2965 5239 3423 5320 infamiumqustr.
3445 5257 3555 5320 xix.
3582 5239 3662 5294 In.

2151 5318 2288 5372 Deus
2337 5312 2420 5371 est
2463 5312 2650 5370 t-eitier.
2700 5315 2756 5369 In
2807 5314 3207 5370 auimohabuit
3250 5312 3666 5369 Conuuoalianus

2079 5391 2339 5459 Philipp.,
2369 5405 2445 5451 Ill,
2481 5388 2567 5443 i9.
2605 5388 2784 5459 DAVts.

2151 5454 2332 5515 ludes:
2381 5471 2482 5513 esto
2523 5476 2703 5514 novus.
2737 5458 2943 5513 Novum
2987 5455 3358 5526 magistratum
3418 5454 3665 5523 adeptus.

2155 5532 2230 5585 De
2257 5533 2405 5601 cujus
2430 5531 2747 5598 praestantia.
2771 5529 2882 5593 Dei,
2917 5529 3004 5598 qui
3033 5537 3177 5581 tanta
3202 5527 3297 5581 tibi
3323 5536 3427 5581 tam
3461 5526 3667 5581 liberali

2082 5621 2241 5661 manu
2275 5613 2484 5672 praestat
2500 5643 2512 5656 .
2537 5601 2654 5657 th.

2155 5668 2473 5732 Crudiarimn
2498 5672 2722 5727 Domini.
2745 5671 2834 5728 Sic
2861 5671 3054 5739 legitur
3077 5671 3126 5724 in
3158 5669 3465 5739 apographo
3493 5687 3505 5723 :
3541 5668 3670 5722 Cru-

2084 5752 2270 5803 ciatttnt
2304 5745 2526 5808 Domini,
2551 5760 2750 5797 crucem
2793 5741 3000 5800 Christi.
3033 5741 3291 5796 Christum
3344 5741 3663 5806 cruciﬁxum.

2080 5825 2174 5882 Τὸν
2195 5824 2359 5896 μέγανΔ
2379 5822 2569 5896 inpiae!
2587 5819 2671 5872 τὸν
2690 5819 2820 5896 ,ἐν-τῇ
2837 5815 3670 5896 παλᾳέστίνῃθὰνασκολοπισθένςα.

2085 5883 2501 5954 Ρτοέιίυρίίπίο,
2531 5888 2704 5945 Graeci
2732 5883 2915 5944 tliitere
2944 5883 3253 5955 Martyrium
3287 5901 3424 5955 :quo
3450 5883 3670 5939 nomine
