3950 6334
324 367 432 426 925
543 372 621 445 (v.
650 372 810 444 425.)

322 485 622 556 Grassaris,
654 489 879 558 insanis,
901 487 1175 546 detractas
1199 505 1342 545 nunc
1369 499 1423 544 et
1453 490 1545 545 Dei
1577 505 1772 545 nomen
1797 505 1812 556 ;

325 579 484 638 Unde
515 596 621 637 non
651 581 878 652 effugies
908 599 922 636 :
956 596 1145 652 poenas
1175 597 1271 652 per
1302 581 1549 652 factaque
1577 592 1761 651 ponet.

329 673 486 730 Nunc
516 674 639 732 volo
666 676 742 732 sis
768 686 979 741 cautus,
1007 691 1077 731 ne
1102 676 1286 730 venias
1316 675 1454 745 ignis
1485 675 1536 728 in
1567 685 1781 729 acsmm.

326 768 508 826 Trade
540 781 590 825 te
615 770 725 841 jam
749 769 988 838 Christo,
1009 778 1068 825 ut
1095 778 1147 825 te
1168 765 1447 825 benefacta
1469 779 1786 838 sequantur.

654 922 810 962 XXIX.
838 936 910 948 -
930 919 1093 960 υιιιιτι
1124 916 1422 958 INCREDULO
1443 915 1606 957 IALO.

332 1041 587 1111 Difl‘eres,
615 1042 786 1108 dives,
821 1039 1043 1097 nimium
1079 1051 1166 1095 tua
1196 1049 1386 1096 cuncta
1414 1038 1647 1094 videndo

332 1133 740 1199 insatiabiliter,
763 1131 956 1202 quibus
987 1130 1163 1186 adhuc
1189 1129 1469 1184 adhaerere
1493 1127 1715 1199 quaeris.

333 1223 534 1280 Vivere
565 1237 681 1294 post
711 1223 835 1287 ista,
860 1221 1017 1287 dicis,
1051 1236 1157 1276 non
1187 1235 1346 1289 spero
1371 1219 1674 1275 defunctus.

332 1313 549 1386 Ingrato
569 1328 781 1368 summo
808 1312 940 1378 Deo,
973 1313 1064 1382 qui
1097 1312 1174 1366 sic
1204 1310 1372 1366 Deum
1391 1309 1602 1380 iudicas
1626 1324 1748 1365 esse
1773 1325 1787 1374 ;

331 1407 411 1464 Te
438 1406 530 1476 qui
559 1407 840 1461 nesciente
877 1404 1124 1476 protulit,
1155 1403 1354 1458 deinde
1385 1403 1605 1458 nutrivit
1631 1418 1644 1456 :

331 1499 455 1570 Ipse
483 1506 635 1568 prata
667 1507 754 1553 tua
781 1499 1069 1569 gubernat,
1103 1498 1292 1554 vineas
1316 1499 1455 1564 ipse,

338 1588 465 1662 Ipse
485 1605 706 1662 gregem
735 1605 1015 1662 pecorum,
1047 1599 1102 1646 et
1128 1590 1389 1662 quidquid
1419 1588 1662 1660 possides
1689 1587 1821 1658 ipse.

333 1680 448 1740 Nec
473 1682 590 1738 istis
616 1682 874 1749 attendis,
906 1691 999 1738 aut
1022 1692 1076 1737 tu
1111 1684 1254 1754 regis
1283 1683 1461 1737 omnia
1489 1680 1648 1735 forte.

334 1772 543 1831 Caelum
573 1775 676 1830 hoc
699 1783 755 1830 et
781 1786 979 1830 terram
1002 1784 1058 1831 et
1083 1776 1250 1831 maria
1279 1775 1418 1830 salsa
1441 1775 1530 1845 qui
1560 1773 1708 1841 fecit,

336 1864 586 1921 Reddere
613 1865 856 1922 decrevit
882 1880 982 1924 nos
1010 1867 1156 1937 ipsos
1186 1867 1238 1921 in
1259 1879 1424 1920 aureo
1447 1863 1610 1919 saeclo
1636 1881 1650 1930 ;

338 1958 407 2015 Et
429 1959 590 2015 modo
615 1961 662 2015 si
691 1960 891 2025 credis,
915 1959 1113 2015 vivitur
1138 1961 1191 2015 in
1221 1959 1313 2014 Dei
1344 1969 1575 2015 secreto.

338 2052 499 2108 DiSCe
523 2052 713 2116 Deum,
747 2051 932 2120 stulte,
979 2053 1069 2123 qui
1095 2053 1212 2108 vult
1253 2063 1306 2108 te
1333 2050 1690 2107 immortalem
1722 2049 1933 2114 adesse,

335 2141 409 2200 Ut
432 2145 634 2216 gratias
658 2143 735 2198 illi
756 2143 958 2201 referas
979 2145 1032 2199 in
1056 2159 1226 2216 agone
1249 2157 1537 2214 perennes.

338 2237 454 2293 Lex
482 2237 643 2292 docet
670 2237 861 2306 ipsius,
892 2236 988 2293 sed
1017 2239 1144 2306 quia
1165 2236 1346 2306 vagari
1381 2245 1434 2290 tu
1465 2235 1686 2304 quazris,

337 2329 532 2386 Omnia
552 2328 838 2396 discredis,
862 2339 916 2385 et
942 2329 1066 2385 inde
1091 2329 1143 2384 in
1175 2338 1402 2384 tartaros
1433 2329 1534 2383 ibis
1563 2344 1575 2380 :

338 2422 462 2480 Mox
488 2423 725 2479 animam
748 2422 952 2488 reddis,
981 2423 1197 2479 duceris
1224 2438 1331 2493 quo
1359 2434 1412 2478 te
1440 2424 1663 2493 paenitet
1689 2436 1829 2478 esse.

339 2513 591 2572 Adluitur
614 2513 684 2569 ibi
715 2529 871 2585 paena
905 2514 1165 2584 spiritalis
1191 2522 1432 2580 aeterna;

339 2608 508 2683 Lugia
539 2622 666 2668 sunt
690 2627 927 2682 semper,
972 2627 1071 2668 nec
1091 2613 1418 2684 permoreris
1447 2613 1499 2668 in
1526 2614 1639 2680 illa,

340 2704 779 2778 Omnipotentem
802 2707 970 2762 Deum
996 2707 1109 2778 jam
1141 2721 1284 2762 nunc
1312 2707 1384 2762 ibi
1418 2721 1541 2763 sero
1573 2709 1933 2777 proclamans.

628 2859 755 2898 XXX.
788 2859 1091 2899 —Dl\'ITES
1127 2858 1355 2898 HllllLl-ZS
1386 2858 1614 2898 ESTOTE.

344 2978 524 3045 Disce,
549 2981 833 3048 moriture,
857 2979 1057 3034 bonum
1089 2990 1140 3035 te
1169 2979 1454 3034 ostendere
1475 2979 1705 3034 cunctis.

344 3071 403 3128 In
430 3073 611 3128 medio
641 3073 820 3143 populi
842 3073 971 3144 quid
1005 3083 1055 3128 te
1083 3071 1215 3126 facis
1242 3072 1470 3126 alterum
1493 3086 1612 3126 esse
1639 3072 1662 3124 ?

346 3164 512 3221 Vadis
536 3164 628 3220 ubi
654 3167 855 3232 nescis,
886 3175 939 3221 et
969 3165 1170 3220 inscius
1199 3163 1323 3219 inde
1352 3162 1582 3218 recedis.

345 3255 517 3328 lmpie
547 3267 764 3322 tractas,
795 3272 917 3313 cum
942 3258 1061 3327 ipso
1089 3271 1318 3326 corpore
1343 3256 1462 3310 sitis
1490 3269 1494 3274 '

345 3349 427 3406 Tu
453 3366 671 3420 semper
695 3351 910 3406 divitias
939 3370 950 3404 :
985 3351 1205 3405 nimium
1238 3360 1290 3404 te
1321 3348 1466 3403 tollis
1494 3349 1544 3403 in
1574 3348 1763 3414 altum,

343 3441 414 3500 Et
441 3443 664 3515 typlium
689 3443 862 3510 ducis,
894 3459 994 3500 nec
1017 3443 1242 3514 respicis
1272 3457 1533 3513 pauperes
1574 3441 1732 3497 ultro.

346 3537 606 3594 Subditos
631 3553 774 3594 nunc
803 3538 980 3604 vobis,
1016 3553 1116 3593 nec
1149 3546 1404 3608 parentes
1428 3536 1644 3606 pascitis
1673 3537 1837 3603 ipsos.

345 3631 464 3689 Heu
491 3633 674 3691 miseri
705 3635 717 3688 !
753 3633 960 3704 fugiant
979 3633 1192 3704 longius
1209 3631 1509 3689 mcdiocres
1531 3646 1560 3685 a
1593 3631 1766 3686 vobis.

1417 371 1846 430 COMMODIANI
1886 372 2431 434 INSTRUCTIONES

3149 378 3226 448 (v.
3258 362 3414 446 tsi.)
3525 373 3632 432 est

1952 495 1998 552 Λ
2030 488 2175 543 Vixit
2207 509 2218 543 :
2245 500 2318 558 et,
2349 489 2574 546 extinxi.
2609 487 2841 556 Pauper,
2865 500 3087 562 Ευρεκα,
3111 487 3333 544 clamat.

2030 580 2149 636 Mox
2175 582 2326 637 furiis
2354 583 2532 653 ageris
2563 596 2690 635 cum
2712 595 2901 650 pereas
2921 580 3057 650 ipse,
3093 577 3415 650 Charybdis.

2032 671 2420 742 Indisciplinati
2452 672 2529 727 sic
2550 687 2646 726 vos
2669 671 2863 728 divites
2887 673 3040 728 estis.

2038 766 2232 836 Legem
2256 765 2397 820 datis
2427 765 2564 832 istis,
2595 780 2705 820 non
2741 767 2895 821 vobis
2921 766 3124 838 paratis
3150 765 3301 835 ipsis.

2039 859 2188 915 Exue
2217 869 2268 914 te
2295 858 2446 914 dives
2472 859 2636 914 tantis
2661 859 2840 928 malis,
2871 861 2983 916 Deo
3016 875 3326 930 perversus,

2037 952 2331 1010 Subveniat
2362 955 2546 1024 utique
2573 953 2664 1010 tibi
2695 954 2837 1024 quod
2864 970 3006 1010 nunc
3035 955 3291 1024 operasti,
3321 953 3366 1009 si
3397 952 3556 1010 forte.

2037 1046 2225 1101 Estote
2254 1058 2440 1100 comes
2467 1047 2726 1110 numinis.
2758 1047 2886 1102 dum
2919 1057 3130 1118 tempus
3163 1047 3395 1113 habetis,

2037 1136 2189 1191 Sicut
2223 1135 2398 1191 ulmus
2419 1146 2564 1192 amat
2591 1138 2777 1204 vitem,
2804 1140 2884 1193 sic
2906 1139 3005 1209 ipsi
3030 1139 3272 1208 pusillos.

2039 1227 2356 1282 Terribilem
2385 1228 2556 1298 legem
2591 1230 2770 1294 malis,
2804 1231 2959 1284 bonis
2987 1245 3138 1300 aeque
3167 1231 3450 1300 benignam

2036 1320 2276 1377 Observa
2300 1338 2441 1377 nunc
2463 1321 2683 1388 sterilis,
2711 1321 2961 1377 subtutus
2989 1322 3042 1376 in
3068 1323 3341 1392 pr05peris
3361 1331 3478 1378 esto
3505 1337 3520 1376 :

2037 1413 2233 1469 Tollite
2259 1414 2420 1469 corda
2454 1413 2658 1469 fraudis
2682 1414 2899 1480 divites,
2931 1425 2985 1468 et
3013 1415 3210 1470 sumite
3241 1415 3404 1484 pacis.

2037 1505 2106 1562 Et
2131 1517 2368 1578 spectate
2406 1505 2604 1561 malum
2639 1515 2900 1561 vestrum.
2933 1503 3291 1562 Benefacitis?
3313 1505 3514 1562 Adsum

2610 1653 3132 1695 XXXl.—JUDICIBUS.

2041 1773 2238 1829 Intuite
2264 1773 2404 1829 dicta
2437 1773 2769 1841 Salomonis,
2798 1774 3010 1845 judices
3037 1789 3250 1830 omnes.

1965 1888 2013 1947 Β
2047 1867 2164 1924 Uno
2182 1867 2350 1922 verbo
2372 1883 2472 1922 suo
2497 1867 2726 1939 qualiter
2754 1882 2851 1922 vos
2877 1867 2966 1923 ille
2987 1867 3275 1923 detractat.

2044 1961 2193 2017 Dona
2222 1976 2380 2031 quam
2415 1971 2470 2016 et
2496 1963 2650 2016 xenia
2678 1969 3032 2030 corrumpunt
3054 1959 3260 2029 judices
3290 1976 3303 2012 :
3335 1959 3460 2015 inde

2044 2053 2172 2108 Inde
2191 2052 2280 2124 jus
2310 2053 2555 2122 sequitur
2581 2070 2594 2106 :
2623 2052 2842 2108 datores
2864 2065 3079 2120 semper
3102 2051 3328 2117 amatis;

2043 2144 2285 2215 Cumque
2309 2146 2414 2200 erit
2437 2160 2620 2212 causa,
2650 2145 2931 2200 victoriam
2963 2143 3103 2198 tollit
3126 2144 3329 2214 iniqua.

2045 2240 2310 2296 lnnocens
2348 2241 2424 2295 sic
2446 2255 2546 2313 ego
2571 2255 2715 2306 sum,
2747 2255 2848 2295 nec
2871 2253 2970 2295 vos
2999 2240 3185 2295 incuso
3213 2238 3460 2310 pusillus,

2045 2332 2446 2402 Blasphemium
2481 2331 2895 2388 tollitSalomon
2920 2333 3044 2402 quia
3075 2340 3278 2401 aperte.

2046 2423 2212 2478 Vobis
2238 2434 2415 2478 autem
2449 2425 2590 2479 Deus
2611 2434 2695 2479 est
2723 2433 2913 2479 venter
2934 2432 2989 2479 et
3019 2423 3237 2493 praemia
3261 2423 3400 2494 jura.

2045 2515 2293 2587 Suggerit
2315 2514 2416 2571 hoc
2441 2516 2634 2571 Paulus
2661 2516 2958 2586 apostolus,
2991 2531 3096 2570 non
3120 2531 3220 2587 ego
3240 2515 3457 2587 duplex.

2476 2665 2643 2707 ΧΧΧΙΙ.
2663 2682 2734 2693 -—
2747 2666 2844 2708 SIBI
2864 2665 3247 2706 PLACENTIBUS.

2047 2790 2101 2846 Si
2135 2790 2282 2845 locus
2311 2799 2400 2844 aut
2428 2799 2638 2860 tempus
2669 2789 2828 2856 lavet,
2859 2801 2949 2844 aut
2978 2805 3202 2860 persona
3236 2790 3485 2860 provexit
3515 2809 3530 2858 ;

2048 2882 2217 2938 Judcx
2245 2895 2360 2937 esto
2388 2899 2560 2938 novus
2591 2901 2602 2936 :
2629 2885 2755 2955 quid
2789 2901 2930 2939 nunc
2957 2886 3238 2940 cxtolleris
3264 2885 3428 2942 inde?

2049 2977 2398 3048 Blasphemas
2439 2978 2706 3044 indocilis,
2741 2981 2806 3034 de
2829 2983 2983 3048 cujus
3007 2980 3316 3048 priestantia
3339 2981 3498 3048 vivis,

2049 3071 2107 3124 lu
2140 3071 2421 3142 fragilitate
2446 3081 2587 3125 tanta
2616 3087 2720 3126 non
2752 3073 2978 3142 reSpicis
3001 3087 3259 3141 unquam.

2052 3164 2155 3220 Per
2177 3165 2374 3235 gradus
2393 3175 2448 3220 et
2472 3166 2617 3220 lucra
2639 3165 2828 3220 avidus
2855 3164 3084 3221 fortuna:
3108 3168 3390 3236 praesumis
3415 3185 3429 3232 ;

2057 3257 2165 3312 Lex
2203 3259 2294 3311 tihi
2330 3275 2434 3312 non
2465 3259 2570 3313 ulla
2599 3270 2700 3324 est,
2724 3269 2892 3314 necte
2927 3261 2976 3314 in
3005 3261 3358 3330 prosperitate
3384 3261 3645 3318 dinoscis.

2057 3353 2202 3402 Auro
2225 3349 2350 3403 licet
2382 3360 2728 3417 censeantur,
2762 3349 3028 3405 baccltent
3054 3351 3227 3406 aulica
3252 3366 3500 3423 semper;

1975 3413 2020 3475 Ο
2053 3444 2388 3500 Cruciarium
2423 3445 2632 3498 Domini
2654 3447 2695 3499 si
2727 3461 2832 3499 non
2862 3445 3119 3509 adorasti,
3152 3447 3356 3516 peristi.

2055 3537 2120 3590 Et
2142 3537 2290 3591 locus
2314 3548 2367 3591 et
2396 3547 2606 3606 tempus
2627 3549 2679 3593 et
2701 3553 2932 3608 persona
2959 3539 3052 3594 tibi
3075 3539 3306 3594 donatur

2048 3628 2219 3694 Nunc,
2250 3629 2296 3684 si
2327 3640 2500 3684 tamen
2519 3628 2698 3684 credis
2728 3647 2739 3681 :
2772 3628 2854 3684 sin
2875 3640 3078 3699 autem,
3111 3646 3207 3702 pro
3225 3647 3290 3687 eo
3322 3632 3555 3690 timebis.

1721 3765 2279 3825 COMMENTARIUS.

349 3903 636 3975 διινοποίῳ,
665 3900 864 3975 acerbo,
894 3896 1154 3975 inacerbo.
1181 3895 1247 3975 Et
1268 3895 1427 3975 alibi:
1473 3895 1804 3975 Θεοχρλὼτος
1829 3891 1943 3975 .dei-

349 3985 515 4040 ratus,
548 3964 642 4027 nis.
665 3971 759 4024 deo
789 3972 971 4023 iratus.
1008 3967 1075 4040 Et
1106 3966 1245 4036 apud
1279 3965 1494 4040 Festum
1507 3984 1540 4040 _:
1576 3964 1732 4018 Dirus
1757 3964 1840 4018 dei
1868 3964 1945 4015 ira

351 4036 523 4100 natus.
554 4043 844 4103 Juveualis,
880 4042 960 4093 dis
986 4039 1074 4092 ille
1095 4040 1241 4091 iratis
1259 4038 1476 4106 genitus.
1507 4036 1622 4091 th.

429 4114 501 4169 Te
525 4115 612 4186 qui
666 4113 917 4167 nesciente
963 4111 1197 4181 protulit.
1243 4108 1372 4179 Leg.
1406 4106 1475 4161 Te
1511 4111 1594 4177 qui
1646 4107 1947 4160 nescientem

357 4187 592 4258 protulit.
627 4186 813 4240 DAVIS.
845 4255 854 4258 _
955 4253 975 4258 _
1261 4249 1281 4258 _
1449 4249 1463 4258 ,
1807 4248 1817 4258 ,

435 4256 499 4312 1η
528 4273 685 4311 aureo
733 4255 905 4309 saeclo.
955 4253 1011 4307 In
1045 4266 1205 4305 aurea
1253 4249 1590 4305 Jerusalem:
1623 4248 1715 4301 illo
1743 4247 1950 4302 scilicet

361 4329 671 4384 millennrio
698 4325 974 4381 inoll‘ensm
1004 4323 1278 4378 felicitatis
1301 4320 1592 4374 curriculo.
1625 4318 1744 4373 th.

436 4397 502 4453 In
526 4397 624 4452 Dei
670 4409 878 4451 secreto.
907 4396 1081 4463 Supra
1114 4394 1248 4447 dixit
1277 4408 1290 4444 :
1321 4390 1412 4446 Sic
1439 4391 1588 4445 habet
1624 4391 1835 4459 abyssus
1864 4405 1955 4442 no—

363 4480 467 4526 ster
493 4469 558 4523 de
582 4471 676 4523 Dei
706 4477 917 4522 secreto.
955 4467 1072 4521 RIG.

436 4540 602 4608 Lugia
629 4549 744 4595 sunt
770 4554 983 4604 semper.
1017 4536 1201 4590 Fletus
1223 4547 1276 4608 et
1301 4533 1502 4589 stridor
1528 4531 1799 4608 dentium.
1829 4529 1949 4608 llic.

438 4600 671 4684 Pauper,
728 4600 939 4684 εὐρήέᾳ,
994 4609 1200 4684 clamat.
1238 4604 1644 4684 ln_apographo
1682 4622 1693 4654 :
1740 4600 1875 4684 Vixit
1911 4610 1956 4653 et

368 4673 587 4737 extinxit
618 4673 812 4750 pauper
841 4680 1004 4733 Ebrea
1050 4679 1263 4732 clamor.
1294 4673 1614 4750 Etnendztlio
1643 4673 1900 4750 pt‘fclura

380 4752 538 4812 Vixit.
566 4741 846 4806 et'extinxi.
873 4750 1080 4820 Pauper
1109 4751 1301 4820 εὑρήκοι
1345 4746 1555 4820 clamat.
1591 4741 1679 4820 Agit
1705 4741 1956 4820 Commo-

367 4805 740 4879 dia‘uu‘siv’etsu
773 4805 1129 4896 prmcetlettti:
1164 4805 1273 4874 Heu
1299 4819 1468 4896 miseri
1492 4817 1728 4896 {fugiunt
1747 4814 1956 4896 iongt'us

370 4896 649 4949 mediocres
671 4912 702 4946 a
723 4886 861 4948 vobis
888 4911 899 4946 :
930 4891 1205 4953 divitibus,
1237 4890 1462 4944 scilicet.
1499 4887 1698 4942 Deinde
1726 4886 1948 4939 divitem

373 4966 580 5022 inducit
609 4966 990 5039 oltloqttetitetn
1021 4963 1072 5017 in
1107 4963 1293 5039 funere
1339 4961 1610 5039 pauperis,
1643 4955 1956 5039 quasi'dum

373 5039 576 5091 viveret
625 5028 933 5103 importuni,
961 5049 1023 5088 ac
1075 5033 1296 5108 nimium
1342 5030 1586 5108 instantis
1615 5045 1628 5082 :
1655 5028 1808 5108 abegi
1841 5037 1958 5108 tan-

371 5108 494 5162 dem
547 5097 793 5178 magn'am
821 5097 964 5178 ante
1015 5105 1319 5178 molestiam
1353 5117 1366 5152 :
1398 5099 1541 5178 Vixit
1595 5100 1809 5178 putidus
1855 5097 1958 5178 ille

373 5171 873 5234 Lazarustxtinxi
919 5177 1197 5230 miserum.
1227 5174 1362 5228 Tum
1393 5172 1460 5225 de
1505 5171 1753 5240 pauperis
1782 5171 1959 5222 anima

372 5266 601 5318 corpore
628 5257 808 5306 exuta.
841 5257 894 5302 et
933 5248 1040 5316 jam
1077 5248 1126 5300 in
1157 5247 1357 5318 coelum
1400 5239 1692 5318 assumpta.
1727 5239 1956 5318 Pauper,

374 5311 543 5390 inquit
598 5311 1039 5379 Commodianus.
1068 5340 1264 5390 ευρηκα
1310 5315 1528 5390 clamat;
1554 5311 1693 5390 ({uud
1707 5323 1800 5390 est
1831 5311 1962 5390 :_l_u-

374 5379 496 5447 veni
526 5391 667 5473 quod
696 5401 1032 5472 optaverant,
1059 5379 1200 5473 αυξιά
1235 5389 1490 5473 petieram
1514 5401 1542 5437 a
1569 5379 1792 5466 Domino
1818 5399 1837 5473 ε.
1861 5381 1962 5463 Te-

376 5479 483 5517 neo
515 5455 651 5516 viam
679 5455 782 5532 qua
816 5463 919 5515 itur
960 5455 1260 5532 inuetelum’.
1290 5459 1378 5512 Sic
1400 5465 1577 5510 autem
1607 5457 1657 5508 in
1683 5457 1802 5532 ipsa
1827 5455 1965 5522 lapi.

376 5533 596 5590 datione
625 5526 929 5600 Stephanus
955 5550 966 5585 :
1010 5529 1169 5584 Video
1194 5531 1348 5584 cmlos
1375 5537 1599 5600 apertos,
1630 5538 1735 5580 etc.
1768 5526 1886 5600 Btc.

451 5603 627 5658 Furiis
667 5598 965 5674 Charybdis.
1009 5602 1229 5672 Angelis
1275 5612 1478 5674 Solatia:
1509 5599 1558 5651 in
1591 5598 1780 5674 inferni
1807 5611 1966 5674 vora-

377 5677 522 5746 gine,
549 5677 636 5730 tthi
671 5690 776 5729 noo
804 5668 888 5729 cst
915 5668 1236 5736 substantia,
1262 5671 1356 5728 sed
1389 5669 1713 5728 ittettalabile
1741 5668 1964 5740 profun-

382 5750 532 5805 dum.
562 5747 682 5804 th.

460 5819 714 5889 Operasto'.
767 5818 880 5874 Hoc
918 5826 1031 5890 est.
1058 5825 1315 5890 operatus
1358 5825 1461 5890 est.
1505 5823 1768 5890 Δχαίκῶς,
1800 5813 1884 5868 vel
1915 5811 1961 5867 si

386 5887 553 5947 mavis
581 5891 828 5947 barbare.
873 5889 1046 5946 Simili
1091 5889 1305 5946 licentia
1354 5887 1490 5944 dixit
1540 5887 1698 5944 iustr.
1731 5901 1879 5953 xxxi,
1909 5900 1958 5940 v.

2050 3888 2155 3943 466
2185 3906 2198 3942 :
2233 3887 2426 3942 lntuite
2473 3889 2608 3941 dicta
2663 3887 2978 3942 Salomonis.
3031 3888 3228 3943 lterum
3271 3889 3426 3944 instr.
3457 3905 3648 3952 xxxtx,

2052 3976 2103 4012 v.
2130 3959 2227 4013 .i8l
2261 3959 2535 4012 :Bacchent
2555 3959 2721 4012 aulica
2749 3977 2964 4026 semper.
2997 3961 3180 4014 DAVIS.

2129 4031 2351 4085 Observa
2380 4046 2514 4084 nunc
2535 4031 2744 4084 sterilis.
2791 4033 2864 4086 De
2913 4031 3190 4086 slerilibus
3217 4031 3527 4088 Christianis
3564 4032 3650 4087 di-

2055 4115 2208 4157 cetur
2236 4102 2396 4156 In~tr.
2429 4118 2513 4156 Lv.
2547 4101 2663 4156 th.

2125 4173 2473 4244 Benefacitis?
2530 4173 2736 4225 Adsum.
2779 4171 2890 4225 Hoc
2932 4189 2998 4227 ex
3033 4188 3263 4238 persona
3297 4174 3387 4227 Dei
3438 4175 3654 4230 miseri.

2053 4243 2292 4299 cordiam
2314 4243 2609 4308 offerentis,
2636 4255 2685 4297 et
2709 4244 3042 4312 resipiscenti
3065 4245 3291 4314 gratiam
3318 4254 3480 4312 atque
3499 4246 3655 4300 auxi-

2058 4316 2186 4369 lium
2219 4315 2694 4382 pra-sentissimum
2727 4316 3080 4383 suggerentis,
3114 4315 3371 4384 seipsum
3399 4316 3653 4372 videlicet

2057 4386 2382 4441 omnimodae
2406 4385 2718 4440 felilicitatis
2741 4395 3038 4439 auctorem.
3071 4387 3188 4441 Βία.

1978 4431 2032 4490 D
2138 4457 2283 4510 Dona
2313 4473 2463 4523 quant
2507 4467 2552 4510 et
2596 4458 2748 4510 :renia
2779 4467 3110 4525 corrumpunt
3136 4457 3351 4524 iudices.
3379 4457 3648 4524 Respicit.

2060 4531 2135 4583 uti
2165 4528 2378 4595 quidem
2404 4529 2589 4593 credo,
2621 4528 2687 4579 ad
2721 4526 2915 4588 Eccle.
2951 4543 3028 4589 ιιι,
3056 4528 3143 4583 16.
3197 4528 3250 4582 In
3281 4545 3438 4595 quem
3475 4529 3651 4583 locum

2059 4602 2137 4654 sic
2178 4599 2559 4668 Hieronymus.
2588 4608 2627 4652 t.
2661 4615 2713 4660 v,
2751 4614 2801 4667 p.
2853 4599 2938 4660 tl),
2968 4599 3095 4653 edit.
3147 4599 3392 4654 Victor.:
3432 4619 3450 4650 ι
3487 4599 3655 4654 Muni-

2063 4671 2228 4724 festus
2257 4685 2448 4724 senSuS
2478 4682 2581 4734 est,
2609 4669 2703 4724 scd
2748 4670 2931 4722 nnhilo
2963 4670 3420 4737 interpretatioois
3449 4671 3647 4725 obvol-

2061 4743 2220 4795 vitur.
2252 4741 2364 4793 Sub
2417 4741 2551 4804 sole,
2583 4741 2774 4810 inquit,
2820 4740 2921 4793 isto
2969 4741 3248 4794 veritatem
3295 4753 3348 4794 et
3387 4742 3652 4810 judicium

2060 4811 2326 4878 exquisivi
2354 4822 2443 4864 :et
2465 4812 2568 4865 vidi
2598 4814 2756 4865 etiam
2785 4811 3181 4879 interjudicum
3206 4815 3317 4878 ipsa
3350 4812 3632 4877 subsellia,

2062 4898 2169 4937 non
2204 4883 2483 4936 veritatem
2508 4883 2710 4947 valere,
2740 4883 2832 4937 sed
2864 4882 3284 4938 muneraaVide
3310 4885 3441 4953 psal.
3463 4899 3654 4950 Lxxx't,

2059 4954 2114 5008 2.
2153 4955 2335 5008 Davrs.

2145 5023 2422 5078 Victoriam
2446 5025 2578 5078 tollit
2602 5025 2801 5091 iniqua'.
2830 5024 2885 5079 in
2916 5025 3225 5096 apographo
3257 5026 3468 5096 legitur,
3499 5026 3656 5080 victo-

2062 5098 2140 5150 ria
2163 5097 2295 5150 toltit
2317 5098 2564 5165 iniquam.
2598 5096 2711 5150 llic.

2135 5167 2517 5236 Blasphemium
2560 5167 2693 5220 tollit
2747 5168 3016 5222 Salomon.
3049 5168 3138 5223 Sic
3165 5169 3216 5222 in
3245 5169 3553 5240 apographo
3579 5170 3656 5225 le-

2063 5241 2222 5310 gitur.
2246 5250 2301 5292 ut
2332 5239 2864 5310 supra,ignominiunt
2883 5251 2926 5292 ct
2955 5241 3243 5306 infantium,
3263 5239 3414 5295 instr.
3437 5256 3546 5294 xu.
3574 5239 3653 5295 11).

2140 5310 2277 5363 Deus
2327 5321 2398 5364 est
2453 5323 2639 5363 t'ettter.
2690 5309 2745 5364 In
2797 5312 2976 5365 animo
2997 5311 3196 5364 .habuit
3241 5311 3657 5367 Commudianus

2068 5381 2329 5449 Philipp.,
2358 5397 2434 5444 ιιι,
2471 5381 2556 5436 19.
2594 5382 2773 5436 Davus.

2140 5451 2314 5507 Judex
2370 5465 2471 5506 esto
2512 5469 2692 5508 novus.
2725 5453 2932 5508 Novum
2976 5452 3348 5522 magistratum
3407 5453 3656 5523 adeptus.

2143 5523 2219 5576 De
2246 5525 2393 5593 cujus
2419 5525 2735 5591 pavitantia.
2760 5524 2871 5589 Dei,
2905 5526 2992 5594 qui
3022 5534 3165 5578 tanta
3192 5526 3286 5580 tibi
3312 5535 3417 5580 tam
3451 5526 3656 5582 liberali

2069 5612 2230 5652 manu
2264 5606 2499 5664 pra‘slztl.
2526 5595 2641 5651 th.

2142 5668 2460 5723 Cruciarium
2485 5665 2710 5722 Domini.
2733 5667 2821 5738 Sic
2849 5667 3041 5735 legitur
3065 5668 3114 5720 in
3145 5667 3453 5738 apographo
3481 5687 3494 5723 :
3529 5669 3660 5724 Cru-

2071 5743 2257 5794 ciatum
2292 5739 2513 5802 Dontini,
2539 5754 2737 5792 crucem
2780 5736 2988 5796 Christi.
3021 5736 3278 5793 Christum
3331 5736 3652 5807 cruciﬁxum.

2067 5815 2160 5872 Τὸν
2181 5816 2345 5888 μέγανΔ
2366 5815 2555 5888 insitivo!
2574 5814 2657 5866 τὸν
2677 5815 2806 5888 itu-sf;
2824 5814 3658 5888 walatcrivp‘évanoloma'es’vya.

2072 5881 2487 5947 Pro'ct‘uciario,
2517 5881 2690 5939 Graeci
2718 5881 2902 5940 diiere
2931 5881 3239 5953 Martyrium
3273 5901 3410 5956 :quo
3437 5885 3658 5941 nomine
