3950 6336
214 321 308 379 229
417 323 492 394 (v.
522 320 678 394 560.)

453 451 862 501 XXXVIl.-—QU[
899 449 1232 493 JUDAEIDIANT
1263 449 1531 492 FANATICI.

217 575 382 643 Quid?
410 574 623 630 medius
649 573 898 641 Jndwus,
920 573 1128 629 medius
1161 574 1240 629 vis
1266 588 1384 629 esse
1410 572 1670 643 profanus
1694 569 1718 623 ?

220 667 362 724 Unde
395 682 502 722 non
541 666 770 737 effugies
809 667 1068 736 judicium
1093 665 1293 722 Christi
1323 664 1635 721 defunctus.

223 760 332 830 Ipse
361 774 544 814 caecus
562 774 708 823 eras,
741 766 797 813 et
822 758 890 812 ad
925 773 1098 814 caecos
1123 759 1314 826 intras,
1344 759 1560 828 inepte:

220 851 413 906 Idcirco
439 865 646 904 caecum
684 863 864 904 caicus
891 850 944 903 in
977 849 1176 904 fossam
1201 850 1451 917 deducit;

223 941 375 997 Vadis
403 943 496 997 ubi
528 944 732 1006 nescis,
763 953 819 998 et
843 944 1043 999 inscius
1069 943 1193 1000 inde
1218 945 1460 1009 recedis;

222 1035 496 1088 Discentes
517 1033 587 1088 ad
615 1033 809 1112 doctos
837 1044 963 1090 eant
1010 1035 1261 1106 doctique
1291 1034 1569 1091 recedant.

225 1129 284 1181 At
317 1136 369 1179 tu
401 1127 469 1180 ad
504 1140 602 1180 eos
634 1125 808 1193 vadis,
840 1126 982 1183 unde
1006 1128 1139 1182 nihil
1162 1128 1375 1184 discere
1410 1126 1608 1198 possis.

226 1220 341 1274 Exis
373 1234 472 1287 pro
502 1218 733 1285 foribus,
759 1220 886 1277 inde
912 1229 968 1276 et
1008 1221 1075 1276 ad
1109 1222 1250 1276 idola
1272 1222 1423 1278 vadis

226 1317 492 1389 Interroga
521 1319 753 1388 primum
773 1317 903 1389 quid
929 1319 1000 1372 sit
1017 1319 1068 1372 in
1099 1319 1217 1390 lege
1244 1329 1608 1390 praeceptum;

230 1413 409 1469 Dicant
435 1412 514 1468 illi
538 1414 657 1479 tibi,
690 1413 734 1468 si
772 1419 981 1484 iussum
1017 1423 1098 1469 est
1125 1413 1258 1468 deos
1293 1413 1540 1469 adorare.

230 1504 542 1574 Ignorantur
575 1505 720 1559 enim
757 1516 978 1576 propter
1005 1505 1146 1576 quod
1167 1505 1400 1560 maxime
1437 1512 1688 1575 possunt.

232 1599 292 1650 At
312 1596 385 1650 illi
403 1599 664 1665 quoniam
690 1597 768 1652 rei
795 1607 941 1662 sunt,
967 1614 1032 1653 ex
1057 1600 1174 1667 ipso
1196 1598 1396 1654 delicto

232 1686 362 1741 Nihil
386 1687 454 1742 de
479 1690 768 1757 przeceptis
799 1690 895 1744 Dei
925 1690 1027 1744 nisi
1058 1690 1306 1744 mirabile
1339 1700 1566 1745 narrant
1600 1707 1612 1743 :

1421 317 1797 376 ADVERSUS
1834 317 2147 378 GENTIUM
2191 319 2385 377 DEOS.

1855 437 1906 496 Α
1940 433 2080 487 Dixit
2110 434 2298 488 Esaias
2330 434 2632 488 incrassato
2659 433 2822 490 corde
2853 448 2948 488 vos
2981 447 3123 490 esse.

3065 321 3136 395 (ν.
3171 320 3324 392 584.)
3431 319 3538 377 250

1935 526 2192 595 Aspicitis
2217 526 2413 596 legem,
2447 541 2608 595 qnam
2631 527 2806 581 Moses
2830 525 2991 580 allisit
3024 526 3212 581 iratus.

1937 618 2000 673 Et
2030 619 2171 673 idem
2201 607 2464 674 Dominus
2486 619 2638 675 dedit
2666 619 2742 674 illi
2775 621 2943 690 legem
2964 620 3256 676 secundam
3287 636 3301 675 :

1929 700 1989 764 In
2032 711 2119 765 illa
2147 727 2297 782 spem
2327 712 2528 782 posuit,
2556 712 2699 782 quod
2729 726 2826 766 vos
2853 712 3134 767 subsanati
3164 692 3390 768 reicitis.

1934 800 2038 857 Sed
2068 801 2187 859 ideo
2207 801 2352 874 digni
2381 819 2486 858 non
2517 805 2668 859 eritis
2700 818 2868 874 regno
2889 804 3118 860 caelesti.

2403 933 2597 974 XXXIX.
2620 949 2692 959 --
2713 935 2839 974 πει
2863 933 3078 974 δοθειε.

1935 1035 2144 1106 Inspice
2171 1034 2322 1090 Liam
2341 1077 2355 1102 ,
2392 1045 2578 1106 typum
2604 1034 2903 1107 SynagOgaa
2937 1035 3137 1100 fuisse;

1938 1128 2072 1183 Tam
2110 1128 2336 1182 inﬁrmis
2366 1128 2569 1194 oculis,
2615 1144 2774 1198 quam
2803 1126 2972 1182 .I—acob
3003 1127 3055 1181 in
3088 1127 3243 1197 signo
3265 1127 3504 1199 recepit:

1937 1221 2001 1276 Et
2034 1231 2211 1276 tamen
2243 1221 2466 1276 servivit
2494 1236 2711 1277 rursum
2747 1236 2845 1291 pro
2874 1221 3085 1276 minore
3114 1219 3337 1276 dilecta.

1939 1313 2257 1385 Mysterium
2293 1329 2482 1368 verum
2514 1325 2569 1368 et
2600 1323 2784 1386 typum
2821 1313 3078 1368 Ecclesiae
3110 1323 3331 1370 nostra).

1939 1404 2140 1461 Intuite
2172 1405 2331 1474 plene
2354 1404 2556 1460 dictum
2590 1405 2851 1462 Rebecca:
2879 1406 2948 1460 de
2977 1406 3120 1461 caelo
3148 1423 3160 1460 :

1940 1498 2097 1555 Unde
2121 1500 2423 1555 similantes
2455 1501 2668 1566 aliente,
2697 1499 2912 1556 Christo
2933 1500 3189 1556 credatis.

1943 1591 2146 1646 Deinde
2174 1591 2412 1646 Thamar
2435 1601 2646 1662 partum
2678 1593 3015 1662 geminorum
3038 1592 3183 1649 adite
3210 1610 3223 1647 :

1945 1686 2027 1742 Ad
2055 1686 2186 1740 Cain
2209 1685 2490 1751 intendite,
2526 1688 2758 1756 primum
2785 1694 2944 1740 terra:
2973 1685 3264 1753 cultorem,

235 1778 373 1834 Tunc
422 1755 604 1834 tamen
639 1755 692 1835 in
740 1780 939 1837 fossam
969 1796 1150 1837 secum
1199 1799 1296 1839 vos
1335 1784 1465 1839 caeci
1503 1782 1801 1838 deducunt.
1869 1755 1918 1815 Β
1949 1780 2012 1834 Et
2046 1779 2180 1834 Abel
2211 1787 2507 1848 pastorem,
2532 1755 2630 1850 qui
2654 1777 2754 1834 fuit
2783 1778 3159 1834 immaculatns

237 1870 436 1928 Funera
464 1883 613 1939 sunt,
645 1874 870 1928 nimium
909 1874 978 1930 de
999 1874 1110 1929 illis
1133 1885 1258 1931 nota
1286 1879 1513 1946 referre.

236 1969 330 2021 Aut
353 1969 476 2037 quia
497 1968 780 2022 concludit
803 1983 989 2036 agrum
1014 1979 1304 2040 congestus
1327 1971 1511 2025 aratri.

235 2059 411 2116 Noluit
437 2063 788 2141 omnipotens
816 2063 936 2118 illos
973 2064 1272 2134 intelligere
1307 2081 1492 2138 regem
1516 2081 1531 2130 ;

238 2157 275 2209 A
305 2157 511 2210 scelere
534 2165 687 2210 tanto
724 2155 920 2227 refugit
947 2158 1060 2226 ipse
1097 2168 1374 2215 cruentus.

240 2247 469 2303 Tradidit
498 2264 624 2304 sese
662 2249 820 2304 nobis
855 2249 1199 2320 superaddita
1231 2252 1368 2323 lege,

239 2339 355 2395 Inde
378 2339 541 2396 modo
581 2341 797 2396 latitant
824 2341 1104 2397 nobiscum
1135 2359 1263 2414 rege
1289 2343 1512 2400 deserti.

239 2431 494 2490 Ceterum
520 2438 574 2490 in
599 2435 708 2489 illis
730 2436 774 2490 si
806 2450 956 2504 spem
975 2451 1097 2491 esse
1128 2437 1348 2506 putatis,

245 2527 293 2582 In
317 2539 482 2586 totum
515 2528 736 2592 erratis,
764 2528 809 2581 si
843 2527 1009 2582 Deum
1041 2537 1095 2582 et
1124 2529 1243 2583 fana
1286 2528 1495 2584 colatis.

694 2659 918 2697 XXXVIII.
937 2674 1007 2682 —
1035 2659 1250 2699 JUDEIS.

246 2754 468 2826 lmprobi
503 2770 748 2824 semper,
782 2765 838 2810 et
867 2754 1001 2810 dura
1031 2757 1244 2812 cervice
1291 2757 1549 2826 recalces,

247 2849 390 2906 Vinci
420 2866 522 2906 vos
555 2866 665 2906 non
699 2849 896 2917 vultis,
926 2851 1004 2904 sic
1035 2851 1284 2906 haeredcs
1308 2852 1479 2906 eritis.

1948 1877 2004 1931 In
2029 1874 2213 1930 fratris
2238 1875 2403 1930 exitio
2433 1874 2658 1930 olI‘ertor
2685 1884 2952 1930 mactatus
2980 1888 3007 1926 a
3038 1871 3227 1927 fratre.

1952 1968 2042 2025 Sic
2072 1983 2200 2039 ergo
2233 1967 2516 2038 percipite,
2543 1966 2789 2036 juniores
2817 1965 3035 2020 Christo
3063 1963 3339 2033 probatos.

2456 2098 2541 2136 XL.
2569 2110 2643 2121 --
2668 2096 2871 2136 I'I'ERUII
2904 2093 3050 2136 IPSIS.

1953 2197 2268 2255 Incredulus
2299 2196 2548 2268 populus,
2579 2211 2685 2250 non
2720 2204 2803 2250 est
2831 2195 2935 2250 nisi
2960 2201 3160 2257 vester,
3196 2190 3388 2262 iniqui,

1955 2292 2057 2348 Tot
2084 2292 2218 2346 locis
2241 2300 2295 2346 et
2323 2291 2522 2345 totiens
2547 2287 2872 2358 reprobatus
2895 2288 3015 2356 lege
3036 2286 3392 2350 clamantum,

1954 2387 2024 2442 Et
2044 2385 2266 2441 sabbata
2297 2391 2475 2440 vestra
2506 2380 2716 2452 spernit
2739 2388 2792 2436 et
2821 2380 3128 2436 tricesimas
3155 2378 3314 2434 Altus

1955 2480 2186 2552 Respuit
2211 2479 2434 2534 omnino
2462 2476 2745 2530 universas
2776 2484 2989 2528 vestras
3019 2472 3087 2527 de
3118 2473 3260 2542 lege,

1955 2572 2024 2630 Ut
2050 2553 2117 2628 ne
2140 2569 2411 2627 sacriﬁcia
2441 2569 2693 2623 faceretis
2727 2566 2806 2620 illi
2839 2575 3145 2636 praecepta;

1958 2666 2170 2722 Mittere
2222 2666 2312 2735 qui
2335 2663 2470 2718 dixit
2501 2660 2737 2731 lapidem
2765 2661 2816 2714 in
2843 2657 3101 2714 seandalo
3127 2667 3330 2713 vestro.

1959 2758 2147 2830 Iniqua
2181 2757 2341 2826 siqui
2377 2771 2482 2809 non
2506 2752 2839 2809 crediderint
2868 2761 3044 2806 nwrte
3066 2750 3272 2820 perisse
3297 2764 3312 2812 ;

1959 2851 2170 2920 Perque
2199 2849 2329 2903 alias
2358 2847 2506 2918 leges
2533 2846 2731 2904 salvari
2759 2845 2987 2901 dilectos
3015 2861 3028 2897 :
3052 2842 3179 2899 inde

1622 2964 2198 3022 COMMENTARIUS.

247 3060 531 3132 Excerptis
571 3061 949 3130 scaligerianis
980 3075 1044 3115 ex
1087 3061 1293 3114 Euochi
1327 3060 1465 3116 libro
1499 3078 1547 3123 ι,
1592 3069 1645 3115 et
1672 3060 1852 3115 Colle-

246 3135 440 3187 ctaneis
472 3134 806 3200 petavinnis,
843 3132 1116 3185 volumine
1148 3133 1214 3185 de
1246 3133 1491 3200 Angelis.
1529 3132 1645 3188 Βιῦ.

309 3219 393 3267 om
420 3221 591 3259 JUD£I
624 3219 783 3257 utitur
811 3216 1080 3257 unum.
1122 3203 1429 3258 Judaizant.
1461 3205 1514 3258 In
1544 3205 1856 3273 antiquissi-

248 3278 341 3330 mis
363 3277 627 3345 Cypriani
657 3275 935 3328 codicibns
961 3275 1159 3328 Cmicil.
1189 3273 1442 3336 Carthag.
1480 3275 1856 3342 Exorcidiure,

247 3362 335 3414 pro
365 3347 722 3401 Exorciznre.
761 3345 851 3400 Sic
880 3356 934 3400 et
966 3347 1120 3400 instr.
1157 3361 1305 3399 xxxv
1325 3387 1340 3412 ,
1370 3345 1666 3400 Zubulicani
1698 3348 1859 3416 legem

247 3433 336 3487 pro
365 3419 671 3481 Diabolica,
697 3427 753 3470 et
784 3416 982 3486 passim
1013 3434 1227 3470 ZGCONBS
1252 3459 1263 3479 ,
1302 3435 1397 3485 pro
1431 3419 1691 3471 diacones.
1736 3419 1854 3475 lito.

310 3489 429 3558 Ipse
453 3506 630 3543 ca’cus
656 3506 794 3544 eras.
827 3489 1023 3542 Procul
1054 3490 1217 3542 dubio
1252 3490 1537 3559 legendum
1569 3508 1581 3544 :
1609 3489 1634 3541 Ι
1644 3507 1732 3559 pse
1761 3507 1860 3544 ca:-

245 3576 325 3614 cus
354 3578 521 3615 erras.
558 3563 747 3614 [ιΑνιε.

310 3629 930 3706 Funerasnnt._Alludit
966 3629 1029 3706 ad
1068 3631 1340 3699 vulgatum
1374 3630 1629 3706 illpd,_A_i;
1651 3633 1858 3706 xpendi}

246 3704 446 3765 anno;
483 3723 494 3756 :
531 3702 772 3756 (Irambe
804 3702 1038 3769 reposita
1081 3719 1226 3753 mors
1255 3710 1336 3756 est
1368 3720 1382 3754 :
1417 3701 1621 3756 Occidit
1650 3701 1861 3761 miseros

245 3773 449 3828 Cmmbe
481 3776 707 3840 repetita
741 3775 1035 3841 magistros.
1079 3772 1202 3827 th.

311 3849 406 3898 Aut
436 3847 564 3916 quia
595 3841 860 3898 concludit
883 3861 1063 3916 agrum
1092 3854 1362 3916 congestus
1388 3846 1569 3899 aratri.
1607 3846 1857 3902 Acrosti-

245 3915 425 3970 chidos
450 3914 660 3970 inmlns
691 3933 796 3969 non
831 3916 976 3985 cupit
1011 3915 1182 3985 plura.
1214 3914 1336 3970 Ric.

307 3991 348 4040 Α
389 3990 588 4041 scelere
631 3998 801 4060 tanta.
845 3984 1033 4040 Scelus
1087 3987 1340 4055 intelligit
1382 3986 1725 4060 .Indmorum,
1771 3990 1862 4060 qui

245 4075 416 4130 regem
444 4073 612 4113 suum
650 4058 938 4111 Dominum
973 4067 1218 4130 nostrum
1249 4059 1588 4130 cruciﬁxere.
1613 4061 1732 4116 llic.

309 4127 523 4200 Refugit
568 4132 684 4192 ipse
718 4127 1072 4200 cruenlusaln
1117 4133 1227 4198 ipsi:
1261 4144 1422 4184 cruce
1450 4127 1701 4198 Christus
1730 4147 1862 4185 con—

245 4199 522 4256 summatis
545 4201 811 4255 omnibns
839 4215 959 4268 qua:
988 4199 1149 4253 Pater
1175 4200 1556 4265 mandaverat,
1593 4203 1861 4257 abdicavit

247 4274 496 4341 pupulum
527 4281 833 4342 ingratum,
864 4273 1240 4342 convertitque
1263 4285 1383 4323 Sese
1405 4273 1469 4324 ad
1499 4275 1743 4328 nationes
1768 4290 1859 4328 cx-

247 4355 401 4396 tcras.
427 4341 722 4397 Cruentu'm
759 4342 847 4395 hic
879 4341 1027 4403 dicit,
1062 4345 1411 4413 quemsnprzt
1435 4344 1625 4397 dirum.
1660 4345 1857 4401 Illo.—

247 4415 386 4470 Absit
422 4425 478 4469 nt
519 4413 952 4480 benignissimus
1002 4412 1219 4466 humani
1259 4412 1473 4482 generis
1504 4414 1856 4484 Redemptor,

2043 3060 2212 3128 Quam
2239 3057 2404 3112 Iacob
2435 3059 2487 3111 in
2517 3057 2662 3124 siquo
2688 3057 2896 3125 recepit.
2929 3056 3277 3126 Suppositam
3305 3054 3442 3122 sibi,
3477 3069 3576 3125 pro

1964 3132 2204 3186 Rachelc
2227 3146 2387 3198 quam
2413 3129 2690 3198 diligebat.

2035 3202 2101 3256 In
2129 3203 2296 3271 signa.
2330 3201 2582 3271 Mysterio
2609 3209 2664 3253 et
2692 3199 2881 3268 ﬁgura,
2911 3200 3111 3255 veteris
3141 3199 3497 3254 Testamenti.

2040 3274 2147 3328 Pro
2171 3274 2366 3326 minore
2403 3271 2610 3324 dilecta.
2660 3273 2713 3324 In
2744 3271 3056 3341 apographo
3079 3313 3093 3335 ,
3137 3288 3230 3341 pro
3264 3274 3459 3325 minore
3491 3271 3581 3324 de-

1965 3347 2107 3400 licto.
2133 3344 2388 3398 Illendose
2417 3341 2719 3414 Cyprianus
2752 3361 2764 3396 :
2802 3343 3057 3400 Minorem
3081 3347 3390 3412 speciosam,
3417 3343 3472 3396 in
3494 3353 3578 3413 ly-

1965 3434 2084 3488 pum
2122 3415 2384 3469 Ecclesia}.
2427 3415 2657 3470 lltcAL't‘.

2041 3488 2239 3542 lntuite
2270 3488 2416 3553 plene
2443 3489 2635 3539 dictum
2662 3486 2900 3540 Rebecca
2927 3486 2988 3539 de
3013 3487 3160 3542 calo.
3192 3485 3437 3555 Respicit
3484 3502 3583 3540 au-

1964 3559 2397 3634 elor__(.‘eit._xxv.
2449 3558 2539 3614 23.
2590 3561 2679 3612 Καὶ
2726 3555 2852 3634 εἴτι-ελ
2882 3560 3066 3634 Κύριος
3113 3560 3250 3634 esse
3278 3555 3582 3634 (Ῥιϐἐκκῃ).

1964 3635 2061 3685 Δύο
2089 3630 2201 3688 ἔθνη
2235 3631 2282 3682 ἐν
2312 3638 2374 3704 τῇ
2421 3634 2609 3704 γαστρὶ
2665 3651 2760 3683 σου
2811 3629 3069 3704 εἰσί·’ξταᾷ
3109 3629 3350 3704 duodeni
3393 3631 3445 3684 ἐκ

1963 3704 2152 3777 mdia;
2200 3723 2296 3777 aeu
2333 3691 2801 3777 -διέσταῖιάσοντᾳις
2863 3704 2950 3755 καὶ
2989 3701 3105 3777 ius;
3151 3703 3270 3757 λαοῦ
3304 3702 3540 3777 ὑπερέξει
3566 3741 3582 3765 ,

1965 3777 2045 3828 καὶ
2073 3773 2098 3829 ὁ
2127 3775 2310 3843 μείζων
2328 3771 2594 3829 δουλεύσει
2622 3781 2696 3843 τῷ
2725 3775 2983 3828 ἐλάσσονι.
3015 3776 3257 3828 Adeatur
3273 3781 3329 3828 et
3352 3771 3418 3826 ῡζ
3446 3773 3586 3827 νεω-

1966 3845 2052 3898 Ius
2078 3845 2145 3899 ad
2179 3845 2362 3908 Itom.,
2395 3860 2466 3907 ix,
2503 3845 2588 3908 12,
2622 3846 2712 3900 15.
2749 3845 2932 3898 Davus.

2040 3915 2343 3969 Similnntes
2384 3916 2589 3970 alieme.
2635 3915 2825 3986 Virgil.
2871 3942 2945 3953 —
2985 3912 3232 3969 Formam
3285 3914 3587 3970 adsimilata

1968 3986 2213 4041 Camerti.
2251 3986 2474 4042 IlicALT.

2038 4057 2173 4128 Lege
2220 4058 2551 4110 clamantum.
2612 4057 2843 4125 Scriptis
2886 4056 3307 4128 PrOphetarum.
3363 4056 3454 4111 Sic
3500 4057 3589 4112 In-

1967 4137 2159 4183 struet.
2193 4144 2298 4181 Lvt.
2331 4129 2391 4183 Si
2415 4130 2673 4199 propheta
2701 4137 2900 4181 tantum
2930 4127 3264 4185 ucclamasset
3292 4129 3346 4181 in
3374 4129 3584 4184 nubent.

2039 4199 2204 4253 Altus.
2233 4199 2332 4266 Qui
2361 4210 2413 4254 ct
2443 4200 2768 4254 Altissimus.
2801 4200 3028 4255 RIGAL’I’.

2039 4269 2106 4323 Et
2138 4269 2346 4342 sabbata
2369 4282 2532 4342 vestra
2556 4271 2749 4340 spernit
2773 4283 2818 4325 et
2847 4272 3129 4327 tricesimas
3154 4272 3317 4328 Altus.
3346 4271 3589 4342 Digitum

1965 4342 2201 4397 intendit
2227 4339 2648 4396 Commndianus
2676 4343 2741 4395 ad
2775 4345 2946 4396 Esaize
2975 4385 2988 4407 ,
3034 4344 3071 4397 I.
3104 4344 3194 4409 15,
3224 4344 3313 4398 14.
3349 4339 3439 4406 Μ
3463 4341 3594 4410 olfe-

1966 4416 2094 4468 rntis
2125 4415 2261 4477 ultra
2288 4414 2597 4481 sacri/icium
2626 4414 2818 4482 frustra
2843 4431 2861 4468 :
2888 4416 3149 4470 incensum
3176 4415 3494 4469 abominatio
3517 4423 3592 4467 est

249 4500 480 4541 cruentus
515 4487 861 4539 IlOlllIllt‘lUl‘.
909 4485 1034 4552 Leg.
1083 4485 1124 4536 Α
1156 4486 1511 4557 δεειενείιαηιο
1539 4483 1729 4557 refugit
1757 4483 1866 4556 ipse
1892 4487 1944 4544 D
1970 4486 2114 4539 milii.
2168 4483 2508 4539 Nconwniam
2537 4496 2584 4538 ct
2613 4487 2879 4540 sabbatum
2909 4497 2968 4557 et,
2986 4487 3290 4556 festivitates
3323 4487 3455 4541 alius
3490 4503 3594 4541 non

247 4570 479 4612 cruentos
518 4577 529 4610 :
569 4573 672 4612 seu
708 4564 828 4626 post
874 4565 1078 4610 tantum
1120 4557 1297 4609 scelus
1335 4556 1548 4611 Judwos
1581 4556 1712 4613 istbs
1739 4575 1864 4612 san-

246 4631 587 4702 guinolentos
633 4639 918 4682 aversatus
956 4636 1038 4682 est
1062 4626 1294 4698 (eodem
1322 4643 1482 4682 sensu
1510 4670 1526 4695 ,
1567 4646 1673 4696 quo
1699 4646 1864 4702 supra

247 4715 292 4752 ν.
318 4701 420 4754 547
450 4701 493 4771 ).
533 4701 729 4753 Davus.

328 4770 470 4825 Vinci
503 4788 596 4826 vos
630 4787 737 4823 non
780 4770 956 4823 vultis.
996 4770 1084 4824 Sic
1127 4784 1289 4834 supra
1327 4770 1486 4825 Instr.
1531 4786 1696 4826 xxvii.
1744 4771 1868 4831 Vitt-

251 4844 368 4897 ceris
412 4846 696 4913 insipiens.
751 4842 817 4894 At
859 4839 1153 4913 insipiens,
1198 4857 1319 4895 cmn
1362 4844 1500 4896 vinci
1541 4859 1598 4896 se
1642 4844 1866 4913 patitur,

250 4915 537 4981 resipiscit.
570 4911 755 4968 Juduzi
785 4912 874 4982 qui
906 4911 1251 4966 recnlcitrant
1275 4953 1288 4978 ,
1321 4915 1460 4967 vinci
1495 4911 1707 4968 nolunt.
1744 4915 1862 4971 Ιῖιο.

319 4986 470 5052 Quod
491 5003 584 5039 vos
617 4983 764 5037 subs.
794 4984 921 5053 Leg.
953 5000 1125 5051 quant.
1153 4999 1347 5053 nempe
1375 4986 1569 5054 legem.
1609 4987 1788 5042 DAVIS.

318 5055 529 5122 Inspice
549 5055 732 5115 Liam.
765 5054 859 5109 His
901 5057 1232 5126 argumentis
1272 5069 1545 5123 pugnant,
1583 5055 1865 5125 Justinus,

253 5127 648 5191 Tertullianns,
684 5126 991 5198 Cyprianus
1023 5133 1081 5180 et
1106 5126 1193 5180 aiii
1226 5126 1414 5181 Patres
1442 5127 1738 5185 Christiani
1777 5131 1869 5184 ad-

254 5215 434 5255 versus
464 5200 721 5256 Iudaeos.

324 5292 448 5346 Tum
495 5291 738 5360 inﬁrmis
793 5289 976 5343 oculis.
1031 5287 1331 5360 Cyprianus
1369 5312 1381 5347 :
1424 5291 1677 5360 Maiorem
1722 5293 1872 5348 Liam

259 5367 410 5420 oculis
437 5361 852 5432 inﬁrmioribus.
884 5360 1152 5432 Sulpicius
1180 5361 1414 5417 Severus
1442 5381 1453 5414 :
1482 5363 1579 5417 Lia
1597 5366 1758 5419 oculis
1786 5369 1875 5419 de~

259 5429 744 5508 [ονηιὶονζιίιηιοςρ
768 5429 922 5508 Clam
949 5429 1369 5508 Commodianus
1389 5435 1458 5487 ait
1487 5444 1670 5508 tynnm
1702 5436 1878 5508 Syna—

293 5524 400 5580 ogm
428 5507 654 5580 fuisse:
690 5502 1069 5580 at_i{achelem
1097 5504 1366 5572 juniorem
1401 5515 1455 5559 et
1486 5502 1872 5580 pulchriorem.

293 5524 400 5580 ogm
428 5523 604 5563 luisse
639 5524 654 5560 :
690 5523 747 5557 at
779 5523 1069 5558 nacneiem
1097 5523 1366 5572 jUIlIUI‘eltI
1401 5523 1455 5559 et
1486 5523 1872 5574 pnicuriorcm.

259 5523 514 5635 Ucclcsia:
562 5576 923 5632 Christianae.
957 5574 1084 5642 Qua:
1127 5591 1257 5630 sane
1299 5577 1637 5645 comparatio
1681 5579 1876 5634 decutit

262 5652 589 5719 supercilium
611 5647 960 5719 Judazorum,
979 5647 1063 5716 qui
1083 5646 1364 5719 Sinagoga:
1380 5648 1676 5718 angustias,
1697 5648 1883 5706 Eccle-

265 5716 346 5777 sia:
394 5719 673 5777 latitudini
726 5716 1082 5788 prwferebattl.
1133 5716 1532 5793 Hieronymus,
1583 5719 1757 5792 Epist.
1815 5721 1883 5778 ad

270 5793 564 5850 Dardanum
607 5789 751 5846 126.

400 5809 564 5850 anum
607 5809 726 5846 120
739 5827 751 5840 ο

1972 4561 2136 4629 {erant
2165 4573 2181 4610 .'
2206 4557 2366 4620 iniqui
2397 4568 2514 4610 sunt
2544 4570 2701 4610 caelus
2730 4558 2900 4611 vestri.
2936 4556 3189 4612 Calendns
3215 4568 3406 4629 uestras
3435 4567 3483 4611 et
3511 4575 3596 4612 so-

1974 4628 2257 4681 lemnitates
2278 4639 2470 4681 vestras
2503 4629 2660 4682 adivit
2698 4629 2871 4685 animo
2900 4646 3030 4685 mea.
3068 4630 3171 4683 I’ro
3204 4628 3506 4685 Neomeniis
3540 4638 3595 4683 ct

1975 4698 2219 4754 Calendis
2253 4699 2674 4756 Cmunmdiauus
2704 4701 2988 4756 tricesimas
3018 4701 3175 4756 dixit.
3223 4700 3314 4756 Sic
3342 4711 3397 4758 et
3421 4701 3597 4759 Horu-

1975 4773 2078 4826 tius
2111 4771 2204 4826 lib.
2239 4770 2276 4835 I,
2306 4771 2423 4825 Sat.
2457 4786 2537 4836 ix,
2573 4771 2662 4824 δὲ).

2229 4861 2394 4911 Hodie
2421 4864 2668 4911 tricesima
2692 4864 2895 4913 sabbata
2921 4862 3016 4913 vin‘
3036 4870 3086 4915 tu

2223 4924 2385 4975 Curiis
2407 4924 2594 4974 Judaeis
2613 4927 2870 4989 Oppcdere
2889 4927 2911 4976 ?

1977 5006 2090 5064 Ilac
2115 5007 2191 5085 de
2209 5027 2271 5085 _re
2305 5009 2549 5085 videatur
2575 5011 2815 5080 Scaliger
2835 5052 2851 5078 ,
2882 5011 3083 5069 Canon.
3113 5011 3352 5085 Isagog.,
3384 5012 3481 5068 Iib.
3511 5029 3590 5081 Ill,

1974 5096 2131 5152 pagg.
2166 5081 2294 5150 225,
2326 5081 2456 5136 264.
2493 5081 2678 5137 DAVIS.

2048 5151 2074 5205 1
2086 5153 2241 5222 niqna
2278 5163 2438 5206 morte
2466 5155 2676 5222 perisse.
2730 5152 2995 5210 Mortuum
3024 5171 3147 5210 csse
3175 5172 3189 5210 :
3223 5155 3495 5220 sublatum
3526 5156 3595 5212 de

1976 5224 2138 5297 rebus
2174 5226 2439 5297 humanis.
2485 5226 2730 5280 Humano
2756 5267 2770 5289 ,
2817 5241 2915 5280 seu
2960 5229 3138 5297 potius
3179 5228 3413 5283 Ethnico
3442 5243 3595 5282 more

1975 5295 2234 5370 loquitur.
2271 5295 2455 5370 Neque
2482 5299 2626 5352 enim
2659 5298 2866 5370 perisse
2894 5295 3000 5353 dici
3033 5297 3228 5364 debet,
3262 5300 3353 5370 qui
3384 5315 3412 5353 a
3443 5313 3582 5354 mor-

1982 5377 2072 5420 tuo
2096 5365 2196 5440 die!
2221 5367 2373 5440 ter_tin
2399 5370 2623 5440 revixit.
2659 5369 2890 5426 RIGAL‘I‘.
2917 5401 2986 5409 —
3011 5370 3202 5440 Iniqua
3220 5365 3295 5411 -ἑ
3315 5381 3477 5424 morte
3500 5387 3583 5440 pe-

1979 5440 2128 5512 risse.
2177 5438 2248 5492 De
2282 5436 2499 5512 Christo
2531 5441 2742 5512 accepit
2771 5442 2911 5495 dicta
2947 5444 3060 5495 lucc
3096 5436 3258 5496 verba
3298 5436 3587 5511 Rigaltius.

1982 5511 2053 5583 ᾼῑ
2093 5510 2336 5583 inspecto
2369 5510 2879 5579 Scripturui'textn,
2922 5528 3082 5582 quem
3120 5527 3250 5569 sane
3287 5510 3595 5583 respexisse

1985 5579 2411 5654 Commodjanus
2445 5586 2805 5654 comperitur,
2857 5579 3080 5654 videtur
3113 5590 3301 5654 auctor
3343 5579 3592 5654 locutus.

1987 5669 2095 5709 noti
2125 5652 2192 5706 de
2221 5651 2472 5721 Christo,
2505 5651 2599 5709 sed
2634 5655 2702 5709 de
2738 5655 3032 5710 incredulis
3058 5652 3261 5724 Judieis
3283 5694 3298 5718 ,
3329 5668 3464 5724 quos
3493 5653 3595 5706 ini-

1987 5739 2089 5791 qua
2131 5737 2227 5795 seu
2261 5724 2398 5779 mala
2425 5734 2586 5779 morte
2626 5727 2814 5795 perisse
2853 5725 3031 5780 tradit.
3075 5722 3276 5781 Confer
3318 5722 3431 5779 ηε.
3464 5738 3591 5792 ult,

1993 5795 2082 5864 M,
2125 5794 2190 5851 15
2236 5810 2360 5852 cum
2385 5795 2574 5852 Matth.
2596 5794 2708 5866 xxx,
2731 5795 2823 5866 42,
2852 5797 2942 5853 44.
