3950 6374
362 349 466 405 231
581 353 658 423 (v.
687 347 837 423 608.)

366 465 690 536 Suspensam
717 466 770 520 in
793 464 940 536 ligno
965 464 1148 532 vitam,
1182 481 1284 522 nec
1311 466 1386 523 illi
1417 467 1660 534 creditis,

366 556 486 627 Ipse
517 557 659 612 Deus
686 559 794 612 vita
821 567 906 616 est
930 573 944 611 :
975 559 1231 629 pependit
1253 560 1367 631 ipse
1394 575 1493 632 pro
1523 559 1700 615 nobis.

365 648 474 705 Sed
500 663 598 705 vos
630 649 883 705 indurato
912 651 1078 707 corde
1103 651 1447 707 subsannatis
1466 651 1740 707 eumdem.

684 777 796 817 ιιι.
829 791 899 802 ·-’
919 779 987 818 DE
1014 777 1350 818 ANTICBBISTI
1374 778 1642 818 TEIPORE.

368 873 512 928 Dixit
538 872 733 932 Esaias
758 893 772 931 :
799 874 896 930 Hic
919 876 1102 940 homo,
1135 875 1224 945 qui
1252 885 1559 931 commovet
1586 873 1794 943 orbem,

364 966 434 1022 Et
458 982 614 1040 reges
641 969 885 1036 totidem,
913 967 1015 1024 sub
1044 983 1152 1039 quo
1179 967 1271 1022 fiet
1299 978 1440 1024 terra
1469 969 1705 1025 deserta.

368 1059 565 1114 Audite
593 1061 845 1130 quoniam
875 1059 1140 1132 propheta
1169 1059 1238 1116 de
1267 1060 1362 1115 illo
1393 1060 1640 1130 praedixit
1665 1078 1676 1114 :

364 1150 511 1206 Nihil
540 1167 640 1222 ego
670 1153 972 1224 composite
1000 1154 1134 1221 dixi,
1163 1154 1259 1210 sed
1290 1155 1647 1226 neglegendo.

365 1241 500 1297 Tum
526 1243 736 1299 scilicet
766 1244 1000 1300 mundus
1026 1245 1232 1313 finitur,
1256 1261 1378 1301 cum
1403 1248 1493 1303 ille
1514 1248 1745 1317 parebit.

365 1336 423 1392 In
455 1345 568 1393 tres
594 1339 922 1408 imperantes
943 1340 1059 1409 ipse
1085 1340 1331 1396 diviserit
1357 1341 1545 1398 orbem
1573 1361 1586 1397 :

364 1429 496 1484 Cum
528 1429 691 1486 fuerit
719 1441 897 1488 autem
927 1431 1071 1487 Nero
1097 1432 1169 1489 de
1195 1433 1406 1489 inferno
1430 1436 1656 1501 levatus,

363 1522 548 1579 Helias
572 1525 754 1581 veniet
779 1527 930 1596 prius
955 1526 1178 1598 signare
1207 1527 1458 1584 dilectos.

362 1614 472 1672 Hes
500 1631 635 1688 quas
666 1618 865 1674 Africae
893 1621 1043 1689 regio
1069 1629 1127 1675 et
1154 1623 1350 1675 Arctoa
1379 1621 1546 1687 natio,
1579 1629 1684 1676 tota

362 1708 419 1764 In
446 1720 653 1780 septem
681 1711 840 1766 annis
869 1713 1122 1768 tremebit
1155 1713 1395 1784 undique
1420 1725 1581 1780 terra,

364 1801 469 1855 Sed
499 1800 734 1857 medium
761 1811 974 1870 tempus
1005 1804 1207 1870 Helias,
1234 1805 1469 1860 medium
1499 1806 1642 1861 Nero
1669 1805 1894 1862 tenebit.

361 1893 516 1950 Tunc
543 1895 786 1967 Babylon
821 1898 1078 1952 meretrix
1112 1897 1436 1954 incinefacta
1479 1896 1685 1965 favilla,

363 1985 494 2042 Inde
522 1988 589 2041 ad
618 1986 918 2044 Jerusalem
951 1999 1156 2060 perget,
1184 1991 1464 2061 victorque
1491 1990 1714 2046 Latinus

362 2078 516 2136 Tunc
535 2079 681 2136 dicet
711 2098 724 2134 :
758 2080 873 2151 Ego
905 2096 1024 2137 sum
1065 2081 1314 2138 Christus
1344 2100 1504 2154 quem
1537 2100 1752 2156 semper
1779 2086 1965 2141 oratis.

363 2172 433 2226 Et
458 2174 674 2245 quidem
697 2175 1027 2231 conlaudant
1051 2177 1201 2232 illum
1237 2179 1488 2247 primitivi
1513 2179 1743 2250 decepti.

363 2261 527 2319 Multa
548 2263 697 2334 signa
730 2265 879 2334 facit,
912 2268 1166 2336 quoniam
1203 2269 1319 2338 ejus
1346 2269 1837 2342 pseudopmpheta.

361 2355 673 2412 Praesertim
703 2367 760 2411 ut
781 2359 1006 2413 credant
1037 2360 1136 2425 illi,
1166 2361 1417 2430 loquetur
1450 2363 1643 2434 imago.

268 2513 277 2525 ,
361 2447 716 2520 Omnipotens
756 2449 942 2505 tribuit
965 2463 1020 2506 ut
1045 2452 1162 2508 talis
1187 2453 1400 2509 evadat.

1532 349 1959 409 COMMODIANI
1996 349 2546 411 INSTRUCTIONES

3196 356 3276 424 (v;
3304 356 3463 428 629.)
3571 355 3680 412 2'52

1990 471 2038 530 Α
2069 468 2504 538 Recapitulantes
2535 470 2830 538 scripturas
2856 483 2923 525 ex
2955 483 3022 526 eo
3045 469 3244 539 Judaei,

2069 565 2388 622 Exclamant
2419 567 2620 637 pariter
2644 565 2709 620 ad
2737 566 3012 622 excelsum
3045 583 3165 624 sese
3189 568 3468 641 deceptos.

2069 695 2196 736 XLII.
2239 710 2309 722 —-
2352 697 2420 734 DE
2476 694 2677 736 POPULO
2727 694 2990 736 ABSCONSO
3042 695 3243 739 SANCTO
3288 698 3683 743 OINIPO'I'ENTIS

2631 787 2844 828 CHRISTI
2877 790 2965 829 DEI
2993 791 3122 830 VIVI.

2071 865 2414 922 Desideretur
2442 865 2740 922 absconsus
2763 867 2983 922 ultimus
3009 879 3250 936 sanctus,

2071 961 2140 1016 Et
2165 960 2381 1032 quidem
2411 961 2628 1030 ignotus
2651 977 2678 1014 a
2708 961 2864 1016 nobis
2895 963 2983 1018 ubi
3017 974 3280 1028 moretur,

2069 1053 2176 1109 Per
2197 1069 2388 1108 novem
2413 1053 2609 1109 tribum
2633 1069 2823 1124 agens,
2848 1065 2902 1111 et
2923 1054 3202 1112 dimidiam
3230 1057 3390 1114 nobis

2072 1238 2442 1310 Prtecepitque
2471 1254 2567 1310 per
2592 1240 2766 1312 legem
2795 1240 2976 1296 vivere
3002 1241 3236 1312 priscam
3261 1263 3277 1298 :

2074 1331 2330 1387 Vivamus
2352 1347 2494 1388 nunc
2523 1347 2748 1398 omnes;
2779 1332 2997 1388 novella
3027 1334 3243 1390 traditio
3269 1336 3405 1408 legis
3439 1356 3454 1392 :

2073 1423 2184 1479 Lex
2209 1434 2268 1480 ut
2297 1426 2408 1496 ipsa
2439 1425 2620 1492 docet,
2655 1425 2832 1496 aptius
2849 1424 3034 1496 judico
3067 1427 3243 1485 vobis.

2074 1515 2362 1574 Obrelictte
2390 1518 2512 1574 date
2538 1519 2774 1574 tribuum
2802 1528 2859 1574 et
2882 1518 3101 1574 dimidia
3133 1538 3147 1574 :
3177 1537 3345 1592 quare

2073 1611 2158 1666 Ab
2190 1610 2306 1666 istis
2332 1611 2552 1666 dimidia
2581 1612 2864 1667 tribuum?
2894 1623 2952 1667 ut
2981 1624 3248 1686 martyres
3281 1626 3470 1674 essent

2076 1703 2284 1758 Bellum
2313 1719 2433 1760 cum
2465 1704 2690 1760 inferret
2717 1704 2905 1761 electis
2929 1706 3041 1762 suis
3074 1708 3131 1763 in
3161 1709 3346 1765 orbem
3375 1727 3387 1764 :

2048 1795 2184 1854 .Seu
2212 1807 2360 1852 certe
2380 1805 2695 1852 sanctorum
2727 1799 2926 1853 chorus
2955 1799 3338 1871 prophetarum

1999 1867 2049 1928 Β
2075 1889 2439 1960 Consurgeret
2464 1890 2528 1944 ad
2565 1891 2798 1958 plebem,
2840 1892 2928 1961 qui
2958 1867 3177 1949 frenum
3214 1894 3518 1965 imponeret
3553 1896 3680 1965 illis,

2070 1982 2303 2041 Obsceni
2335 1998 2472 2055 quos
2497 1983 2625 2054 equi
2654 1983 2994 2040 trucidarunt
3013 1986 3164 2043 calce
3185 1988 3443 2054 remissa;

2070 2076 2180 2133 Nec
2209 2086 2394 2132 rueret
2424 2087 2630 2134 temere
2655 2077 2721 2133 ad
2753 2093 2942 2148 pacem
2972 2095 3163 2136 manus
3184 2081 3498 2150 aliquando.

2073 2173 2312 2228 Semotze
2338 2181 2466 2226 sunt
2493 2173 2610 2226 istm
2640 2172 2896 2238 tribuum,
2927 2182 2984 2228 et
3011 2175 3263 2246 mysteria
3296 2175 3499 2231 Christi

2074 2267 2267 2324 Omnia
2295 2282 2390 2338 per
2413 2268 2545 2320 istas
2564 2265 2906 2337 complentur
2927 2267 3127 2321 stmulo
3154 2275 3290 2324 toto.

2080 2360 2221 2414 Sunt
2243 2368 2428 2414 autem
2450 2359 2518 2413 de
2545 2359 2752 2414 scelere
2776 2358 3006 2413 duorum
3037 2356 3262 2414 fratrum
3291 2368 3490 2428 enaue,

2083 2454 2338 2525 Auspicio
2363 2469 2592 2525 quorum
2623 2454 2832 2510 facinus
2858 2465 3058 2511 secutae
3088 2454 3259 2512 fuere.

1733 2569 2298 2628 COMMENTARIUS.

435 2687 575 2743 Dixit
590 2687 798 2744 Esaias.
812 2688 942 2757 Quae
959 2698 1258 2758 sequuntur
1274 2704 1380 2744 non
1403 2699 1529 2744 sunt
1550 2688 1689 2760 apud
1711 2687 1952 2760 Esaiam,

359 2768 418 2813 ut
440 2761 550 2827 jam
578 2760 775 2816 isthinc
801 2760 1083 2815 verissima
1110 2762 1182 2815 sit
1206 2761 1460 2815 Auctoris
1492 2759 1769 2829 praefatio;
1807 2759 1959 2813 Nihil

359 2847 414 2902 se
435 2831 714 2902 composite
741 2830 964 2886 dixisse.
994 2830 1100 2888 Sed
1128 2841 1211 2885 est
1251 2842 1429 2887 tamen
1469 2832 1607 2902 apud
1647 2831 1858 2885 Esaiam
1889 2830 1959 2886 de

358 2901 518 2974 Nova
531 2901 831 2957 Jerusalem
865 2902 1038 2968 locus,
1071 2903 1162 2970 qui
1189 2903 1256 2956 ab
1277 2901 1751 2974 Justino’Martyre
1772 2902 1959 2957 adver-

359 2987 452 3026 sus
481 2972 826 3043 Tryphonem
857 2974 1054 3028 citatur
1079 2990 1175 3042 pro
1205 2984 1446 3043 tempore
1474 2975 1563 3027 illo
1601 2972 1747 3028 mille
1785 2989 1952 3028 anno-

359 3059 504 3097 rum.
531 3044 599 3097 Et
624 3052 709 3098 est
736 3045 1032 3114 prophetiae
1053 3060 1173 3114 cap.
1205 3052 1325 3099 va.
1355 3044 1583 3099 “IGALT.
1608 3073 1680 3085 —
1703 3044 1958 3099 Memoria

359 3115 543 3195 lapsus
569 3123 653 3169 est
682 3101 966 3186 Rigaliius,
995 3101 1160 3195 quum
1199 3131 1264 3170 ea
1307 3131 1425 3195 qua:
1470 3127 1786 3195 sequuntur,
1820 3115 1959 3186 apud
1987 3101 2032 3162 C

359 3185 575 3240 Esaiam
625 3199 728 3240 non
757 3185 892 3240 esse
938 3187 1285 3240 conﬁrmaret
1314 3204 1326 3238 :
1359 3188 1607 3256 leguntur
1646 3187 1786 3240 enim
1835 3185 1956 3256 cap.

359 3257 448 3318 Η.
471 3255 556 3320 16,
584 3257 672 3311 17.
697 3256 963 3327 Numquid
987 3258 1082 3310 iste
1109 3266 1181 3309 est
1207 3260 1282 3310 vir
1307 3259 1394 3326 qui
1411 3255 1730 3311 conturbavit
1749 3255 1957 3322 terram,

356 3328 442 3396 qui
481 3331 735 3400 concussit
775 3345 958 3400 regna,
991 3329 1078 3398 qui
1118 3329 1287 3400 posuit
1315 3329 1486 3381 orbem
1520 3330 1823 3382 desertum?
1851 3340 1956 3386 etc.

358 3399 514 3466 Quod
549 3399 810 3469 propheta
837 3399 918 3454 de
957 3413 1084 3468 rege
1121 3399 1419 3469 Babyloiiio
1447 3401 1679 3465 dixerat,
1709 3401 1959 3457 Commo-

359 3471 551 3524 dianus
575 3471 641 3524 ad
666 3469 1057 3525 Ant'ichristum
1087 3470 1344 3525 delicuit.
1377 3472 1557 3525 DAVIS.

433 3543 534 3607 Qui
563 3551 840 3596 commovet
861 3544 1063 3612 orbem,
1083 3552 1126 3595 et
1152 3558 1295 3612 reges
1318 3551 1409 3595 tot.
1439 3543 1753 3597 Commovet
1771 3544 1959 3601 orbem

359 3624 412 3669 ct
440 3614 796 3669 consimiliter
834 3629 1009 3683 reges.
1040 3611 1158 3667 .lam
1197 3611 1342 3678 saepe
1381 3614 1794 3669 observavimus
1825 3617 1962 3671 hanc

360 3685 677 3757 particulam
711 3686 918 3740 totidem
952 3686 1004 3739 in
1036 3685 1138 3738 hoc
1166 3685 1492 3754 significatu.

432 3755 499 3809 1η
542 3767 641 3812 tres
682 3757 992 3823 imperantes
1029 3758 1138 3822 ipse
1177 3757 1401 3809 diviserit
1427 3757 1615 3811 orbem.
1648 3759 1701 3814 Si
1732 3775 1860 3814 sana
1893 3759 1962 3814 sit

360 3827 689 3902 exemplaris
715 3828 985 3902 lectio,_re
1024 3842 1148 3881 vera
1185 3826 1603 3902 Commodianus
1645 3829 1762 3886 hmc
1799 3832 1963 3902 negli-

362 3901 527 3970 geudo
553 3899 702 3951 dixit.
733 3897 1102 3970 Antichristus
1128 3897 1272 3952 enim
1306 3914 1409 3952 non
1441 3902 1491 3953 in
1521 3913 1622 3955 tres
1655 3897 1962 3964 imperantes

361 3969 529 4024 orbem
561 3970 804 4032 dividere,
836 3969 929 4024 sed
961 3979 1070 4023 tres
1099 3983 1252 4039 reges
1291 3985 1549 4038 snperare
1586 3973 1792 4028 debuit.
1826 3973 1961 4028 Vide

363 4040 535 4113 pain,
565 4057 671 4104 vn,
714 4041 817 4104 24;
849 4040 1142 4113 Irenaeu_m,
1199 4040 1288 4113 lib.
1332 4057 1395 4104 v,
1425 4056 1581 4112 Capp.
1619 4043 1722 4111 25,
1759 4044 1864 4113 26;
1909 4053 1964 4099 et

362 4112 698 4167 Lactantium
723 4155 736 4176 ,
765 4126 870 4176 vn,
905 4111 992 4166 16.
1027 4111 1231 4165 Forsan
1265 4111 1544 4182 legendum
1573 4131 1586 4168 :

485 4228 538 4280 In
566 4236 668 4279 tres
690 4231 991 4292 imperantes
1017 4229 1125 4292 ipse
1150 4228 1397 4279 devicerit
1421 4231 1592 4279 orbem
1614 4244 1625 4277 :

364 4351 460 4391 seu
491 4336 753 4462 advtgsus
790 4346 906 4392 tres
941 4339 1294 4406 imperatores
1327 4352 1591 4408 pugnans,
1618 4337 1801 4392 orbem
1832 4338 1960 4393 sub-

370 4409 580 4462 iugarit.
657 4423 794 4462 AV'IS.

361 4409 580 4478 jugarit.
609 4409 794 4462 Duts.

440 4478 581 4532 Nero
605 4479 687 4564 nde
731 4480 930 4562 inferno
953 4481 1182 4562 'levalus.
1223 4480 1312 4536 Sic
1351 4479 1508 4564 ln_str.
1542 4496 1653 4564 hin,
1685 4479 1965 4564 deoclnoaca
1991 4503 2042 4564 D

366 4552 578 4605 levatus.
602 4550 1056 4618 Depravatissime
1080 4554 1130 4606 in
1159 4552 1501 4622 apographo:
1532 4551 1736 4606 Herode
1759 4552 1963 4621 inferno

368 4624 580 4676 levatus.
618 4622 844 4678 RIGALT.

441 4692 666 4746 Medium
700 4692 840 4747 Nero
871 4695 1073 4749 tenebit.
1116 4695 1267 4764 Sulp.
1297 4696 1549 4759 Severus,
1590 4693 1749 4757 Hisl.,
1780 4709 1837 4758 n,
1868 4693 1962 4757 28,

375 4785 393 4816 s
431 4766 696 4832 Opinione
728 4765 1015 4818 multorum
1042 4778 1315 4834 receptum
1346 4768 1509 4820 fuisse
1532 4767 1624 4827 ait,
1653 4767 1826 4834 ipsum
1863 4768 1964 4818 An-

372 4835 669 4889 tichristum
713 4848 1019 4890 venturum.
1059 4855 1076 4888 1
1112 4837 1334 4892 RICALT.
1367 4869 1432 4878 —
1465 4838 1598 4892 Tres
1638 4851 1810 4889 annos
1839 4851 1964 4890 cum

369 4906 590 4959 dimidio
619 4907 883 4976 regnabit.
915 4908 1151 4961 lrenmus
1181 4910 1271 4961 lib.
1309 4925 1360 4974 ν,
1392 4925 1506 4976 cap.
1539 4909 1608 4962 25
1635 4925 1648 4963 :
1683 4927 1702 4959 (
1743 4908 1966 4961 Dabitur

372 4978 422 5030 in
455 4994 641 5029 manus
669 4995 784 5050 ejus
809 4978 1199 5050 (Antichristi)
1231 4995 1398 5050 usque
1428 4981 1491 5034 ad
1519 4990 1730 5047 tempus
1760 4989 1967 5047 tempo-

369 5065 486 5103 rum
509 5057 563 5102 et
588 5049 867 5102 dimidium
892 5053 1150 5119 temporis
1177 5049 1189 5104 ἐ
1224 5049 1325 5105 hoc
1351 5064 1452 5108 est.
1483 5052 1769 5104 triennium
1795 5057 1848 5104 et
1870 5066 1964 5104 sex

371 5135 608 5192 menses,
640 5120 691 5172 in
722 5122 916 5192 quibus
949 5124 1167 5177 veniens
1209 5123 1454 5192 regnabit
1480 5139 1640 5188 super
1673 5132 1892 5175 terram.
1935 5140 1953 5172 1

376 5191 506 5245 Vide
536 5196 610 5244 sis
633 5201 686 5245 et
707 5208 860 5259 capp.
890 5192 980 5249 28.
1008 5194 1097 5258 50,
1129 5209 1190 5247 ac
1221 5191 1554 5248 Laetantium
1589 5195 1680 5246 lib.
1709 5208 1804 5254 vn,
1840 5206 1963 5261 cap.

375 5265 460 5316 17.
495 5263 763 5335 lueadem
794 5264 1064 5318 sententia
1110 5265 1208 5319 fuit
1251 5267 1606 5335 llieronymns
1644 5265 1841 5334 aliique
1870 5281 1964 5320 ve—

374 5342 534 5387 teres.
567 5333 748 5388 Dttvts.
774 5365 842 5374 —
869 5335 952 5390 An
986 5337 1181 5390 tribus?

447 5405 589 5480 Tum;
617 5403 846 5480 Bubylon
873 5408 1131 5461 meretrix.
1150 5407 1286 5480 Quae
1319 5409 1370 5462 in
1401 5409 1719 5480 Apocalypsi
1745 5407 1967 5463 Joannis

371 5475 527 5532 habet
573 5475 626 5551 in
667 5476 839 5551 fronte
881 5494 1096 5541 nomen,
1136 5475 1468 5549 Mysteriumﬁ
1498 5475 1724 5551 Babylon
1757 5498 1963 5548 magna,

371 5559 531 5600 ttmler
559 5548 956 5615 fornirutt'onum
992 5563 1035 5601 et
1079 5548 1515 5604 abontitmtiouttm
1557 5548 1719 5604 tt'rru'.
1754 5553 1966 5604 Tertul-

370 5621 541 5674 lianus
565 5618 933 5693 libladversus
961 5619 1173 5693 Judaios
1195 5641 1205 5674 :
1230 5641 1247 5672 ι
1283 5623 1520 5693 Babylon
1541 5623 1678 5687 apud
1706 5622 1965 5675 Joannem

374 5689 896 5763 nostrumnomanm
930 5691 1074 5745 urbis
1103 5693 1266 5762 ﬁgura
1291 5689 1647 5748 estfl’roinde
1679 5703 1731 5747 et
1758 5709 1966 5763 magna:

374 5772 427 5833 et
457 5761 700 5833 superba:
741 5770 800 5833 et
841 5761 1157 5816 sanctorum
1196 5765 1578 5819 debellatricis.
1636 5783 1652 5813 i
1705 5761 1964 5819 Auctores

378 5831 560 5891 (inium
602 5831 889 5911 regundor.
927 5833 1241 5904 Babylonem
1281 5835 1506 5889 Romam
1537 5835 1722 5891 dixere
1754 5853 1764 5888 :
1796 5837 1880 5891 ubi
1912 5845 1966 5890 et

2061 2688 2506 2755 observavimus,
2529 2704 2649 2759 qua:
2675 2687 2778 2744 huc
2815 2689 3119 2760 pertineant
3161 2688 3512 2814 pag.R2lZ:LeTt
3548 2691 3678 2748 515.

3340 2776 3424 2816 IGA
3431 2777 3519 2815 ιτ.

2149 2830 2414 2901 Victorque
2441 2829 2676 2886 Latinus.
2709 2830 2966 2896 Ireumus,
2994 2832 3085 2886 lib.
3118 2849 3174 2898 v,
3213 2846 3334 2900 cap.
3373 2832 3462 2887 25.
3507 2851 3525 2884 t
3567 2833 3674 2890 Sed

2062 2912 2117 2958 et
2142 2903 2413 2958 Lucanos
2440 2917 2635 2957 nomen
2664 2904 2824 2957 habet
2852 2913 3232 2959 sexcentarum
3265 2905 3546 2973 sexaginta
3578 2921 3677 2960 sex

2066 2989 2374 3028 numerum.
2409 2973 2475 3027 Et
2507 2974 2661 3044 valde
2691 2975 2983 3028 verisimile
3010 2985 3114 3041 e-t,
3147 2976 3404 3044 quoniam
3435 2977 3678 3030 novissi-

2065 3061 2211 3099 mum
2264 3060 2486 3113 regnum
2539 3043 2642 3099 hoc
2693 3045 2854 3098 habet
2901 3043 3218 3100 vocabulum
3255 3062 3267 3097 :
3303 3045 3482 3100 Latini
3531 3049 3680 3102 enim

2066 3126 2211 3180 sunt,
2244 3116 2336 3186 qui
2368 3131 2510 3171 nunc
2538 3125 2783 3185 regnant.
2815 3115 2920 3170 Sed
2953 3133 3056 3170 non
3099 3117 3151 3169 in
3199 3115 3303 3171 hoc
3340 3131 3440 3170 nos
3473 3117 3680 3186 gloria-

2067 3186 2265 3248 bimur,
2295 3197 2399 3242 etc.
2442 3206 2459 3239 1
2494 3187 2665 3254 Quam
2700 3198 2800 3242 istc
2824 3187 3048 3242 Latinus
3080 3189 3147 3241 ab
3180 3189 3272 3240 illo
3299 3187 3569 3242 Silvestro
3595 3188 3683 3244 di-

2067 3259 2287 3313 versnsl
2321 3257 2386 3312 ad
2418 3257 2572 3326 cujus
2600 3273 2840 3328 praesepe
2867 3270 3092 3314 cunctos
3115 3268 3384 3313 convocat
3407 3258 3682 3314 Christia-

2069 3345 2184 3394 nos,
2216 3330 2375 3383 lustr.
2406 3345 2535 3384 xxx.
2568 3331 2686 3385 Hic.

2141 3399 2399 3474 Primitivi
2442 3401 2656 3470 decepti.
2694 3400 2782 3455 Sic
2812 3400 3068 3456 lnstruct.
3111 3417 3295 3456 xxxv:
3329 3402 3528 3458 homini
3565 3405 3681 3474 pri-

2066 3474 2261 3527 mitivo.
2288 3473 2406 3528 HIG.

2138 3543 2398 3614 Loquetur
2444 3544 2636 3610 imago.
2681 3544 2886 3611 Apoc.,
2934 3559 3067 3610 XIII,
3111 3545 3199 3599 15.
3250 3545 3365 3601 Hoc
3405 3547 3568 3602 etiam
3611 3547 3683 3603 de

2066 3617 2335 3687 Apollonii
2367 3614 2583 3686 Tyanmi
2612 3616 2844 3686 imagine
2873 3627 3137 3672 narratur.
3167 3617 3245 3671 In.

2142 3689 2560 3756 Hecapitutantes
2602 3704 2664 3742 ea:
2707 3705 2763 3740 eo
2807 3688 3111 3755 scripturas.
3163 3688 3465 3759 Hesychius
3505 3709 3516 3745 :
3558 3694 3686 3748 ἀνα-

2066 3763 2894 3838 κεφαλαιουταιησυμπληᾳρύταιε
2928 3763 3363 3838 ἕπαναλαμβάνη.
3405 3762 3688 3838 Frequen-

2067 3831 2150 3887 ter
2193 3846 2413 3898 usurpat
2458 3831 2563 3886 hoc
2609 3831 2830 3887 verbum
2880 3832 3116 3887 Irenteus
3153 3831 3250 3887 lib.
3299 3849 3354 3898 v,
3399 3847 3446 3887 c.
3484 3831 3572 3896 13,
3611 3834 3685 3891 de

2068 3904 2185 3972 ipso
2209 3903 2428 3958 Christo
2457 3922 2469 3957 :
2509 3923 2526 3954 ‹
2564 3904 2966 3972 Recapitulans,
3003 3923 3021 3956 1
3051 3905 3244 3974 inquit,
3275 3923 3292 3955 ι
3324 3905 3375 3958 in
3403 3919 3462 3958 se
3499 3907 3686 3961 omnia

2065 3991 2187 4045 qua:
2216 3977 2267 4029 in
2290 3975 2462 4041 cmlis,
2488 3983 2542 4027 et
2572 3990 2690 4045 quae
2721 3977 2771 4028 in
2805 3983 2944 4029 terra
2977 3988 3121 4029 sunt.
3166 3994 3183 4026 1
3222 3976 3284 4029 Et
3323 3977 3480 4045 paulo
3518 3985 3681 4044 post:

2073 4065 2090 4098 i
2128 4047 2252 4102 Hice
2279 4047 2443 4117 igitur
2467 4047 2518 4098 in
2551 4047 2847 4114 semetipso
2903 4047 3286 4115 recapitulatus
3307 4058 3414 4111 est,
3435 4046 3685 4102 adunans

2069 4119 2340 4172 hominem
2386 4118 2630 4182 Spiritui,
2663 4126 2766 4171 etc.
2829 4136 2847 4168 1
2895 4117 3258 4172 Tertullianus
3305 4118 3398 4171 lib.
3445 4134 3496 4183 v,
3551 4119 3680 4172 adv.

2066 4189 2231 4244 Marc.
2263 4207 2276 4242 :
2313 4207 2332 4240 t
2365 4187 2514 4244 Sicut
2545 4189 2766 4260 verbum
2797 4188 2926 4242 illud
2959 4188 3226 4244 "le11300
3252 4203 3430 4252 sonat,
3461 4191 3677 4260 recapi-

2067 4261 2262 4325 tulare,
2294 4260 2344 4314 id
2373 4272 2474 4324 esu,
2515 4259 2582 4313 ad
2615 4260 2820 4314 initium
2866 4260 3133 4329 redigere,
3160 4261 3241 4314 vel
3285 4261 3353 4313 ah
3395 4261 3550 4314 initio
3592 4259 3681 4316 re-

2066 4347 2291 4387 censere
2327 4332 2507 4385 omnia
2537 4331 2588 4384 in
2619 4331 2915 4386 Christum.
2958 4351 2976 4383 »
3015 4331 3172 4386 Esdr.
3205 4347 3274 4392 tv.
3313 4330 3397 4394 12,
3430 4331 3540 4386 25:
3578 4331 3683 4398 Qui

2067 4403 2478 4473 recapitulabunt
2510 4403 2794 4470 impietates
2816 4404 2956 4473 ejus,
2988 4414 3033 4457 et
3071 4403 3160 4472 qui
3198 4403 3463 4471 perﬁcient
3503 4405 3681 4457 novis-

2069 4476 2198 4528 sima
2220 4477 2351 4544 ejus.
2382 4475 2498 4529 lita.

2143 4543 2249 4598 Per
2297 4561 2472 4616 novem
2519 4545 2705 4598 tribum
2735 4562 2912 4614 agens.
2945 4545 3073 4616 Leg.
3113 4544 3212 4599 Per
3241 4561 3417 4600 novem
3445 4563 3681 4604 TRIBUUI

2069 4631 2253 4684 agens.
2297 4615 2385 4671 Sic
2434 4634 2577 4682 mox,
2616 4634 2668 4682 v,
2714 4617 2855 4671 658:
2891 4615 3161 4671 Obrelictw
3199 4618 3316 4672 dua:
3354 4619 3589 4674 tribuum
3632 4629 3684 4674 et

2071 4687 2305 4741 dimidia.
2334 4690 2515 4743 Davus.

2142 4760 2328 4826 Aptius
2354 4760 2533 4831 judico
2564 4761 2700 4814 vobis
2755 4760 2878 4815 Huic
2908 4760 3067 4815 verba
3113 4761 3216 4814 levi
3261 4760 3560 4816 mutatione
3593 4762 3676 4817 sic

2070 4833 2404 4885 Correxerim
2436 4849 2447 4882 :
2483 4836 2745 4886 APERTIUs
2777 4832 2947 4885 indico
2983 4831 3142 4886 vobis.
3167 4833 3406 4886 Obscura
3437 4845 3678 4900 εει-111111-

2071 4918 2248 4956 rarum
2276 4902 2344 4958 dc
2372 4917 2566 4957 novent
2601 4905 2843 4957 tribubus
2872 4913 2926 4957 et
2965 4903 3208 4969 dimidia,
3245 4905 3311 4957 de
3344 4905 3681 4959 Auticln'isto

2071 4974 2296 5046 aliisque
2325 4975 2578 5028 nonnulis
2601 4989 2660 5028 se
2688 4973 3085 5029 declaraturum
3117 4979 3398 5046 prolitetur
3421 4975 3680 5030 Commo-

2071 5045 2281 5100 dianus.
2319 5049 2433 5100 lttc.

2148 5116 2455 5170 Sanctorum
2499 5119 2683 5171 chorus
2728 5119 3116 5189 prophetarum.
3166 5117 3412 5189 Synodus
3462 5117 3680 5188 opisco-

2074 5203 2285 5258 porum.
2319 5190 2544 5246 limam.

2148 5259 2361 5314 Obsceui
2379 5280 2503 5332 quos
2514 5263 2644 5330 equi.
2663 5262 2846 5325 Carpit
2863 5261 3049 5314 Novati
3075 5270 3125 5314 rt
3146 5260 3423 5314 Novatiaui
3446 5261 3677 5329 scelera,

2071 5332 2160 5402 qui
2189 5331 2418 5387 abstenti
2442 5335 2708 5404 ejectiqne
2739 5331 2980 5404 Ecclesia
3015 5333 3224 5404 plebem
3251 5332 3512 5404 adversus
3533 5335 3679 5402 cpis-

2072 5417 2238 5472 c0pos
2291 5420 2416 5459 suos
2461 5402 2841 5459 accenderant.
2885 5402 3002 5458 Vill.
3030 5403 3189 5474 Cypr.
3227 5403 3397 5468 Epist.
3427 5403 3520 5457 49.
3554 5404 3679 5460 lito.

2146 5475 2259 5527 Nec
2287 5488 2449 5530 rueret
2491 5488 2676 5531 temere
2698 5476 2765 5527 ad
2791 5493 2986 5541 pacem.
3016 5475 3124 5528 Hoc
3156 5475 3388 5541 pertinet
3417 5475 3479 5526 ad
3507 5475 3681 5530 histo-

2072 5547 2204 5602 riam
2232 5547 2500 5614 lapsorum
2525 5559 2576 5602 et
2606 5548 3094 5609 schismaticiu'um,
3128 5548 3216 5615 qui
3251 5545 3488 5598 ἢλοιίομίς
3518 5562 3680 5611 pren-

2072 5618 2372 5672 satiOnihus
2403 5621 2683 5688 episcopos
2716 5619 3106 5687 perurgebant,
3135 5628 3190 5670 ut
3225 5632 3408 5685 pacem
3441 5618 3680 5688 indignis

2072 5693 2231 5745 etiam
2259 5689 2407 5742 inviti
2431 5692 2810 5744 concederent.
2839 5691 2954 5745 HIG.

2145 5762 2221 5814 De
2274 5763 2459 5814 scelere
2512 5763 2729 5815 duorum
2782 5764 3021 5831 fratrum.
3076 5759 3355 5827 Quondam
3410 5760 3675 5832 fratrum,

2073 5833 2232 5889 hodie
2263 5841 2647 5904 apostatarum.
2677 5835 2791 5889 lite.
