  <div class='ocr_page' id='page_1' title='image "/cluster/home/n/w/nwhite01/storage/ocr_20150623/5/uva.x000826532/151.png"; bbox 0 0 3950 6346; ppageno 0'>
   <div class='ocr_carea' id='block_1_1' title="bbox 402 408 893 489">
    <p class='ocr_par' dir='ltr' id='par_1_1' title="bbox 402 408 893 489">
     <span class='ocr_line' id='line_1_1' title="bbox 402 408 893 489; baseline 0.012 -23"><span class='ocrx_word' id='word_1_1' title='bbox 402 408 512 470; x_wconf 70' lang='lat' dir='ltr'><strong>et;</strong></span> <span class='ocrx_word' id='word_1_2' title='bbox 627 417 700 488; x_wconf 76' lang='grc' dir='ltr'><strong>(ν.</strong></span> <span class='ocrx_word' id='word_1_3' title='bbox 742 415 893 489; x_wconf 71' lang='grc'><strong>848.)</strong></span> 
     </span>
    </p>
   </div>
   <div class='ocr_carea' id='block_1_2' title="bbox 407 510 1843 603">
    <p class='ocr_par' dir='ltr' id='par_1_2' title="bbox 407 510 1843 603">
     <span class='ocr_line' id='line_1_2' title="bbox 407 510 1843 603; baseline 0.001 -19"><span class='ocrx_word' id='word_1_4' title='bbox 407 530 652 600; x_wconf 85' lang='lat' dir='ltr'><strong>Expletis</strong></span> <span class='ocrx_word' id='word_1_5' title='bbox 677 510 1016 602; x_wconf 74' lang='lat' dir='ltr'><strong>iemporibus</strong></span> <span class='ocrx_word' id='word_1_6' title='bbox 1049 534 1242 589; x_wconf 81' lang='lat' dir='ltr'><strong>messis</strong></span> <span class='ocrx_word' id='word_1_7' title='bbox 1259 575 1274 600; x_wconf 96' lang='lat'><strong>,</strong></span> <span class='ocrx_word' id='word_1_8' title='bbox 1300 540 1584 603; x_wconf 74' lang='lat' dir='ltr'><strong>separatur</strong></span> <span class='ocrx_word' id='word_1_9' title='bbox 1610 547 1638 585; x_wconf 90' lang='lat' dir='ltr'><strong>a</strong></span> <span class='ocrx_word' id='word_1_10' title='bbox 1667 531 1843 586; x_wconf 88' lang='lat' dir='ltr'><strong>fructu</strong></span> 
     </span>
    </p>
   </div>
   <div class='ocr_carea' id='block_1_3' title="bbox 408 619 1812 696">
    <p class='ocr_par' dir='ltr' id='par_1_3' title="bbox 408 619 1812 696">
     <span class='ocr_line' id='line_1_3' title="bbox 408 619 1812 696; baseline 0.001 -20"><span class='ocrx_word' id='word_1_11' title='bbox 408 619 624 676; x_wconf 91' lang='lat' dir='ltr'><strong>Lolium</strong></span> <span class='ocrx_word' id='word_1_12' title='bbox 653 634 911 693; x_wconf 89' lang='lat' dir='ltr'><strong>enatum,</strong></span> <span class='ocrx_word' id='word_1_13' title='bbox 945 625 1088 696; x_wconf 88' lang='lat' dir='ltr'><strong>quod</strong></span> <span class='ocrx_word' id='word_1_14' title='bbox 1126 642 1234 682; x_wconf 92' lang='lat' dir='ltr'><strong>non</strong></span> <span class='ocrx_word' id='word_1_15' title='bbox 1275 627 1497 680; x_wconf 77' lang='lat' dir='ltr'><strong>miserat</strong></span> <span class='ocrx_word' id='word_1_16' title='bbox 1531 625 1812 680; x_wconf 82' lang='lat' dir='ltr'><strong>Dominus.</strong></span> 
     </span>
    </p>
   </div>
   <div class='ocr_carea' id='block_1_4' title="bbox 410 696 1804 791">
    <p class='ocr_par' dir='ltr' id='par_1_4' title="bbox 410 696 1804 791">
     <span class='ocr_line' id='line_1_4' title="bbox 410 696 1804 791; baseline 0 -20"><span class='ocrx_word' id='word_1_17' title='bbox 410 713 588 771; x_wconf 87' lang='lat' dir='ltr'><strong>Omne</strong></span> <span class='ocrx_word' id='word_1_18' title='bbox 616 696 804 772; x_wconf 87' lang='lat' dir='ltr'><strong>lolium</strong></span> <span class='ocrx_word' id='word_1_19' title='bbox 834 720 1071 791; x_wconf 78' lang='lat' dir='ltr'><strong>agricola</strong></span> <span class='ocrx_word' id='word_1_20' title='bbox 1099 720 1384 776; x_wconf 87' lang='lat' dir='ltr'><strong>collectum</strong></span> <span class='ocrx_word' id='word_1_21' title='bbox 1413 727 1627 788; x_wconf 87' lang='lat' dir='ltr'><strong>separat</strong></span> <span class='ocrx_word' id='word_1_22' title='bbox 1650 717 1804 773; x_wconf 90' lang='lat' dir='ltr'><strong>illud.</strong></span> 
     </span>
    </p>
   </div>
   <div class='ocr_carea' id='block_1_5' title="bbox 410 814 1797 888">
    <p class='ocr_par' dir='ltr' id='par_1_5' title="bbox 410 814 1797 888">
     <span class='ocr_line' id='line_1_5' title="bbox 410 814 1797 888; baseline -0.001 -17"><span class='ocrx_word' id='word_1_23' title='bbox 410 814 524 871; x_wconf 93' lang='lat' dir='ltr'><strong>Lex</strong></span> <span class='ocrx_word' id='word_1_24' title='bbox 546 831 673 888; x_wconf 85' lang='lat' dir='ltr'><strong>ager</strong></span> <span class='ocrx_word' id='word_1_25' title='bbox 702 818 858 875; x_wconf 90' lang='lat' dir='ltr'><strong>nobis</strong></span> <span class='ocrx_word' id='word_1_26' title='bbox 888 831 972 874; x_wconf 91' lang='lat' dir='ltr'><strong>est</strong></span> <span class='ocrx_word' id='word_1_27' title='bbox 1005 837 1018 873; x_wconf 90' lang='lat'><strong>:</strong></span> <span class='ocrx_word' id='word_1_28' title='bbox 1047 819 1136 888; x_wconf 87' lang='lat' dir='ltr'><strong>qui</strong></span> <span class='ocrx_word' id='word_1_29' title='bbox 1157 817 1346 873; x_wconf 77' lang='lat' dir='ltr'><strong>fecerit</strong></span> <span class='ocrx_word' id='word_1_30' title='bbox 1367 817 1564 872; x_wconf 91' lang='lat' dir='ltr'><strong>bonum</strong></span> <span class='ocrx_word' id='word_1_31' title='bbox 1595 818 1645 869; x_wconf 94' lang='lat' dir='ltr'><strong>in</strong></span> <span class='ocrx_word' id='word_1_32' title='bbox 1675 816 1797 882; x_wconf 90' lang='lat' dir='ltr'><strong>illa,</strong></span> 
     </span>
    </p>
   </div>
   <div class='ocr_carea' id='block_1_6' title="bbox 407 907 1672 983">
    <p class='ocr_par' dir='ltr' id='par_1_6' title="bbox 407 907 1672 983">
     <span class='ocr_line' id='line_1_6' title="bbox 407 907 1672 983; baseline -0.001 -20"><span class='ocrx_word' id='word_1_33' title='bbox 407 907 528 980; x_wconf 87' lang='lat' dir='ltr'><strong>Ipsa</strong></span> <span class='ocrx_word' id='word_1_34' title='bbox 563 911 747 981; x_wconf 78' lang='lat' dir='ltr'><strong>utique</strong></span> <span class='ocrx_word' id='word_1_35' title='bbox 778 912 930 966; x_wconf 88' lang='lat' dir='ltr'><strong>nobis</strong></span> <span class='ocrx_word' id='word_1_36' title='bbox 961 919 1181 983; x_wconf 55' lang='lat' dir='ltr'><strong>praestat</strong></span> <span class='ocrx_word' id='word_1_37' title='bbox 1212 911 1453 980; x_wconf 83' lang='lat' dir='ltr'><strong>requiem</strong></span> <span class='ocrx_word' id='word_1_38' title='bbox 1488 923 1672 964; x_wconf 84' lang='lat' dir='ltr'><strong>veram</strong></span> 
     </span>
    </p>
   </div>
   <div class='ocr_carea' id='block_1_7' title="bbox 411 1003 1772 1075">
    <p class='ocr_par' dir='ltr' id='par_1_7' title="bbox 411 1003 1772 1075">
     <span class='ocr_line' id='line_1_7' title="bbox 411 1003 1772 1075; baseline -0.003 -17"><span class='ocrx_word' id='word_1_39' title='bbox 411 1003 532 1073; x_wconf 91' lang='lat' dir='ltr'><strong>Ipse</strong></span> <span class='ocrx_word' id='word_1_40' title='bbox 557 1003 863 1060; x_wconf 70' lang='lat' dir='ltr'><strong>dominator</strong></span> <span class='ocrx_word' id='word_1_41' title='bbox 892 1023 904 1058; x_wconf 89' lang='lat'><strong>:</strong></span> <span class='ocrx_word' id='word_1_42' title='bbox 936 1019 1056 1059; x_wconf 89' lang='lat' dir='ltr'><strong>nam</strong></span> <span class='ocrx_word' id='word_1_43' title='bbox 1087 1003 1276 1059; x_wconf 90' lang='lat' dir='ltr'><strong>lolium</strong></span> <span class='ocrx_word' id='word_1_44' title='bbox 1321 1005 1441 1075; x_wconf 86' lang='lat' dir='ltr'><strong>igne</strong></span> <span class='ocrx_word' id='word_1_45' title='bbox 1482 1010 1772 1057; x_wconf 82' lang='lat' dir='ltr'><strong>crematur.</strong></span> 
     </span>
    </p>
   </div>
   <div class='ocr_carea' id='block_1_8' title="bbox 414 1095 1797 1168">
    <p class='ocr_par' dir='ltr' id='par_1_8' title="bbox 414 1095 1797 1168">
     <span class='ocr_line' id='line_1_8' title="bbox 414 1095 1797 1168; baseline -0.003 -16"><span class='ocrx_word' id='word_1_46' title='bbox 414 1095 472 1153; x_wconf 90' lang='lat' dir='ltr'><strong>Si</strong></span> <span class='ocrx_word' id='word_1_47' title='bbox 522 1113 648 1168; x_wconf 84' lang='lat' dir='ltr'><strong>ergo</strong></span> <span class='ocrx_word' id='word_1_48' title='bbox 679 1098 910 1166; x_wconf 80' lang='lat' dir='ltr'><strong>putatis,</strong></span> <span class='ocrx_word' id='word_1_49' title='bbox 937 1098 1191 1168; x_wconf 83' lang='lat' dir='ltr'><strong>quoniam</strong></span> <span class='ocrx_word' id='word_1_50' title='bbox 1223 1098 1322 1152; x_wconf 60' lang='lat' dir='ltr'><strong>:ub</strong></span> <span class='ocrx_word' id='word_1_51' title='bbox 1354 1113 1462 1151; x_wconf 89' lang='lat' dir='ltr'><strong>uno</strong></span> <span class='ocrx_word' id='word_1_52' title='bbox 1494 1105 1797 1158; x_wconf 83' lang='lat' dir='ltr'><strong>morantur,</strong></span> 
     </span>
    </p>
   </div>
   <div class='ocr_carea' id='block_1_9' title="bbox 413 1188 1840 1259">
    <p class='ocr_par' dir='ltr' id='par_1_9' title="bbox 413 1188 1840 1259">
     <span class='ocr_line' id='line_1_9' title="bbox 413 1188 1840 1259; baseline -0.002 -15"><span class='ocrx_word' id='word_1_53' title='bbox 413 1190 623 1244; x_wconf 88' lang='lat' dir='ltr'><strong>Erratis</strong></span> <span class='ocrx_word' id='word_1_54' title='bbox 652 1206 666 1244; x_wconf 73' lang='grc' dir='ltr'>ε</span> <span class='ocrx_word' id='word_1_55' title='bbox 696 1189 909 1244; x_wconf 84' lang='lat' dir='ltr'><strong>steriles</strong></span> <span class='ocrx_word' id='word_1_56' title='bbox 935 1188 1261 1244; x_wconf 85' lang='lat' dir='ltr'><strong>christianos</strong></span> <span class='ocrx_word' id='word_1_57' title='bbox 1296 1204 1393 1244; x_wconf 80' lang='lat' dir='ltr'><strong>vos</strong></span> <span class='ocrx_word' id='word_1_58' title='bbox 1427 1203 1550 1243; x_wconf 88' lang='lat' dir='ltr'><strong>esse</strong></span> <span class='ocrx_word' id='word_1_59' title='bbox 1592 1188 1840 1259; x_wconf 89' lang='lat' dir='ltr'><strong>desiguo.</strong></span> 
     </span>
    </p>
   </div>
   <div class='ocr_carea' id='block_1_10' title="bbox 415 1280 1635 1337">
    <p class='ocr_par' dir='ltr' id='par_1_10' title="bbox 415 1280 1635 1337">
     <span class='ocr_line' id='line_1_10' title="bbox 415 1280 1635 1337; baseline -0.001 0"><span class='ocrx_word' id='word_1_60' title='bbox 415 1280 696 1337; x_wconf 82' lang='lat' dir='ltr'><strong>Maledicta</strong></span> <span class='ocrx_word' id='word_1_61' title='bbox 727 1280 822 1335; x_wconf 89' lang='lat' dir='ltr'><strong>fuit</strong></span> <span class='ocrx_word' id='word_1_62' title='bbox 867 1282 1029 1337; x_wconf 88' lang='lat' dir='ltr'><strong>arbor</strong></span> <span class='ocrx_word' id='word_1_63' title='bbox 1065 1283 1182 1337; x_wconf 91' lang='lat' dir='ltr'><strong>sine</strong></span> <span class='ocrx_word' id='word_1_64' title='bbox 1214 1283 1392 1336; x_wconf 89' lang='lat' dir='ltr'><strong>fructu</strong></span> <span class='ocrx_word' id='word_1_65' title='bbox 1435 1282 1635 1337; x_wconf 80' lang='lat' dir='ltr'><strong>ﬁculna</strong></span> 
     </span>
    </p>
   </div>
   <div class='ocr_carea' id='block_1_11' title="bbox 413 1373 1625 1439">
    <p class='ocr_par' dir='ltr' id='par_1_11' title="bbox 413 1373 1625 1439">
     <span class='ocr_line' id='line_1_11' title="bbox 413 1373 1625 1439; baseline -0.002 -9"><span class='ocrx_word' id='word_1_66' title='bbox 413 1373 474 1430; x_wconf 94' lang='lat' dir='ltr'><strong>In</strong></span> <span class='ocrx_word' id='word_1_67' title='bbox 498 1374 663 1429; x_wconf 87' lang='lat' dir='ltr'><strong>verbo</strong></span> <span class='ocrx_word' id='word_1_68' title='bbox 697 1375 934 1439; x_wconf 90' lang='lat' dir='ltr'><strong>Domini;</strong></span> <span class='ocrx_word' id='word_1_69' title='bbox 967 1386 1023 1431; x_wconf 91' lang='lat' dir='ltr'><strong>et</strong></span> <span class='ocrx_word' id='word_1_70' title='bbox 1051 1377 1231 1430; x_wconf 84' lang='lat' dir='ltr'><strong>statim</strong></span> <span class='ocrx_word' id='word_1_71' title='bbox 1261 1376 1471 1430; x_wconf 89' lang='lat' dir='ltr'><strong>exaruit</strong></span> <span class='ocrx_word' id='word_1_72' title='bbox 1515 1375 1625 1428; x_wconf 90' lang='lat' dir='ltr'><strong>illa.</strong></span> 
     </span>
    </p>
   </div>
   <div class='ocr_carea' id='block_1_12' title="bbox 413 1464 1823 1539">
    <p class='ocr_par' dir='ltr' id='par_1_12' title="bbox 413 1464 1823 1539">
     <span class='ocr_line' id='line_1_12' title="bbox 413 1464 1823 1539; baseline 0 -18"><span class='ocrx_word' id='word_1_73' title='bbox 413 1464 532 1521; x_wconf 88' lang='lat' dir='ltr'><strong>Non</strong></span> <span class='ocrx_word' id='word_1_74' title='bbox 576 1481 767 1536; x_wconf 90' lang='lat' dir='ltr'><strong>operas</strong></span> <span class='ocrx_word' id='word_1_75' title='bbox 803 1467 976 1523; x_wconf 89' lang='lat' dir='ltr'><strong>facitis</strong></span> <span class='ocrx_word' id='word_1_76' title='bbox 999 1510 1012 1533; x_wconf 93' lang='lat'><strong>,</strong></span> <span class='ocrx_word' id='word_1_77' title='bbox 1060 1483 1166 1522; x_wconf 92' lang='lat' dir='ltr'><strong>non</strong></span> <span class='ocrx_word' id='word_1_78' title='bbox 1209 1469 1410 1522; x_wconf 87' lang='lat' dir='ltr'><strong>donum</strong></span> <span class='ocrx_word' id='word_1_79' title='bbox 1442 1483 1576 1539; x_wconf 86' lang='lat' dir='ltr'><strong>gazo</strong></span> <span class='ocrx_word' id='word_1_80' title='bbox 1604 1467 1823 1536; x_wconf 89' lang='lat' dir='ltr'><strong>paratis.</strong></span> 
     </span>
    </p>
   </div>
   <div class='ocr_carea' id='block_1_13' title="bbox 414 1558 1732 1630">
    <p class='ocr_par' dir='ltr' id='par_1_13' title="bbox 414 1558 1732 1630">
     <span class='ocr_line' id='line_1_13' title="bbox 414 1558 1732 1630; baseline 0.001 -18"><span class='ocrx_word' id='word_1_81' title='bbox 414 1558 483 1612; x_wconf 73' lang='lat' dir='ltr'><strong>Iit</strong></span> <span class='ocrx_word' id='word_1_82' title='bbox 510 1559 587 1613; x_wconf 85' lang='lat' dir='ltr'><strong>sic</strong></span> <span class='ocrx_word' id='word_1_83' title='bbox 618 1561 919 1629; x_wconf 88' lang='lat' dir='ltr'><strong>promereri</strong></span> <span class='ocrx_word' id='word_1_84' title='bbox 949 1560 1243 1614; x_wconf 89' lang='lat' dir='ltr'><strong>Dominum</strong></span> <span class='ocrx_word' id='word_1_85' title='bbox 1277 1559 1477 1630; x_wconf 84' lang='lat' dir='ltr'><strong>putatis</strong></span> <span class='ocrx_word' id='word_1_86' title='bbox 1507 1559 1732 1614; x_wconf 87' lang='lat' dir='ltr'><strong>inanes?</strong></span> 
     </span>
    </p>
   </div>
   <div class='ocr_carea' id='block_1_14' title="bbox 895 1710 1538 1752">
    <p class='ocr_par' dir='ltr' id='par_1_14' title="bbox 895 1710 1538 1752">
     <span class='ocr_line' id='line_1_14' title="bbox 895 1710 1538 1752; baseline -0.003 0"><span class='ocrx_word' id='word_1_87' title='bbox 895 1713 1004 1752; x_wconf 73' lang='lat' dir='ltr'><strong>LVI.</strong></span> <span class='ocrx_word' id='word_1_88' title='bbox 1024 1726 1095 1737; x_wconf 87' lang='grc'><strong>-·</strong></span> <span class='ocrx_word' id='word_1_89' title='bbox 1111 1710 1538 1752; x_wconf 66' lang='grc' dir='ltr'>ωεειιυιιηοιιι.</span> 
     </span>
    </p>
   </div>
   <div class='ocr_carea' id='block_1_15' title="bbox 417 1831 1658 1903">
    <p class='ocr_par' dir='ltr' id='par_1_15' title="bbox 417 1831 1658 1903">
     <span class='ocr_line' id='line_1_15' title="bbox 417 1831 1658 1903; baseline 0.002 -18"><span class='ocrx_word' id='word_1_90' title='bbox 417 1831 738 1886; x_wconf 89' lang='lat' dir='ltr'><strong>Dissimulas</strong></span> <span class='ocrx_word' id='word_1_91' title='bbox 766 1833 938 1903; x_wconf 84' lang='lat' dir='ltr'><strong>legem</strong></span> <span class='ocrx_word' id='word_1_92' title='bbox 967 1842 1118 1888; x_wconf 91' lang='lat' dir='ltr'><strong>tanto</strong></span> <span class='ocrx_word' id='word_1_93' title='bbox 1156 1834 1427 1901; x_wconf 70' lang='lat' dir='ltr'><strong>prieconio</strong></span> <span class='ocrx_word' id='word_1_94' title='bbox 1455 1834 1615 1887; x_wconf 90' lang='lat' dir='ltr'><strong>latam</strong></span> <span class='ocrx_word' id='word_1_95' title='bbox 1641 1874 1658 1900; x_wconf 93' lang='lat'><strong>,</strong></span> 
     </span>
    </p>
   </div>
   <div class='ocr_carea' id='block_1_16' title="bbox 409 1922 1774 1993">
    <p class='ocr_par' dir='ltr' id='par_1_16' title="bbox 409 1922 1774 1993">
     <span class='ocr_line' id='line_1_16' title="bbox 409 1922 1774 1993; baseline 0.002 -16"><span class='ocrx_word' id='word_1_96' title='bbox 409 1922 468 1977; x_wconf 91' lang='lat' dir='ltr'><strong>In</strong></span> <span class='ocrx_word' id='word_1_97' title='bbox 501 1932 579 1978; x_wconf 92' lang='lat' dir='ltr'><strong>tot</strong></span> <span class='ocrx_word' id='word_1_98' title='bbox 601 1925 981 1993; x_wconf 83' lang='lat' dir='ltr'><strong>prOphetarum</strong></span> <span class='ocrx_word' id='word_1_99' title='bbox 1013 1927 1222 1991; x_wconf 74' lang='lat' dir='ltr'><strong>cmlesd</strong></span> <span class='ocrx_word' id='word_1_100' title='bbox 1255 1942 1384 1984; x_wconf 90' lang='lat' dir='ltr'><strong>voce</strong></span> <span class='ocrx_word' id='word_1_101' title='bbox 1414 1926 1774 1982; x_wconf 89' lang='lat' dir='ltr'><strong>clamantem?</strong></span> 
     </span>
    </p>
   </div>
   <div class='ocr_carea' id='block_1_17' title="bbox 414 2014 1724 2084">
    <p class='ocr_par' dir='ltr' id='par_1_17' title="bbox 414 2014 1724 2084">
     <span class='ocr_line' id='line_1_17' title="bbox 414 2014 1724 2084; baseline 0.003 -15"><span class='ocrx_word' id='word_1_102' title='bbox 414 2014 472 2070; x_wconf 89' lang='lat' dir='ltr'><strong>Si</strong></span> <span class='ocrx_word' id='word_1_103' title='bbox 503 2015 760 2084; x_wconf 82' lang='lat' dir='ltr'><strong>pr0pheta</strong></span> <span class='ocrx_word' id='word_1_104' title='bbox 793 2026 996 2072; x_wconf 87' lang='lat' dir='ltr'><strong>tantum</strong></span> <span class='ocrx_word' id='word_1_105' title='bbox 1029 2018 1386 2075; x_wconf 87' lang='lat' dir='ltr'><strong>declamasset</strong></span> <span class='ocrx_word' id='word_1_106' title='bbox 1417 2020 1470 2074; x_wconf 92' lang='lat' dir='ltr'><strong>in</strong></span> <span class='ocrx_word' id='word_1_107' title='bbox 1495 2020 1690 2076; x_wconf 87' lang='lat' dir='ltr'><strong>nubem</strong></span> <span class='ocrx_word' id='word_1_108' title='bbox 1710 2060 1724 2083; x_wconf 90' lang='lat'><strong>,</strong></span> 
     </span>
    </p>
   </div>
   <div class='ocr_carea' id='block_1_18' title="bbox 410 2107 1805 2184">
    <p class='ocr_par' dir='ltr' id='par_1_18' title="bbox 410 2107 1805 2184">
     <span class='ocr_line' id='line_1_18' title="bbox 410 2107 1805 2184; baseline 0.004 -20"><span class='ocrx_word' id='word_1_109' title='bbox 410 2107 697 2164; x_wconf 80' lang='lat' dir='ltr'><strong>Sufficeret</strong></span> <span class='ocrx_word' id='word_1_110' title='bbox 724 2111 907 2180; x_wconf 78' lang='lat' dir='ltr'><strong>utique</strong></span> <span class='ocrx_word' id='word_1_111' title='bbox 941 2114 1156 2168; x_wconf 86' lang='lat' dir='ltr'><strong>Domini</strong></span> <span class='ocrx_word' id='word_1_112' title='bbox 1187 2131 1288 2168; x_wconf 90' lang='lat' dir='ltr'><strong>vox</strong></span> <span class='ocrx_word' id='word_1_113' title='bbox 1312 2117 1474 2170; x_wconf 88' lang='lat' dir='ltr'><strong>missa</strong></span> <span class='ocrx_word' id='word_1_114' title='bbox 1509 2130 1603 2184; x_wconf 91' lang='lat' dir='ltr'><strong>per</strong></span> <span class='ocrx_word' id='word_1_115' title='bbox 1631 2115 1805 2169; x_wconf 89' lang='lat' dir='ltr'><strong>illum.</strong></span> 
     </span>
    </p>
   </div>
   <div class='ocr_carea' id='block_1_19' title="bbox 409 2189 2008 2278">
    <p class='ocr_par' dir='ltr' id='par_1_19' title="bbox 409 2189 2008 2278">
     <span class='ocr_line' id='line_1_19' title="bbox 409 2189 2008 2278; baseline 0.003 -23"><span class='ocrx_word' id='word_1_116' title='bbox 409 2201 470 2255; x_wconf 93' lang='lat' dir='ltr'><strong>ln</strong></span> <span class='ocrx_word' id='word_1_117' title='bbox 506 2211 584 2255; x_wconf 90' lang='lat' dir='ltr'><strong>tot</strong></span> <span class='ocrx_word' id='word_1_118' title='bbox 611 2203 996 2273; x_wconf 90' lang='lat' dir='ltr'><strong>prophetarum</strong></span> <span class='ocrx_word' id='word_1_119' title='bbox 1026 2189 1296 2278; x_wconf 80' lang='lat' dir='ltr'><strong>volumina</strong></span> <span class='ocrx_word' id='word_1_120' title='bbox 1325 2207 1408 2261; x_wconf 91' lang='lat' dir='ltr'><strong>lex</strong></span> <span class='ocrx_word' id='word_1_121' title='bbox 1440 2207 1650 2261; x_wconf 89' lang='lat' dir='ltr'><strong>Domini</strong></span> <span class='ocrx_word' id='word_1_122' title='bbox 1683 2207 2008 2277; x_wconf 83' lang='lat' dir='ltr'><strong>proclamat;</strong></span> 
     </span>
    </p>
   </div>
   <div class='ocr_carea' id='block_1_20' title="bbox 410 2290 1709 2369">
    <p class='ocr_par' dir='ltr' id='par_1_20' title="bbox 410 2290 1709 2369">
     <span class='ocr_line' id='line_1_20' title="bbox 410 2290 1709 2369; baseline 0.005 -23"><span class='ocrx_word' id='word_1_123' title='bbox 410 2290 638 2347; x_wconf 83' lang='lat' dir='ltr'><strong>Malitias</strong></span> <span class='ocrx_word' id='word_1_124' title='bbox 673 2295 853 2349; x_wconf 89' lang='lat' dir='ltr'><strong>nullus</strong></span> <span class='ocrx_word' id='word_1_125' title='bbox 882 2296 1102 2352; x_wconf 88' lang='lat' dir='ltr'><strong>dimittit</strong></span> <span class='ocrx_word' id='word_1_126' title='bbox 1127 2317 1140 2352; x_wconf 90' lang='lat'><strong>:</strong></span> <span class='ocrx_word' id='word_1_127' title='bbox 1166 2299 1238 2352; x_wconf 91' lang='lat' dir='ltr'><strong>ita</strong></span> <span class='ocrx_word' id='word_1_128' title='bbox 1269 2313 1421 2369; x_wconf 74' lang='lat' dir='ltr'><strong>teque</strong></span> <span class='ocrx_word' id='word_1_129' title='bbox 1448 2298 1515 2353; x_wconf 91' lang='lat' dir='ltr'><strong>de</strong></span> <span class='ocrx_word' id='word_1_130' title='bbox 1544 2298 1709 2352; x_wconf 91' lang='lat' dir='ltr'><strong>corde</strong></span> 
     </span>
    </p>
   </div>
   <div class='ocr_carea' id='block_1_21' title="bbox 412 2384 1796 2461">
    <p class='ocr_par' dir='ltr' id='par_1_21' title="bbox 412 2384 1796 2461">
     <span class='ocr_line' id='line_1_21' title="bbox 412 2384 1796 2461; baseline 0.004 -22"><span class='ocrx_word' id='word_1_131' title='bbox 412 2384 510 2440; x_wconf 79' lang='lat' dir='ltr'><strong>Vis</strong></span> <span class='ocrx_word' id='word_1_132' title='bbox 539 2387 675 2443; x_wconf 91' lang='lat' dir='ltr'><strong>bona</strong></span> <span class='ocrx_word' id='word_1_133' title='bbox 709 2388 898 2444; x_wconf 86' lang='lat' dir='ltr'><strong>videre</strong></span> <span class='ocrx_word' id='word_1_134' title='bbox 921 2432 935 2454; x_wconf 87' lang='lat'><strong>,</strong></span> <span class='ocrx_word' id='word_1_135' title='bbox 969 2401 1025 2446; x_wconf 91' lang='lat' dir='ltr'><strong>et</strong></span> <span class='ocrx_word' id='word_1_136' title='bbox 1051 2390 1334 2448; x_wconf 79' lang='lat' dir='ltr'><strong>fraudibus</strong></span> <span class='ocrx_word' id='word_1_137' title='bbox 1361 2392 1541 2447; x_wconf 83' lang='lat' dir='ltr'><strong>vivere</strong></span> <span class='ocrx_word' id='word_1_138' title='bbox 1571 2391 1796 2461; x_wconf 63' lang='lat' dir='ltr'><strong>quatris.</strong></span> 
     </span>
    </p>
   </div>
   <div class='ocr_carea' id='block_1_22' title="bbox 415 2477 1722 2554">
    <p class='ocr_par' dir='ltr' id='par_1_22' title="bbox 415 2477 1722 2554">
     <span class='ocr_line' id='line_1_22' title="bbox 415 2477 1722 2554; baseline 0.002 -20"><span class='ocrx_word' id='word_1_139' title='bbox 415 2477 530 2534; x_wconf 88' lang='lat' dir='ltr'><strong>Lex</strong></span> <span class='ocrx_word' id='word_1_140' title='bbox 561 2480 674 2550; x_wconf 87' lang='lat' dir='ltr'><strong>ipsa</strong></span> <span class='ocrx_word' id='word_1_141' title='bbox 716 2496 814 2536; x_wconf 89' lang='lat' dir='ltr'><strong>cur</strong></span> <span class='ocrx_word' id='word_1_142' title='bbox 848 2497 976 2554; x_wconf 88' lang='lat' dir='ltr'><strong>ergo</strong></span> <span class='ocrx_word' id='word_1_143' title='bbox 1002 2486 1266 2554; x_wconf 85' lang='lat' dir='ltr'><strong>processit</strong></span> <span class='ocrx_word' id='word_1_144' title='bbox 1314 2490 1460 2539; x_wconf 81' lang='lat' dir='ltr'><strong>tanto</strong></span> <span class='ocrx_word' id='word_1_145' title='bbox 1501 2484 1722 2539; x_wconf 83' lang='lat' dir='ltr'><strong>labore?</strong></span> 
     </span>
    </p>
   </div>
   <div class='ocr_carea' id='block_1_23' title="bbox 422 2571 1884 2647">
    <p class='ocr_par' dir='ltr' id='par_1_23' title="bbox 422 2571 1884 2647">
     <span class='ocr_line' id='line_1_23' title="bbox 422 2571 1884 2647; baseline 0.002 -20"><span class='ocrx_word' id='word_1_146' title='bbox 422 2571 667 2630; x_wconf 72' lang='lat' dir='ltr'><strong>Abuteris</strong></span> <span class='ocrx_word' id='word_1_147' title='bbox 697 2575 906 2632; x_wconf 92' lang='lat' dir='ltr'><strong>Domini</strong></span> <span class='ocrx_word' id='word_1_148' title='bbox 936 2578 1222 2645; x_wconf 89' lang='lat' dir='ltr'><strong>mandata,</strong></span> <span class='ocrx_word' id='word_1_149' title='bbox 1283 2590 1337 2634; x_wconf 92' lang='lat' dir='ltr'><strong>et</strong></span> <span class='ocrx_word' id='word_1_150' title='bbox 1378 2587 1430 2635; x_wconf 90' lang='lat' dir='ltr'><strong>te</strong></span> <span class='ocrx_word' id='word_1_151' title='bbox 1473 2577 1640 2633; x_wconf 81' lang='lat' dir='ltr'><strong>lilium</strong></span> <span class='ocrx_word' id='word_1_152' title='bbox 1685 2577 1884 2647; x_wconf 85' lang='lat' dir='ltr'><strong>inquis.</strong></span> 
     </span>
    </p>
   </div>
   <div class='ocr_carea' id='block_1_24' title="bbox 1535 414 2555 473">
    <p class='ocr_par' dir='ltr' id='par_1_24' title="bbox 1535 414 2555 473">
     <span class='ocr_line' id='line_1_24' title="bbox 1535 414 2555 473; baseline 0.003 -3"><span class='ocrx_word' id='word_1_153' title='bbox 1535 415 1962 472; x_wconf 79' lang='lat' dir='ltr'><strong>COMMODIANI</strong></span> <span class='ocrx_word' id='word_1_154' title='bbox 2001 414 2555 473; x_wconf 81' lang='lat' dir='ltr'><strong>INS&#39;I‘RUC&#39;I&#39;IONES</strong></span> 
     </span>
    </p>
   </div>
   <div class='ocr_carea' id='block_1_25' title="bbox 2033 528 3574 611">
    <p class='ocr_par' dir='ltr' id='par_1_25' title="bbox 2033 528 3574 611">
     <span class='ocr_line' id='line_1_25' title="bbox 2033 528 3574 611; baseline -0.002 -24"><span class='ocrx_word' id='word_1_155' title='bbox 2033 539 2085 598; x_wconf 82' lang='grc' dir='ltr'>Α</span> <span class='ocrx_word' id='word_1_156' title='bbox 2112 531 2191 587; x_wconf 88' lang='lat' dir='ltr'><strong>Tu</strong></span> <span class='ocrx_word' id='word_1_157' title='bbox 2222 532 2265 586; x_wconf 94' lang='lat' dir='ltr'><strong>si</strong></span> <span class='ocrx_word' id='word_1_158' title='bbox 2297 532 2418 588; x_wconf 88' lang='lat' dir='ltr'><strong>talis</strong></span> <span class='ocrx_word' id='word_1_159' title='bbox 2463 535 2570 588; x_wconf 91' lang='lat' dir='ltr'><strong>eris</strong></span> <span class='ocrx_word' id='word_1_160' title='bbox 2628 532 2744 587; x_wconf 90' lang='lat' dir='ltr'><strong>sine</strong></span> <span class='ocrx_word' id='word_1_161' title='bbox 2781 544 3010 596; x_wconf 85' lang='lat' dir='ltr'><strong>caussa,</strong></span> <span class='ocrx_word' id='word_1_162' title='bbox 3048 528 3252 585; x_wconf 81' lang='lat' dir='ltr'><strong>videris</strong></span> <span class='ocrx_word' id='word_1_163' title='bbox 3273 573 3289 598; x_wconf 91' lang='lat'><strong>,</strong></span> <span class='ocrx_word' id='word_1_164' title='bbox 3322 531 3574 611; x_wconf 84' lang='lat' dir='ltr'><strong>inquam.</strong></span> 
     </span>
    </p>
   </div>
   <div class='ocr_carea' id='block_1_26' title="bbox 3238 411 3726 488">
    <p class='ocr_par' dir='ltr' id='par_1_26' title="bbox 3238 411 3726 488">
     <span class='ocr_line' id='line_1_26' title="bbox 3238 411 3726 488; baseline -0.002 -20"><span class='ocrx_word' id='word_1_165' title='bbox 3238 413 3309 488; x_wconf 89' lang='lat' dir='ltr'><strong>(v.</strong></span> <span class='ocrx_word' id='word_1_166' title='bbox 3354 411 3505 488; x_wconf 84' lang='lat'><strong>869.)</strong></span> <span class='ocrx_word' id='word_1_167' title='bbox 3619 413 3726 468; x_wconf 74' lang='lat' dir='ltr'><strong>ett</strong></span> 
     </span>
    </p>
   </div>
   <div class='ocr_carea' id='block_1_27' title="bbox 2116 624 3376 697">
    <p class='ocr_par' dir='ltr' id='par_1_27' title="bbox 2116 624 3376 697">
     <span class='ocr_line' id='line_1_27' title="bbox 2116 624 3376 697; baseline 0.001 -16"><span class='ocrx_word' id='word_1_168' title='bbox 2116 626 2474 697; x_wconf 90' lang='lat' dir='ltr'><strong>Omnipotens</strong></span> <span class='ocrx_word' id='word_1_169' title='bbox 2507 626 2666 680; x_wconf 85' lang='lat' dir='ltr'><strong>mites</strong></span> <span class='ocrx_word' id='word_1_170' title='bbox 2696 626 2890 695; x_wconf 80' lang='lat' dir='ltr'><strong>quaerit</strong></span> <span class='ocrx_word' id='word_1_171' title='bbox 2917 624 3018 680; x_wconf 87' lang='lat' dir='ltr'><strong>sibi</strong></span> <span class='ocrx_word' id='word_1_172' title='bbox 3047 626 3185 680; x_wconf 87' lang='lat' dir='ltr'><strong>tilios</strong></span> <span class='ocrx_word' id='word_1_173' title='bbox 3213 641 3337 683; x_wconf 84' lang='lat' dir='ltr'><strong>esse</strong></span> <span class='ocrx_word' id='word_1_174' title='bbox 3362 670 3376 694; x_wconf 90' lang='lat'><strong>,</strong></span> 
     </span>
    </p>
   </div>
   <div class='ocr_carea' id='block_1_28' title="bbox 2117 720 3380 792">
    <p class='ocr_par' dir='ltr' id='par_1_28' title="bbox 2117 720 3380 792">
     <span class='ocr_line' id='line_1_28' title="bbox 2117 720 3380 792; baseline 0 -14"><span class='ocrx_word' id='word_1_175' title='bbox 2117 723 2318 778; x_wconf 82' lang='lat' dir='ltr'><strong>Rectus</strong></span> <span class='ocrx_word' id='word_1_176' title='bbox 2344 721 2509 777; x_wconf 92' lang='lat' dir='ltr'><strong>corde</strong></span> <span class='ocrx_word' id='word_1_177' title='bbox 2533 721 2675 777; x_wconf 91' lang='lat' dir='ltr'><strong>bono</strong></span> <span class='ocrx_word' id='word_1_178' title='bbox 2697 764 2711 787; x_wconf 95' lang='lat'><strong>,</strong></span> <span class='ocrx_word' id='word_1_179' title='bbox 2741 720 2970 776; x_wconf 84' lang='lat' dir='ltr'><strong>devotos</strong></span> <span class='ocrx_word' id='word_1_180' title='bbox 2999 723 3101 792; x_wconf 83' lang='lat' dir='ltr'><strong>legi</strong></span> <span class='ocrx_word' id='word_1_181' title='bbox 3135 722 3332 778; x_wconf 64' lang='lat' dir='ltr'><strong>divina:</strong></span> <span class='ocrx_word' id='word_1_182' title='bbox 3367 742 3380 778; x_wconf 92' lang='lat'><strong>:</strong></span> 
     </span>
    </p>
   </div>
   <div class='ocr_carea' id='block_1_29' title="bbox 2118 812 3312 883">
    <p class='ocr_par' dir='ltr' id='par_1_29' title="bbox 2118 812 3312 883">
     <span class='ocr_line' id='line_1_29' title="bbox 2118 812 3312 883; baseline -0.002 -13"><span class='ocrx_word' id='word_1_183' title='bbox 2118 815 2357 870; x_wconf 82' lang='lat' dir='ltr'><strong>Immites</strong></span> <span class='ocrx_word' id='word_1_184' title='bbox 2390 823 2568 868; x_wconf 88' lang='lat' dir='ltr'><strong>autem</strong></span> <span class='ocrx_word' id='word_1_185' title='bbox 2594 812 2702 883; x_wconf 83' lang='lat' dir='ltr'><strong>jam</strong></span> <span class='ocrx_word' id='word_1_186' title='bbox 2741 813 2893 869; x_wconf 89' lang='lat' dir='ltr'><strong>scitis</strong></span> <span class='ocrx_word' id='word_1_187' title='bbox 2915 818 3001 869; x_wconf 90' lang='lat' dir='ltr'><strong>ubi</strong></span> <span class='ocrx_word' id='word_1_188' title='bbox 3032 815 3312 871; x_wconf 86' lang='lat' dir='ltr'><strong>demersit.</strong></span> 
     </span>
    </p>
   </div>
   <div class='ocr_carea' id='block_1_30' title="bbox 2327 964 3514 1009">
    <p class='ocr_par' dir='ltr' id='par_1_30' title="bbox 2327 964 3514 1009">
     <span class='ocr_line' id='line_1_30' title="bbox 2327 964 3514 1009; baseline 0.002 -5"><span class='ocrx_word' id='word_1_189' title='bbox 2327 964 2872 1006; x_wconf 66' lang='lat' dir='ltr'><strong>LVIL—SECULABIA</strong></span> <span class='ocrx_word' id='word_1_190' title='bbox 2913 967 2966 1006; x_wconf 78' lang='lat' dir='ltr'><strong>IN</strong></span> <span class='ocrx_word' id='word_1_191' title='bbox 3005 967 3184 1008; x_wconf 80' lang='grc' dir='ltr'>τοτωι</span> <span class='ocrx_word' id='word_1_192' title='bbox 3227 967 3514 1009; x_wconf 64' lang='grc' dir='ltr'>εῦσιειιιιιλ.</span> 
     </span>
    </p>
   </div>
   <div class='ocr_carea' id='block_1_31' title="bbox 2124 1087 3726 1163">
    <p class='ocr_par' dir='ltr' id='par_1_31' title="bbox 2124 1087 3726 1163">
     <span class='ocr_line' id='line_1_31' title="bbox 2124 1087 3726 1163; baseline 0.001 -19"><span class='ocrx_word' id='word_1_193' title='bbox 2124 1089 2180 1144; x_wconf 90' lang='lat' dir='ltr'><strong>Si</strong></span> <span class='ocrx_word' id='word_1_194' title='bbox 2214 1087 2434 1157; x_wconf 90' lang='lat' dir='ltr'><strong>quidatn</strong></span> <span class='ocrx_word' id='word_1_195' title='bbox 2461 1087 2714 1142; x_wconf 88' lang='lat' dir='ltr'><strong>doctores</strong></span> <span class='ocrx_word' id='word_1_196' title='bbox 2733 1139 2749 1163; x_wconf 74' lang='grc'><em>,</em></span> <span class='ocrx_word' id='word_1_197' title='bbox 2775 1089 2900 1144; x_wconf 91' lang='lat' dir='ltr'><strong>dum</strong></span> <span class='ocrx_word' id='word_1_198' title='bbox 2928 1097 3244 1159; x_wconf 79' lang='lat' dir='ltr'><strong>exspectant</strong></span> <span class='ocrx_word' id='word_1_199' title='bbox 3269 1105 3493 1146; x_wconf 87' lang='lat' dir='ltr'><strong>munera</strong></span> <span class='ocrx_word' id='word_1_200' title='bbox 3521 1100 3726 1159; x_wconf 86' lang='lat' dir='ltr'><strong>vestra,</strong></span> 
     </span>
    </p>
   </div>
   <div class='ocr_carea' id='block_1_32' title="bbox 2121 1181 3462 1252">
    <p class='ocr_par' dir='ltr' id='par_1_32' title="bbox 2121 1181 3462 1252">
     <span class='ocr_line' id='line_1_32' title="bbox 2121 1181 3462 1252; baseline 0.003 -18"><span class='ocrx_word' id='word_1_201' title='bbox 2121 1182 2226 1234; x_wconf 84' lang='lat' dir='ltr'><strong>Aut</strong></span> <span class='ocrx_word' id='word_1_202' title='bbox 2255 1181 2451 1235; x_wconf 87' lang='lat' dir='ltr'><strong>timent</strong></span> <span class='ocrx_word' id='word_1_203' title='bbox 2491 1196 2751 1251; x_wconf 83' lang='lat' dir='ltr'><strong>personas</strong></span> <span class='ocrx_word' id='word_1_204' title='bbox 2773 1225 2787 1247; x_wconf 97' lang='lat'><strong>,</strong></span> <span class='ocrx_word' id='word_1_205' title='bbox 2812 1183 2999 1237; x_wconf 87' lang='lat' dir='ltr'><strong>laxant</strong></span> <span class='ocrx_word' id='word_1_206' title='bbox 3028 1183 3238 1252; x_wconf 90' lang='lat' dir='ltr'><strong>singula</strong></span> <span class='ocrx_word' id='word_1_207' title='bbox 3281 1183 3462 1251; x_wconf 83' lang='lat' dir='ltr'><strong>vobis;</strong></span> 
     </span>
    </p>
   </div>
   <div class='ocr_carea' id='block_1_33' title="bbox 2120 1274 3435 1345">
    <p class='ocr_par' dir='ltr' id='par_1_33' title="bbox 2120 1274 3435 1345">
     <span class='ocr_line' id='line_1_33' title="bbox 2120 1274 3435 1345; baseline 0.002 -17"><span class='ocrx_word' id='word_1_208' title='bbox 2120 1275 2187 1328; x_wconf 86' lang='lat' dir='ltr'><strong>Et</strong></span> <span class='ocrx_word' id='word_1_209' title='bbox 2215 1289 2315 1344; x_wconf 81' lang='lat' dir='ltr'><strong>ego</strong></span> <span class='ocrx_word' id='word_1_210' title='bbox 2347 1289 2451 1328; x_wconf 93' lang='lat' dir='ltr'><strong>non</strong></span> <span class='ocrx_word' id='word_1_211' title='bbox 2493 1275 2681 1336; x_wconf 86' lang='lat' dir='ltr'><strong>doleo,</strong></span> <span class='ocrx_word' id='word_1_212' title='bbox 2713 1274 2807 1328; x_wconf 91' lang='lat' dir='ltr'><strong>sed</strong></span> <span class='ocrx_word' id='word_1_213' title='bbox 2837 1289 3002 1345; x_wconf 88' lang='lat' dir='ltr'><strong>cogor</strong></span> <span class='ocrx_word' id='word_1_214' title='bbox 3031 1275 3217 1331; x_wconf 85' lang='lat' dir='ltr'><strong>dicere</strong></span> <span class='ocrx_word' id='word_1_215' title='bbox 3246 1291 3435 1332; x_wconf 84' lang='lat' dir='ltr'><strong>verum</strong></span> 
     </span>
    </p>
   </div>
   <div class='ocr_carea' id='block_1_34' title="bbox 2118 1365 3519 1438">
    <p class='ocr_par' dir='ltr' id='par_1_34' title="bbox 2118 1365 3519 1438">
     <span class='ocr_line' id='line_1_34' title="bbox 2118 1365 3519 1438; baseline 0.003 -18"><span class='ocrx_word' id='word_1_216' title='bbox 2118 1365 2251 1421; x_wconf 87' lang='lat' dir='ltr'><strong>Ctnn</strong></span> <span class='ocrx_word' id='word_1_217' title='bbox 2274 1377 2487 1422; x_wconf 80' lang='lat' dir='ltr'><strong>caterva</strong></span> <span class='ocrx_word' id='word_1_218' title='bbox 2530 1367 2653 1421; x_wconf 73' lang='lat' dir='ltr'><strong>mali</strong></span> <span class='ocrx_word' id='word_1_219' title='bbox 2686 1368 2864 1438; x_wconf 81' lang='lat' dir='ltr'><strong>pergis</strong></span> <span class='ocrx_word' id='word_1_220' title='bbox 2907 1368 2972 1421; x_wconf 88' lang='lat' dir='ltr'><strong>ad</strong></span> <span class='ocrx_word' id='word_1_221' title='bbox 3001 1370 3310 1437; x_wconf 80' lang='lat' dir='ltr'><strong>Spectacula</strong></span> <span class='ocrx_word' id='word_1_222' title='bbox 3344 1385 3480 1424; x_wconf 83' lang='lat' dir='ltr'><strong>vana</strong></span> <span class='ocrx_word' id='word_1_223' title='bbox 3504 1412 3519 1438; x_wconf 93' lang='lat'><strong>,</strong></span> 
     </span>
    </p>
   </div>
   <div class='ocr_carea' id='block_1_35' title="bbox 2121 1458 3286 1536">
    <p class='ocr_par' dir='ltr' id='par_1_35' title="bbox 2121 1458 3286 1536">
     <span class='ocr_line' id='line_1_35' title="bbox 2121 1458 3286 1536; baseline -0.001 -21"><span class='ocrx_word' id='word_1_224' title='bbox 2121 1458 2223 1515; x_wconf 90' lang='lat' dir='ltr'><strong>Uhi</strong></span> <span class='ocrx_word' id='word_1_225' title='bbox 2258 1472 2476 1513; x_wconf 84' lang='lat' dir='ltr'><strong>satanas</strong></span> <span class='ocrx_word' id='word_1_226' title='bbox 2508 1459 2808 1536; x_wconf 68' lang='lat' dir='ltr'><strong>fragoribus</strong></span> <span class='ocrx_word' id='word_1_227' title='bbox 2836 1459 2984 1514; x_wconf 88' lang='lat' dir='ltr'><strong>circo</strong></span> <span class='ocrx_word' id='word_1_228' title='bbox 3011 1471 3286 1529; x_wconf 78' lang='lat' dir='ltr'><strong>Operatur.</strong></span> 
     </span>
    </p>
   </div>
   <div class='ocr_carea' id='block_1_36' title="bbox 2122 1551 3484 1623">
    <p class='ocr_par' dir='ltr' id='par_1_36' title="bbox 2122 1551 3484 1623">
     <span class='ocr_line' id='line_1_36' title="bbox 2122 1551 3484 1623; baseline 0 -17"><span class='ocrx_word' id='word_1_229' title='bbox 2122 1552 2310 1607; x_wconf 88' lang='lat' dir='ltr'><strong>Licere</strong></span> <span class='ocrx_word' id='word_1_230' title='bbox 2355 1551 2655 1622; x_wconf 82' lang='lat' dir='ltr'><strong>persuades</strong></span> <span class='ocrx_word' id='word_1_231' title='bbox 2689 1551 2784 1605; x_wconf 90' lang='lat' dir='ltr'><strong>tibi</strong></span> <span class='ocrx_word' id='word_1_232' title='bbox 2815 1551 3197 1621; x_wconf 77' lang='lat' dir='ltr'><strong>quodcumque</strong></span> <span class='ocrx_word' id='word_1_233' title='bbox 3229 1553 3484 1623; x_wconf 89' lang='lat' dir='ltr'><strong>placebit.</strong></span> 
     </span>
    </p>
   </div>
   <div class='ocr_carea' id='block_1_37' title="bbox 2120 1643 3378 1714">
    <p class='ocr_par' dir='ltr' id='par_1_37' title="bbox 2120 1643 3378 1714">
     <span class='ocr_line' id='line_1_37' title="bbox 2120 1643 3378 1714; baseline 0.002 -16"><span class='ocrx_word' id='word_1_234' title='bbox 2120 1644 2385 1699; x_wconf 84' lang='lat' dir='ltr'><strong>Altissitni</strong></span> <span class='ocrx_word' id='word_1_235' title='bbox 2412 1643 2627 1714; x_wconf 88' lang='lat' dir='ltr'><strong>proles;</strong></span> <span class='ocrx_word' id='word_1_236' title='bbox 2656 1660 2778 1698; x_wconf 91' lang='lat' dir='ltr'><strong>cum</strong></span> <span class='ocrx_word' id='word_1_237' title='bbox 2807 1645 2929 1698; x_wconf 87' lang='lat' dir='ltr'><strong>liliis</strong></span> <span class='ocrx_word' id='word_1_238' title='bbox 2959 1645 3143 1700; x_wconf 85' lang='lat' dir='ltr'><strong>Zabuli</strong></span> <span class='ocrx_word' id='word_1_239' title='bbox 3168 1646 3338 1701; x_wconf 84' lang='lat' dir='ltr'><strong>mixta</strong></span> <span class='ocrx_word' id='word_1_240' title='bbox 3365 1688 3378 1713; x_wconf 90' lang='lat'><strong>,</strong></span> 
     </span>
    </p>
   </div>
   <div class='ocr_carea' id='block_1_38' title="bbox 2123 1737 3566 1808">
    <p class='ocr_par' dir='ltr' id='par_1_38' title="bbox 2123 1737 3566 1808">
     <span class='ocr_line' id='line_1_38' title="bbox 2123 1737 3566 1808; baseline 0.001 -16"><span class='ocrx_word' id='word_1_241' title='bbox 2123 1738 2414 1807; x_wconf 77' lang='lat' dir='ltr'><strong>Respicere</strong></span> <span class='ocrx_word' id='word_1_242' title='bbox 2462 1751 2590 1791; x_wconf 87' lang='lat' dir='ltr'><strong>num</strong></span> <span class='ocrx_word' id='word_1_243' title='bbox 2622 1737 2702 1790; x_wconf 90' lang='lat' dir='ltr'><strong>vis</strong></span> <span class='ocrx_word' id='word_1_244' title='bbox 2724 1779 2738 1802; x_wconf 94' lang='lat'><strong>,</strong></span> <span class='ocrx_word' id='word_1_245' title='bbox 2768 1738 2923 1807; x_wconf 84' lang='lat' dir='ltr'><strong>queis</strong></span> <span class='ocrx_word' id='word_1_246' title='bbox 2949 1739 3306 1805; x_wconf 88' lang='lat' dir='ltr'><strong>renuntiasti,</strong></span> <span class='ocrx_word' id='word_1_247' title='bbox 3340 1740 3566 1808; x_wconf 82' lang='lat' dir='ltr'><strong>priora?</strong></span> 
     </span>
    </p>
   </div>
   <div class='ocr_carea' id='block_1_39' title="bbox 2129 1828 3524 1899">
    <p class='ocr_par' dir='ltr' id='par_1_39' title="bbox 2129 1828 3524 1899">
     <span class='ocr_line' id='line_1_39' title="bbox 2129 1828 3524 1899; baseline -0.001 -15"><span class='ocrx_word' id='word_1_248' title='bbox 2129 1829 2185 1884; x_wconf 90' lang='lat' dir='ltr'><strong>In</strong></span> <span class='ocrx_word' id='word_1_249' title='bbox 2211 1829 2344 1899; x_wconf 90' lang='lat' dir='ltr'><strong>ipsis</strong></span> <span class='ocrx_word' id='word_1_250' title='bbox 2369 1829 2602 1883; x_wconf 86' lang='lat' dir='ltr'><strong>versaris</strong></span> <span class='ocrx_word' id='word_1_251' title='bbox 2635 1828 2828 1882; x_wconf 89' lang='lat' dir='ltr'><strong>iterum</strong></span> <span class='ocrx_word' id='word_1_252' title='bbox 2851 1871 2865 1893; x_wconf 91' lang='lat'><strong>,</strong></span> <span class='ocrx_word' id='word_1_253' title='bbox 2898 1828 3023 1898; x_wconf 88' lang='lat' dir='ltr'><strong>quid</strong></span> <span class='ocrx_word' id='word_1_254' title='bbox 3056 1828 3300 1898; x_wconf 89' lang='lat' dir='ltr'><strong>proderit</strong></span> <span class='ocrx_word' id='word_1_255' title='bbox 3333 1829 3524 1886; x_wconf 86' lang='lat' dir='ltr'><strong>Unus?</strong></span> 
     </span>
    </p>
   </div>
   <div class='ocr_carea' id='block_1_40' title="bbox 2046 1916 3610 2007">
    <p class='ocr_par' dir='ltr' id='par_1_40' title="bbox 2046 1916 3610 2007">
     <span class='ocr_line' id='line_1_40' title="bbox 2046 1916 3610 2007; baseline 0 -28"><span class='ocrx_word' id='word_1_256' title='bbox 2046 1948 2093 2007; x_wconf 78' lang='grc' dir='ltr'><strong>Β</strong></span> <span class='ocrx_word' id='word_1_257' title='bbox 2123 1923 2230 1979; x_wconf 87' lang='lat' dir='ltr'><strong>Aut</strong></span> <span class='ocrx_word' id='word_1_258' title='bbox 2256 1923 2299 1987; x_wconf 89' lang='lat' dir='ltr'><strong>si</strong></span> <span class='ocrx_word' id='word_1_259' title='bbox 2333 1936 2429 1991; x_wconf 92' lang='lat' dir='ltr'><strong>pro</strong></span> <span class='ocrx_word' id='word_1_260' title='bbox 2461 1922 2720 1992; x_wconf 79' lang='lat' dir='ltr'><strong>languore</strong></span> <span class='ocrx_word' id='word_1_261' title='bbox 2743 1920 2964 1988; x_wconf 85' lang='lat' dir='ltr'><strong>datum;</strong></span> <span class='ocrx_word' id='word_1_262' title='bbox 2991 1923 3134 1992; x_wconf 91' lang='lat' dir='ltr'><strong>quod</strong></span> <span class='ocrx_word' id='word_1_263' title='bbox 3163 1916 3325 1978; x_wconf 89' lang='lat' dir='ltr'><strong>stulte</strong></span> <span class='ocrx_word' id='word_1_264' title='bbox 3356 1925 3610 1994; x_wconf 81' lang='lat' dir='ltr'><strong>profanus</strong></span> 
     </span>
    </p>
   </div>
   <div class='ocr_carea' id='block_1_41' title="bbox 2119 2107 3568 2179">
    <p class='ocr_par' dir='ltr' id='par_1_41' title="bbox 2119 2107 3568 2179">
     <span class='ocr_line' id='line_1_41' title="bbox 2119 2107 3568 2179; baseline 0.001 -17"><span class='ocrx_word' id='word_1_265' title='bbox 2119 2107 2546 2177; x_wconf 84' lang='lat' dir='ltr'><strong>Nolitediligere</strong></span> <span class='ocrx_word' id='word_1_266' title='bbox 2577 2107 2874 2171; x_wconf 85' lang='lat' dir='ltr'><strong>mundum,</strong></span> <span class='ocrx_word' id='word_1_267' title='bbox 2910 2111 3085 2176; x_wconf 79' lang='lat' dir='ltr'><strong>neque</strong></span> <span class='ocrx_word' id='word_1_268' title='bbox 3114 2107 3375 2162; x_wconf 90' lang='lat' dir='ltr'><strong>ambitum</strong></span> <span class='ocrx_word' id='word_1_269' title='bbox 3407 2108 3524 2179; x_wconf 86' lang='lat' dir='ltr'><strong>ejus</strong></span> <span class='ocrx_word' id='word_1_270' title='bbox 3557 2126 3568 2163; x_wconf 86' lang='lat'><strong>:</strong></span> 
     </span>
    </p>
   </div>
   <div class='ocr_carea' id='block_1_42' title="bbox 2117 2200 3401 2270">
    <p class='ocr_par' dir='ltr' id='par_1_42' title="bbox 2117 2200 3401 2270">
     <span class='ocr_line' id='line_1_42' title="bbox 2117 2200 3401 2270; baseline 0 -14"><span class='ocrx_word' id='word_1_271' title='bbox 2117 2202 2289 2256; x_wconf 89' lang='lat' dir='ltr'><strong>Tanta</strong></span> <span class='ocrx_word' id='word_1_272' title='bbox 2319 2202 2408 2256; x_wconf 91' lang='lat' dir='ltr'><strong>Dei</strong></span> <span class='ocrx_word' id='word_1_273' title='bbox 2443 2216 2547 2256; x_wconf 92' lang='lat' dir='ltr'><strong>vox</strong></span> <span class='ocrx_word' id='word_1_274' title='bbox 2576 2209 2692 2266; x_wconf 91' lang='lat' dir='ltr'><strong>est,</strong></span> <span class='ocrx_word' id='word_1_275' title='bbox 2737 2209 2791 2255; x_wconf 92' lang='lat' dir='ltr'><strong>et</strong></span> <span class='ocrx_word' id='word_1_276' title='bbox 2821 2201 2917 2254; x_wconf 90' lang='lat' dir='ltr'><strong>tibi</strong></span> <span class='ocrx_word' id='word_1_277' title='bbox 2953 2202 3118 2270; x_wconf 89' lang='lat' dir='ltr'><strong>proba</strong></span> <span class='ocrx_word' id='word_1_278' title='bbox 3160 2200 3401 2256; x_wconf 89' lang='lat' dir='ltr'><strong>videtur.</strong></span> 
     </span>
    </p>
   </div>
   <div class='ocr_carea' id='block_1_43' title="bbox 2116 2293 3538 2358">
    <p class='ocr_par' dir='ltr' id='par_1_43' title="bbox 2116 2293 3538 2358">
     <span class='ocr_line' id='line_1_43' title="bbox 2116 2293 3538 2358; baseline 0.001 -9"><span class='ocrx_word' id='word_1_279' title='bbox 2116 2294 2384 2350; x_wconf 83' lang='lat' dir='ltr'><strong>Observas</strong></span> <span class='ocrx_word' id='word_1_280' title='bbox 2427 2294 2744 2348; x_wconf 88' lang='lat' dir='ltr'><strong>mandatum</strong></span> <span class='ocrx_word' id='word_1_281' title='bbox 2774 2293 3042 2356; x_wconf 85' lang='lat' dir='ltr'><strong>hominis.</strong></span> <span class='ocrx_word' id='word_1_282' title='bbox 3077 2305 3129 2349; x_wconf 91' lang='lat' dir='ltr'><strong>et</strong></span> <span class='ocrx_word' id='word_1_283' title='bbox 3162 2295 3257 2350; x_wconf 90' lang='lat' dir='ltr'><strong>Dei</strong></span> <span class='ocrx_word' id='word_1_284' title='bbox 3290 2295 3538 2358; x_wconf 86' lang='lat' dir='ltr'><strong>devitas;</strong></span> 
     </span>
    </p>
   </div>
   <div class='ocr_carea' id='block_1_44' title="bbox 2117 2385 3552 2459">
    <p class='ocr_par' dir='ltr' id='par_1_44' title="bbox 2117 2385 3552 2459">
     <span class='ocr_line' id='line_1_44' title="bbox 2117 2385 3552 2459; baseline 0.003 -18"><span class='ocrx_word' id='word_1_285' title='bbox 2117 2387 2195 2441; x_wconf 89' lang='lat' dir='ltr'><strong>Tu</strong></span> <span class='ocrx_word' id='word_1_286' title='bbox 2229 2386 2348 2441; x_wconf 81' lang='lat' dir='ltr'><strong>ﬁdis</strong></span> <span class='ocrx_word' id='word_1_287' title='bbox 2377 2387 2620 2451; x_wconf 86' lang='lat' dir='ltr'><strong>muneri,</strong></span> <span class='ocrx_word' id='word_1_288' title='bbox 2649 2401 2756 2456; x_wconf 87' lang='lat' dir='ltr'><strong>quo</strong></span> <span class='ocrx_word' id='word_1_289' title='bbox 2786 2385 3039 2442; x_wconf 89' lang='lat' dir='ltr'><strong>doctores</strong></span> <span class='ocrx_word' id='word_1_290' title='bbox 3062 2397 3158 2442; x_wconf 79' lang='lat' dir='ltr'><strong>ora</strong></span> <span class='ocrx_word' id='word_1_291' title='bbox 3188 2389 3513 2459; x_wconf 89' lang='lat' dir='ltr'><strong>procludunt</strong></span> <span class='ocrx_word' id='word_1_292' title='bbox 3537 2433 3552 2459; x_wconf 90' lang='lat'><strong>,</strong></span> 
     </span>
    </p>
   </div>
   <div class='ocr_carea' id='block_1_45' title="bbox 2117 2478 3412 2549">
    <p class='ocr_par' dir='ltr' id='par_1_45' title="bbox 2117 2478 3412 2549">
     <span class='ocr_line' id='line_1_45' title="bbox 2117 2478 3412 2549; baseline 0.001 -14"><span class='ocrx_word' id='word_1_293' title='bbox 2117 2479 2187 2535; x_wconf 90' lang='lat' dir='ltr'><strong>Ut</strong></span> <span class='ocrx_word' id='word_1_294' title='bbox 2219 2488 2464 2546; x_wconf 90' lang='lat' dir='ltr'><strong>taceant,</strong></span> <span class='ocrx_word' id='word_1_295' title='bbox 2499 2494 2674 2548; x_wconf 87' lang='lat' dir='ltr'><strong>neque</strong></span> <span class='ocrx_word' id='word_1_296' title='bbox 2695 2478 2878 2534; x_wconf 86' lang='lat' dir='ltr'><strong>dicant</strong></span> <span class='ocrx_word' id='word_1_297' title='bbox 2905 2479 3000 2534; x_wconf 89' lang='lat' dir='ltr'><strong>tibi</strong></span> <span class='ocrx_word' id='word_1_298' title='bbox 3029 2480 3180 2549; x_wconf 87' lang='lat' dir='ltr'><strong>jussa</strong></span> <span class='ocrx_word' id='word_1_299' title='bbox 3209 2481 3412 2537; x_wconf 87' lang='lat' dir='ltr'><strong>divina.</strong></span> 
     </span>
    </p>
   </div>
   <div class='ocr_carea' id='block_1_46' title="bbox 2116 2571 3729 2644">
    <p class='ocr_par' dir='ltr' id='par_1_46' title="bbox 2116 2571 3729 2644">
     <span class='ocr_line' id='line_1_46' title="bbox 2116 2571 3729 2644; baseline 0.001 -16"><span class='ocrx_word' id='word_1_300' title='bbox 2116 2572 2201 2628; x_wconf 82' lang='lat' dir='ltr'><strong>Me</strong></span> <span class='ocrx_word' id='word_1_301' title='bbox 2233 2588 2355 2627; x_wconf 88' lang='lat' dir='ltr'><strong>vera</strong></span> <span class='ocrx_word' id='word_1_302' title='bbox 2385 2571 2690 2638; x_wconf 89' lang='lat' dir='ltr'><strong>dicentem,</strong></span> <span class='ocrx_word' id='word_1_303' title='bbox 2723 2572 2865 2627; x_wconf 92' lang='lat' dir='ltr'><strong>sicut</strong></span> <span class='ocrx_word' id='word_1_304' title='bbox 2891 2573 3116 2638; x_wconf 84' lang='lat' dir='ltr'><strong>teneris,</strong></span> <span class='ocrx_word' id='word_1_305' title='bbox 3138 2576 3390 2644; x_wconf 91' lang='lat' dir='ltr'><strong>prospice</strong></span> <span class='ocrx_word' id='word_1_306' title='bbox 3411 2588 3684 2630; x_wconf 90' lang='lat' dir='ltr'><strong>summum</strong></span> <span class='ocrx_word' id='word_1_307' title='bbox 3715 2594 3729 2630; x_wconf 92' lang='lat'><strong>:</strong></span> 
     </span>
    </p>
   </div>
   <div class='ocr_carea' id='block_1_47' title="bbox 1793 2707 2356 2769">
    <p class='ocr_par' dir='ltr' id='par_1_47' title="bbox 1793 2707 2356 2769">
     <span class='ocr_line' id='line_1_47' title="bbox 1793 2707 2356 2769; baseline -0.012 0"><span class='ocrx_word' id='word_1_308' title='bbox 1793 2707 2356 2769; x_wconf 77' lang='lat' dir='ltr'><strong>COMMENTARIUS.</strong></span> 
     </span>
    </p>
   </div>
   <div class='ocr_carea' id='block_1_48' title="bbox 403 2853 2010 2926">
    <p class='ocr_par' dir='ltr' id='par_1_48' title="bbox 403 2853 2010 2926">
     <span class='ocr_line' id='line_1_48' title="bbox 403 2853 2010 2926; baseline 0.001 -19"><span class='ocrx_word' id='word_1_309' title='bbox 403 2853 588 2926; x_wconf 80' lang='lat' dir='ltr'><strong>vivere</strong></span> <span class='ocrx_word' id='word_1_310' title='bbox 618 2854 740 2919; x_wconf 91' lang='lat' dir='ltr'><strong>isti,</strong></span> <span class='ocrx_word' id='word_1_311' title='bbox 775 2856 978 2925; x_wconf 84' lang='lat' dir='ltr'><strong>inquit,</strong></span> <span class='ocrx_word' id='word_1_312' title='bbox 1010 2858 1198 2912; x_wconf 91' lang='lat' dir='ltr'><strong>nolunt</strong></span> <span class='ocrx_word' id='word_1_313' title='bbox 1222 2900 1235 2922; x_wconf 93' lang='lat'><strong>,</strong></span> <span class='ocrx_word' id='word_1_314' title='bbox 1266 2859 1332 2913; x_wconf 89' lang='lat' dir='ltr'><strong>ab</strong></span> <span class='ocrx_word' id='word_1_315' title='bbox 1362 2857 1522 2912; x_wconf 88' lang='lat' dir='ltr'><strong>idolis</strong></span> <span class='ocrx_word' id='word_1_316' title='bbox 1554 2857 1750 2926; x_wconf 89' lang='lat' dir='ltr'><strong>respici</strong></span> <span class='ocrx_word' id='word_1_317' title='bbox 1777 2856 2010 2911; x_wconf 90' lang='lat' dir='ltr'><strong>debent:</strong></span> 
     </span>
    </p>
   </div>
   <div class='ocr_carea' id='block_1_49' title="bbox 403 2924 2008 2998">
    <p class='ocr_par' dir='ltr' id='par_1_49' title="bbox 403 2924 2008 2998">
     <span class='ocr_line' id='line_1_49' title="bbox 403 2924 2008 2998; baseline 0.002 -20"><span class='ocrx_word' id='word_1_318' title='bbox 403 2924 519 2998; x_wconf 77' lang='lat' dir='ltr'><strong>hoe</strong></span> <span class='ocrx_word' id='word_1_319' title='bbox 559 2934 674 2998; x_wconf 88' lang='lat' dir='ltr'><strong>est,</strong></span> <span class='ocrx_word' id='word_1_320' title='bbox 725 2927 794 2981; x_wconf 89' lang='lat' dir='ltr'><strong>ab</strong></span> <span class='ocrx_word' id='word_1_321' title='bbox 844 2924 1056 2984; x_wconf 57' lang='lat' dir='ltr'><strong>Satanae</strong></span> <span class='ocrx_word' id='word_1_322' title='bbox 1087 2930 1386 2995; x_wconf 87' lang='lat' dir='ltr'><strong>ministris,</strong></span> <span class='ocrx_word' id='word_1_323' title='bbox 1431 2929 1523 2998; x_wconf 88' lang='lat' dir='ltr'><strong>qui</strong></span> <span class='ocrx_word' id='word_1_324' title='bbox 1579 2924 1895 2983; x_wconf 84' lang='lat' dir='ltr'><strong>nidulantur</strong></span> <span class='ocrx_word' id='word_1_325' title='bbox 1954 2929 2008 2982; x_wconf 90' lang='lat' dir='ltr'><strong>in</strong></span> 
     </span>
    </p>
   </div>
   <div class='ocr_carea' id='block_1_50' title="bbox 406 2996 1162 3056">
    <p class='ocr_par' dir='ltr' id='par_1_50' title="bbox 406 2996 1162 3056">
     <span class='ocr_line' id='line_1_50' title="bbox 406 2996 1162 3056; baseline 0.004 -5"><span class='ocrx_word' id='word_1_326' title='bbox 406 2996 553 3051; x_wconf 89' lang='lat' dir='ltr'><strong>cavis</strong></span> <span class='ocrx_word' id='word_1_327' title='bbox 578 2997 1011 3054; x_wconf 88' lang='lat' dir='ltr'><strong>simulacrorum.</strong></span> <span class='ocrx_word' id='word_1_328' title='bbox 1042 3000 1162 3056; x_wconf 82' lang='lat' dir='ltr'><strong>th.</strong></span> 
     </span>
    </p>
   </div>
   <div class='ocr_carea' id='block_1_51' title="bbox 402 3067 2007 3193">
    <p class='ocr_par' dir='ltr' id='par_1_51' title="bbox 402 3067 2007 3193">
     <span class='ocr_line' id='line_1_51' title="bbox 402 3067 2007 3193; baseline 0.002 -72"><span class='ocrx_word' id='word_1_329' title='bbox 402 3067 561 3193; x_wconf 52' lang='grc' dir='ltr'><strong>Ἡρα</strong></span> <span class='ocrx_word' id='word_1_330' title='bbox 585 3070 774 3123; x_wconf 86' lang='lat' dir='ltr'><strong>semine</strong></span> <span class='ocrx_word' id='word_1_331' title='bbox 801 3071 933 3125; x_wconf 82' lang='lat' dir='ltr'><strong>lolii.</strong></span> <span class='ocrx_word' id='word_1_332' title='bbox 965 3072 1100 3126; x_wconf 89' lang='lat' dir='ltr'><strong>Lolii</strong></span> <span class='ocrx_word' id='word_1_333' title='bbox 1131 3071 1381 3142; x_wconf 85' lang='lat' dir='ltr'><strong>parabola</strong></span> <span class='ocrx_word' id='word_1_334' title='bbox 1411 3070 1608 3140; x_wconf 80' lang='lat' dir='ltr'><strong>legitur</strong></span> <span class='ocrx_word' id='word_1_335' title='bbox 1636 3070 1973 3193; x_wconf 46' lang='lat' dir='ltr'><strong>hla;,t)l‘t‘;;sxttt</strong></span> <span class='ocrx_word' id='word_1_336' title='bbox 1995 3113 2007 3134; x_wconf 89' lang='lat'><strong>,</strong></span> 
     </span>
    </p>
   </div>
   <div class='ocr_carea' id='block_1_52' title="bbox 405 3144 1900 3197">
    <p class='ocr_par' dir='ltr' id='par_1_52' title="bbox 405 3144 1900 3197">
     <span class='ocr_line' id='line_1_52' title="bbox 405 3144 1900 3197; baseline 0.003 -5"><span class='ocrx_word' id='word_1_337' title='bbox 405 3144 497 3193; x_wconf 72' lang='grc'><strong>24.</strong></span> <span class='ocrx_word' id='word_1_338' title='bbox 1719 3144 1900 3197; x_wconf 72' lang='lat' dir='ltr'><strong>Daris.</strong></span> 
     </span>
    </p>
   </div>
   <div class='ocr_carea' id='block_1_53' title="bbox 479 3197 2082 3284">
    <p class='ocr_par' dir='ltr' id='par_1_53' title="bbox 479 3197 2082 3284">
     <span class='ocr_line' id='line_1_53' title="bbox 479 3197 2082 3284; baseline 0.001 -20"><span class='ocrx_word' id='word_1_339' title='bbox 479 3209 588 3266; x_wconf 68' lang='lat' dir='ltr'><strong>Leu:</strong></span> <span class='ocrx_word' id='word_1_340' title='bbox 625 3229 748 3284; x_wconf 76' lang='lat' dir='ltr'><strong>ager</strong></span> <span class='ocrx_word' id='word_1_341' title='bbox 775 3214 916 3268; x_wconf 83' lang='lat' dir='ltr'><strong>nobis</strong></span> <span class='ocrx_word' id='word_1_342' title='bbox 955 3224 1047 3268; x_wconf 88' lang='lat' dir='ltr'><strong>est.</strong></span> <span class='ocrx_word' id='word_1_343' title='bbox 1096 3215 1220 3276; x_wconf 69' lang='lat' dir='ltr'><strong>Agri</strong></span> <span class='ocrx_word' id='word_1_344' title='bbox 1255 3215 1507 3282; x_wconf 86' lang='lat' dir='ltr'><strong>parabola</strong></span> <span class='ocrx_word' id='word_1_345' title='bbox 1557 3214 1826 3284; x_wconf 80' lang='lat' dir='ltr'><strong>signiﬁcat</strong></span> <span class='ocrx_word' id='word_1_346' title='bbox 1855 3213 2009 3266; x_wconf 88' lang='lat' dir='ltr'><strong>nobis</strong></span> <span class='ocrx_word' id='word_1_347' title='bbox 2038 3197 2082 3257; x_wconf 79' lang='lat' dir='ltr'><strong>C</strong></span> 
     </span>
    </p>
   </div>
   <div class='ocr_carea' id='block_1_54' title="bbox 404 3281 2009 3356">
    <p class='ocr_par' dir='ltr' id='par_1_54' title="bbox 404 3281 2009 3356">
     <span class='ocr_line' id='line_1_54' title="bbox 404 3281 2009 3356; baseline 0 -20"><span class='ocrx_word' id='word_1_348' title='bbox 404 3283 578 3356; x_wconf 80' lang='lat' dir='ltr'><strong>legem</strong></span> <span class='ocrx_word' id='word_1_349' title='bbox 638 3281 860 3339; x_wconf 83' lang='lat' dir='ltr'><strong>Christi.</strong></span> <span class='ocrx_word' id='word_1_350' title='bbox 911 3284 1032 3354; x_wconf 90' lang='lat' dir='ltr'><strong>Ipse</strong></span> <span class='ocrx_word' id='word_1_351' title='bbox 1071 3281 1362 3341; x_wconf 81' lang='lat' dir='ltr'><strong>Christus:</strong></span> <span class='ocrx_word' id='word_1_352' title='bbox 1400 3284 1513 3356; x_wconf 83' lang='lat' dir='ltr'><strong>Ego</strong></span> <span class='ocrx_word' id='word_1_353' title='bbox 1569 3281 1681 3339; x_wconf 76' lang='lat' dir='ltr'><strong>sum</strong></span> <span class='ocrx_word' id='word_1_354' title='bbox 1725 3286 1840 3339; x_wconf 85' lang='lat' dir='ltr'><strong>vitis</strong></span> <span class='ocrx_word' id='word_1_355' title='bbox 1892 3301 2009 3339; x_wconf 87' lang='lat' dir='ltr'><strong>vera</strong></span> 
     </span>
    </p>
   </div>
   <div class='ocr_carea' id='block_1_55' title="bbox 405 3354 814 3428">
    <p class='ocr_par' dir='ltr' id='par_1_55' title="bbox 405 3354 814 3428">
     <span class='ocr_line' id='line_1_55' title="bbox 405 3354 814 3428; baseline 0.005 -21"><span class='ocrx_word' id='word_1_356' title='bbox 405 3354 586 3428; x_wconf 79' lang='lat' dir='ltr'><strong>(Joan.</strong></span> <span class='ocrx_word' id='word_1_357' title='bbox 615 3371 701 3428; x_wconf 74' lang='lat' dir='ltr'><strong>xv,</strong></span> <span class='ocrx_word' id='word_1_358' title='bbox 738 3357 814 3428; x_wconf 67' lang='grc' dir='ltr'><strong>οι).</strong></span> 
     </span>
    </p>
   </div>
   <div class='ocr_carea' id='block_1_56' title="bbox 482 3425 2008 3501">
    <p class='ocr_par' dir='ltr' id='par_1_56' title="bbox 482 3425 2008 3501">
     <span class='ocr_line' id='line_1_56' title="bbox 482 3425 2008 3501; baseline -0.001 -20"><span class='ocrx_word' id='word_1_359' title='bbox 482 3425 698 3501; x_wconf 79' lang='lat' dir='ltr'><strong>Steriles</strong></span> <span class='ocrx_word' id='word_1_360' title='bbox 743 3425 1067 3482; x_wconf 74' lang='lat' dir='ltr'><strong>christianos.</strong></span> <span class='ocrx_word' id='word_1_361' title='bbox 1101 3429 1453 3499; x_wconf 84' lang='lat' dir='ltr'><strong>Infrugiferos</strong></span> <span class='ocrx_word' id='word_1_362' title='bbox 1475 3469 1488 3489; x_wconf 87' lang='lat'><strong>.</strong></span> <span class='ocrx_word' id='word_1_363' title='bbox 1522 3429 1735 3501; x_wconf 72' lang='grc' dir='ltr'><strong>ἀγόνους</strong></span> <span class='ocrx_word' id='word_1_364' title='bbox 1758 3470 1771 3492; x_wconf 93' lang='grc'><em>,</em></span> <span class='ocrx_word' id='word_1_365' title='bbox 1816 3427 2008 3498; x_wconf 80' lang='lat' dir='ltr'><strong>Spado-</strong></span> 
     </span>
    </p>
   </div>
   <div class='ocr_carea' id='block_1_57' title="bbox 401 3499 1488 3565">
    <p class='ocr_par' dir='ltr' id='par_1_57' title="bbox 401 3499 1488 3565">
     <span class='ocr_line' id='line_1_57' title="bbox 401 3499 1488 3565; baseline -0.001 -13"><span class='ocrx_word' id='word_1_366' title='bbox 401 3512 520 3552; x_wconf 89' lang='lat' dir='ltr'><strong>nes.</strong></span> <span class='ocrx_word' id='word_1_367' title='bbox 556 3499 820 3554; x_wconf 85' lang='lat' dir='ltr'><strong>honorum</strong></span> <span class='ocrx_word' id='word_1_368' title='bbox 851 3515 1073 3565; x_wconf 78' lang='lat' dir='ltr'><strong>operum</strong></span> <span class='ocrx_word' id='word_1_369' title='bbox 1104 3501 1334 3552; x_wconf 59' lang='lat' dir='ltr'><strong>stt-ritus.</strong></span> <span class='ocrx_word' id='word_1_370' title='bbox 1373 3502 1488 3554; x_wconf 80' lang='lat' dir='ltr'><strong>llic.</strong></span> 
     </span>
    </p>
   </div>
   <div class='ocr_carea' id='block_1_58' title="bbox 479 3568 2004 3639">
    <p class='ocr_par' dir='ltr' id='par_1_58' title="bbox 479 3568 2004 3639">
     <span class='ocr_line' id='line_1_58' title="bbox 479 3568 2004 3639; baseline 0.001 -18"><span class='ocrx_word' id='word_1_371' title='bbox 479 3568 854 3626; x_wconf 80' lang='lat' dir='ltr'><strong>Maledicta....</strong></span> <span class='ocrx_word' id='word_1_372' title='bbox 883 3572 1095 3639; x_wconf 82' lang='lat' dir='ltr'><strong>ﬁculna.</strong></span> <span class='ocrx_word' id='word_1_373' title='bbox 1125 3572 1260 3626; x_wconf 82' lang='lat' dir='ltr'><strong>Vide</strong></span> <span class='ocrx_word' id='word_1_374' title='bbox 1285 3571 1508 3629; x_wconf 80' lang='lat' dir='ltr'><strong>Matth.,</strong></span> <span class='ocrx_word' id='word_1_375' title='bbox 1539 3586 1645 3632; x_wconf 85' lang='lat' dir='ltr'><strong>xu,</strong></span> <span class='ocrx_word' id='word_1_376' title='bbox 1682 3572 1768 3622; x_wconf 78' lang='lat'><strong>19.</strong></span> <span class='ocrx_word' id='word_1_377' title='bbox 1821 3570 2004 3625; x_wconf 69' lang='lat' dir='ltr'><strong>strs.</strong></span> 
     </span>
    </p>
   </div>
   <div class='ocr_carea' id='block_1_59' title="bbox 483 3639 1980 3713">
    <p class='ocr_par' dir='ltr' id='par_1_59' title="bbox 483 3639 1980 3713">
     <span class='ocr_line' id='line_1_59' title="bbox 483 3639 1980 3713; baseline 0.001 -20"><span class='ocrx_word' id='word_1_378' title='bbox 483 3639 605 3694; x_wconf 85' lang='lat' dir='ltr'><strong>Non</strong></span> <span class='ocrx_word' id='word_1_379' title='bbox 655 3642 843 3696; x_wconf 82' lang='lat' dir='ltr'><strong>donum</strong></span> <span class='ocrx_word' id='word_1_380' title='bbox 891 3660 1018 3713; x_wconf 83' lang='lat' dir='ltr'><strong>gazu</strong></span> <span class='ocrx_word' id='word_1_381' title='bbox 1071 3644 1290 3712; x_wconf 86' lang='lat' dir='ltr'><strong>paratis.</strong></span> <span class='ocrx_word' id='word_1_382' title='bbox 1334 3642 1535 3697; x_wconf 82' lang='lat' dir='ltr'><strong>Gazam</strong></span> <span class='ocrx_word' id='word_1_383' title='bbox 1573 3643 1733 3707; x_wconf 86' lang='lat' dir='ltr'><strong>dicit,</strong></span> <span class='ocrx_word' id='word_1_384' title='bbox 1795 3642 1980 3695; x_wconf 77' lang='lat' dir='ltr'><strong>tltesau</strong></span> 
     </span>
    </p>
   </div>
   <div class='ocr_carea' id='block_1_60' title="bbox 407 3714 1978 3784">
    <p class='ocr_par' dir='ltr' id='par_1_60' title="bbox 407 3714 1978 3784">
     <span class='ocr_line' id='line_1_60' title="bbox 407 3714 1978 3784; baseline 0.002 -24"><span class='ocrx_word' id='word_1_385' title='bbox 407 3729 528 3784; x_wconf 73' lang='lat' dir='ltr'><strong>rum</strong></span> <span class='ocrx_word' id='word_1_386' title='bbox 559 3728 770 3784; x_wconf 82' lang='lat' dir='ltr'><strong>sacrum</strong></span> <span class='ocrx_word' id='word_1_387' title='bbox 791 3757 804 3777; x_wconf 84' lang='lat'><strong>,</strong></span> <span class='ocrx_word' id='word_1_388' title='bbox 835 3715 1127 3768; x_wconf 80' lang='lat' dir='ltr'><strong>corbonam</strong></span> <span class='ocrx_word' id='word_1_389' title='bbox 1154 3757 1167 3776; x_wconf 91' lang='lat'><strong>,</strong></span> <span class='ocrx_word' id='word_1_390' title='bbox 1198 3729 1385 3783; x_wconf 65' lang='lat' dir='ltr'><strong>ganatn</strong></span> <span class='ocrx_word' id='word_1_391' title='bbox 1420 3714 1675 3767; x_wconf 63' lang='lat' dir='ltr'><strong>Ecclesiar</strong></span> <span class='ocrx_word' id='word_1_392' title='bbox 1698 3757 1710 3775; x_wconf 79' lang='grc'><em>,</em></span> <span class='ocrx_word' id='word_1_393' title='bbox 1738 3715 1978 3784; x_wconf 66' lang='grc' dir='ltr'><strong>εντιχσιιιειγ</strong></span> 
     </span>
    </p>
   </div>
   <div class='ocr_carea' id='block_1_61' title="bbox 409 3783 2002 3855">
    <p class='ocr_par' dir='ltr' id='par_1_61' title="bbox 409 3783 2002 3855">
     <span class='ocr_line' id='line_1_61' title="bbox 409 3783 2002 3855; baseline 0 -18"><span class='ocrx_word' id='word_1_394' title='bbox 409 3783 627 3836; x_wconf 86' lang='lat' dir='ltr'><strong>lacium.</strong></span> <span class='ocrx_word' id='word_1_395' title='bbox 660 3783 821 3837; x_wconf 87' lang='lat' dir='ltr'><strong>lustr.</strong></span> <span class='ocrx_word' id='word_1_396' title='bbox 855 3802 998 3838; x_wconf 71' lang='lat' dir='ltr'><strong>vau</strong></span> <span class='ocrx_word' id='word_1_397' title='bbox 1033 3805 1044 3839; x_wconf 91' lang='lat'><strong>:</strong></span> <span class='ocrx_word' id='word_1_398' title='bbox 1074 3784 1140 3838; x_wconf 88' lang='grc' dir='ltr'><strong>1η</strong></span> <span class='ocrx_word' id='word_1_399' title='bbox 1167 3802 1293 3855; x_wconf 70' lang='lat' dir='ltr'><strong>gaza</strong></span> <span class='ocrx_word' id='word_1_400' title='bbox 1327 3796 1570 3851; x_wconf 81' lang='lat' dir='ltr'><strong>prteterca</strong></span> <span class='ocrx_word' id='word_1_401' title='bbox 1599 3790 1662 3836; x_wconf 69' lang='lat' dir='ltr'><strong>die</strong></span> <span class='ocrx_word' id='word_1_402' title='bbox 1690 3785 1859 3837; x_wconf 83' lang='lat' dir='ltr'><strong>labore</strong></span> <span class='ocrx_word' id='word_1_403' title='bbox 1885 3783 2002 3837; x_wconf 85' lang='lat' dir='ltr'><strong>mit-</strong></span> 
     </span>
    </p>
   </div>
   <div class='ocr_carea' id='block_1_62' title="bbox 413 3855 2006 3910">
    <p class='ocr_par' dir='ltr' id='par_1_62' title="bbox 413 3855 2006 3910">
     <span class='ocr_line' id='line_1_62' title="bbox 413 3855 2006 3910; baseline 0.001 -4"><span class='ocrx_word' id='word_1_404' title='bbox 413 3865 518 3906; x_wconf 80' lang='lat' dir='ltr'><strong>tere</strong></span> <span class='ocrx_word' id='word_1_405' title='bbox 544 3855 710 3908; x_wconf 76' lang='lat' dir='ltr'><strong>debes.</strong></span> <span class='ocrx_word' id='word_1_406' title='bbox 735 3857 922 3908; x_wconf 83' lang='lat' dir='ltr'><strong>Arcam</strong></span> <span class='ocrx_word' id='word_1_407' title='bbox 951 3857 1159 3910; x_wconf 53' lang='lat' dir='ltr'><strong>dixerat</strong></span> <span class='ocrx_word' id='word_1_408' title='bbox 1184 3856 1547 3909; x_wconf 81' lang='lat' dir='ltr'><strong>Tertullianus</strong></span> <span class='ocrx_word' id='word_1_409' title='bbox 1575 3874 1588 3908; x_wconf 88' lang='lat'>:</span> <span class='ocrx_word' id='word_1_410' title='bbox 1618 3857 1705 3908; x_wconf 84' lang='lat' dir='ltr'><strong>alii</strong></span> <span class='ocrx_word' id='word_1_411' title='bbox 1739 3857 2006 3908; x_wconf 76' lang='lat' dir='ltr'><strong>conc/tam.</strong></span> 
     </span>
    </p>
   </div>
   <div class='ocr_carea' id='block_1_63' title="bbox 414 3925 2007 3995">
    <p class='ocr_par' dir='ltr' id='par_1_63' title="bbox 414 3925 2007 3995">
     <span class='ocr_line' id='line_1_63' title="bbox 414 3925 2007 3995; baseline 0.001 -17"><span class='ocrx_word' id='word_1_412' title='bbox 414 3925 548 3978; x_wconf 58' lang='lat' dir='ltr'><strong>I-Ieic</strong></span> <span class='ocrx_word' id='word_1_413' title='bbox 577 3926 737 3995; x_wconf 85' lang='lat' dir='ltr'><strong>igitur</strong></span> <span class='ocrx_word' id='word_1_414' title='bbox 766 3926 1194 3983; x_wconf 88' lang='lat' dir='ltr'><strong>Commodianus</strong></span> <span class='ocrx_word' id='word_1_415' title='bbox 1223 3927 1435 3981; x_wconf 61' lang='lat' dir='ltr'><strong>steriles</strong></span> <span class='ocrx_word' id='word_1_416' title='bbox 1463 3927 1787 3982; x_wconf 84' lang='lat' dir='ltr'><strong>christianos</strong></span> <span class='ocrx_word' id='word_1_417' title='bbox 1819 3928 2007 3995; x_wconf 85' lang='lat' dir='ltr'><strong>appel-</strong></span> 
     </span>
    </p>
   </div>
   <div class='ocr_carea' id='block_1_64' title="bbox 409 3997 2009 4068">
    <p class='ocr_par' dir='ltr' id='par_1_64' title="bbox 409 3997 2009 4068">
     <span class='ocr_line' id='line_1_64' title="bbox 409 3997 2009 4068; baseline 0 -18"><span class='ocrx_word' id='word_1_418' title='bbox 409 3997 646 4068; x_wconf 13' lang='lat' dir='ltr'><strong>lat,’qui</strong></span> <span class='ocrx_word' id='word_1_419' title='bbox 680 3998 746 4053; x_wconf 90' lang='lat' dir='ltr'><strong>de</strong></span> <span class='ocrx_word' id='word_1_420' title='bbox 781 3999 1122 4052; x_wconf 77' lang='lat' dir='ltr'><strong>facultatibus</strong></span> <span class='ocrx_word' id='word_1_421' title='bbox 1147 4000 1256 4050; x_wconf 81' lang='lat' dir='ltr'><strong>Suis</strong></span> <span class='ocrx_word' id='word_1_422' title='bbox 1290 3999 1341 4049; x_wconf 91' lang='lat' dir='ltr'><strong>in</strong></span> <span class='ocrx_word' id='word_1_423' title='bbox 1373 4013 1501 4051; x_wconf 85' lang='lat' dir='ltr'><strong>usus</strong></span> <span class='ocrx_word' id='word_1_424' title='bbox 1543 4013 1835 4068; x_wconf 77' lang='lat' dir='ltr'><strong>pauperum</strong></span> <span class='ocrx_word' id='word_1_425' title='bbox 1880 3999 2009 4051; x_wconf 80' lang='lat' dir='ltr'><strong>nihil</strong></span> 
     </span>
    </p>
   </div>
   <div class='ocr_carea' id='block_1_65' title="bbox 411 4067 2011 4139">
    <p class='ocr_par' dir='ltr' id='par_1_65' title="bbox 411 4067 2011 4139">
     <span class='ocr_line' id='line_1_65' title="bbox 411 4067 2011 4139; baseline -0.001 -17"><span class='ocrx_word' id='word_1_426' title='bbox 411 4067 784 4122; x_wconf 84' lang='lat' dir='ltr'><strong>conferebant.</strong></span> <span class='ocrx_word' id='word_1_427' title='bbox 823 4070 968 4123; x_wconf 87' lang='lat' dir='ltr'><strong>llanc</strong></span> <span class='ocrx_word' id='word_1_428' title='bbox 998 4071 1339 4122; x_wconf 86' lang='lat' dir='ltr'><strong>sterilitatem</strong></span> <span class='ocrx_word' id='word_1_429' title='bbox 1373 4067 1671 4139; x_wconf 83' lang='lat' dir='ltr'><strong>Cyprianus</strong></span> <span class='ocrx_word' id='word_1_430' title='bbox 1711 4069 2011 4136; x_wconf 77' lang='lat' dir='ltr'><strong>sacrilegam</strong></span> 
     </span>
    </p>
   </div>
   <div class='ocr_carea' id='block_1_66' title="bbox 409 4140 2007 4209">
    <p class='ocr_par' dir='ltr' id='par_1_66' title="bbox 409 4140 2007 4209">
     <span class='ocr_line' id='line_1_66' title="bbox 409 4140 2007 4209; baseline -0.001 -15"><span class='ocrx_word' id='word_1_431' title='bbox 409 4155 531 4194; x_wconf 88' lang='lat' dir='ltr'><strong>esse</strong></span> <span class='ocrx_word' id='word_1_432' title='bbox 579 4140 687 4206; x_wconf 88' lang='lat' dir='ltr'><strong>ait,</strong></span> <span class='ocrx_word' id='word_1_433' title='bbox 744 4140 833 4194; x_wconf 88' lang='lat' dir='ltr'><strong>lib.</strong></span> <span class='ocrx_word' id='word_1_434' title='bbox 875 4142 943 4194; x_wconf 91' lang='lat' dir='ltr'><strong>de</strong></span> <span class='ocrx_word' id='word_1_435' title='bbox 1001 4142 1177 4209; x_wconf 79' lang='lat' dir='ltr'><strong>Opere</strong></span> <span class='ocrx_word' id='word_1_436' title='bbox 1223 4150 1271 4193; x_wconf 90' lang='lat' dir='ltr'><strong>et</strong></span> <span class='ocrx_word' id='word_1_437' title='bbox 1326 4141 1692 4206; x_wconf 78' lang='lat' dir='ltr'><strong>eleemosvna.</strong></span> <span class='ocrx_word' id='word_1_438' title='bbox 1732 4141 2007 4208; x_wconf 86' lang='lat' dir='ltr'><strong>Paulinus,</strong></span> 
     </span>
    </p>
   </div>
   <div class='ocr_carea' id='block_1_67' title="bbox 409 4211 1996 4280">
    <p class='ocr_par' dir='ltr' id='par_1_67' title="bbox 409 4211 1996 4280">
     <span class='ocr_line' id='line_1_67' title="bbox 409 4211 1996 4280; baseline 0 -15"><span class='ocrx_word' id='word_1_439' title='bbox 409 4211 569 4278; x_wconf 84' lang='lat' dir='ltr'><strong>epist.</strong></span> <span class='ocrx_word' id='word_1_440' title='bbox 614 4227 793 4276; x_wconf 71' lang='lat' dir='ltr'><strong>xulv,</strong></span> <span class='ocrx_word' id='word_1_441' title='bbox 831 4213 1006 4265; x_wconf 82' lang='lat' dir='ltr'><strong>aridas</strong></span> <span class='ocrx_word' id='word_1_442' title='bbox 1038 4229 1216 4264; x_wconf 84' lang='lat' dir='ltr'><strong>manus</strong></span> <span class='ocrx_word' id='word_1_443' title='bbox 1246 4211 1381 4265; x_wconf 73' lang='lat' dir='ltr'><strong>dixit</strong></span> <span class='ocrx_word' id='word_1_444' title='bbox 1420 4227 1607 4263; x_wconf 86' lang='lat' dir='ltr'><strong>eorum</strong></span> <span class='ocrx_word' id='word_1_445' title='bbox 1638 4213 1725 4275; x_wconf 85' lang='lat' dir='ltr'><strong>qui</strong></span> <span class='ocrx_word' id='word_1_446' title='bbox 1762 4212 1996 4280; x_wconf 76' lang='lat' dir='ltr'><strong>neglige-</strong></span> 
     </span>
    </p>
   </div>
   <div class='ocr_carea' id='block_1_68' title="bbox 419 4281 2009 4353">
    <p class='ocr_par' dir='ltr' id='par_1_68' title="bbox 419 4281 2009 4353">
     <span class='ocr_line' id='line_1_68' title="bbox 419 4281 2009 4353; baseline -0.001 -19"><span class='ocrx_word' id='word_1_447' title='bbox 419 4281 546 4335; x_wconf 83' lang='lat' dir='ltr'><strong>bant</strong></span> <span class='ocrx_word' id='word_1_448' title='bbox 590 4283 641 4336; x_wconf 92' lang='lat' dir='ltr'><strong>in</strong></span> <span class='ocrx_word' id='word_1_449' title='bbox 691 4284 923 4337; x_wconf 53' lang='lat' dir='ltr'><strong>Ecclesia</strong></span> <span class='ocrx_word' id='word_1_450' title='bbox 973 4285 1196 4353; x_wconf 62' lang='lat' dir='ltr'><strong>positam</strong></span> <span class='ocrx_word' id='word_1_451' title='bbox 1244 4297 1289 4335; x_wconf 45' lang='lat' dir='ltr'><strong>a&#39;</strong></span> <span class='ocrx_word' id='word_1_452' title='bbox 1326 4283 1556 4336; x_wconf 89' lang='lat' dir='ltr'><strong>Domino</strong></span> <span class='ocrx_word' id='word_1_453' title='bbox 1627 4299 1863 4336; x_wconf 84' lang='lat' dir='ltr'><strong>mensam</strong></span> <span class='ocrx_word' id='word_1_454' title='bbox 1926 4284 2009 4335; x_wconf 82' lang='lat' dir='ltr'><strong>in-</strong></span> 
     </span>
    </p>
   </div>
   <div class='ocr_carea' id='block_1_69' title="bbox 412 4352 2011 4424">
    <p class='ocr_par' dir='ltr' id='par_1_69' title="bbox 412 4352 2011 4424">
     <span class='ocr_line' id='line_1_69' title="bbox 412 4352 2011 4424; baseline 0.001 -18"><span class='ocrx_word' id='word_1_455' title='bbox 412 4353 737 4419; x_wconf 81' lang='lat' dir='ltr'><strong>digentibus.</strong></span> <span class='ocrx_word' id='word_1_456' title='bbox 799 4352 1012 4406; x_wconf 25' lang='lat' dir='ltr'><strong>Idmu’:</strong></span> <span class='ocrx_word' id='word_1_457' title='bbox 1061 4352 1292 4408; x_wconf 66' lang='lat' dir='ltr'><strong>Ctzlrstis</strong></span> <span class='ocrx_word' id='word_1_458' title='bbox 1360 4355 1518 4424; x_wconf 81' lang='lat' dir='ltr'><strong>igitur</strong></span> <span class='ocrx_word' id='word_1_459' title='bbox 1583 4354 1843 4421; x_wconf 64' lang='lat' dir='ltr'><strong>trapezitae</strong></span> <span class='ocrx_word' id='word_1_460' title='bbox 1905 4354 2011 4408; x_wconf 75' lang='lat' dir='ltr'><strong>lucc</strong></span> 
     </span>
    </p>
   </div>
   <div class='ocr_carea' id='block_1_70' title="bbox 416 4424 2010 4494">
    <p class='ocr_par' dir='ltr' id='par_1_70' title="bbox 416 4424 2010 4494">
     <span class='ocr_line' id='line_1_70' title="bbox 416 4424 2010 4494; baseline 0.003 -20"><span class='ocrx_word' id='word_1_461' title='bbox 416 4440 590 4478; x_wconf 84' lang='lat' dir='ltr'><strong>mensa</strong></span> <span class='ocrx_word' id='word_1_462' title='bbox 636 4434 708 4478; x_wconf 88' lang='lat' dir='ltr'><strong>est</strong></span> <span class='ocrx_word' id='word_1_463' title='bbox 733 4425 1172 4478; x_wconf 75' lang='lat' dir='ltr'><strong>tﬁesaurunrvitte</strong></span> <span class='ocrx_word' id='word_1_464' title='bbox 1203 4433 1436 4489; x_wconf 85' lang='lat' dir='ltr'><strong>struens,</strong></span> <span class='ocrx_word' id='word_1_465' title='bbox 1480 4436 1525 4477; x_wconf 84' lang='lat' dir='ltr'><strong>et</strong></span> <span class='ocrx_word' id='word_1_466' title='bbox 1566 4424 1633 4477; x_wconf 87' lang='lat' dir='ltr'><strong>ad</strong></span> <span class='ocrx_word' id='word_1_467' title='bbox 1682 4425 2010 4494; x_wconf 77' lang='lat' dir='ltr'><strong>margaritam</strong></span> 
     </span>
    </p>
   </div>
   <div class='ocr_carea' id='block_1_71' title="bbox 411 4496 1520 4565">
    <p class='ocr_par' dir='ltr' id='par_1_71' title="bbox 411 4496 1520 4565">
     <span class='ocr_line' id='line_1_71' title="bbox 411 4496 1520 4565; baseline 0.004 -19"><span class='ocrx_word' id='word_1_468' title='bbox 411 4497 771 4565; x_wconf 80' lang='lat' dir='ltr'><strong>negotiandum</strong></span> <span class='ocrx_word' id='word_1_469' title='bbox 797 4496 889 4549; x_wconf 89' lang='lat' dir='ltr'><strong>Dei</strong></span> <span class='ocrx_word' id='word_1_470' title='bbox 921 4501 1085 4562; x_wconf 68' lang='lat' dir='ltr'><strong>[tenus</strong></span> <span class='ocrx_word' id='word_1_471' title='bbox 1108 4512 1364 4550; x_wconf 74' lang='lat' dir='ltr'><strong>exercens.</strong></span> <span class='ocrx_word' id='word_1_472' title='bbox 1403 4499 1520 4552; x_wconf 72' lang='lat' dir='ltr'><strong>illa.</strong></span> 
     </span>
    </p>
   </div>
   <div class='ocr_carea' id='block_1_72' title="bbox 490 4567 2009 4639">
    <p class='ocr_par' dir='ltr' id='par_1_72' title="bbox 490 4567 2009 4639">
     <span class='ocr_line' id='line_1_72' title="bbox 490 4567 2009 4639; baseline 0.003 -20"><span class='ocrx_word' id='word_1_473' title='bbox 490 4569 917 4622; x_wconf 69' lang='lat' dir='ltr'><strong>Dtssmutnont.</strong></span> <span class='ocrx_word' id='word_1_474' title='bbox 956 4567 1297 4639; x_wconf 59' lang='lat' dir='ltr'><strong>Hypocritar,</strong></span> <span class='ocrx_word' id='word_1_475' title='bbox 1331 4567 1419 4637; x_wconf 91' lang='lat' dir='ltr'><strong>qni</strong></span> <span class='ocrx_word' id='word_1_476' title='bbox 1453 4583 1512 4620; x_wconf 77' lang='lat' dir='ltr'><strong>se.</strong></span> <span class='ocrx_word' id='word_1_477' title='bbox 1540 4567 1894 4621; x_wconf 74' lang='lat' dir='ltr'><strong>chrisdanum</strong></span> <span class='ocrx_word' id='word_1_478' title='bbox 1936 4570 2009 4624; x_wconf 87' lang='lat' dir='ltr'><strong>si-</strong></span> 
     </span>
    </p>
   </div>
   <div class='ocr_carea' id='block_1_73' title="bbox 420 4638 2014 4705">
    <p class='ocr_par' dir='ltr' id='par_1_73' title="bbox 420 4638 2014 4705">
     <span class='ocr_line' id='line_1_73' title="bbox 420 4638 2014 4705; baseline 0.001 -11"><span class='ocrx_word' id='word_1_479' title='bbox 420 4639 623 4705; x_wconf 89' lang='lat' dir='ltr'><strong>mulat,</strong></span> <span class='ocrx_word' id='word_1_480' title='bbox 657 4648 711 4694; x_wconf 92' lang='lat' dir='ltr'><strong>et</strong></span> <span class='ocrx_word' id='word_1_481' title='bbox 757 4640 1160 4694; x_wconf 79' lang='lat' dir='ltr'><strong>anticltristiana</strong></span> <span class='ocrx_word' id='word_1_482' title='bbox 1188 4680 1202 4704; x_wconf 88' lang='lat'><strong>,</strong></span> <span class='ocrx_word' id='word_1_483' title='bbox 1240 4638 1354 4694; x_wconf 89' lang='lat' dir='ltr'><strong>sive</strong></span> <span class='ocrx_word' id='word_1_484' title='bbox 1382 4640 1663 4695; x_wconf 67' lang='lat' dir='ltr'><strong>smcularia</strong></span> <span class='ocrx_word' id='word_1_485' title='bbox 1695 4649 1750 4693; x_wconf 88' lang='lat' dir='ltr'><strong>et</strong></span> <span class='ocrx_word' id='word_1_486' title='bbox 1779 4641 2014 4696; x_wconf 86' lang='lat' dir='ltr'><strong>satanica</strong></span> 
     </span>
    </p>
   </div>
   <div class='ocr_carea' id='block_1_74' title="bbox 417 4710 1905 4767">
    <p class='ocr_par' dir='ltr' id='par_1_74' title="bbox 417 4710 1905 4767">
     <span class='ocr_line' id='line_1_74' title="bbox 417 4710 1905 4767; baseline -0.002 -3"><span class='ocrx_word' id='word_1_487' title='bbox 417 4713 564 4765; x_wconf 87' lang='lat' dir='ltr'><strong>vivit.</strong></span> <span class='ocrx_word' id='word_1_488' title='bbox 1790 4710 1905 4767; x_wconf 82' lang='lat' dir='ltr'><strong>th.</strong></span> 
     </span>
    </p>
   </div>
   <div class='ocr_carea' id='block_1_75' title="bbox 490 4781 2018 4849">
    <p class='ocr_par' dir='ltr' id='par_1_75' title="bbox 490 4781 2018 4849">
     <span class='ocr_line' id='line_1_75' title="bbox 490 4781 2018 4849; baseline 0 -15"><span class='ocrx_word' id='word_1_489' title='bbox 490 4781 836 4836; x_wconf 84' lang='lat' dir='ltr'><strong>Declamasset</strong></span> <span class='ocrx_word' id='word_1_490' title='bbox 874 4783 928 4836; x_wconf 87' lang='lat' dir='ltr'><strong>in</strong></span> <span class='ocrx_word' id='word_1_491' title='bbox 963 4782 1163 4837; x_wconf 76' lang='lat' dir='ltr'><strong>nubem.</strong></span> <span class='ocrx_word' id='word_1_492' title='bbox 1205 4783 1334 4839; x_wconf 66' lang='lat' dir='ltr'><strong>Hinc</strong></span> <span class='ocrx_word' id='word_1_493' title='bbox 1364 4781 1524 4836; x_wconf 86' lang='lat' dir='ltr'><strong>lectio</strong></span> <span class='ocrx_word' id='word_1_494' title='bbox 1554 4796 1774 4849; x_wconf 90' lang='lat' dir='ltr'><strong>prorsus</strong></span> <span class='ocrx_word' id='word_1_495' title='bbox 1813 4792 1895 4836; x_wconf 84' lang='lat' dir='ltr'><strong>est</strong></span> <span class='ocrx_word' id='word_1_496' title='bbox 1923 4783 2018 4836; x_wconf 85' lang='lat' dir='ltr'><strong>ab-</strong></span> 
     </span>
    </p>
   </div>
   <div class='ocr_carea' id='block_1_76' title="bbox 416 4853 2019 4923">
    <p class='ocr_par' dir='ltr' id='par_1_76' title="bbox 416 4853 2019 4923">
     <span class='ocr_line' id='line_1_76' title="bbox 416 4853 2019 4923; baseline -0.003 -14"><span class='ocrx_word' id='word_1_497' title='bbox 416 4854 600 4909; x_wconf 88' lang='lat' dir='ltr'><strong>surda.</strong></span> <span class='ocrx_word' id='word_1_498' title='bbox 647 4854 954 4920; x_wconf 79' lang='lat' dir='ltr'><strong>Legendum</strong></span> <span class='ocrx_word' id='word_1_499' title='bbox 1010 4865 1170 4923; x_wconf 88' lang='lat' dir='ltr'><strong>puto,</strong></span> <span class='ocrx_word' id='word_1_500' title='bbox 1223 4855 1556 4908; x_wconf 74' lang='lat' dir='ltr'><strong>declamasset</strong></span> <span class='ocrx_word' id='word_1_501' title='bbox 1600 4855 1652 4905; x_wconf 88' lang='lat' dir='ltr'><strong>in</strong></span> <span class='ocrx_word' id='word_1_502' title='bbox 1709 4853 1896 4906; x_wconf 70' lang='lat' dir='ltr'><strong>orbem.</strong></span> <span class='ocrx_word' id='word_1_503' title='bbox 1949 4854 2019 4910; x_wconf 79' lang='lat' dir='ltr'><strong>Ut</strong></span> 
     </span>
    </p>
   </div>
   <div class='ocr_carea' id='block_1_77' title="bbox 416 4923 2018 4989">
    <p class='ocr_par' dir='ltr' id='par_1_77' title="bbox 416 4923 2018 4989">
     <span class='ocr_line' id='line_1_77' title="bbox 416 4923 2018 4989; baseline 0.001 -10"><span class='ocrx_word' id='word_1_504' title='bbox 416 4942 542 4979; x_wconf 85' lang='lat' dir='ltr'><strong>mox</strong></span> <span class='ocrx_word' id='word_1_505' title='bbox 572 4942 621 4978; x_wconf 87' lang='lat' dir='ltr'><strong>v.</strong></span> <span class='ocrx_word' id='word_1_506' title='bbox 651 4923 779 4980; x_wconf 82' lang='grc'><strong>865.</strong></span> <span class='ocrx_word' id='word_1_507' title='bbox 815 4925 936 4978; x_wconf 86' lang='lat' dir='ltr'><strong>Vult</strong></span> <span class='ocrx_word' id='word_1_508' title='bbox 967 4925 1391 4981; x_wconf 86' lang='lat' dir='ltr'><strong>Conunodianus</strong></span> <span class='ocrx_word' id='word_1_509' title='bbox 1419 4926 1552 4978; x_wconf 89' lang='lat' dir='ltr'><strong>satis</strong></span> <span class='ocrx_word' id='word_1_510' title='bbox 1577 4923 1772 4989; x_wconf 72' lang='lat' dir='ltr'><strong>fuisse,</strong></span> <span class='ocrx_word' id='word_1_511' title='bbox 1800 4926 1842 4979; x_wconf 91' lang='lat' dir='ltr'><strong>si</strong></span> <span class='ocrx_word' id='word_1_512' title='bbox 1879 4942 2018 4980; x_wconf 77' lang='lat' dir='ltr'><strong>&quot;IIIIS</strong></span> 
     </span>
    </p>
   </div>
   <div class='ocr_carea' id='block_1_78' title="bbox 418 4996 2018 5066">
    <p class='ocr_par' dir='ltr' id='par_1_78' title="bbox 418 4996 2018 5066">
     <span class='ocr_line' id='line_1_78' title="bbox 418 4996 2018 5066; baseline 0.001 -16"><span class='ocrx_word' id='word_1_513' title='bbox 418 5007 624 5051; x_wconf 89' lang='lat' dir='ltr'><strong>tantum</strong></span> <span class='ocrx_word' id='word_1_514' title='bbox 688 4996 948 5066; x_wconf 89' lang='lat' dir='ltr'><strong>propheta</strong></span> <span class='ocrx_word' id='word_1_515' title='bbox 1004 4996 1213 5052; x_wconf 89' lang='lat' dir='ltr'><strong>Domini</strong></span> <span class='ocrx_word' id='word_1_516' title='bbox 1271 4996 1413 5066; x_wconf 86' lang='lat' dir='ltr'><strong>leges</strong></span> <span class='ocrx_word' id='word_1_517' title='bbox 1447 4997 1646 5051; x_wconf 78' lang='lat' dir='ltr'><strong>mutulo</strong></span> <span class='ocrx_word' id='word_1_518' title='bbox 1700 4997 2018 5052; x_wconf 84' lang='lat' dir='ltr'><strong>annuntias—</strong></span> 
     </span>
    </p>
   </div>
   <div class='ocr_carea' id='block_1_79' title="bbox 417 5068 1904 5123">
    <p class='ocr_par' dir='ltr' id='par_1_79' title="bbox 417 5068 1904 5123">
     <span class='ocr_line' id='line_1_79' title="bbox 417 5068 1904 5123; baseline 0.001 -1"><span class='ocrx_word' id='word_1_519' title='bbox 417 5079 520 5123; x_wconf 88' lang='lat' dir='ltr'><strong>set.</strong></span> <span class='ocrx_word' id='word_1_520' title='bbox 1724 5068 1904 5123; x_wconf 74' lang='grc' dir='ltr'><strong>ΒΑνις.</strong></span> 
     </span>
    </p>
   </div>
   <div class='ocr_carea' id='block_1_80' title="bbox 488 5138 2014 5210">
    <p class='ocr_par' dir='ltr' id='par_1_80' title="bbox 488 5138 2014 5210">
     <span class='ocr_line' id='line_1_80' title="bbox 488 5138 2014 5210; baseline 0.003 -19"><span class='ocrx_word' id='word_1_521' title='bbox 488 5139 577 5194; x_wconf 84' lang='lat' dir='ltr'><strong>Ita</strong></span> <span class='ocrx_word' id='word_1_522' title='bbox 631 5156 771 5210; x_wconf 69' lang='lat' dir='ltr'><strong>atque</strong></span> <span class='ocrx_word' id='word_1_523' title='bbox 810 5138 1069 5194; x_wconf 68' lang='lat' dir='ltr'><strong>decorae</strong></span> <span class='ocrx_word' id='word_1_524' title='bbox 1119 5140 1194 5193; x_wconf 79' lang='lat' dir='ltr'><strong>vis</strong></span> <span class='ocrx_word' id='word_1_525' title='bbox 1238 5144 1370 5193; x_wconf 83' lang='lat' dir='ltr'><strong>bona</strong></span> <span class='ocrx_word' id='word_1_526' title='bbox 1418 5140 1602 5210; x_wconf 80' lang='lat' dir='ltr'><strong>uidere.</strong></span> <span class='ocrx_word' id='word_1_527' title='bbox 1643 5139 1776 5206; x_wconf 64' lang='lat' dir='ltr'><strong>.Qua</strong></span> <span class='ocrx_word' id='word_1_528' title='bbox 1831 5151 2014 5195; x_wconf 82' lang='lat' dir='ltr'><strong>mente</strong></span> 
     </span>
    </p>
   </div>
   <div class='ocr_carea' id='block_1_81' title="bbox 418 5209 2010 5281">
    <p class='ocr_par' dir='ltr' id='par_1_81' title="bbox 418 5209 2010 5281">
     <span class='ocr_line' id='line_1_81' title="bbox 418 5209 2010 5281; baseline -0.002 -15"><span class='ocrx_word' id='word_1_529' title='bbox 418 5212 568 5281; x_wconf 87' lang='lat' dir='ltr'><strong>cupis</strong></span> <span class='ocrx_word' id='word_1_530' title='bbox 597 5209 695 5266; x_wconf 88' lang='lat' dir='ltr'><strong>Dei</strong></span> <span class='ocrx_word' id='word_1_531' title='bbox 726 5212 1186 5266; x_wconf 77' lang='lat' dir='ltr'><strong>In-nedictiouibus</strong></span> <span class='ocrx_word' id='word_1_532' title='bbox 1217 5221 1270 5265; x_wconf 89' lang='lat' dir='ltr'><strong>et</strong></span> <span class='ocrx_word' id='word_1_533' title='bbox 1298 5209 1590 5265; x_wconf 80' lang='lat' dir='ltr'><strong>benefactis</strong></span> <span class='ocrx_word' id='word_1_534' title='bbox 1615 5211 1754 5264; x_wconf 80' lang='lat' dir='ltr'><strong>afﬁci</strong></span> <span class='ocrx_word' id='word_1_535' title='bbox 1773 5253 1786 5272; x_wconf 85' lang='lat'><strong>,</strong></span> <span class='ocrx_word' id='word_1_536' title='bbox 1822 5212 2010 5266; x_wconf 84' lang='lat' dir='ltr'><strong>eadem</strong></span> 
     </span>
    </p>
   </div>
   <div class='ocr_carea' id='block_1_82' title="bbox 418 5281 2010 5351">
    <p class='ocr_par' dir='ltr' id='par_1_82' title="bbox 418 5281 2010 5351">
     <span class='ocr_line' id='line_1_82' title="bbox 418 5281 2010 5351; baseline 0.001 -16"><span class='ocrx_word' id='word_1_537' title='bbox 418 5293 572 5351; x_wconf 88' lang='lat' dir='ltr'><strong>optas</strong></span> <span class='ocrx_word' id='word_1_538' title='bbox 610 5298 704 5351; x_wconf 83' lang='lat' dir='ltr'><strong>per</strong></span> <span class='ocrx_word' id='word_1_539' title='bbox 751 5284 1048 5338; x_wconf 83' lang='lat' dir='ltr'><strong>calumnias</strong></span> <span class='ocrx_word' id='word_1_540' title='bbox 1083 5296 1138 5338; x_wconf 91' lang='lat' dir='ltr'><strong>et</strong></span> <span class='ocrx_word' id='word_1_541' title='bbox 1181 5283 1336 5338; x_wconf 90' lang='lat' dir='ltr'><strong>dolos</strong></span> <span class='ocrx_word' id='word_1_542' title='bbox 1377 5283 1446 5337; x_wconf 86' lang='lat' dir='ltr'><strong>de</strong></span> <span class='ocrx_word' id='word_1_543' title='bbox 1486 5281 1664 5335; x_wconf 82' lang='lat' dir='ltr'><strong>fratris</strong></span> <span class='ocrx_word' id='word_1_544' title='bbox 1704 5282 1779 5336; x_wconf 91' lang='lat' dir='ltr'><strong>tui</strong></span> <span class='ocrx_word' id='word_1_545' title='bbox 1826 5284 2010 5351; x_wconf 78' lang='lat' dir='ltr'><strong>spoliis</strong></span> 
     </span>
    </p>
   </div>
   <div class='ocr_carea' id='block_1_83' title="bbox 419 5353 865 5411">
    <p class='ocr_par' dir='ltr' id='par_1_83' title="bbox 419 5353 865 5411">
     <span class='ocr_line' id='line_1_83' title="bbox 419 5353 865 5411; baseline -0.002 -4"><span class='ocrx_word' id='word_1_546' title='bbox 419 5353 703 5409; x_wconf 86' lang='lat' dir='ltr'><strong>ditescere.</strong></span> <span class='ocrx_word' id='word_1_547' title='bbox 748 5356 865 5411; x_wconf 74' lang='lat' dir='ltr'><strong>llic.</strong></span> 
     </span>
    </p>
   </div>
   <div class='ocr_carea' id='block_1_84' title="bbox 498 5423 2008 5498">
    <p class='ocr_par' dir='ltr' id='par_1_84' title="bbox 498 5423 2008 5498">
     <span class='ocr_line' id='line_1_84' title="bbox 498 5423 2008 5498; baseline 0 -21"><span class='ocrx_word' id='word_1_548' title='bbox 498 5427 828 5498; x_wconf 71' lang='lat' dir='ltr'><strong>Omnipotens</strong></span> <span class='ocrx_word' id='word_1_549' title='bbox 860 5428 1002 5480; x_wconf 86' lang='lat' dir='ltr'><strong>mites</strong></span> <span class='ocrx_word' id='word_1_550' title='bbox 1031 5427 1231 5498; x_wconf 63' lang='lat' dir='ltr'><strong>querit.</strong></span> <span class='ocrx_word' id='word_1_551' title='bbox 1263 5424 1475 5489; x_wconf 81' lang='lat' dir='ltr'><strong>Matth.,</strong></span> <span class='ocrx_word' id='word_1_552' title='bbox 1518 5440 1569 5488; x_wconf 77' lang='grc' dir='ltr'><strong>γ,</strong></span> <span class='ocrx_word' id='word_1_553' title='bbox 1592 5425 1639 5498; x_wconf 63' lang='grc' dir='ltr'><strong>ξ)</strong></span> <span class='ocrx_word' id='word_1_554' title='bbox 1671 5423 1862 5498; x_wconf 19' lang='lat' dir='ltr'><strong>:ABeati</strong></span> <span class='ocrx_word' id='word_1_555' title='bbox 1913 5443 2008 5493; x_wconf 86' lang='lat' dir='ltr'><strong>pa-</strong></span> 
     </span>
    </p>
   </div>
   <div class='ocr_carea' id='block_1_85' title="bbox 422 5495 2004 5567">
    <p class='ocr_par' dir='ltr' id='par_1_85' title="bbox 422 5495 2004 5567">
     <span class='ocr_line' id='line_1_85' title="bbox 422 5495 2004 5567; baseline 0.001 -18"><span class='ocrx_word' id='word_1_556' title='bbox 422 5497 591 5564; x_wconf 78' lang='lat' dir='ltr'><strong>ciﬁci,</strong></span> <span class='ocrx_word' id='word_1_557' title='bbox 653 5498 892 5563; x_wconf 80' lang='lat' dir='ltr'><strong>quoniam</strong></span> <span class='ocrx_word' id='word_1_558' title='bbox 931 5495 1169 5567; x_wconf 33' lang='lat' dir='ltr'><strong>ﬁlii—Dei</strong></span> <span class='ocrx_word' id='word_1_559' title='bbox 1213 5499 1542 5553; x_wconf 87' lang='lat' dir='ltr'><strong>vocabuntur.</strong></span> <span class='ocrx_word' id='word_1_560' title='bbox 1591 5495 2004 5564; x_wconf 84' lang='lat' dir='ltr'><strong>Pacilicatorcs,</strong></span> 
     </span>
    </p>
   </div>
   <div class='ocr_carea' id='block_1_86' title="bbox 420 5571 742 5642">
    <p class='ocr_par' dir='ltr' id='par_1_86' title="bbox 420 5571 742 5642">
     <span class='ocr_line' id='line_1_86' title="bbox 420 5571 742 5642; baseline -0.003 -20"><span class='ocrx_word' id='word_1_561' title='bbox 420 5571 742 5642; x_wconf 65' lang='grc' dir='ltr'><strong>εἰρῃνοποιοί.</strong></span> 
     </span>
    </p>
   </div>
   <div class='ocr_carea' id='block_1_87' title="bbox 489 5640 2006 5716">
    <p class='ocr_par' dir='ltr' id='par_1_87' title="bbox 489 5640 2006 5716">
     <span class='ocr_line' id='line_1_87' title="bbox 489 5640 2006 5716; baseline 0.003 -24"><span class='ocrx_word' id='word_1_562' title='bbox 489 5640 716 5694; x_wconf 78' lang='lat' dir='ltr'><strong>Immites</strong></span> <span class='ocrx_word' id='word_1_563' title='bbox 740 5642 927 5716; x_wconf 65' lang='lat' dir='ltr'><strong>ament.</strong></span> <span class='ocrx_word' id='word_1_564' title='bbox 958 5640 1124 5716; x_wconf 47' lang='grc' dir='ltr'><strong>ἱξηυῖΔο</strong></span> <span class='ocrx_word' id='word_1_565' title='bbox 1152 5641 1216 5716; x_wconf 77' lang='lat' dir='ltr'><strong>ad</strong></span> <span class='ocrx_word' id='word_1_566' title='bbox 1243 5640 1386 5716; x_wconf 62' lang='lat' dir='ltr'><strong>Tim.</strong></span> <span class='ocrx_word' id='word_1_567' title='bbox 1418 5656 1455 5695; x_wconf 89' lang='lat' dir='ltr'><strong>Il</strong></span> <span class='ocrx_word' id='word_1_568' title='bbox 1475 5681 1490 5708; x_wconf 87' lang='lat'><strong>,</strong></span> <span class='ocrx_word' id='word_1_569' title='bbox 1517 5641 1571 5706; x_wconf 78' lang='grc'><strong>5,</strong></span> <span class='ocrx_word' id='word_1_570' title='bbox 1602 5643 1862 5716; x_wconf 76' lang='grc' dir='ltr'><strong>ἀνήμεροι,</strong></span> <span class='ocrx_word' id='word_1_571' title='bbox 1894 5643 2006 5716; x_wconf 79' lang='grc' dir='ltr'><strong>ἀφι-</strong></span> 
     </span>
    </p>
   </div>
   <div class='ocr_carea' id='block_1_88' title="bbox 410 5710 1403 5784">
    <p class='ocr_par' dir='ltr' id='par_1_88' title="bbox 410 5710 1403 5784">
     <span class='ocr_line' id='line_1_88' title="bbox 410 5710 1403 5784; baseline 0.002 -21"><span class='ocrx_word' id='word_1_572' title='bbox 410 5710 644 5784; x_wconf 58' lang='grc' dir='ltr'><strong>λάγαθοι,</strong></span> <span class='ocrx_word' id='word_1_573' title='bbox 678 5713 910 5780; x_wconf 60' lang='lat' dir='ltr'><strong>oppositi</strong></span> <span class='ocrx_word' id='word_1_574' title='bbox 977 5713 1237 5784; x_wconf 76' lang='lat' dir='ltr'><strong>benignis.</strong></span> <span class='ocrx_word' id='word_1_575' title='bbox 1285 5714 1403 5769; x_wconf 63' lang='lat' dir='ltr'><strong>lite.</strong></span> 
     </span>
    </p>
   </div>
   <div class='ocr_carea' id='block_1_89' title="bbox 485 5783 2006 5854">
    <p class='ocr_par' dir='ltr' id='par_1_89' title="bbox 485 5783 2006 5854">
     <span class='ocr_line' id='line_1_89' title="bbox 485 5783 2006 5854; baseline 0 -18"><span class='ocrx_word' id='word_1_576' title='bbox 485 5783 640 5837; x_wconf 75' lang='lat' dir='ltr'><strong>Scitis</strong></span> <span class='ocrx_word' id='word_1_577' title='bbox 669 5786 752 5836; x_wconf 85' lang='lat' dir='ltr'><strong>ubi</strong></span> <span class='ocrx_word' id='word_1_578' title='bbox 795 5783 1053 5836; x_wconf 77' lang='lat' dir='ltr'><strong>demersit.</strong></span> <span class='ocrx_word' id='word_1_579' title='bbox 1089 5783 1146 5836; x_wconf 91' lang='lat' dir='ltr'><strong>In</strong></span> <span class='ocrx_word' id='word_1_580' title='bbox 1185 5793 1432 5854; x_wconf 85' lang='lat' dir='ltr'><strong>stagnum</strong></span> <span class='ocrx_word' id='word_1_581' title='bbox 1463 5783 1600 5854; x_wconf 87' lang='lat' dir='ltr'><strong>ignis</strong></span> <span class='ocrx_word' id='word_1_582' title='bbox 1622 5825 1635 5848; x_wconf 92' lang='lat'><strong>,</strong></span> <span class='ocrx_word' id='word_1_583' title='bbox 1677 5783 1767 5837; x_wconf 91' lang='lat' dir='ltr'><strong>ubi</strong></span> <span class='ocrx_word' id='word_1_584' title='bbox 1790 5784 1936 5854; x_wconf 81' lang='lat' dir='ltr'><strong>ﬂetus</strong></span> <span class='ocrx_word' id='word_1_585' title='bbox 1962 5794 2006 5836; x_wconf 92' lang='lat' dir='ltr'><strong>et</strong></span> 
     </span>
    </p>
   </div>
   <div class='ocr_carea' id='block_1_90' title="bbox 402 5855 1015 5922">
    <p class='ocr_par' dir='ltr' id='par_1_90' title="bbox 402 5855 1015 5922">
     <span class='ocr_line' id='line_1_90' title="bbox 402 5855 1015 5922; baseline 0.003 -17"><span class='ocrx_word' id='word_1_586' title='bbox 402 5856 597 5907; x_wconf 72' lang='lat' dir='ltr'><strong>stridor</strong></span> <span class='ocrx_word' id='word_1_587' title='bbox 626 5856 871 5922; x_wconf 82' lang='lat' dir='ltr'><strong>dentium.</strong></span> <span class='ocrx_word' id='word_1_588' title='bbox 898 5855 1015 5910; x_wconf 66' lang='grc' dir='ltr'><strong>[ὶιο.</strong></span> 
     </span>
    </p>
   </div>
   <div class='ocr_carea' id='block_1_91' title="bbox 477 5925 2006 5993">
    <p class='ocr_par' dir='ltr' id='par_1_91' title="bbox 477 5925 2006 5993">
     <span class='ocr_line' id='line_1_91' title="bbox 477 5925 2006 5993; baseline 0.003 -12"><span class='ocrx_word' id='word_1_589' title='bbox 477 5925 793 5982; x_wconf 63' lang='grc' dir='ltr'><strong>δεδυωωλ</strong></span> <span class='ocrx_word' id='word_1_590' title='bbox 826 5942 876 5980; x_wconf 81' lang='lat' dir='ltr'><strong>tu</strong></span> <span class='ocrx_word' id='word_1_591' title='bbox 915 5941 1098 5983; x_wconf 82' lang='grc' dir='ltr'><strong>τοτυιι</strong></span> <span class='ocrx_word' id='word_1_592' title='bbox 1139 5940 1258 5983; x_wconf 80' lang='lat' dir='ltr'><strong>rue.</strong></span> <span class='ocrx_word' id='word_1_593' title='bbox 1299 5926 1415 5984; x_wconf 80' lang='lat' dir='ltr'><strong>Hoc</strong></span> <span class='ocrx_word' id='word_1_594' title='bbox 1453 5935 1570 5993; x_wconf 86' lang='lat' dir='ltr'><strong>est,</strong></span> <span class='ocrx_word' id='word_1_595' title='bbox 1605 5942 1712 5984; x_wconf 93' lang='lat' dir='ltr'><strong>non</strong></span> <span class='ocrx_word' id='word_1_596' title='bbox 1749 5940 1868 5984; x_wconf 85' lang='lat' dir='ltr'><strong>esse</strong></span> <span class='ocrx_word' id='word_1_597' title='bbox 1894 5926 2006 5985; x_wconf 90' lang='lat' dir='ltr'><strong>dis-</strong></span> 
     </span>
    </p>
   </div>
   <div class='ocr_carea' id='block_1_92' title="bbox 2119 2851 3727 2922">
    <p class='ocr_par' dir='ltr' id='par_1_92' title="bbox 2119 2851 3727 2922">
     <span class='ocr_line' id='line_1_92' title="bbox 2119 2851 3727 2922; baseline 0.001 -16"><span class='ocrx_word' id='word_1_598' title='bbox 2119 2851 2485 2922; x_wconf 57' lang='lat' dir='ltr'><strong>simulandum</strong></span> <span class='ocrx_word' id='word_1_599' title='bbox 2520 2854 2739 2921; x_wconf 66' lang='lat' dir='ltr'><strong>:‘neque</strong></span> <span class='ocrx_word' id='word_1_600' title='bbox 2777 2852 2921 2907; x_wconf 87' lang='lat' dir='ltr'><strong>enim</strong></span> <span class='ocrx_word' id='word_1_601' title='bbox 2970 2854 3266 2909; x_wconf 89' lang='lat' dir='ltr'><strong>convenire</strong></span> <span class='ocrx_word' id='word_1_602' title='bbox 3299 2854 3560 2910; x_wconf 61' lang='lat' dir='ltr'><strong>Ecclesiae</strong></span> <span class='ocrx_word' id='word_1_603' title='bbox 3603 2869 3727 2910; x_wconf 88' lang='lat' dir='ltr'><strong>cum</strong></span> 
     </span>
    </p>
   </div>
   <div class='ocr_carea' id='block_1_93' title="bbox 2116 2923 3724 2994">
    <p class='ocr_par' dir='ltr' id='par_1_93' title="bbox 2116 2923 3724 2994">
     <span class='ocr_line' id='line_1_93' title="bbox 2116 2923 3724 2994; baseline -0.001 -14"><span class='ocrx_word' id='word_1_604' title='bbox 2116 2925 2337 2980; x_wconf 58' lang='lat' dir='ltr'><strong>saecula.</strong></span> <span class='ocrx_word' id='word_1_605' title='bbox 2387 2923 2658 2989; x_wconf 84' lang='lat' dir='ltr'><strong>Ecclesia,</strong></span> <span class='ocrx_word' id='word_1_606' title='bbox 2690 2923 2968 2987; x_wconf 85' lang='lat' dir='ltr'><strong>Christus;</strong></span> <span class='ocrx_word' id='word_1_607' title='bbox 3018 2927 3272 2980; x_wconf 78' lang='lat' dir='ltr'><strong>saeculum</strong></span> <span class='ocrx_word' id='word_1_608' title='bbox 3294 2971 3308 2994; x_wconf 88' lang='lat'><strong>,</strong></span> <span class='ocrx_word' id='word_1_609' title='bbox 3343 2936 3562 2982; x_wconf 87' lang='lat' dir='ltr'><strong>satanas</strong></span> <span class='ocrx_word' id='word_1_610' title='bbox 3591 2941 3608 2980; x_wconf 89' lang='lat'>:</span> <span class='ocrx_word' id='word_1_611' title='bbox 3646 2935 3724 2980; x_wconf 84' lang='lat' dir='ltr'><strong>ta-</strong></span> 
     </span>
    </p>
   </div>
   <div class='ocr_carea' id='block_1_94' title="bbox 2116 2995 3729 3065">
    <p class='ocr_par' dir='ltr' id='par_1_94' title="bbox 2116 2995 3729 3065">
     <span class='ocr_line' id='line_1_94' title="bbox 2116 2995 3729 3065; baseline 0.002 -17"><span class='ocrx_word' id='word_1_612' title='bbox 2116 3011 2223 3065; x_wconf 91' lang='lat' dir='ltr'><strong>que</strong></span> <span class='ocrx_word' id='word_1_613' title='bbox 2270 3012 2375 3048; x_wconf 84' lang='lat' dir='ltr'><strong>non</strong></span> <span class='ocrx_word' id='word_1_614' title='bbox 2407 2995 2837 3062; x_wconf 73' lang='lat' dir='ltr'><strong>permiscendam</strong></span> <span class='ocrx_word' id='word_1_615' title='bbox 2881 3011 3004 3065; x_wconf 74' lang='lat' dir='ltr'><strong>esse</strong></span> <span class='ocrx_word' id='word_1_616' title='bbox 3031 2996 3289 3052; x_wconf 83' lang='lat' dir='ltr'><strong>Altissimi</strong></span> <span class='ocrx_word' id='word_1_617' title='bbox 3341 2999 3552 3061; x_wconf 72' lang='grc' dir='ltr'>ιπιιιιιιιι</span> <span class='ocrx_word' id='word_1_618' title='bbox 3600 3013 3729 3052; x_wconf 91' lang='lat' dir='ltr'><strong>cum</strong></span> 
     </span>
    </p>
   </div>
   <div class='ocr_carea' id='block_1_95' title="bbox 2122 3064 3725 3138">
    <p class='ocr_par' dir='ltr' id='par_1_95' title="bbox 2122 3064 3725 3138">
     <span class='ocr_line' id='line_1_95' title="bbox 2122 3064 3725 3138; baseline 0.001 -18"><span class='ocrx_word' id='word_1_619' title='bbox 2122 3064 2241 3121; x_wconf 87' lang='lat' dir='ltr'><strong>liliis</strong></span> <span class='ocrx_word' id='word_1_620' title='bbox 2291 3066 2488 3120; x_wconf 84' lang='lat' dir='ltr'><strong>diaboli</strong></span> <span class='ocrx_word' id='word_1_621' title='bbox 2521 3084 2532 3118; x_wconf 87' lang='lat'><strong>:</strong></span> <span class='ocrx_word' id='word_1_622' title='bbox 2561 3082 2734 3136; x_wconf 74' lang='lat' dir='ltr'><strong>neque</strong></span> <span class='ocrx_word' id='word_1_623' title='bbox 2766 3064 3048 3121; x_wconf 82' lang='lat' dir='ltr'><strong>laxantlatn</strong></span> <span class='ocrx_word' id='word_1_624' title='bbox 3081 3082 3203 3123; x_wconf 79' lang='lat' dir='ltr'><strong>eSse</strong></span> <span class='ocrx_word' id='word_1_625' title='bbox 3262 3069 3603 3138; x_wconf 83' lang='lat' dir='ltr'><strong>disciplinam</strong></span> <span class='ocrx_word' id='word_1_626' title='bbox 3643 3070 3725 3122; x_wconf 91' lang='lat' dir='ltr'><strong>ni-</strong></span> 
     </span>
    </p>
   </div>
   <div class='ocr_carea' id='block_1_96' title="bbox 2119 3138 3726 3264">
    <p class='ocr_par' dir='ltr' id='par_1_96' title="bbox 2119 3138 3726 3264">
     <span class='ocr_line' id='line_1_96' title="bbox 2119 3138 3726 3264; baseline 0.002 -73"><span class='ocrx_word' id='word_1_627' title='bbox 2119 3139 2226 3264; x_wconf 53' lang='grc' dir='ltr'><strong>δύο</strong></span> <span class='ocrx_word' id='word_1_628' title='bbox 2284 3146 2556 3208; x_wconf 63' lang='lat' dir='ltr'><strong>pastorum</strong></span> <span class='ocrx_word' id='word_1_629' title='bbox 2616 3138 2980 3208; x_wconf 85' lang='lat' dir='ltr'><strong>indulgentia,</strong></span> <span class='ocrx_word' id='word_1_630' title='bbox 3039 3155 3136 3208; x_wconf 87' lang='lat' dir='ltr'><strong>per</strong></span> <span class='ocrx_word' id='word_1_631' title='bbox 3181 3142 3410 3211; x_wconf 80' lang='lat' dir='ltr'><strong>gratiam</strong></span> <span class='ocrx_word' id='word_1_632' title='bbox 3456 3149 3550 3264; x_wconf 48' lang='lat' dir='ltr'><strong>agt</strong></span> <span class='ocrx_word' id='word_1_633' title='bbox 3606 3155 3726 3195; x_wconf 87' lang='lat' dir='ltr'><strong>sor-</strong></span> 
     </span>
     <span class='ocr_line' id='line_1_97' title="bbox 2156 3226 3612 3264; baseline 0 0"><span class='ocrx_word' id='word_1_634' title='bbox 2156 3226 2235 3264; x_wconf 88' lang='lat' dir='ltr'><strong>es.</strong></span> <span class='ocrx_word' id='word_1_635' title='bbox 3541 3227 3612 3264; x_wconf 74' lang='grc' dir='ltr'><strong>ιε.</strong></span> 
     </span>
    </p>
   </div>
   <div class='ocr_carea' id='block_1_97' title="bbox 2119 3211 3612 3267">
    <p class='ocr_par' dir='ltr' id='par_1_97' title="bbox 2119 3211 3612 3267">
     <span class='ocr_line' id='line_1_98' title="bbox 2119 3211 3612 3267; baseline 0.001 -3"><span class='ocrx_word' id='word_1_636' title='bbox 2119 3211 2235 3264; x_wconf 85' lang='lat' dir='ltr'><strong>des.</strong></span> <span class='ocrx_word' id='word_1_637' title='bbox 3490 3211 3612 3267; x_wconf 81' lang='lat' dir='ltr'><strong>Btc.</strong></span> 
     </span>
    </p>
   </div>
   <div class='ocr_carea' id='block_1_98' title="bbox 2196 3280 3720 3354">
    <p class='ocr_par' dir='ltr' id='par_1_98' title="bbox 2196 3280 3720 3354">
     <span class='ocr_line' id='line_1_99' title="bbox 2196 3280 3720 3354; baseline 0.003 -20"><span class='ocrx_word' id='word_1_638' title='bbox 2196 3281 2464 3354; x_wconf 68' lang='lat' dir='ltr'><strong>Doctores.</strong></span> <span class='ocrx_word' id='word_1_639' title='bbox 2495 3280 2777 3348; x_wconf 85' lang='lat' dir='ltr'><strong>Doctores,</strong></span> <span class='ocrx_word' id='word_1_640' title='bbox 2813 3283 3111 3353; x_wconf 68' lang='lat' dir='ltr'><strong>praepositi,</strong></span> <span class='ocrx_word' id='word_1_641' title='bbox 3137 3282 3416 3351; x_wconf 70' lang='lat' dir='ltr'><strong>pratsides,</strong></span> <span class='ocrx_word' id='word_1_642' title='bbox 3448 3295 3720 3354; x_wconf 87' lang='lat' dir='ltr'><strong>pastores,</strong></span> 
     </span>
    </p>
   </div>
   <div class='ocr_carea' id='block_1_99' title="bbox 2117 3352 2535 3421">
    <p class='ocr_par' dir='ltr' id='par_1_99' title="bbox 2117 3352 2535 3421">
     <span class='ocr_line' id='line_1_100' title="bbox 2117 3352 2535 3421; baseline 0 -14"><span class='ocrx_word' id='word_1_643' title='bbox 2117 3353 2381 3421; x_wconf 74' lang='lat' dir='ltr'><strong>episcopi.</strong></span> <span class='ocrx_word' id='word_1_644' title='bbox 2416 3352 2535 3407; x_wconf 81' lang='lat' dir='ltr'><strong>RIG.</strong></span> 
     </span>
    </p>
   </div>
   <div class='ocr_carea' id='block_1_100' title="bbox 2187 3424 3555 3489">
    <p class='ocr_par' dir='ltr' id='par_1_100' title="bbox 2187 3424 3555 3489">
     <span class='ocr_line' id='line_1_101' title="bbox 2187 3424 3555 3489; baseline 0.001 -11"><span class='ocrx_word' id='word_1_645' title='bbox 2187 3425 2314 3478; x_wconf 84' lang='lat' dir='ltr'><strong>Cum</strong></span> <span class='ocrx_word' id='word_1_646' title='bbox 2349 3435 2549 3477; x_wconf 64' lang='lat' dir='ltr'><strong>caterva</strong></span> <span class='ocrx_word' id='word_1_647' title='bbox 2577 3426 2720 3478; x_wconf 85' lang='lat' dir='ltr'><strong>mali.</strong></span> <span class='ocrx_word' id='word_1_648' title='bbox 2758 3424 2879 3479; x_wconf 81' lang='lat' dir='ltr'><strong>Mali</strong></span> <span class='ocrx_word' id='word_1_649' title='bbox 2903 3466 2915 3485; x_wconf 89' lang='lat'><strong>.</strong></span> <span class='ocrx_word' id='word_1_650' title='bbox 2951 3426 3001 3478; x_wconf 86' lang='lat' dir='ltr'><strong>id</strong></span> <span class='ocrx_word' id='word_1_651' title='bbox 3032 3436 3148 3489; x_wconf 82' lang='lat' dir='ltr'><strong>est,</strong></span> <span class='ocrx_word' id='word_1_652' title='bbox 3178 3434 3401 3481; x_wconf 73' lang='lat' dir='ltr'><strong>satanm.</strong></span> <span class='ocrx_word' id='word_1_653' title='bbox 3436 3426 3555 3482; x_wconf 78' lang='lat' dir='ltr'><strong>th.</strong></span> 
     </span>
    </p>
   </div>
   <div class='ocr_carea' id='block_1_101' title="bbox 2193 3493 3717 3565">
    <p class='ocr_par' dir='ltr' id='par_1_101' title="bbox 2193 3493 3717 3565">
     <span class='ocr_line' id='line_1_102' title="bbox 2193 3493 3717 3565; baseline 0.001 -15"><span class='ocrx_word' id='word_1_654' title='bbox 2193 3493 2289 3550; x_wconf 87' lang='lat' dir='ltr'><strong>Ubi</strong></span> <span class='ocrx_word' id='word_1_655' title='bbox 2321 3507 2528 3549; x_wconf 82' lang='lat' dir='ltr'><strong>satanas</strong></span> <span class='ocrx_word' id='word_1_656' title='bbox 2560 3495 2849 3563; x_wconf 78' lang='lat' dir='ltr'><strong>fragoribus</strong></span> <span class='ocrx_word' id='word_1_657' title='bbox 2879 3498 3014 3549; x_wconf 85' lang='lat' dir='ltr'><strong>circo</strong></span> <span class='ocrx_word' id='word_1_658' title='bbox 3034 3505 3293 3565; x_wconf 80' lang='lat' dir='ltr'><strong>operatur.</strong></span> <span class='ocrx_word' id='word_1_659' title='bbox 3330 3497 3717 3553; x_wconf 81' lang='lat' dir='ltr'><strong>Tertullianus.</strong></span> 
     </span>
    </p>
   </div>
   <div class='ocr_carea' id='block_1_102' title="bbox 2116 3565 3719 3638">
    <p class='ocr_par' dir='ltr' id='par_1_102' title="bbox 2116 3565 3719 3638">
     <span class='ocr_line' id='line_1_103' title="bbox 2116 3565 3719 3638; baseline 0 -19"><span class='ocrx_word' id='word_1_660' title='bbox 2116 3566 2207 3619; x_wconf 90' lang='lat' dir='ltr'><strong>lib.</strong></span> <span class='ocrx_word' id='word_1_661' title='bbox 2231 3567 2297 3619; x_wconf 77' lang='lat' dir='ltr'><strong>de</strong></span> <span class='ocrx_word' id='word_1_662' title='bbox 2335 3571 2513 3634; x_wconf 71' lang='lat' dir='ltr'><strong>Spect.</strong></span> <span class='ocrx_word' id='word_1_663' title='bbox 2555 3565 2682 3621; x_wconf 84' lang='lat' dir='ltr'><strong>Cant</strong></span> <span class='ocrx_word' id='word_1_664' title='bbox 2736 3584 2856 3635; x_wconf 80' lang='lat' dir='ltr'><strong>ergo</strong></span> <span class='ocrx_word' id='word_1_665' title='bbox 2887 3571 3033 3638; x_wconf 77' lang='lat' dir='ltr'><strong>furor</strong></span> <span class='ocrx_word' id='word_1_666' title='bbox 3077 3569 3402 3626; x_wconf 78' lang='lat' dir='ltr'><strong>interdicitur</strong></span> <span class='ocrx_word' id='word_1_667' title='bbox 3433 3569 3607 3632; x_wconf 81' lang='lat' dir='ltr'><strong>nobis,</strong></span> <span class='ocrx_word' id='word_1_668' title='bbox 3658 3567 3719 3620; x_wconf 86' lang='lat' dir='ltr'><strong>ab</strong></span> 
     </span>
    </p>
   </div>
   <div class='ocr_carea' id='block_1_103' title="bbox 2115 3639 3724 3710">
    <p class='ocr_par' dir='ltr' id='par_1_103' title="bbox 2115 3639 3724 3710">
     <span class='ocr_line' id='line_1_104' title="bbox 2115 3639 3724 3710; baseline 0.001 -20"><span class='ocrx_word' id='word_1_669' title='bbox 2115 3639 2253 3690; x_wconf 86' lang='lat' dir='ltr'><strong>omni</strong></span> <span class='ocrx_word' id='word_1_670' title='bbox 2279 3639 2567 3705; x_wconf 68' lang='lat' dir='ltr'><strong>spectaculo</strong></span> <span class='ocrx_word' id='word_1_671' title='bbox 2597 3640 2879 3705; x_wconf 66' lang='lat' dir='ltr'><strong>auferimur</strong></span> <span class='ocrx_word' id='word_1_672' title='bbox 2902 3680 2917 3702; x_wconf 89' lang='lat'><strong>,</strong></span> <span class='ocrx_word' id='word_1_673' title='bbox 2952 3641 3102 3694; x_wconf 79' lang='lat' dir='ltr'><strong>etiam</strong></span> <span class='ocrx_word' id='word_1_674' title='bbox 3129 3658 3161 3694; x_wconf 88' lang='lat' dir='ltr'><strong>a</strong></span> <span class='ocrx_word' id='word_1_675' title='bbox 3190 3644 3328 3694; x_wconf 83' lang='lat' dir='ltr'><strong>circa</strong></span> <span class='ocrx_word' id='word_1_676' title='bbox 3347 3683 3362 3707; x_wconf 91' lang='lat'><strong>,</strong></span> <span class='ocrx_word' id='word_1_677' title='bbox 3406 3642 3488 3694; x_wconf 88' lang='lat' dir='ltr'><strong>ubi</strong></span> <span class='ocrx_word' id='word_1_678' title='bbox 3518 3642 3724 3710; x_wconf 82' lang='lat' dir='ltr'><strong>proprie</strong></span> 
     </span>
    </p>
   </div>
   <div class='ocr_carea' id='block_1_104' title="bbox 2117 3711 2841 3780">
    <p class='ocr_par' dir='ltr' id='par_1_104' title="bbox 2117 3711 2841 3780">
     <span class='ocr_line' id='line_1_105' title="bbox 2117 3711 2841 3780; baseline 0.006 -19"><span class='ocrx_word' id='word_1_679' title='bbox 2117 3712 2261 3780; x_wconf 73' lang='lat' dir='ltr'><strong>furor</strong></span> <span class='ocrx_word' id='word_1_680' title='bbox 2295 3711 2528 3774; x_wconf 68' lang='lat' dir='ltr'><strong>,irtcsitlt-t</strong></span> <span class='ocrx_word' id='word_1_681' title='bbox 2549 3751 2563 3772; x_wconf 92' lang='lat'><strong>,</strong></span> <span class='ocrx_word' id='word_1_682' title='bbox 2595 3719 2697 3763; x_wconf 65' lang='grc' dir='ltr'><strong>(τις.</strong></span> <span class='ocrx_word' id='word_1_683' title='bbox 2726 3711 2841 3771; x_wconf 74' lang='grc' dir='ltr'><strong>Ιὶῖο,</strong></span> 
     </span>
    </p>
   </div>
   <div class='ocr_carea' id='block_1_105' title="bbox 2187 3779 3719 3851">
    <p class='ocr_par' dir='ltr' id='par_1_105' title="bbox 2187 3779 3719 3851">
     <span class='ocr_line' id='line_1_106' title="bbox 2187 3779 3719 3851; baseline 0.003 -20"><span class='ocrx_word' id='word_1_684' title='bbox 2187 3779 2337 3835; x_wconf 69' lang='grc' dir='ltr'><strong>ϐίη-ο</strong></span> <span class='ocrx_word' id='word_1_685' title='bbox 2400 3796 2659 3849; x_wconf 77' lang='lat' dir='ltr'><strong>opt’ratttr.</strong></span> <span class='ocrx_word' id='word_1_686' title='bbox 2722 3782 2774 3834; x_wconf 94' lang='lat' dir='ltr'><strong>In</strong></span> <span class='ocrx_word' id='word_1_687' title='bbox 2834 3783 3147 3851; x_wconf 77' lang='lat' dir='ltr'><strong>apograplio</strong></span> <span class='ocrx_word' id='word_1_688' title='bbox 3197 3784 3457 3849; x_wconf 76' lang='lat' dir='ltr'><strong>scriptum</strong></span> <span class='ocrx_word' id='word_1_689' title='bbox 3503 3784 3719 3836; x_wconf 82' lang='lat' dir='ltr'><strong>fuerat:</strong></span> 
     </span>
    </p>
   </div>
   <div class='ocr_carea' id='block_1_106' title="bbox 2120 3850 3327 3921">
    <p class='ocr_par' dir='ltr' id='par_1_106' title="bbox 2120 3850 3327 3921">
     <span class='ocr_line' id='line_1_107' title="bbox 2120 3850 3327 3921; baseline 0.005 -16"><span class='ocrx_word' id='word_1_690' title='bbox 2120 3850 2219 3905; x_wconf 89' lang='lat' dir='ltr'><strong>Ubi</strong></span> <span class='ocrx_word' id='word_1_691' title='bbox 2251 3863 2459 3905; x_wconf 81' lang='lat' dir='ltr'><strong>satanas</strong></span> <span class='ocrx_word' id='word_1_692' title='bbox 2497 3854 2786 3921; x_wconf 80' lang='lat' dir='ltr'><strong>fragoribus</strong></span> <span class='ocrx_word' id='word_1_693' title='bbox 2830 3867 3179 3921; x_wconf 84' lang='lat' dir='ltr'><strong>comparatus.</strong></span> <span class='ocrx_word' id='word_1_694' title='bbox 3208 3855 3327 3910; x_wconf 79' lang='lat' dir='ltr'><strong>RtG.</strong></span> 
     </span>
    </p>
   </div>
   <div class='ocr_carea' id='block_1_107' title="bbox 2192 3922 3718 3996">
    <p class='ocr_par' dir='ltr' id='par_1_107' title="bbox 2192 3922 3718 3996">
     <span class='ocr_line' id='line_1_108' title="bbox 2192 3922 3718 3996; baseline 0.003 -21"><span class='ocrx_word' id='word_1_695' title='bbox 2192 3924 2348 3988; x_wconf 78' lang='lat' dir='ltr'><strong>Queis</strong></span> <span class='ocrx_word' id='word_1_696' title='bbox 2390 3925 2694 3976; x_wconf 77' lang='lat' dir='ltr'><strong>renuntiasti</strong></span> <span class='ocrx_word' id='word_1_697' title='bbox 2732 3925 2925 3992; x_wconf 77' lang='lat' dir='ltr'><strong>priora.</strong></span> <span class='ocrx_word' id='word_1_698' title='bbox 2976 3922 3166 3979; x_wconf 89' lang='lat' dir='ltr'><strong>Priora</strong></span> <span class='ocrx_word' id='word_1_699' title='bbox 3197 3927 3326 3979; x_wconf 85' lang='lat' dir='ltr'><strong>dicit</strong></span> <span class='ocrx_word' id='word_1_700' title='bbox 3356 3943 3478 3996; x_wconf 73' lang='lat' dir='ltr'><strong>qua:</strong></span> <span class='ocrx_word' id='word_1_701' title='bbox 3518 3940 3718 3993; x_wconf 85' lang='lat' dir='ltr'><strong>supra,</strong></span> 
     </span>
    </p>
   </div>
   <div class='ocr_carea' id='block_1_108' title="bbox 2117 3996 3724 4064">
    <p class='ocr_par' dir='ltr' id='par_1_108' title="bbox 2117 3996 3724 4064">
     <span class='ocr_line' id='line_1_109' title="bbox 2117 3996 3724 4064; baseline 0.001 -17"><span class='ocrx_word' id='word_1_702' title='bbox 2117 3996 2372 4064; x_wconf 79' lang='lat' dir='ltr'><strong>pristina,</strong></span> <span class='ocrx_word' id='word_1_703' title='bbox 2422 3996 2627 4062; x_wconf 84' lang='lat' dir='ltr'><strong>prisca,</strong></span> <span class='ocrx_word' id='word_1_704' title='bbox 2691 4014 2751 4047; x_wconf 68' lang='grc' dir='ltr'>(ιςι</span> <span class='ocrx_word' id='word_1_705' title='bbox 2812 4012 2932 4064; x_wconf 71' lang='lat' dir='ltr'><strong>qua:</strong></span> <span class='ocrx_word' id='word_1_706' title='bbox 2979 3999 3034 4050; x_wconf 86' lang='lat' dir='ltr'><strong>in</strong></span> <span class='ocrx_word' id='word_1_707' title='bbox 3082 4008 3201 4051; x_wconf 82' lang='lat' dir='ltr'><strong>ante</strong></span> <span class='ocrx_word' id='word_1_708' title='bbox 3240 3996 3425 4052; x_wconf 83' lang='lat' dir='ltr'><strong>ﬁdem.</strong></span> <span class='ocrx_word' id='word_1_709' title='bbox 3472 3996 3544 4051; x_wconf 82' lang='lat' dir='ltr'><strong>Ea</strong></span> <span class='ocrx_word' id='word_1_710' title='bbox 3590 4012 3724 4050; x_wconf 84' lang='lat' dir='ltr'><strong>vero</strong></span> 
     </span>
    </p>
   </div>
   <div class='ocr_carea' id='block_1_109' title="bbox 2117 4067 3718 4138">
    <p class='ocr_par' dir='ltr' id='par_1_109' title="bbox 2117 4067 3718 4138">
     <span class='ocr_line' id='line_1_110' title="bbox 2117 4067 3718 4138; baseline 0.001 -18"><span class='ocrx_word' id='word_1_711' title='bbox 2117 4076 2241 4138; x_wconf 86' lang='lat' dir='ltr'><strong>sunt</strong></span> <span class='ocrx_word' id='word_1_712' title='bbox 2273 4067 2554 4124; x_wconf 81' lang='lat' dir='ltr'><strong>dialndus.</strong></span> <span class='ocrx_word' id='word_1_713' title='bbox 2618 4082 2805 4134; x_wconf 79' lang='lat' dir='ltr'><strong>pompa</strong></span> <span class='ocrx_word' id='word_1_714' title='bbox 2837 4076 2891 4120; x_wconf 92' lang='lat' dir='ltr'><strong>et</strong></span> <span class='ocrx_word' id='word_1_715' title='bbox 2938 4069 3114 4137; x_wconf 84' lang='lat' dir='ltr'><strong>angeli</strong></span> <span class='ocrx_word' id='word_1_716' title='bbox 3162 4069 3301 4138; x_wconf 77' lang='lat' dir='ltr'><strong>ejus.</strong></span> <span class='ocrx_word' id='word_1_717' title='bbox 3331 4069 3718 4133; x_wconf 88' lang='lat' dir='ltr'><strong>Tertullianus,</strong></span> 
     </span>
    </p>
   </div>
   <div class='ocr_carea' id='block_1_110' title="bbox 2117 4138 3315 4195">
    <p class='ocr_par' dir='ltr' id='par_1_110' title="bbox 2117 4138 3315 4195">
     <span class='ocr_line' id='line_1_111' title="bbox 2117 4138 3315 4195; baseline 0.005 -5"><span class='ocrx_word' id='word_1_718' title='bbox 2117 4147 2172 4192; x_wconf 90' lang='lat' dir='ltr'><strong>et</strong></span> <span class='ocrx_word' id='word_1_719' title='bbox 2202 4147 2313 4191; x_wconf 78' lang='lat' dir='ltr'><strong>tom</strong></span> <span class='ocrx_word' id='word_1_720' title='bbox 2354 4139 2446 4191; x_wconf 87' lang='lat' dir='ltr'><strong>illo</strong></span> <span class='ocrx_word' id='word_1_721' title='bbox 2475 4140 2540 4191; x_wconf 90' lang='lat' dir='ltr'><strong>de</strong></span> <span class='ocrx_word' id='word_1_722' title='bbox 2573 4138 2930 4192; x_wconf 62' lang='lat' dir='ltr'><strong>SJCClDClllis.</strong></span> <span class='ocrx_word' id='word_1_723' title='bbox 2989 4140 3106 4195; x_wconf 69' lang='lat' dir='ltr'><strong>Itee.</strong></span> <span class='ocrx_word' id='word_1_724' title='bbox 3311 4175 3315 4179; x_wconf 93' lang='lat'><em>-</em></span> 
     </span>
    </p>
   </div>
   <div class='ocr_carea' id='block_1_111' title="bbox 2193 4209 3722 4277">
    <p class='ocr_par' dir='ltr' id='par_1_111' title="bbox 2193 4209 3722 4277">
     <span class='ocr_line' id='line_1_112' title="bbox 2193 4209 3722 4277; baseline 0.001 -15"><span class='ocrx_word' id='word_1_725' title='bbox 2193 4209 2330 4274; x_wconf 83' lang='lat' dir='ltr'><strong>Quid</strong></span> <span class='ocrx_word' id='word_1_726' title='bbox 2361 4210 2585 4275; x_wconf 75' lang='lat' dir='ltr'><strong>proderit</strong></span> <span class='ocrx_word' id='word_1_727' title='bbox 2619 4227 2768 4264; x_wconf 81' lang='lat' dir='ltr'><strong>unus.</strong></span> <span class='ocrx_word' id='word_1_728' title='bbox 2801 4210 2927 4272; x_wconf 77' lang='lat' dir='ltr'><strong>ch.</strong></span> <span class='ocrx_word' id='word_1_729' title='bbox 2963 4211 3085 4277; x_wconf 85' lang='lat' dir='ltr'><strong>quid</strong></span> <span class='ocrx_word' id='word_1_730' title='bbox 3124 4211 3348 4273; x_wconf 82' lang='lat' dir='ltr'><strong>proderit</strong></span> <span class='ocrx_word' id='word_1_731' title='bbox 3393 4220 3574 4265; x_wconf 86' lang='lat' dir='ltr'><strong>unctus</strong></span> <span class='ocrx_word' id='word_1_732' title='bbox 3600 4252 3614 4273; x_wconf 96' lang='lat'><strong>,</strong></span> <span class='ocrx_word' id='word_1_733' title='bbox 3670 4212 3722 4264; x_wconf 85' lang='lat' dir='ltr'><strong>id</strong></span> 
     </span>
    </p>
   </div>
   <div class='ocr_carea' id='block_1_112' title="bbox 2119 4281 3720 4346">
    <p class='ocr_par' dir='ltr' id='par_1_112' title="bbox 2119 4281 3720 4346">
     <span class='ocr_line' id='line_1_113' title="bbox 2119 4281 3720 4346; baseline 0.001 -14"><span class='ocrx_word' id='word_1_734' title='bbox 2119 4290 2236 4336; x_wconf 87' lang='lat' dir='ltr'><strong>est.</strong></span> <span class='ocrx_word' id='word_1_735' title='bbox 2273 4281 2521 4334; x_wconf 85' lang='lat' dir='ltr'><strong>Christus</strong></span> <span class='ocrx_word' id='word_1_736' title='bbox 2547 4322 2560 4344; x_wconf 94' lang='lat'><strong>,</strong></span> <span class='ocrx_word' id='word_1_737' title='bbox 2612 4282 2698 4346; x_wconf 92' lang='lat' dir='ltr'><strong>qui</strong></span> <span class='ocrx_word' id='word_1_738' title='bbox 2752 4283 2897 4335; x_wconf 79' lang='lat' dir='ltr'><strong>tauri</strong></span> <span class='ocrx_word' id='word_1_739' title='bbox 2932 4282 3030 4336; x_wconf 87' lang='lat' dir='ltr'><strong>fuit</strong></span> <span class='ocrx_word' id='word_1_740' title='bbox 3071 4284 3267 4336; x_wconf 80' lang='lat' dir='ltr'><strong>affixus</strong></span> <span class='ocrx_word' id='word_1_741' title='bbox 3296 4292 3353 4338; x_wconf 89' lang='lat' dir='ltr'><strong>ut</strong></span> <span class='ocrx_word' id='word_1_742' title='bbox 3390 4281 3640 4337; x_wconf 87' lang='lat' dir='ltr'><strong>homines</strong></span> <span class='ocrx_word' id='word_1_743' title='bbox 3691 4298 3720 4334; x_wconf 79' lang='grc' dir='ltr'>τι</span> 
     </span>
    </p>
   </div>
   <div class='ocr_carea' id='block_1_113' title="bbox 2119 4353 3722 4424">
    <p class='ocr_par' dir='ltr' id='par_1_113' title="bbox 2119 4353 3722 4424">
     <span class='ocr_line' id='line_1_114' title="bbox 2119 4353 3722 4424; baseline 0.002 -20"><span class='ocrx_word' id='word_1_744' title='bbox 2119 4353 2320 4424; x_wconf 81' lang='lat' dir='ltr'><strong>diaboli</strong></span> <span class='ocrx_word' id='word_1_745' title='bbox 2376 4353 3028 4424; x_wconf 52' lang='lat' dir='ltr'><strong>potestateretraheret,</strong></span> <span class='ocrx_word' id='word_1_746' title='bbox 3081 4356 3290 4424; x_wconf 86' lang='lat' dir='ltr'><strong>sibique</strong></span> <span class='ocrx_word' id='word_1_747' title='bbox 3329 4355 3574 4424; x_wconf 79' lang='lat' dir='ltr'><strong>populum</strong></span> <span class='ocrx_word' id='word_1_748' title='bbox 3615 4353 3722 4408; x_wconf 85' lang='lat' dir='ltr'><strong>ele-</strong></span> 
     </span>
    </p>
   </div>
   <div class='ocr_carea' id='block_1_114' title="bbox 2121 4422 3276 4482">
    <p class='ocr_par' dir='ltr' id='par_1_114' title="bbox 2121 4422 3276 4482">
     <span class='ocr_line' id='line_1_115' title="bbox 2121 4422 3276 4482; baseline 0.004 -6"><span class='ocrx_word' id='word_1_749' title='bbox 2121 4432 2252 4476; x_wconf 86' lang='lat' dir='ltr'><strong>ctum</strong></span> <span class='ocrx_word' id='word_1_750' title='bbox 2284 4422 2505 4478; x_wconf 80' lang='lat' dir='ltr'><strong>faceret.</strong></span> <span class='ocrx_word' id='word_1_751' title='bbox 2535 4423 2623 4477; x_wconf 86' lang='lat' dir='ltr'><strong>Sit:</strong></span> <span class='ocrx_word' id='word_1_752' title='bbox 2653 4422 2814 4480; x_wconf 89' lang='lat' dir='ltr'><strong>lustr.</strong></span> <span class='ocrx_word' id='word_1_753' title='bbox 2845 4441 3005 4482; x_wconf 68' lang='lat' dir='ltr'><strong>LXXII.</strong></span> <span class='ocrx_word' id='word_1_754' title='bbox 3034 4442 3082 4477; x_wconf 82' lang='grc' dir='ltr'><strong>ν.</strong></span> <span class='ocrx_word' id='word_1_755' title='bbox 3121 4422 3276 4481; x_wconf 77' lang='grc'>1151.</span> 
     </span>
    </p>
   </div>
   <div class='ocr_carea' id='block_1_115' title="bbox 2192 4495 3724 4566">
    <p class='ocr_par' dir='ltr' id='par_1_115' title="bbox 2192 4495 3724 4566">
     <span class='ocr_line' id='line_1_116' title="bbox 2192 4495 3724 4566; baseline 0.003 -18"><span class='ocrx_word' id='word_1_756' title='bbox 2192 4496 2292 4548; x_wconf 83' lang='lat' dir='ltr'><strong>Aut</strong></span> <span class='ocrx_word' id='word_1_757' title='bbox 2317 4497 2361 4548; x_wconf 83' lang='lat' dir='ltr'><strong>si</strong></span> <span class='ocrx_word' id='word_1_758' title='bbox 2384 4513 2478 4564; x_wconf 83' lang='lat' dir='ltr'><strong>pro</strong></span> <span class='ocrx_word' id='word_1_759' title='bbox 2509 4495 2757 4566; x_wconf 79' lang='lat' dir='ltr'><strong>languore</strong></span> <span class='ocrx_word' id='word_1_760' title='bbox 2780 4497 2974 4549; x_wconf 85' lang='lat' dir='ltr'><strong>datmn.</strong></span> <span class='ocrx_word' id='word_1_761' title='bbox 3004 4497 3078 4551; x_wconf 63' lang='lat' dir='ltr'><strong>Ad</strong></span> <span class='ocrx_word' id='word_1_762' title='bbox 3105 4497 3479 4552; x_wconf 82' lang='lat' dir='ltr'><strong>refocillandas</strong></span> <span class='ocrx_word' id='word_1_763' title='bbox 3499 4505 3590 4551; x_wconf 88' lang='lat' dir='ltr'><strong>aut</strong></span> <span class='ocrx_word' id='word_1_764' title='bbox 3634 4513 3724 4552; x_wconf 89' lang='lat' dir='ltr'><strong>re-</strong></span> 
     </span>
    </p>
   </div>
   <div class='ocr_carea' id='block_1_116' title="bbox 2118 4567 3720 4636">
    <p class='ocr_par' dir='ltr' id='par_1_116' title="bbox 2118 4567 3720 4636">
     <span class='ocr_line' id='line_1_117' title="bbox 2118 4567 3720 4636; baseline -0.001 -15"><span class='ocrx_word' id='word_1_765' title='bbox 2118 4567 2382 4621; x_wconf 63' lang='lat' dir='ltr'><strong>creandas</strong></span> <span class='ocrx_word' id='word_1_766' title='bbox 2420 4569 2582 4620; x_wconf 86' lang='lat' dir='ltr'><strong>animi</strong></span> <span class='ocrx_word' id='word_1_767' title='bbox 2623 4569 3019 4636; x_wconf 71' lang='lat' dir='ltr'><strong>langue~cmlis</strong></span> <span class='ocrx_word' id='word_1_768' title='bbox 3059 4569 3233 4630; x_wconf 78' lang='lat' dir='ltr'><strong>vires,</strong></span> <span class='ocrx_word' id='word_1_769' title='bbox 3285 4572 3354 4622; x_wconf 83' lang='lat' dir='ltr'><strong>ab</strong></span> <span class='ocrx_word' id='word_1_770' title='bbox 3399 4568 3463 4622; x_wconf 88' lang='lat' dir='ltr'><strong>iis</strong></span> <span class='ocrx_word' id='word_1_771' title='bbox 3507 4568 3720 4621; x_wconf 82' lang='lat' dir='ltr'><strong>mollis-</strong></span> 
     </span>
    </p>
   </div>
   <div class='ocr_carea' id='block_1_117' title="bbox 2125 4638 3726 4697">
    <p class='ocr_par' dir='ltr' id='par_1_117' title="bbox 2125 4638 3726 4697">
     <span class='ocr_line' id='line_1_118' title="bbox 2125 4638 3726 4697; baseline 0.001 -5"><span class='ocrx_word' id='word_1_772' title='bbox 2125 4640 2276 4692; x_wconf 84' lang='lat' dir='ltr'><strong>simis</strong></span> <span class='ocrx_word' id='word_1_773' title='bbox 2307 4651 2359 4692; x_wconf 88' lang='lat' dir='ltr'><strong>et</strong></span> <span class='ocrx_word' id='word_1_774' title='bbox 2404 4638 2669 4693; x_wconf 81' lang='lat' dir='ltr'><strong>facillimis</strong></span> <span class='ocrx_word' id='word_1_775' title='bbox 2700 4641 3012 4694; x_wconf 85' lang='lat' dir='ltr'><strong>doctoribus</strong></span> <span class='ocrx_word' id='word_1_776' title='bbox 3062 4655 3323 4697; x_wconf 81' lang='lat' dir='ltr'><strong>concessa</strong></span> <span class='ocrx_word' id='word_1_777' title='bbox 3381 4640 3473 4694; x_wconf 89' lang='lat' dir='ltr'><strong>tibi</strong></span> <span class='ocrx_word' id='word_1_778' title='bbox 3520 4640 3726 4695; x_wconf 82' lang='lat' dir='ltr'><strong>fuerint</strong></span> 
     </span>
    </p>
   </div>
   <div class='ocr_carea' id='block_1_118' title="bbox 2122 4710 2602 4780">
    <p class='ocr_par' dir='ltr' id='par_1_118' title="bbox 2122 4710 2602 4780">
     <span class='ocr_line' id='line_1_119' title="bbox 2122 4710 2602 4780; baseline -0.002 -16"><span class='ocrx_word' id='word_1_779' title='bbox 2122 4710 2448 4780; x_wconf 85' lang='lat' dir='ltr'><strong>Spectacula.</strong></span> <span class='ocrx_word' id='word_1_780' title='bbox 2479 4710 2602 4766; x_wconf 78' lang='lat' dir='ltr'><strong>th.</strong></span> 
     </span>
    </p>
   </div>
   <div class='ocr_carea' id='block_1_119' title="bbox 2195 4779 3428 4854">
    <p class='ocr_par' dir='ltr' id='par_1_119' title="bbox 2195 4779 3428 4854">
     <span class='ocr_line' id='line_1_120' title="bbox 2195 4779 3428 4854; baseline 0.006 -22"><span class='ocrx_word' id='word_1_781' title='bbox 2195 4779 2372 4854; x_wconf 59' lang='lat' dir='ltr'><strong>[yolitc</strong></span> <span class='ocrx_word' id='word_1_782' title='bbox 2411 4782 2622 4854; x_wconf 79' lang='lat' dir='ltr'><strong>diligere</strong></span> <span class='ocrx_word' id='word_1_783' title='bbox 2653 4783 2920 4854; x_wconf 75' lang='lat' dir='ltr'><strong>mundum.</strong></span> <span class='ocrx_word' id='word_1_784' title='bbox 2957 4793 3153 4838; x_wconf 78' lang='lat' dir='ltr'><strong>Hoan.</strong></span> <span class='ocrx_word' id='word_1_785' title='bbox 3177 4825 3191 4847; x_wconf 89' lang='lat'><strong>,</strong></span> <span class='ocrx_word' id='word_1_786' title='bbox 3241 4801 3308 4849; x_wconf 87' lang='lat' dir='ltr'><strong>tt,</strong></span> <span class='ocrx_word' id='word_1_787' title='bbox 3343 4783 3428 4838; x_wconf 79' lang='grc'><strong>15.</strong></span> 
     </span>
    </p>
   </div>
   <div class='ocr_carea' id='block_1_120' title="bbox 2199 4852 3722 4925">
    <p class='ocr_par' dir='ltr' id='par_1_120' title="bbox 2199 4852 3722 4925">
     <span class='ocr_line' id='line_1_121' title="bbox 2199 4852 3722 4925; baseline 0.001 -20"><span class='ocrx_word' id='word_1_788' title='bbox 2199 4853 2380 4917; x_wconf 83' lang='lat' dir='ltr'><strong>Neque</strong></span> <span class='ocrx_word' id='word_1_789' title='bbox 2419 4852 2684 4907; x_wconf 86' lang='lat' dir='ltr'><strong>ambitum.</strong></span> <span class='ocrx_word' id='word_1_790' title='bbox 2738 4852 2850 4908; x_wconf 80' lang='lat' dir='ltr'><strong>Hoc</strong></span> <span class='ocrx_word' id='word_1_791' title='bbox 2891 4864 3006 4919; x_wconf 75' lang='lat' dir='ltr'><strong>est,</strong></span> <span class='ocrx_word' id='word_1_792' title='bbox 3057 4856 3105 4909; x_wconf 86' lang='lat' dir='ltr'><strong>id</strong></span> <span class='ocrx_word' id='word_1_793' title='bbox 3134 4870 3293 4911; x_wconf 91' lang='lat' dir='ltr'><strong>omne</strong></span> <span class='ocrx_word' id='word_1_794' title='bbox 3332 4855 3473 4925; x_wconf 86' lang='lat' dir='ltr'><strong>quod</strong></span> <span class='ocrx_word' id='word_1_795' title='bbox 3517 4855 3722 4909; x_wconf 87' lang='lat' dir='ltr'><strong>mumlo</strong></span> 
     </span>
    </p>
   </div>
   <div class='ocr_carea' id='block_1_121' title="bbox 2119 4925 3720 4993">
    <p class='ocr_par' dir='ltr' id='par_1_121' title="bbox 2119 4925 3720 4993">
     <span class='ocr_line' id='line_1_122' title="bbox 2119 4925 3720 4993; baseline 0.004 -18"><span class='ocrx_word' id='word_1_796' title='bbox 2119 4925 2354 4980; x_wconf 87' lang='lat' dir='ltr'><strong>ambitur</strong></span> <span class='ocrx_word' id='word_1_797' title='bbox 2408 4935 2462 4981; x_wconf 88' lang='lat' dir='ltr'><strong>et</strong></span> <span class='ocrx_word' id='word_1_798' title='bbox 2508 4925 2832 4980; x_wconf 76' lang='lat' dir='ltr'><strong>continetur.</strong></span> <span class='ocrx_word' id='word_1_799' title='bbox 2885 4925 3124 4981; x_wconf 83' lang='lat' dir='ltr'><strong>Joannes</strong></span> <span class='ocrx_word' id='word_1_800' title='bbox 3167 4926 3347 4993; x_wconf 79' lang='lat' dir='ltr'><strong>dixit,</strong></span> <span class='ocrx_word' id='word_1_801' title='bbox 3401 4945 3461 4981; x_wconf 83' lang='lat' dir='ltr'><strong>ea</strong></span> <span class='ocrx_word' id='word_1_802' title='bbox 3500 4943 3613 4990; x_wconf 74' lang='lat' dir='ltr'><strong>qua:</strong></span> <span class='ocrx_word' id='word_1_803' title='bbox 3665 4930 3720 4982; x_wconf 83' lang='lat' dir='ltr'><strong>in</strong></span> 
     </span>
    </p>
   </div>
   <div class='ocr_carea' id='block_1_122' title="bbox 2119 4994 3717 5070">
    <p class='ocr_par' dir='ltr' id='par_1_122' title="bbox 2119 4994 3717 5070">
     <span class='ocr_line' id='line_1_123' title="bbox 2119 4994 3717 5070; baseline 0.004 -23"><span class='ocrx_word' id='word_1_804' title='bbox 2119 4999 2311 5051; x_wconf 84' lang='lat' dir='ltr'><strong>mundo</strong></span> <span class='ocrx_word' id='word_1_805' title='bbox 2377 4994 2515 5052; x_wconf 67' lang='lat' dir='ltr'><strong>sunt.</strong></span> <span class='ocrx_word' id='word_1_806' title='bbox 2586 4997 2952 5070; x_wconf 78' lang='lat' dir='ltr'><strong>&#39;I‘ortullianus</strong></span> <span class='ocrx_word' id='word_1_807' title='bbox 3020 5009 3074 5053; x_wconf 89' lang='lat' dir='ltr'><strong>et</strong></span> <span class='ocrx_word' id='word_1_808' title='bbox 3128 4995 3428 5070; x_wconf 88' lang='lat' dir='ltr'><strong>Cyprianus</strong></span> <span class='ocrx_word' id='word_1_809' title='bbox 3493 5000 3717 5062; x_wconf 74' lang='lat' dir='ltr'><strong>dixere.</strong></span> 
     </span>
    </p>
   </div>
   <div class='ocr_carea' id='block_1_123' title="bbox 2121 5069 2721 5136">
    <p class='ocr_par' dir='ltr' id='par_1_123' title="bbox 2121 5069 2721 5136">
     <span class='ocr_line' id='line_1_124' title="bbox 2121 5069 2721 5136; baseline 0.002 -16"><span class='ocrx_word' id='word_1_810' title='bbox 2121 5083 2305 5136; x_wconf 82' lang='lat' dir='ltr'><strong>pampa</strong></span> <span class='ocrx_word' id='word_1_811' title='bbox 2337 5069 2545 5123; x_wconf 84' lang='lat' dir='ltr'><strong>diaboli.</strong></span> <span class='ocrx_word' id='word_1_812' title='bbox 2599 5069 2721 5124; x_wconf 82' lang='lat' dir='ltr'><strong>RIG.</strong></span> 
     </span>
    </p>
   </div>
   <div class='ocr_carea' id='block_1_124' title="bbox 2194 5139 3717 5199">
    <p class='ocr_par' dir='ltr' id='par_1_124' title="bbox 2194 5139 3717 5199">
     <span class='ocr_line' id='line_1_125' title="bbox 2194 5139 3717 5199; baseline 0.002 -7"><span class='ocrx_word' id='word_1_813' title='bbox 2194 5139 2443 5196; x_wconf 83' lang='lat' dir='ltr'><strong>Observas</strong></span> <span class='ocrx_word' id='word_1_814' title='bbox 2487 5142 2785 5195; x_wconf 82' lang='lat' dir='ltr'><strong>mandatum</strong></span> <span class='ocrx_word' id='word_1_815' title='bbox 2813 5142 3056 5196; x_wconf 81' lang='lat' dir='ltr'><strong>nominis.</strong></span> <span class='ocrx_word' id='word_1_816' title='bbox 3095 5141 3362 5199; x_wconf 83' lang='lat' dir='ltr'><strong>Discernit</strong></span> <span class='ocrx_word' id='word_1_817' title='bbox 3393 5141 3536 5198; x_wconf 87' lang='lat' dir='ltr'><strong>inter</strong></span> <span class='ocrx_word' id='word_1_818' title='bbox 3562 5157 3717 5197; x_wconf 89' lang='lat' dir='ltr'><strong>man-</strong></span> 
     </span>
    </p>
   </div>
   <div class='ocr_carea' id='block_1_125' title="bbox 2119 5209 3715 5277">
    <p class='ocr_par' dir='ltr' id='par_1_125' title="bbox 2119 5209 3715 5277">
     <span class='ocr_line' id='line_1_126' title="bbox 2119 5209 3715 5277; baseline 0.003 -16"><span class='ocrx_word' id='word_1_819' title='bbox 2119 5209 2239 5263; x_wconf 90' lang='lat' dir='ltr'><strong>data</strong></span> <span class='ocrx_word' id='word_1_820' title='bbox 2283 5211 2414 5277; x_wconf 75' lang='lat' dir='ltr'><strong>Dei,</strong></span> <span class='ocrx_word' id='word_1_821' title='bbox 2455 5224 2508 5266; x_wconf 85' lang='lat' dir='ltr'><strong>et</strong></span> <span class='ocrx_word' id='word_1_822' title='bbox 2552 5213 2800 5265; x_wconf 80' lang='lat' dir='ltr'><strong>mandata</strong></span> <span class='ocrx_word' id='word_1_823' title='bbox 2858 5214 2972 5267; x_wconf 73' lang='lat' dir='ltr'><strong>sive</strong></span> <span class='ocrx_word' id='word_1_824' title='bbox 3025 5213 3342 5268; x_wconf 73' lang='lat' dir='ltr'><strong>traditiones</strong></span> <span class='ocrx_word' id='word_1_825' title='bbox 3392 5213 3715 5277; x_wconf 80' lang='lat' dir='ltr'><strong>hominum;</strong></span> 
     </span>
    </p>
   </div>
   <div class='ocr_carea' id='block_1_126' title="bbox 2117 5281 3718 5358">
    <p class='ocr_par' dir='ltr' id='par_1_126' title="bbox 2117 5281 3718 5358">
     <span class='ocr_line' id='line_1_127' title="bbox 2117 5281 3718 5358; baseline 0.005 -25"><span class='ocrx_word' id='word_1_826' title='bbox 2117 5281 2257 5358; x_wconf 80' lang='lat' dir='ltr'><strong>quod</strong></span> <span class='ocrx_word' id='word_1_827' title='bbox 2302 5285 2636 5338; x_wconf 79' lang='lat' dir='ltr'><strong>ostendimus</strong></span> <span class='ocrx_word' id='word_1_828' title='bbox 2664 5285 2960 5358; x_wconf 60' lang='grc' dir='ltr'><strong>ξςι-ιιίβδίιηε</strong></span> <span class='ocrx_word' id='word_1_829' title='bbox 3006 5284 3202 5339; x_wconf 84' lang='lat' dir='ltr'><strong>factum</strong></span> <span class='ocrx_word' id='word_1_830' title='bbox 3229 5300 3257 5338; x_wconf 94' lang='lat' dir='ltr'><strong>a</strong></span> <span class='ocrx_word' id='word_1_831' title='bbox 3286 5285 3559 5358; x_wconf 80' lang='lat' dir='ltr'><strong>Cypriane</strong></span> <span class='ocrx_word' id='word_1_832' title='bbox 3579 5328 3593 5350; x_wconf 94' lang='lat'><strong>,</strong></span> <span class='ocrx_word' id='word_1_833' title='bbox 3630 5301 3718 5342; x_wconf 55' lang='lat' dir='ltr'><strong>se.</strong></span> 
     </span>
    </p>
   </div>
   <div class='ocr_carea' id='block_1_127' title="bbox 2118 5354 2982 5425">
    <p class='ocr_par' dir='ltr' id='par_1_127' title="bbox 2118 5354 2982 5425">
     <span class='ocr_line' id='line_1_128' title="bbox 2118 5354 2982 5425; baseline 0.007 -20"><span class='ocrx_word' id='word_1_834' title='bbox 2118 5354 2351 5425; x_wconf 82' lang='lat' dir='ltr'><strong>cundum</strong></span> <span class='ocrx_word' id='word_1_835' title='bbox 2379 5368 2643 5425; x_wconf 63' lang='lat' dir='ltr'><strong>pra-cepta</strong></span> <span class='ocrx_word' id='word_1_836' title='bbox 2667 5355 2704 5410; x_wconf 88' lang='lat' dir='ltr'>P</span> <span class='ocrx_word' id='word_1_837' title='bbox 2723 5355 2811 5408; x_wconf 88' lang='lat' dir='ltr'><strong>udi</strong></span> <span class='ocrx_word' id='word_1_838' title='bbox 2861 5357 2982 5411; x_wconf 71' lang='lat' dir='ltr'><strong>lito.</strong></span> 
     </span>
    </p>
   </div>
   <div class='ocr_carea' id='block_1_128' title="bbox 2192 5423 3716 5499">
    <p class='ocr_par' dir='ltr' id='par_1_128' title="bbox 2192 5423 3716 5499">
     <span class='ocr_line' id='line_1_129' title="bbox 2192 5423 3716 5499; baseline 0.008 -25"><span class='ocrx_word' id='word_1_839' title='bbox 2192 5423 2304 5499; x_wconf 81' lang='lat' dir='ltr'><strong>Quo</strong></span> <span class='ocrx_word' id='word_1_840' title='bbox 2337 5423 2570 5481; x_wconf 61' lang='lat' dir='ltr'><strong>doctores</strong></span> <span class='ocrx_word' id='word_1_841' title='bbox 2609 5444 2702 5499; x_wconf 85' lang='lat' dir='ltr'><strong>ora</strong></span> <span class='ocrx_word' id='word_1_842' title='bbox 2749 5428 3076 5496; x_wconf 81' lang='lat' dir='ltr'><strong>procladunt.</strong></span> <span class='ocrx_word' id='word_1_843' title='bbox 3118 5427 3184 5482; x_wconf 82' lang='lat' dir='ltr'><strong>Et</strong></span> <span class='ocrx_word' id='word_1_844' title='bbox 3223 5428 3356 5483; x_wconf 78' lang='lat' dir='ltr'><strong>fiunt</strong></span> <span class='ocrx_word' id='word_1_845' title='bbox 3387 5430 3552 5499; x_wconf 84' lang='lat' dir='ltr'><strong>muli,</strong></span> <span class='ocrx_word' id='word_1_846' title='bbox 3605 5446 3716 5486; x_wconf 91' lang='lat' dir='ltr'><strong>non</strong></span> 
     </span>
    </p>
   </div>
   <div class='ocr_carea' id='block_1_129' title="bbox 2114 5496 2771 5554">
    <p class='ocr_par' dir='ltr' id='par_1_129' title="bbox 2114 5496 2771 5554">
     <span class='ocr_line' id='line_1_130' title="bbox 2114 5496 2771 5554; baseline 0.014 -9"><span class='ocrx_word' id='word_1_847' title='bbox 2114 5496 2357 5552; x_wconf 67' lang='lat' dir='ltr'><strong>valentes</strong></span> <span class='ocrx_word' id='word_1_848' title='bbox 2385 5499 2600 5552; x_wconf 85' lang='lat' dir='ltr'><strong>latrare.</strong></span> <span class='ocrx_word' id='word_1_849' title='bbox 2652 5498 2771 5554; x_wconf 71' lang='lat' dir='ltr'><strong>Iino.</strong></span> 
     </span>
    </p>
   </div>
   <div class='ocr_carea' id='block_1_130' title="bbox 2190 5567 3715 5643">
    <p class='ocr_par' dir='ltr' id='par_1_130' title="bbox 2190 5567 3715 5643">
     <span class='ocr_line' id='line_1_131' title="bbox 2190 5567 3715 5643; baseline 0.006 -24"><span class='ocrx_word' id='word_1_850' title='bbox 2190 5567 2282 5643; x_wconf 78' lang='lat' dir='ltr'><strong>Mc</strong></span> <span class='ocrx_word' id='word_1_851' title='bbox 2304 5584 2420 5622; x_wconf 74' lang='lat' dir='ltr'><strong>vera</strong></span> <span class='ocrx_word' id='word_1_852' title='bbox 2451 5571 2789 5624; x_wconf 76' lang='lat' dir='ltr'><strong>dicentem...</strong></span> <span class='ocrx_word' id='word_1_853' title='bbox 2830 5572 3067 5641; x_wconf 87' lang='lat' dir='ltr'><strong>prospice</strong></span> <span class='ocrx_word' id='word_1_854' title='bbox 3094 5589 3369 5626; x_wconf 83' lang='lat' dir='ltr'><strong>sumntum.</strong></span> <span class='ocrx_word' id='word_1_855' title='bbox 3401 5572 3483 5629; x_wconf 80' lang='lat' dir='ltr'><strong>An</strong></span> <span class='ocrx_word' id='word_1_856' title='bbox 3527 5572 3715 5643; x_wconf 85' lang='lat' dir='ltr'><strong>igitur.</strong></span> 
     </span>
    </p>
   </div>
   <div class='ocr_carea' id='block_1_131' title="bbox 2113 5640 3712 5711">
    <p class='ocr_par' dir='ltr' id='par_1_131' title="bbox 2113 5640 3712 5711">
     <span class='ocr_line' id='line_1_132' title="bbox 2113 5640 3712 5711; baseline 0.004 -19"><span class='ocrx_word' id='word_1_857' title='bbox 2113 5640 2374 5695; x_wconf 78' lang='lat' dir='ltr'><strong>mendicus</strong></span> <span class='ocrx_word' id='word_1_858' title='bbox 2406 5643 2594 5696; x_wconf 77' lang='lat' dir='ltr'><strong>Clu-isti</strong></span> <span class='ocrx_word' id='word_1_859' title='bbox 2621 5658 2675 5694; x_wconf 87' lang='lat' dir='ltr'><strong>se</strong></span> <span class='ocrx_word' id='word_1_860' title='bbox 2703 5640 2961 5695; x_wconf 85' lang='lat' dir='ltr'><strong>sumntum</strong></span> <span class='ocrx_word' id='word_1_861' title='bbox 2985 5643 3164 5698; x_wconf 81' lang='lat' dir='ltr'><strong>dixit?</strong></span> <span class='ocrx_word' id='word_1_862' title='bbox 3189 5644 3315 5711; x_wconf 76' lang='lat' dir='ltr'><strong>Leg.</strong></span> <span class='ocrx_word' id='word_1_863' title='bbox 3353 5643 3438 5697; x_wconf 78' lang='lat' dir='ltr'><strong>Me</strong></span> <span class='ocrx_word' id='word_1_864' title='bbox 3480 5640 3598 5699; x_wconf 69' lang='lat' dir='ltr'><strong>uera</strong></span> <span class='ocrx_word' id='word_1_865' title='bbox 3628 5646 3712 5699; x_wconf 86' lang='lat' dir='ltr'><strong>di-</strong></span> 
     </span>
    </p>
   </div>
   <div class='ocr_carea' id='block_1_132' title="bbox 2114 5714 3714 5783">
    <p class='ocr_par' dir='ltr' id='par_1_132' title="bbox 2114 5714 3714 5783">
     <span class='ocr_line' id='line_1_133' title="bbox 2114 5714 3714 5783; baseline 0.005 -19"><span class='ocrx_word' id='word_1_866' title='bbox 2114 5723 2289 5780; x_wconf 84' lang='lat' dir='ltr'><strong>cente,</strong></span> <span class='ocrx_word' id='word_1_867' title='bbox 2333 5715 2462 5766; x_wconf 83' lang='lat' dir='ltr'><strong>sicut</strong></span> <span class='ocrx_word' id='word_1_868' title='bbox 2505 5715 2720 5779; x_wconf 85' lang='lat' dir='ltr'><strong>teneris,</strong></span> <span class='ocrx_word' id='word_1_869' title='bbox 2759 5715 2991 5783; x_wconf 81' lang='lat' dir='ltr'><strong>prospice</strong></span> <span class='ocrx_word' id='word_1_870' title='bbox 3034 5733 3309 5768; x_wconf 83' lang='lat' dir='ltr'><strong>sumntum.</strong></span> <span class='ocrx_word' id='word_1_871' title='bbox 3343 5714 3460 5770; x_wconf 75' lang='lat' dir='ltr'><strong>Meo</strong></span> <span class='ocrx_word' id='word_1_872' title='bbox 3501 5719 3714 5772; x_wconf 85' lang='lat' dir='ltr'><strong>monitu</strong></span> 
     </span>
    </p>
   </div>
   <div class='ocr_carea' id='block_1_133' title="bbox 2112 5784 3706 5854">
    <p class='ocr_par' dir='ltr' id='par_1_133' title="bbox 2112 5784 3706 5854">
     <span class='ocr_line' id='line_1_134' title="bbox 2112 5784 3706 5854; baseline 0.004 -16"><span class='ocrx_word' id='word_1_873' title='bbox 2112 5784 2308 5838; x_wconf 74' lang='lat' dir='ltr'><strong>ductus</strong></span> <span class='ocrx_word' id='word_1_874' title='bbox 2333 5827 2346 5847; x_wconf 90' lang='lat'><strong>,</strong></span> <span class='ocrx_word' id='word_1_875' title='bbox 2397 5787 2537 5845; x_wconf 89' lang='lat' dir='ltr'><strong>Deo.</strong></span> <span class='ocrx_word' id='word_1_876' title='bbox 2585 5788 2720 5839; x_wconf 85' lang='lat' dir='ltr'><strong>sicut</strong></span> <span class='ocrx_word' id='word_1_877' title='bbox 2751 5801 2846 5854; x_wconf 91' lang='lat' dir='ltr'><strong>par</strong></span> <span class='ocrx_word' id='word_1_878' title='bbox 2877 5796 2958 5839; x_wconf 87' lang='lat' dir='ltr'><strong>est</strong></span> <span class='ocrx_word' id='word_1_879' title='bbox 2981 5828 2995 5847; x_wconf 86' lang='lat'><strong>,</strong></span> <span class='ocrx_word' id='word_1_880' title='bbox 3027 5796 3194 5842; x_wconf 91' lang='lat' dir='ltr'><strong>temet</strong></span> <span class='ocrx_word' id='word_1_881' title='bbox 3233 5787 3476 5851; x_wconf 88' lang='lat' dir='ltr'><strong>addicas,</strong></span> <span class='ocrx_word' id='word_1_882' title='bbox 3525 5789 3706 5844; x_wconf 77' lang='grc' dir='ltr'><strong>Ι)Ανιε.</strong></span> 
     </span>
    </p>
   </div>
   <div class='ocr_carea' id='block_1_134' title="bbox 2185 5854 3707 5930">
    <p class='ocr_par' dir='ltr' id='par_1_134' title="bbox 2185 5854 3707 5930">
     <span class='ocr_line' id='line_1_135' title="bbox 2185 5854 3707 5930; baseline 0.005 -22"><span class='ocrx_word' id='word_1_883' title='bbox 2185 5854 2433 5930; x_wconf 73' lang='lat' dir='ltr'><strong>Prospicc</strong></span> <span class='ocrx_word' id='word_1_884' title='bbox 2477 5873 2751 5911; x_wconf 86' lang='lat' dir='ltr'><strong>summum.</strong></span> <span class='ocrx_word' id='word_1_885' title='bbox 2797 5856 3170 5930; x_wconf 71' lang='lat' dir='ltr'><strong>Altissitnutn;</strong></span> <span class='ocrx_word' id='word_1_886' title='bbox 3202 5859 3369 5916; x_wconf 86' lang='lat' dir='ltr'><strong>Deum</strong></span> <span class='ocrx_word' id='word_1_887' title='bbox 3418 5871 3528 5930; x_wconf 90' lang='lat' dir='ltr'><strong>opt.</strong></span> <span class='ocrx_word' id='word_1_888' title='bbox 3561 5876 3707 5916; x_wconf 77' lang='lat' dir='ltr'><strong>max.</strong></span> 
     </span>
    </p>
   </div>
   <div class='ocr_carea' id='block_1_135' title="bbox 2110 5927 2966 6000">
    <p class='ocr_par' dir='ltr' id='par_1_135' title="bbox 2110 5927 2966 6000">
     <span class='ocr_line' id='line_1_136' title="bbox 2110 5927 2966 6000; baseline 0.002 -18"><span class='ocrx_word' id='word_1_889' title='bbox 2110 5928 2201 6000; x_wconf 86' lang='lat' dir='ltr'><strong>qui</strong></span> <span class='ocrx_word' id='word_1_890' title='bbox 2229 5939 2310 5985; x_wconf 78' lang='lat' dir='ltr'><strong>est</strong></span> <span class='ocrx_word' id='word_1_891' title='bbox 2337 5944 2576 5986; x_wconf 86' lang='lat' dir='ltr'><strong>summus</strong></span> <span class='ocrx_word' id='word_1_892' title='bbox 2608 5930 2819 5985; x_wconf 81' lang='lat' dir='ltr'><strong>Doctor.</strong></span> <span class='ocrx_word' id='word_1_893' title='bbox 2848 5927 2966 5984; x_wconf 72' lang='lat' dir='ltr'><strong>th.</strong></span> 
     </span>
    </p>
   </div>
  </div>
