3950 6330
348 366 458 427 255
567 367 645 439 (ν.
675 366 865 439 mo.)

348 482 527 540 Nolite
557 484 709 540 vacui
738 483 901 540 talem
941 484 1161 541 visitare
1186 485 1475 555 iacentem.

350 578 458 632 Fac
481 577 581 633 sub
610 578 721 634 Deo
750 576 950 633 bonum
969 619 985 643 ,
1041 579 1299 651 obsequia
1333 577 1497 634 redde
1530 592 1625 647 per
1650 594 1948 633 numinum.

346 669 479 726 Inde
511 671 795 727 revalescit
816 715 831 739 ,
866 672 973 735 vel,
1006 672 1052 727 si
1083 672 1379 729 conciderit
1412 672 1522 736 ille,

352 762 679 819 Refaveatur
710 762 873 819 homo
901 781 1123 835 pauper,
1149 765 1238 835 qui
1269 782 1373 818 non
1407 764 1567 819 habet
1597 764 1739 819 unde

356 854 659 911 Mercedem
686 856 802 923 tibi,
837 871 933 926 pro
966 856 1056 909 illo
1087 856 1181 909 sed
1210 855 1459 911 conditor
1488 856 1633 912 orbis
1662 868 1714 912 et
1743 866 1951 913 auctor.

352 948 451 1004 Vel
481 950 525 1004 si
555 952 762 1022 pigeret
790 951 865 1004 ire
892 949 957 1004 ad
988 965 1300 1020 pauperem,
1332 966 1547 1020 semper
1573 953 1821 1016 abasmn,

352 1040 505 1096 Mitte
536 1055 807 1106 nummos,
836 1050 891 1096 et
920 1042 1062 1096 unde
1090 1057 1150 1097 se
1180 1056 1458 1098 resumere
1477 1044 1666 1111 pos-sit.

354 1132 719 1203 Similiterque
746 1148 903 1188 soror
927 1134 970 1187 si
992 1148 1224 1205 paupera
1252 1134 1394 1190 lecto
1416 1135 1713 1202 decumbit,

354 1225 615 1289 Incipiant
643 1236 835 1280 vestra:
862 1235 1121 1281 matrona:
1150 1226 1401 1282 victualia
1434 1227 1595 1283 ferre.

352 1318 565 1373 Clamat
597 1319 711 1389 ipse
742 1318 881 1373 Deus
916 1337 928 1372 :
963 1319 1173 1391 Frange
1202 1330 1351 1374 tuum
1385 1336 1576 1388 panem
1605 1335 1798 1391 egeno.

356 1410 554 1466 Verbis
582 1426 719 1482 opus
748 1429 854 1466 non
882 1422 967 1466 est
987 1413 1229 1477 visitare,
1256 1413 1349 1467 sed
1384 1412 1697 1471 benefactis.

353 1500 602 1573 Iniquum
628 1513 732 1568 est,
767 1503 931 1558 frater
954 1503 1132 1574 inopia
1159 1507 1335 1560 victus
1359 1513 1600 1576 aegrotet.

356 1596 619 1668 Satagite,
650 1611 755 1652 non
783 1600 980 1661 verbis,
1006 1613 1157 1654 esum
1184 1610 1476 1672 potumque
1506 1600 1750 1671 requirit.

356 1687 610 1758 lnSpicite
638 1690 793 1751 tales,
828 1691 923 1746 sed
954 1702 1103 1747 certe
1129 1692 1455 1760 debilitatos,

353 1779 679 1852 'I‘ransigere
706 1796 829 1837 sese
848 1785 941 1854 qui
966 1801 1072 1839 non
1104 1796 1351 1855 possunt,
1380 1787 1504 1842 date
1527 1787 1778 1843 subinde.

356 1874 403 1931 Α
444 1874 674 1932 Domina
696 1877 848 1932 vobis
877 1878 1123 1949 spondeo
1144 1879 1258 1935 dari
1287 1881 1671 1953 quadruplum.

741 2007 904 2047 ιιιιι.
942 2019 1016 2035 σ-
1045 2009 1372 2051 νλυρειιιιιυε
1409 2012 1577 2052 ΒΔΝιΒ.

364 2102 659 2174 Pauperies
683 2119 813 2160 sana
854 2106 1003 2176 quid,
1041 2108 1139 2163 nisi
1164 2108 1366 2163 divitia:
1393 2108 1607 2164 adsint?

358 2196 465 2251 Ars
494 2206 642 2252 certe
663 2198 707 2252 si
740 2197 916 2265 fuerit,
940 2203 1052 2269 jam
1078 2210 1133 2258 et
1162 2213 1217 2257 tu
1242 2204 1581 2258 communica
1604 2202 1779 2261 fratri.

368 2286 542 2342 Unum
567 2299 760 2358 praesta
786 2290 904 2357 tibi,
929 2310 995 2348 ne
1026 2296 1291 2365 superbus
1314 2311 1436 2352 esse
1455 2296 1671 2352 dicaris.

360 2381 647 2448 Polliceor,
682 2386 935 2456 quoniam
978 2391 1221 2444 securior
1257 2389 1423 2445 divite
1453 2391 1584 2445 vivis
1616 2410 1628 2444 :

359 2475 567 2547 Excipe
587 2477 888 2535 doctrinam
922 2486 1097 2553 magni
1133 2482 1439 2539 Salomonis
1467 2486 1725 2542 inaures.

356 2566 757 2640 Responsarem
789 2575 841 2626 in
875 2573 986 2627 alto
1016 2573 1131 2629 odit
1158 2575 1299 2632 Deus
1328 2592 1617 2647 pauperem
1646 2593 1766 2635 esse
1796 2597 1809 2634 :

354 2658 562 2718 Idcirco
583 2672 636 2719 te
664 2663 856 2732 subde,
886 2676 943 2722 et
964 2665 1227 2723 honorem
1257 2669 1420 2726 redde
1441 2671 1663 2741 potenti.

1486 363 1913 426 COMMODIANI
1952 362 2494 425 INSTRUCTIONES

1966 481 2017 542 Α
2048 479 2283 537 Blandus
2311 483 2455 538 enim
2485 494 2685 548 sermo,
2721 481 3063 550 proverbium
3098 483 3256 547 nosti,
3291 482 3522 556 deriget.

3118 369 3194 440 (ν.
3242 370 3427 444 ma.)
3536 366 3652 425 256

2060 575 2301 632 Vincitur
2328 576 2503 631 officio
2527 577 2627 631 etsi
2660 576 2819 632 fuerit
2848 578 2925 633 ira
2954 587 3185 634 vetusta.

2061 670 2115 723 Si
2145 670 2317 740 lingua
2348 679 2543 733 taceat,
2570 668 2641 723 nil
2662 669 2853 724 melius
2877 670 3150 726 invenisti.

2060 762 2201 815 Sane
2225 762 2268 814 si
2294 777 2398 815 non
2418 759 2575 816 fuerit
2602 777 2692 814 ars
2716 759 2861 817 unde
2886 764 2991 816 vita
3018 771 3258 834 regatur,

2063 852 2169 907 Aut
2194 866 2410 921 operam
2438 853 2642 924 praebe,
2675 864 2765 908 aut
2790 869 3027 915 cursum,
3052 855 3205 925 jussu
3239 856 3509 926 potentis:

2132 947 2248 1002 Non
2281 949 2477 1019 pudeat
2505 966 2679 1017 neque
2710 951 2887 1021 pigeat
2915 964 3237 1019 procurrere
3261 966 3473 1007 sanum.

2062 1040 2118 1095 In
2141 1055 2275 1110 gaza
2295 1052 2554 1113 praeterea
2587 1042 2653 1097 de
2682 1042 2865 1096 labare
2890 1042 3106 1098 mittere
3132 1042 3333 1109 debes;

2063 1132 2211 1188 Sicut
2238 1134 2526 1206 singularis
2556 1135 2665 1201 illa,
2702 1149 2864 1205 quam
2895 1135 3127 1205 prtetulit
3150 1147 3359 1192 unctus.

2379 1272 2567 1311 ιυιιι.
2594 1286 2664 1296 --
2689 1272 2855 1313 ιηιιοε
2894 1272 2996 1313 NON
3037 1271 3331 1319 ιυοειωος.

2065 1372 2327 1427 Filiorum
2359 1387 2514 1427 casus
2546 1372 2669 1427 licet
2698 1384 2751 1427 et
2782 1372 2983 1427 dolium
3012 1372 3193 1429 cordis
3225 1371 3515 1443 relinquat,

2061 1464 2119 1519 In
2150 1465 2315 1533 nigris
2347 1464 2499 1520 exire
2527 1476 2703 1520 tamen
2733 1481 2830 1521 nec
2858 1468 3113 1537 plangere
3132 1464 3210 1519 fas
3239 1474 3340 1519 est.

2063 1556 2174 1611 Lex
2211 1556 2504 1625 prudenter
2533 1556 2638 1623 ait,
2667 1558 2848 1612 animo
2878 1571 2976 1612 nec
3000 1571 3215 1627 pompa,
3246 1556 3454 1621 dolere,

2064 1650 2120 1705 In
2153 1650 2530 1707 Salamoniaco
2560 1651 2697 1706 libro
2717 1652 3014 1722 septimana
3040 1652 3210 1707 ﬁnita.

2065 1741 2242 1797 Oblita
2277 1743 2560 1797 Dominum
2593 1744 2660 1799 de
2688 1745 3090 1799 resurrectione
3121 1745 3407 1815 promissa,

2065 1834 2123 1890 Si
2156 1844 2421 1907 martyras
2443 1834 2638 1892 feceris
2664 1837 2828 1904 tilias,
2853 1835 2931 1892 sic
2956 1852 3091 1892 vace
3115 1836 3378 1893 deﬂebis?

1998 1912 2043 1972 Β
2070 1926 2187 1982 Non
2213 1929 2374 1997 pudet
2402 1928 2666 1984 infrenem
2691 1929 2962 1999 gentiliter
2986 1930 3237 2000 plangere
3260 1929 3451 1985 natos?

2066 2021 2141 2076 0s
2166 2021 2391 2087 laceras,
2425 2021 2604 2075 tundis
2626 2032 2836 2092 pectus,
2870 2021 3190 2077 vestimenta
3221 2020 3463 2088 deducis,

2067 2113 2177 2169 Nec
2200 2116 2394 2169 metuis
2427 2115 2708 2169 Dominum
2735 2117 2889 2185 cujus
2908 2123 3063 2185 optas
3088 2130 3310 2186 regnum
3338 2113 3561 2170 videre?

2065 2208 2213 2279 Luge
2239 2208 2381 2280 quod
2409 2208 2489 2264 fas
2511 2220 2595 2265 est
2622 2229 2636 2263 :
2668 2209 2775 2264 noli
2819 2219 2997 2265 tamen
3022 2224 3207 2265 errare
3230 2224 3327 2280 pro
3357 2210 3481 2265 illis.

2067 2299 2175 2355 Vos
2206 2300 2326 2354 ideo
2353 2301 2508 2361 tales,
2542 2301 2683 2371 quod
2713 2303 2889 2356 minus
2911 2317 3069 2373 quam
3096 2311 3285 2372 gentes
3309 2302 3439 2356 estis
3468 2320 3481 2355 :

2063 2391 2318 2448 Germine
2346 2392 2590 2448 zabolica
2619 2392 2795 2449 facitis
2819 2402 2879 2449 ut
2904 2395 3073 2449 turbae
3106 2401 3379 2466 probatae;

2062 2485 2343 2541 Extinctas
2362 2487 2607 2541 clamatis
2640 2504 2780 2556 :qua
2805 2488 3012 2557 gratia?
3043 2488 3210 2555 false,
3243 2487 3449 2559 peristi.

2060 2576 2169 2631 Nec
2196 2578 2385 2631 dolore
2413 2576 2567 2631 duxit
2591 2588 2740 2647 pater
2766 2576 2932 2632 litium
2965 2577 3309 2633 mactandum
3334 2577 3401 2633 ad
3431 2591 3580 2633 aram
3614 2594 3628 2643 ;

2056 2671 2254 2727 Dolore
2281 2687 2382 2727 nec
2413 2681 2561 2727 vates
2585 2670 2750 2727 filium
2780 2672 2918 2728 luxit
2941 2671 3254 2729 defunctum
3286 2690 3301 2728 :

1728 2785 2295 2844 COMMENTARIUS.

357 2900 575 2955 cisterna
631 2902 759 2958 Item
800 2922 816 2960 :
857 2904 1050 2967 Lanam,
1080 2905 1329 2967 πηλὼδιις
1366 2906 1529 2961 τόποι.
1584 2907 1951 2963 Tertullianus

358 2972 776 3047 dixit,_stagnum
803 2977 937 3047 ignis
960 2988 1003 3031 et
1030 2978 1315 3046 sulphuris,
1340 2979 1433 3031 lib.
1463 2978 1530 3031 de
1558 2978 1693 3045 Fug.
1720 2979 1840 3035 R'G.

360 3111 404 3167 Β
427 3040 845 3167 Z‘aleut'oisitaré
874 3040 1151 3119 jacenteni.
1196 3040 1483 3113 Climcum,
1517 3040 1947 3105 Giabbatarium.

412 3133 420 3160 i

412 3130 460 3170 ιιι

437 3186 722 3261 Pauperem
741 3231 756 3254 ,
787 3206 984 3259 semper
1012 3192 1237 3245 abosum.
1272 3192 1568 3261 Importuni
1599 3192 1876 3254 divitibus,
1906 3203 1960 3247 et

358 3257 528 3333 odiosi
556 3257 737 3315 suum
757 3275 877 3315 esse
897 3257 1192 3331 pauperes,
1217 3266 1309 3317 sed
1338 3257 1387 3319 ei
1436 3265 1691 3333 proximis
1720 3265 1880 3319 etiam
1906 3276 1961 3317 et

359 3330 567 3385 amicis.
605 3334 1027 3406 φίλοιμισῆσουσι
1045 3336 1216 3408 φίλους
1233 3330 1507 3408 πτωχοὺς.
1533 3337 1721 3460 Ριένη
1744 3353 1849 3402 XIV,
1867 3335 1958 3390 ΩΟ.

1638 3423 1705 3460 IG.

1638 3423 1705 3462 IG-

437 3471 585 3529 Unde
602 3492 656 3530 se
676 3494 929 3532 resumere
948 3477 1127 3545 possit.
1154 3476 1306 3533 Unde
1326 3477 1392 3531 ad
1427 3477 1817 3533 sublevandam
1843 3479 1961 3533 ino-

361 3545 502 3615 piam
533 3563 683 3602 suam
716 3565 935 3603 sumere
961 3549 1161 3619 aliquid
1179 3550 1367 3619 possit,
1387 3563 1440 3604 et
1467 3550 1852 3615 sumptirnlum
1886 3549 1965 3603 fa-

363 3627 488 3672 cere
520 3620 773 3683 parandis
803 3620 904 3673 sibi
949 3621 1290 3683 necessariis,
1334 3621 1531 3687 quibus
1558 3622 1740 3676 doleat
1772 3631 1960 3675 natura

369 3690 612 3755 negatis;
641 3706 704 3745 ac
731 3692 947 3746 tandem
972 3692 1113 3747 vires
1135 3702 1375 3747 resumat
1398 3709 1544 3747 suas.
1575 3695 1690 3748 llic.
1716 3722 1787 3732 —
1816 3691 1964 3746 Unde

362 3776 701 3824 seresumere,
737 3772 813 3815 etc
846 3761 998 3816 Vires
1014 3779 1139 3816 snas
1172 3765 1511 3830 recuperare.
1544 3764 1805 3820 Similiter
1822 3764 1963 3820 Galli

368 3831 555 3886 dicunt
582 3849 639 3887 se
667 3835 964 3904 repreudre.
986 3832 1121 3889 Vide
1143 3835 1268 3889 Car.
1305 3835 1568 3890 llufreSnii
1600 3834 1959 3891 Glossarium.

1486 3908 1667 3962 DAVIS.

367 4046 405 4099 Γ
447 3972 703 4101 νὶιῦιιαιία
718 3976 874 4045 ferre.
901 3976 1194 4047 Ipselnstr.
1212 3977 1307 4033 ult.
1324 3978 1533 4034 dicet...
1553 3989 1753 4049 portent
1769 3979 1965 4033 oictua-

388 4062 438 4099 ια
461 4064 518 4099 σο
565 4065 615 4101 0.

388 4062 438 4099 ια
461 4062 615 4103 cauo.

438 4117 775 4191 Psurenmus
815 4137 981 4177 SANIS.
1036 4121 1397 4178 Instructiane
1438 4121 1758 4191 prmcedenti
1806 4120 1960 4189 dixit,

365 4188 433 4243 de
450 4188 694 4261 inﬁrmis
718 4201 773 4247 et
797 4191 1103 4261 iacentibus
1133 4212 1144 4246 :
1171 4194 1280 4260 jam
1304 4197 1372 4250 de
1396 4188 1694 4257 valentibus
1717 4202 1772 4247 et
1796 4188 1961 4257 sanis,

366 4260 461 4314 sed
490 4263 704 4330 egenis;
754 4260 844 4333 qui
870 4274 1047 4318 tamen
1080 4268 1215 4318 artis
1241 4280 1353 4319 suae
1386 4274 1595 4333 ιιιιειιςιιι
1624 4278 1816 4332 parare
1862 4265 1962 4318 sibi

372 4346 619 4400 possunt,
648 4334 790 4389 unde
816 4351 874 4390 se
900 4338 1213 4391 exhibeant.
1242 4337 1307 4391 Et
1330 4337 1429 4390 bos
1450 4336 1667 4402 quidem
1682 4334 1965 4401 aliquidde

366 4403 609 4457 subsidio
625 4407 759 4461 artis
775 4422 887 4460 suae
908 4408 1159 4464 conferre
1178 4409 1286 4463 vult
1305 4408 1558 4462 fratribu~
1576 4406 1819 4460 inlirtnis.
1842 4406 1957 4461 Ric.

443 4473 725 4552 Pauperies
771 4496 919 4537 sana.
954 4480 1124 4546 Eccl.,
1178 4496 1303 4545 xu,
1342 4478 1427 4533 14.
1463 4481 1680 4552 πτωχὸς
1707 4479 1852 4552 ὑγιής
1880 4483 1965 4533 καὶ

366 4548 574 4623 laxum
690 4548 811 4615 ἔξει.

491 4622 814 4693 inponi-orem
860 4623 914 4675 in
956 4623 1082 4677 alto.
1116 4625 1215 4690 Qui
1246 4625 1323 4678 sic
1363 4623 1645 4691 respondit
1686 4622 1840 4693 quasi
1868 4622 1965 4678 de-

368 4691 576 4759 spiciat.
612 4693 794 4757 Prov.,
828 4709 979 4760 xvtn,
1005 4694 1078 4749 25
1102 4713 1114 4749 :
1143 4697 1270 4751 Cum
1298 4691 1969 4765 obsecrationibusjoquitur

370 4778 586 4831 pauper.

492 4836 677 4889 laudas
724 4838 860 4891 enim
902 4854 1086 4891 sermo.
1142 4838 1376 4893 Blandus
1418 4853 1599 4893 sermo
1629 4852 1775 4906 smpc
1821 4838 1965 4903 apud

370 4903 535 4982 iratos
561 4907 845 4982 plurimum
872 4908 1036 4982 valet,
1060 4919 1115 4982 et
1134 4911 1301 4982 gratia
1330 4927 1423 4963 sna
1455 4912 1581 4964 facit
1606 4922 1665 4963 ut
1685 4903 1969 4963 subsidant

370 4978 630 5033 iracundo
645 4981 843 5042 cristae,
872 4991 927 5034 ut
947 4978 1125 5035 fervor
1140 4978 1398 5035 'tli-tmnea
1408 4991 1446 5046 t;
1470 4986 1709 5035 Confutat
1726 4982 1965 5035 animum

369 5047 611 5103 iracundi
653 5048 935 5105 fervidum.
981 5053 1069 5108 Sic
1116 5052 1351 5108 Lucilius
1389 5054 1566 5106 dixit-z
1607 5051 1808 5121 Caun
1834 5054 1962 5106 alte-

369 5136 491 5197 num
521 5137 638 5197 cum
667 5125 833 5197 rguit,
864 5124 1020 5191 paula
1043 5130 1274 5197 confutat
1304 5124 1574 5197 trna.7th

443 5188 675 5263 Derigrt.
698 5188 947 5265 Rigorcm
976 5188 1155 5261 solvit,
1186 5197 1409 5257 rmoliit,
1441 5196 1632 5251 fundit.
1668 5191 1959 5262 liilticfacit.

369 5261 589 5318 Plautus
632 5261 822 5321 codvin
850 5282 1012 5321 sensu
1044 5268 1177 5322 dixit
1211 5284 1225 5319 :
1259 5268 1494 5335 dirigere.
1525 5268 1574 5321 in
1607 5261 1822 5321 Curcul.
1852 5266 1965 5321 Cli-

371 5337 913 5409 paatusgelepltantum
956 5339 1040 5392 ubi
1067 5344 1323 5393 machara
1368 5340 1571 5409 dirigit,
1605 5337 1709 5393 hoc
1753 5348 1835 5393 est
1890 5341 1963 5393 ita

368 5406 617 5479 discindit
644 5422 730 5461 aut
759 5413 1185 5478 transverlu-rat,
1217 5423 1271 5463 ut
1294 5406 1750 5479 efI’uso'saugnine
1778 5409 1963 5479 pra-ri-

368 5479 489 5546 gida
524 5477 714 5551 bellum
740 5483 908 5533 moles
939 5483 1293 5545 dissolvatur,
1322 5493 1411 5535 aut
1437 5477 1610 5534 divisa
1654 5477 1962 5551 prosterna-

369 5560 454 5625 Lar
518 5548 728 5625 Classe
762 5570 773 5602 :
803 5554 1103 5625 ἀπιιξθύνω,
1171 5554 1378 5625 Derigo.
1446 5553 1559 5609 llic.
1608 5548 1677 5591 —'-
1726 5552 1965 5623 Respicit

366 5617 555 5675 Comm
582 5623 791 5676 uliantts
818 5626 881 5677 :td
913 5623 1063 5677 Prov.
1090 5617 1187 5690 'xv,
1224 5626 1273 5679 I.

442 5692 774 5817 [graverbiuou
799 5696 954 5750 nosti.
977 5695 1182 5752 Glassa:
1196 5709 1405 5754 veteres
1432 5715 1444 5751 :
1467 5697 1710 5771 θεολογία,
1732 5695 1823 5751 Dei
1841 5712 1965 5765 pra-

442 5783 451 5791 -
486 5781 557 5817 ια.

364 5780 536 5817 υιγυια
544 5804 557 5817 .

439 5834 505 5890 In
532 5853 660 5908 gaza
689 5848 953 5902 praeterea.
984 5840 1177 5908 Supra.
1198 5839 1451 5896 Instruct.
1478 5857 1529 5894 Iv
1555 5858 1567 5893 :
1600 5838 1723 5894 Non
1759 5840 1967 5901 domum

366 5922 492 5976 gaza
515 5910 944 5979 paratis.GIOSS;A:
964 5931 977 5967 :
994 5912 1159 5981 Gaza,
1180 5917 1455 5989 χρήματα,
1475 5911 1685 5988 πιρσίδι
1702 5911 1967 5971 divinum.

2052 2906 2353 2975 Cyprianus
2375 2924 2387 2959 :
2416 2905 2476 2959 Et
2494 2905 2801 2959 dominicum
2822 2904 3077 2959 celebrare
3092 2914 3139 2957 te
3156 2904 3343 2963 credis,
3363 2910 3449 2974 qui
3468 2902 3674 2959 Corium

2058 2974 2159 3032 non
2186 2977 2426 3046 respicis?
2446 2976 2576 3031 Com
2586 2981 2726 3031 mod.
2750 2992 2837 3032 th
2864 2994 2876 3029 :
2899 2974 2977 3030 De
2992 2976 3075 3029 die
3095 2976 3353 3029 dominica
3367 2976 3489 3047 quia
3505 2977 3677 3031 dicis?

2061 3060 2169 3104 εις.

3255 3047 3373 3103 th.

2138 3121 2433 3192 Singularis
2456 3122 2567 3176 illa.
2601 3119 2793 3183 Vidua,
2825 3121 2979 3174 snlita
2991 3121 3090 3176 ria.

2142 3191 2357 3247 vnctus.
2390 3194 2658 3247 Christus.
2694 3193 3080 3251 'l‘ertullianus,
3114 3191 3372 3261 Apolog.,
3425 3206 3547 3261 cap.
3592 3194 3626 3247 5
3656 3208 3673 3247 :

2066 3263 2408 3327 Christianus,
2425 3274 2670 3334 quantum
2692 3265 3043 3332 interpretatio
3058 3274 3153 3327 est,
3174 3264 3236 3315 de
3257 3263 3495 3317 unctione
3510 3264 3678 3317 dedu-

2064 3337 2218 3391 citur.
2242 3336 2445 3390 Nomen
2464 3337 2530 3390 de
2546 3337 2811 3390 suavitate
2838 3334 2923 3389 vel
2943 3336 3265 3405 benignitate
3286 3336 3675 3459 ctlr‘mpositum.

3375 3422 3445 3459 ιιι.

3344 3408 3445 3461 lic.

2142 3478 2205 3532 In
2230 3480 2387 3549 nigris
2417 3479 2573 3532 exire.
2602 3477 2669 3533 Ut
2696 3492 2816 3531 mox
2843 3488 2959 3532 erat
2988 3478 3226 3547 gentium
3269 3478 3490 3531 minime
3521 3477 3675 3533 chri-

2067 3551 2386 3605 siianarnm.
2432 3550 2607 3604 Julius
2646 3549 2862 3612 Paulus,
2897 3550 3299 3604 Sententiarum
3352 3549 3443 3603 lib.
3495 3566 3530 3612 ι,
3587 3551 3675 3603 ιιι.

2066 3622 2132 3675 «ιν
2160 3622 2437 3690 Sepulcris
2462 3632 2516 3675 et
2552 3621 2855 3683 Lugendis:
2890 3620 2989 3686 Qui
3017 3619 3177 3689 luget,
3202 3621 3451 3674 abstinere
3473 3622 3619 3675 debet
3643 3639 3677 3674 η

2066 3695 2325 3756 canuit-iis,
2353 3694 2681 3753 ornamentis,
2708 3709 2938 3763 purpura
2957 3703 3005 3745 et
3032 3693 3151 3745 alba
3174 3702 3323 3746 ueste.
3347 3694 3475 3746 Atra
3506 3694 3678 3747 vestis

2067 3766 2397 3819 Conveniens
2421 3764 2582 3817 lin-tui
2616 3764 2787 3827 color,
2821 3763 3024 3817 tristior
3050 3763 3285 3828 habitus;
3306 3778 3457 3831 Spem
3488 3780 3677 3819 resur-

2068 3837 2324 3890 rectionis
2355 3851 2462 3889 non
2497 3835 2796 3900 habebant,
2846 3846 3089 3889 mortuos
3135 3850 3263 3889 suos
3310 3834 3569 3905 lugebant
3616 3844 3675 3889 ut

2108 3909 2310 3961 c-rditos
2335 3948 2351 3971 ,
2399 3916 2456 3959 ut
2521 3906 2632 3975 jam
2692 3912 2886 3960 nullos.
2931 3907 3000 3961 At
3038 3906 3339 3969 christiani,
3370 3908 3458 3976 qui
3488 3906 3680 3963 ﬁdeles

2068 3923 2310 4032 perditos
2335 3948 2351 3971 ,
2399 3923 2456 3959 ιιι
2521 3923 2632 3975 ιιιιιι
2692 3923 2886 3960 ιιιιιιος.
2931 3923 3000 3961 Al
3038 3923 3339 3969 cnrtsnam,
3370 3923 3458 3976 qm
3488 3923 3675 3963 nueies

2095 3990 2372 4048 ratresque
2422 3994 2551 4032 suos
2574 3979 2637 4031 ad
2664 3979 2825 4031 vitam
2846 3990 3103 4031 aeternam
3135 3977 3415 4046 migrasse,
3446 3977 3675 4041 abiisse,

2072 4053 2416 4126 pigui‘essisSc
2441 4050 2725 4126 ‘dieehant,
2762 4067 2866 4102 non
2909 4049 3129 4126 exibant
3169 4049 3220 4102 in
3255 4049 3441 4126 nigris,
3484 4050 3541 4126 ςτό
3570 4053 3677 4126 γὰρ

2070 4122 2224 4193 μέλαν
2234 4119 2731 4193 θανατῶδεςτΙιειιιιιυ
2745 4122 3133 4175 avet‘Sahanlnr
3146 4124 3324 4174 omnia
3341 4119 3680 4193 intortis‘praé-

2072 4190 2237 4263 sagm.
2266 4193 2397 4247 Nam
2429 4192 2709 4261 etuigrnm
2736 4193 2863 4246 illud
2888 4202 2939 4245 et
2971 4194 3134 4247 ferale
3167 4193 3216 4245 in
3243 4191 3460 4244 tumulis
3476 4190 3676 4263 Thala,

2069 4275 2124 4318 et
2152 4267 2297 4332 nigra
2344 4268 2394 4317 in
2426 4279 2489 4319 ve
2524 4274 2575 4317 te
2604 4278 2888 4318 senescere
2908 4305 2923 4325 ,
2954 4266 3020 4317 ad
3051 4263 3375 4317 christianos
3402 4262 3677 4332 ptertitterc

2072 4339 2359 4406 negabant,
2390 4336 2460 4391 de
2488 4339 2591 4388 vita
2624 4346 2745 4403 post
2779 4351 3062 4389 excessum
3096 4344 3297 4406 (eterna
3324 4344 3523 4406 cc_-rtos.
3549 4332 3674 4389 Rm.

2150 4404 2215 4461 In
2248 4406 2609 4463 Salamoniaco
2638 4407 2787 4460 libro.
2819 4406 2977 4462 Liber
3008 4405 3316 4459 inscribitur
3343 4404 3674 4459 Ecclesiasti-

2074 4495 2184 4543 cus,
2215 4479 2483 4544 Sapientia
2509 4477 2634 4531 Iesu
2663 4478 2755 4531 lilii
2774 4481 2982 4533 Sirach.
3009 4477 3444 4533 Saloinoniacum
3470 4476 3671 4530 librum

1992 4553 2046 4614 1)
2075 4560 2233 4605 vocat
2263 4550 2688 4605 Commmbanus
2714 4591 2728 4612 ,
2776 4565 2897 4619 quia
2938 4565 3163 4618 gnomas
3208 4548 3327 4602 sive
3366 4548 3676 4604 sententias

2072 4623 2313 4677 Continet
2333 4623 2397 4675 ad
2422 4622 2727 4684 exemplum
2756 4620 3086 4675 Salomonis.
3119 4619 3238 4675 th.

2147 4693 2447 4762 Septimana
2495 4692 2661 4756 ﬁnita.
2718 4692 3105 4751 Ecclesiasticr,
3152 4707 3277 4754 xxii,
3340 4690 3408 4745 I5
3440 4690 3674 4762 :Lurtus

2072 4761 2259 4819 mortui
2282 4775 2469 4833 septem
2487 4763 2614 4817 dies.
2636 4764 2833 4818 Morem
2864 4762 3028 4817 fuisse
3049 4763 3159 4816 anti
3184 4762 3483 4827 piissimum
3506 4761 3675 4815 disci—

2073 4854 2190 4891 mus
2230 4854 2297 4915 ex_
2328 4836 2545 4915 historia
2590 4834 2795 4898 Jacobi,
2848 4834 3073 4915 Senes"
3109 4850 3123 4915 ι
3158 4835 3244 4895 10.
3276 4843 3332 4915 et
3354 4849 3423 4915 ex
3456 4834 3520 4913 iis
3548 4846 3672 4915 qua:

2069 4920 2195 4962 sunt
2233 4910 2299 4962 ad
2346 4924 2468 4963 cum
2504 4907 2701 4969 locum,
2730 4915 2785 4959 et
2819 4906 2883 4960 ad
2916 4906 3211 4962 Siracndem
3239 4906 3307 4959 ab
3335 4905 3508 4960 doctis
3538 4905 3671 4960 viris

2071 4991 2249 5033 notata
2274 4997 2337 5033 ex
2371 4978 2597 5033 Philone
2624 4988 2674 5031 et
2698 4976 2984 5031 Ammiano
3003 4980 3330 5033 Mart-etlino.
3363 4976 3481 5032 llic.

2141 5050 2407 5106 Genti/iter
2434 5048 2692 5119 plangere.
2729 5048 2872 5101 More
2893 5054 3156 5119 gentium.
3181 5050 3223 5104 Ρ
3242 5050 3382 5103 ιιι¹ιις
3400 5048 3465 5103 ad
3490 5046 3669 5102 Thr-s-

2067 5123 2194 5189 sal.,
2221 5127 2417 5184 ικαθώς
2444 5125 2532 5176 καὶ
2552 5124 2596 5175 οἱ
2622 5121 2807 5182 λοιποὶ.
2837 5123 2880 5175 οἱ
2901 5129 2969 5194 μὴ
2995 5121 3187 5187 ἔοντσς
3208 5121 3403 5177 ἐλπίδα.
3445 5119 3668 5176 Scilicet

2068 5194 2501 5250 reSnrrecttonis.
2533 5194 2651 5247 Iitc.

2144 5266 2295 5332 Quod
2346 5267 2514 5320 minus
2542 5282 2693 5329 quam
2739 5274 2911 5336 gentes
2951 5266 3085 5319 estis.
3124 5261 3434 5334 chendum
3476 5280 3490 5317 :
3523 5261 3665 5329 Quid

2068 5339 2235 5410 mimos
2248 5357 2397 5410 quam
2425 5348 2595 5409 gentes
2618 5338 2759 5410 estis.
2798 5345 2975 5391 I-svts.

2143 5406 2407 5463 Extinctos
2427 5406 2683 5463 claritatis.
2719 5407 2781 5463 Ut
2812 5424 2973 5478 supra
3002 5409 3157 5463 lustr.
3208 5424 3332 5469 xxx,
3376 5406 3532 5469 Vixit,
3577 5416 3659 5471 et,

2070 5480 2303 5544 Eztiuxi,
2342 5481 2620 5536 Extittctos
2645 5480 2849 5534 ethnici
2872 5481 3119 5533 dict‘bant
3144 5479 3429 5533 defunctos
3461 5496 3473 5531 :
3503 5478 3661 5535 Chri—

2068 5552 2249 5617 stiani,
2285 5553 2625 5622 praemissos,
2661 5553 2726 5606 ad
2762 5553 2927 5605 Deum
2977 5552 3298 5615 translatos,
3328 5561 3581 5607 evocatos
3630 5568 3663 5607 a

2072 5624 2319 5679 Domino.
2351 5624 2467 5680 BIG.

2144 5694 2258 5750 Nec
2296 5696 2471 5749 dolore
2513 5695 2657 5748 duxit
2688 5704 2851 5763 pater.
2886 5692 3011 5748 llmc
3041 5693 3331 5749 Abrahami
3363 5704 3417 5747 et
3450 5694 3665 5747 Davidis

2071 5768 2316 5838 exempla
2358 5769 2424 5820 ad
2455 5781 2794 5838 communem
2827 5768 2967 5820 hunc
3000 5766 3069 5820 de
3110 5766 3233 5838 “his
3275 5781 3380 5819 ltuit
3404 5763 3667 5838 lugendis

2074 5835 2250 5895 locum
2277 5840 2466 5894 citavit
2507 5837 2782 5892 Ennadius
2812 5852 3110 5909 episcopus
3142 5835 3445 5892 Ticinensis
3488 5838 3663 5907 Epist.

2072 5914 2099 5967 1
2132 5911 2227 5967 lib.
2254 5927 2309 5976 ιι,
2336 5912 2423 5967 ιιιιὶ
2459 5909 2779 5965 Sirmoudus
2798 5908 2961 5966 hasce
2979 5908 3354 5966 Commodiani
3372 5908 3669 5963 versiculos
