3950 6338
278 375 382 438 381
484 377 565 451 (ν.
594 377 764 452 Ξοὸ.)

287 496 366 551 Ac
387 495 524 551 satis
539 509 670 552 esse
703 504 898 566 putat,
927 494 1075 566 quod
1104 493 1318 549 numine
1347 489 1535 547 credat
1561 490 1612 545 in
1641 502 1770 545 uno.

291 588 425 658 Quid
456 589 607 645 colet
636 590 736 646 ille
778 590 990 658 Deum,
1016 589 1106 660 qui
1132 587 1363 643 Verbum
1393 601 1496 642 non
1523 585 1652 641 colit
1678 585 1840 655 cjus?

297 680 393 750 Qui
426 699 534 736 non
556 683 840 739 Virtutem
873 684 1041 740 simili
1072 691 1360 738 veneratur
1385 679 1627 733 honore?

298 775 506 846 Quique
535 776 876 832 invisibilem
899 771 1614 843 incmuprebensibilemque
1645 768 1842 823 fatetur

301 867 434 924 Esse
461 868 662 934 Deum,
697 868 786 922 hic
806 867 975 922 etiam
1003 865 1276 922 Christum
1305 864 1351 920 si
1377 863 1594 934 cogitet,
1622 861 1765 915 idem

300 959 566 1016 Inveniet.
595 961 854 1030 quoniam
888 958 1129 1014 Verbum
1147 955 1609 1026 comprehendere
1638 967 1834 1020 nemo,

301 1053 468 1109 Nemo
495 1052 689 1108 videre
711 1061 886 1123 potest
913 1068 928 1113 ;
963 1065 1126 1120 opera
1150 1055 1265 1118 ejus
1291 1048 1403 1101 sola
1425 1045 1689 1101 videmur.

301 1145 359 1200 In
392 1145 551 1199 Patre
577 1144 749 1199 Natus
765 1143 932 1205 enim,
965 1141 1018 1196 in
1041 1143 1177 1195 Nato
1204 1139 1362 1202 Pater
1390 1138 1569 1192 omnia
1599 1134 1745 1196 fecit,

305 1235 371 1291 Et
397 1235 659 1306 quidquid
682 1237 874 1288 virtute
907 1232 1076 1298 dedit,
1104 1232 1299 1302 pietate
1323 1239 1520 1284 tuetur.

315 1325 397 1381 Sic
416 1325 538 1388 fuit.
572 1336 629 1381 et
654 1326 861 1380 steterit
889 1338 1083 1379 versus
1108 1321 1353 1379 Salvator
1375 1323 1428 1376 in
1457 1335 1661 1386 :nvum,

302 1420 399 1486 Qui
424 1420 538 1474 tulit
569 1432 816 1484 errores,
845 1417 939 1488 qui
965 1415 1092 1472 fecit
1110 1431 1235 1471 vera
1261 1415 1429 1470 videri
1456 1455 1471 1478 ,

304 1509 628 1582 Placatuque
651 1509 791 1564 Patri
822 1516 1137 1580 pereuntem
1164 1506 1402 1563 reddidit
1430 1506 1640 1560 orbem.

299 1601 410 1658 Nec
435 1603 656 1669 mirum,
678 1603 724 1656 si
745 1612 939 1658 cuncta
969 1603 1127 1673 regit,
1154 1603 1242 1670 qui
1270 1609 1464 1656 cuncta
1491 1599 1718 1668 creavit,

297 1696 401 1766 Qui
421 1698 570 1753 dedit
597 1714 660 1754 ex
684 1699 855 1753 nihilo
881 1707 1074 1761 totum,
1107 1698 1390 1767 lucemque
1417 1695 1654 1751 tenebris

297 1791 564 1858 Praetulit,
594 1802 756 1864 atque
777 1792 923 1848 diem
950 1792 1114 1860 jussit
1139 1791 1436 1847 succedere
1465 1779 1609 1845 nocti
1633 1808 1648 1855 ;

294 1884 557 1955 Quodque
585 1886 637 1938 in
664 1901 826 1941 carne
850 1885 972 1947 fuit,
1000 1885 1179 1940 carnis
1209 1895 1424 1954 peccata
1455 1884 1693 1938 remittit.

292 1977 474 2032 Cernit
501 1977 643 2031 enim
669 2020 682 2040 ,
709 1974 955 2048 fragilem
980 1975 1165 2031 faciles
1195 1977 1471 2032 incurrere
1501 1977 1681 2046 lapsus
1699 2019 1713 2040 ,

291 2069 717 2140 Corripiensquc
742 2080 922 2126 tamen
951 2070 1160 2125 veniam
1193 2069 1343 2124 dabit
1373 2071 1622 2123 munibus
1646 2085 1806 2124 unam
1829 2113 1842 2136 ,

292 2162 560 2234 (ﬂentque
582 2179 774 2219 novam
805 2164 982 2219 dicam
1008 2207 1022 2228 ,
1048 2179 1146 2218 nec
1168 2180 1253 2217 me
1279 2163 1485 2219 dixisse
1505 2163 1730 2236 pigebit)

289 2254 523 2325 Plusque
549 2257 668 2326 pius
689 2272 850 2327 quam
876 2257 1056 2326 justus
1081 2257 1202 2311 erit.
1229 2257 1284 2311 Si
1313 2257 1546 2326 denique
1567 2259 1745 2327 justus

285 2347 424 2406 Esse
452 2351 600 2417 velit,
632 2351 807 2406 nullus
837 2350 1003 2422 fugiet
1027 2351 1145 2406 sine
1165 2353 1394 2408 crimine
1419 2368 1632 2422 plenam
1666 2372 1678 2406 :

283 2442 470 2499 Justus
494 2447 637 2499 enim
656 2445 795 2500 mala
825 2444 1183 2512 condemnat,
1217 2447 1334 2515 pius
1359 2445 1534 2498 uumia
1562 2444 1745 2500 donat.

282 2536 398 2593 Hoc
420 2537 569 2606 facit,
601 2549 659 2592 ut
681 2547 793 2592 rata
823 2539 930 2593 sint
963 2548 1201 2593 venturae
1232 2553 1453 2592 munera
1477 2538 1598 2592 vitie.
1624 2581 1638 2604 ,

283 2628 354 2685 Et
384 2631 529 2702 quod
560 2630 715 2701 culpa
749 2631 892 2696 tulit,
925 2646 1137 2685 rursum
1158 2630 1491 2701 indulgentia
1519 2631 1709 2685 reddat
1743 2649 1756 2686 :

281 2722 412 2792 Qua:
435 2724 480 2779 si
521 2738 631 2779 non
664 2723 867 2778 fuerint
893 2723 1034 2794 plebi
1063 2738 1321 2780 concessa
1354 2723 1564 2794 roganti
1592 2767 1606 2790 ,

1313 374 1400 431 DE
1427 368 1692 429 SANCTO
1723 364 2095 424 VIC'I‘ORINO
2125 365 2658 424 PROLEGOIIENA.

1941 492 1993 552 Α
2018 483 2170 539 Tunc
2191 498 2359 555 prope.
2383 483 2562 540 nullus
2589 481 2695 538 erit
2720 479 2940 539 delicto‘
2955 479 3093 536 liber
3108 477 3176 534 ab
3194 477 3363 534 omni.

3610 253 3657 287 Ὦ

3145 359 3221 438 (ν.
3249 359 3404 434 ass.)
3511 357 3621 416 sse

2017 576 2116 642 Qui
2158 577 2329 647 possit
2353 577 2572 631 meritus
2603 575 2862 646 promissa
2887 573 3006 628 luce
3031 569 3233 643 potiri?

2016 668 2257 740 Tangere
2274 682 2398 724 tunc
2425 668 2562 724 laetis
2577 670 2837 725 emlurum
2861 681 3022 736 regna
3048 662 3262 744 libebit;

2015 763 2168 818 Tunc
2194 764 2390 833 poterit
2416 777 2561 816 mors
2590 763 2702 830 ipsa
2728 759 2885 826 muri,
2905 773 3065 828 quum
3098 767 3340 826 tempore
3360 761 3473 810 toto

2012 856 2133 912 Vita
2169 858 2422 926 perennis
2443 857 2546 910 erit
2567 899 2582 922 ,
2613 857 2736 928 quia
2759 865 2885 909 tunc
2917 855 2970 907 in
2999 851 3129 907 sede
3152 851 3305 905 beata

2013 951 2202 1005 Nullus
2233 951 2492 1023 peccandi
2520 951 2669 1005 lucus
2697 959 2801 1014 est,
2822 948 2910 1004 ubi
2936 947 3080 1002 nulla
3103 945 3300 1014 cupido
3327 953 3432 1001 est.

2011 1043 2192 1100 Gloria
2222 1055 2366 1100 tanta
2390 1053 2570 1099 manet
2603 1044 2799 1114 populo
2815 1054 3030 1098 servata
3056 1039 3224 1098 fideli.

2013 1137 2258 1206 Amplius
2284 1136 2387 1191 huc
2421 1137 2624 1204 tribuit,
2656 1136 2828 1206 majus
2848 1136 2998 1191 dedit
3030 1135 3132 1190 hoc
3157 1148 3370 1204 quoque
3395 1144 3607 1198 munus,

2009 1227 2162 1296 Qttml
2197 1240 2535 1298 peccatorem
2563 1245 2722 1300 quem
2751 1229 2976 1298 poenitet
2995 1271 3009 1292 ,
3032 1236 3190 1284 antea
3218 1226 3424 1296 lapsum
3447 1265 3464 1294 ,

2008 1321 2124 1379 Non
2157 1321 2354 1377 fzicisin
2389 1339 2613 1378 numero
2632 1324 2801 1378 turbm
2822 1324 3096 1394 peccantis
3130 1318 3352 1374 haberi:

2008 1419 2217 1488 Quippe
2247 1420 2378 1474 satis
2406 1435 2564 1488 pmna
2587 1429 2700 1485 est,
2725 1435 2846 1472 eum
2878 1419 2945 1473 sit
2977 1432 3072 1472 sua
3102 1415 3258 1486 culpa
3289 1411 3496 1479 dolori;

2011 1512 2342 1580 Supplicium
2372 1515 2645 1584 praprium
2679 1513 2841 1567 timor
2869 1521 2986 1576 est;
3019 1517 3287 1564 tormenta
3310 1518 3494 1562 reatus

2007 1603 2143 1658 Tum
2175 1603 2338 1658 veluti
2371 1605 2568 1673 patitur
2588 1604 2676 1672 qui
2701 1620 2758 1660 se
2791 1603 3052 1658 meruisse
3074 1600 3294 1656 fatetur.

2006 1694 2142 1761 Quid
2170 1698 2369 1765 poterit
2399 1694 2612 1756 melius,
2644 1695 2724 1749 vel
2753 1694 2879 1765 quid
2908 1691 3234 1747 moderatius
3260 1691 3430 1748 esse?

2005 1790 2240 1858 .Iudicnt,
2267 1792 2507 1862 inquirit,
2537 1791 2790 1862 castigat,
2823 1789 3013 1860 parcit,
3052 1791 3324 1854 honorat,

1929 1923 1978 1984 Β
2006 1886 2196 1941 Omnia
2214 1887 2304 1956 qui
2325 1888 2508 1954 vincit,
2541 1902 2640 1940 nee.
2667 1887 2864 1954 abipsa
2898 1884 3246 1939 viuciturira.

2007 1977 2159 2046 Quod
2189 1979 2257 2033 de
2285 1980 2530 2049 pr.rscnli
2559 1979 2670 2048 jam
2703 1979 3119 2032 cernimus’esse
3153 1975 3423 2041 futurum;

2001 2071 2137 2127 Nam
2169 2087 2288 2126 cmn
2319 2085 2465 2141 srepe
2497 2070 2676 2146 minax
2711 2069 2984 2124 horrentia
3020 2067 3200 2122 nubila
3233 2066 3408 2138 c0git,

2002 2167 2069 2220 Et
2097 2177 2302 2220 terrore
2335 2171 2420 2234 pio
2439 2165 2600 2219 rutilo
2632 2165 2792 2219 nimis
2819 2165 2940 2234 igne
2962 2168 3251 2226 coruscat,

2003 2257 2268 2311 Tristibus
2290 2268 2342 2311 et
2382 2257 2577 2328 pluviis
2600 2298 2616 2322 ,
2647 2268 2699 2312 et
2725 2256 2960 2310 nubibus
2991 2255 3204 2308 intonat
3227 2251 3360 2306 atris
3386 2293 3401 2312 .

2000 2351 2172 2404 Omne
2193 2365 2363 2419 genus
2395 2349 2544 2403 timet
2578 2349 2890 2413 imcrituiu;
2926 2347 3019 2402 sed
3053 2347 3161 2402 vita
3186 2354 3424 2414 potestas

2001 2441 2241 2507 Desinet,
2272 2452 2326 2496 et
2351 2444 2551 2510 pariter
2574 2441 2769 2497 cmlum
2803 2451 3120 2509 mentesque
3149 2445 3390 2494 serenat.

2002 2537 2115 2590 lloc
2143 2551 2358 2606 quoque
2393 2550 2517 2590 tunc
2560 2549 2779 2606 sperare
2807 2535 2979 2603 jubet,
3009 2531 3102 2604 qui
3127 2547 3186 2587 se
3218 2531 3380 2586 modo
3409 2536 3603 2586 cuncta

2003 2629 2233 2685 Perdere
2259 2629 2648 2698 posseprobat,
2691 2629 2734 2683 si
2772 2627 2997 2697 perdere
3029 2627 3169 2682 velle
3202 2632 3437 2681 recusat.
3490 2611 3500 2618 ’

2004 2724 2094 2779 Sic
2121 2723 2364 2778 iterauda
2389 2723 2535 2777 salus
2551 2733 2780 2778 venturo
2800 2720 3106 2777 ostenditur
3128 2735 3247 2775 :evo
3277 2761 3291 2784 ,

2003 2815 2324 2887 Eleruique
2354 2815 2448 2870 Dei
2473 2817 2642 2886 pietas
2663 2825 2864 2871 aeterna
2889 2813 3146 2868 manebit.

1716 2951 2271 3011 COMMENTARIUS

276 3103 468 3164 quarto
487 3107 687 3148 nomen
711 3091 813 3146 hoc
834 3089 1513 3164 Gentilibusaplaricmpit,
1535 3107 1696 3160 quum
1722 3091 1884 3164 iidem
1915 3096 1958 3157 C
2001 3097 2231 3149 ratorins
2261 3110 2500 3150 errorem
2524 3094 2641 3149 aliis
2662 3093 2960 3149 tollendum
3001 3092 3255 3159 relinquit
3285 3091 3605 3148 :Fabricius

277 3160 348 3221 ab
387 3165 609 3219 urbibus
639 3164 777 3234 pulsi
829 3164 883 3216 in
916 3160 1074 3233 Pugis
1095 3164 1346 3233 agrisque
1389 3160 1666 3233 profanam
1711 3163 1888 3220 adhuc

276 3239 594 3305 religionem
613 3244 954 3291 exercerent.
979 3234 1119 3290 Mus.

350 3304 410 3365 Si
435 3311 581 3360 vitat.
613 3307 669 3362 In
698 3305 796 3362 Ms.
834 3307 1110 3377 legebatur
1141 3325 1154 3361 :
1186 3304 1346 3377 Siqui
1365 3306 1505 3361 idola
1524 3308 1666 3361 vitat.
1689 3307 1886 3363 Emen-

279 3379 422 3435 davi.
456 3380 598 3434 Mus.

351 3450 600 3505 Numine.
653 3449 728 3504 Ita
777 3450 1016 3506 scribere
1059 3450 1254 3520 placuit
1291 3465 1390 3520 pro
1425 3451 1646 3515 nomine,
1690 3465 1884 3522 quem-

283 3521 572 3577 admodum
605 3523 767 3576 habet
797 3522 894 3575 Ms.
926 3524 1060 3577 MUI.

362 3593 546 3649 Versus
596 3591 842 3650 Salvator
893 3591 1030 3646 Illud
1060 3611 1232 3648 versus
1266 3593 1396 3647 mihi
1438 3607 1624 3664 parum
1659 3594 1885 3650 arridet.

277 3663 534 3720 Fortasse
566 3681 712 3717 verus
740 3664 1088 3719 scribendum
1118 3673 1222 3719 est.
1259 3665 1399 3719 Mus.

360 3735 472 3790 Vita
503 3747 744 3806 potestas.
794 3736 1046 3790 Errurem
1086 3736 1207 3790 aliis
1253 3736 1545 3791 tollendum
1597 3737 1868 3805 relinquo.

277 3807 414 3865 lca.
453 3837 528 3849 —
557 3807 692 3862 Illud
717 3808 820 3861 vita
851 3817 1072 3877 potestas
1105 3809 1226 3864 heic
1257 3809 1414 3878 plane
1445 3822 1741 3864 mortuum.
1773 3809 1890 3865 Μυο

1997 3170 2126 3221 victa
2146 3168 2486 3236 eonjicielial.
2512 3165 2780 3231 Geuuiua,
2827 3167 2876 3218 ni
2928 3163 3084 3218 fallor
3114 3205 3128 3229 ,
3177 3163 3358 3236 lectio.
3383 3172 3466 3218 est
3497 3164 3608 3236 visa

1997 3234 2528 3308 potestaszuandu.
2561 3238 2751 3303 inquit,
2781 3237 2932 3307 signa
2965 3234 3259 3308 majesmtis
3289 3249 3402 3290 suae
3429 3235 3608 3308 prodit

1995 3307 2309 3381 siipreiiiiiiii
2336 3312 2564 3367 Numen.
2596 3324 2758 3364 omne
2784 3323 2957 3378 genus
2981 3307 3255 3381 interitum
3273 3316 3433 3381 timet
3461 3324 3476 3381 _:
3509 3307 3606 3362 sed

1993 3376 2214 3452 poiestas
2243 3385 2359 3450 ejus
2389 3382 2546 3435 simul
2573 3397 2637 3435 ac
2661 3383 2764 3434 risu
2787 3376 2861 3434 est
2885 3422 2899 3442 ,
2949 3380 3029 3432 vel
3063 3378 3332 3452 apparuit,
3359 3376 3604 3443 desinet;

1994 3450 2155 3518 atque
2186 3455 2255 3508 ita
2288 3454 2509 3518 cmlum,
2544 3463 2698 3506 antea
2724 3451 2952 3505 nubibus
2981 3450 3110 3504 atris
3143 3450 3464 3508 incinctum.
3517 3467 3606 3505 se-

1995 3536 2169 3589 renat,
2199 3536 2252 3579 et
2279 3537 2499 3581 uastas
2525 3525 2800 3578 hominum
2825 3536 3036 3577 mentes
3059 3523 3300 3576 redivivo
3315 3521 3606 3589 splendore

1994 3600 2322 3651 consolatur.
2357 3596 2488 3662 Quae
2520 3596 2847 3650 antecedunt
2890 3604 2944 3648 et
2995 3603 3297 3662 sequuntur
3327 3593 3444 3646 haec
3471 3595 3601 3648 satis

1993 3669 2278 3733 adjuvant,
2336 3681 2393 3721 ut
2427 3669 2574 3731 plura
2619 3667 2819 3722 ntltleie
2864 3680 3088 3720 necesse
3127 3679 3231 3717 nou
3283 3663 3603 3719 habemuus.

1995 3739 2200 3794 Voncs.
2252 3767 2324 3781 —-
2356 3740 2488 3793 llnic
2525 3736 2746 3791 Vonckii
2775 3736 3140 3792 emendationi
3183 3737 3456 3790 calculum
3503 3736 3600 3790 ad-

1990 3811 2109 3881 jicit
2135 3814 2452 3880 Auonymus
2483 3809 2774 3880 lipsieusis.

268 4250 401 4380 DE
467 4249 846 4382 SANCTll
905 4251 1457 4384 VICTOB1N0
1519 4251 2001 4384 EPISCOP0
2081 4251 2830 4381 PETAVIllNENSI
2907 4255 3042 4382 ΕΤ
3109 4253 3604 4386 MARTIRE

1205 4546 2665 4681 PROLEGOMENA.

1703 4807 2184 4864 «θερείης-α

889 4971 1185 5014 Αιιτιουιυε
1225 4973 1262 5012 I.

799 5071 929 5142 Ejus
959 5073 1075 5128 vita
1100 5073 1376 5145 Synopsis.

342 5187 457 5255 Quo
500 5197 732 5258 (evapore
773 5187 986 5243 clarus?
1042 5189 1194 5246 Varia
1234 5192 1298 5246 de
1333 5207 1392 5245 eo
1438 5189 1744 5262 Hieronymi
1793 5202 1884 5246 tes-

266 5282 498 5334 timonia.
540 5279 682 5346 Quid
705 5291 825 5334 ante
859 5280 1226 5353 Hieronymum
1257 5281 1480 5355 Optatus
1517 5284 1885 5339 Mileuitanus’

263 5405 334 5415 -—
366 5375 698 5430 Victorinum
731 5389 921 5443 giarcaa
944 5376 1164 5444 originis
1190 5389 1281 5431 aut
1313 5377 1363 5432 in
1395 5377 1630 5433 conﬁnio
1656 5376 1881 5432 Graecia:

265 5469 454 5524 saltem
496 5469 789 5524 oriundum
841 5469 1036 5534 fuisse,
1083 5488 1147 5526 ex
1198 5473 1289 5538 iis,
1339 5489 1460 5542 qu:e
1515 5473 1880 5546 Hieronymus

263 5565 457 5631 attulit,
487 5576 609 5620 tuto
651 5564 786 5617 satis
829 5565 1116 5632 collegisse
1163 5567 1374 5621 videtur
1404 5567 1741 5633 Caveusﬂ).
1777 5566 1877 5622 Pe-

266 5661 594 5740 lavionetisis
617 5659 703 5733 (9.)
754 5660 806 5713 in
856 5657 1129 5714 Pannonia
1183 5662 1462 5732 superiore
1521 5662 1587 5717 ad
1643 5662 1874 5716 Dravum

331 5801 403 5872 (Ι)
433 5801 625 5858 Cave..
658 5799 812 5872 Hist.
832 5799 1010 5872 litter..
1044 5809 1174 5872 tom.
1211 5815 1243 5854 1,
1279 5815 1398 5870 pag.
1433 5801 1554 5857 147.

325 5869 496 5947 {9}!"
525 5874 756 5947 quidem
801 5869 1086 5947 legendum
1118 5869 1562 5947 dncu‘itgcrrorc
1591 5874 1871 5935 obsoleto.

260 5959 356 6017 quo
379 5942 742 6005 'Pictavienris
791 5942 1096 6017 Aquitaniae
1145 5944 1197 5999 in
1237 5942 1407 6000 Gallia
1449 5959 1478 6000 a
1529 5945 1765 6002 llaronio
1808 5948 1873 6001 ad

1910 4957 1964 5018 D
1989 4954 2211 5010 ﬂuvium
2255 4965 2374 5011 erat
2414 4971 2478 5011 ex
2506 4966 2724 5014 oratore
2762 4959 3068 5031 episcopus,
3105 4970 3160 5016 ut
3207 4975 3314 5018 non
3348 4979 3456 5020 uno
3486 4965 3606 5025 loco

1989 5104 2189 5144 annum
2215 5090 2357 5171 βοὶ
2379 5107 2528 5146 num.
2565 5092 2648 5171 16.
2683 5093 2910 5171 aliisque
2942 5096 3124 5171 multis
3153 5097 3425 5171 Ferebatur
3453 5102 3600 5171 epis.

1989 5176 2180 5237 copiis,
2212 5162 2452 5237 funditus
2497 5162 3124 5237 exstirpaio,'Launoius
3169 5168 3378 5223 Franco
3407 5162 3596 5228 Gallus

1991 5233 2242 5308 peculiari
2270 5236 2535 5304 doctaque
2553 5233 2953 5301 dissertatione.
2982 5240 3223 5305 Parisiis,
3251 5240 3411 5300 I655.
3438 5244 3593 5308 iit-8°,

1987 5314 2042 5386 et
2069 5306 2121 5386 in
2152 5324 2279 5375 opp.
2297 5308 2563 5386 _Cu|leet..
2601 5317 2730 5362 tom.
2766 5325 2839 5386 It._
2868 5310 2928 5364 P.
2960 5327 2998 5386 ιἶ
3036 5327 3154 5382 pag.
3201 5313 3326 5386 654.
3361 5324 3416 5368 et
3443 5306 3596 5386 seqq.

1988 5375 2043 5459 In
2076 5379 2174 5458 hac
2213 5380 2364 5459 enipi
2394 5380 2776 5459 ferito-usual,
2826 5382 2876 5436 in
2909 5375 3148 5459 quinque
3283 5375 3598 5459 Ilierwnyiiii

1989 5447 2143 5518 locis,
2177 5450 2261 5503 ubi
2292 5449 2360 5503 de.
2394 5449 2672 5504 Victorino
2700 5468 2880 5507 sermo
2915 5447 3164 5518 habetur,
3195 5455 3276 5508 bis
3303 5447 3508 5512 scilieci
3541 5460 3591 5512 in

1985 5517 2262 5596 Catalugu,
2289 5537 2408 5583 cap.
2434 5523 2722 5596 747et10t.
2743 5527 2913 5579 semel
2940 5525 3202 5580 adversus
3227 5527 3591 5596 Vigilatttium,

1983 5592 2151 5645 semel
2191 5593 2451 5646 adver~us
2495 5595 2832 5655 Helvidium,
2873 5613 2935 5650 ac
2965 5599 3175 5650 tandem
3206 5592 3371 5652 semel
3412 5601 3464 5653 in
3495 5600 3593 5652 tri-

1981 5664 2203 5740 gesimo
2237 5675 2392 5718 sexto
2437 5665 2736 5740 Ezechielis
2778 5669 2955 5735 capite
3001 5669 3223 5736 reperiri
3258 5672 3309 5721 in
3353 5671 3592 5740 antiquis

1983 5734 2310 5807 editionibus
2357 5738 2750 5802 petabionemis,
2786 5734 2865 5793 vel
2911 5734 3301 5806 petauionemis,
3353 5740 3433 5790 vel
3468 5734 3588 5807 ῥίο-

1982 5806 2240 5878 tubicinis,
2270 5807 2351 5878 vel
2387 5807 2812 5874 picutbioneulis,‘
2843 5808 3000 5878 idque
3031 5808 3266 5864 nominis
3295 5808 3497 5862 habere
3528 5813 3580 5866 iu

1987 5875 2235 5951 Usuardi,
2266 5877 2470 5951 Adonis
2496 5889 2550 5931 et
2580 5880 2700 5951 aliis
2738 5875 2960 5934 vetustis
2989 5879 3408 5951 tu:irtyrolugii.~_.
3447 5891 3504 5934 ut
3530 5890 3587 5936 et

1981 5950 2035 6004 in
2069 5948 2228 6018 priori
2266 5950 2471 6007 Merlini
2503 5950 2853 6008 conciliorum
2891 5948 3155 6017 editione,
3185 5959 3345 6013 atque
3373 5948 3426 6003 in
3458 5951 3578 6008 edi-
