3950 6332
342 349 450 408 287

1415 358 1508 417 DE
1539 359 1596 417 S.
1636 357 1996 417 VlCTORlNO
2034 359 2145 419 ΕΡ.
2189 361 2278 420 ΕΤ
2306 364 2516 423 MART.

3529 371 3635 431 ‘288

341 462 613 523 Christum
658 467 843 524 velint.
875 487 894 522 ι
930 469 1173 528 Meminit
1201 473 1362 529 etiam
1392 474 1747 533 Cassiodorus
1792 493 1938 534 eom-
1964 487 2013 546 Α
2043 482 2449 541 accuratissime
2494 485 2729 558 perlegi;
2761 495 2962 545 etcum
3002 487 3170 546 multa
3216 488 3268 545 in
3310 505 3377 547 eo
3422 494 3634 563 pos’sem

345 562 592 615 mentarii
635 564 805 618 sancti
854 563 1115 621 Victorini
1161 567 1231 622 ita
1281 570 1527 640 inquiens
1555 571 1633 644 (Ι)
1668 590 1681 625 :
1722 571 1802 628 De
1841 590 1940 644 quo

344 655 476 710 libro
504 656 876 729 (Ecclesiaste)
906 671 951 714 et
989 660 1346 718 Victorinus...
1384 665 1632 720 nonnulla
1676 668 1934 722 disseruit.

345 747 428 804 Ex
484 749 584 806 hoc
632 750 941 809 Cass‘iodori
997 755 1247 826 loquendi
1299 758 1458 812 modo
1501 760 1794 816 verisimile
1841 762 1938 816 ad-

343 849 517 908 paret,
544 839 876 899 Victorinum
905 845 1148 916 qumdam
1171 847 1432 902 duntaxat
1453 847 1567 902 loca
1599 848 1941 906 Ecclesiastis

340 938 683 1002 exposuisse.

413 1023 494 1080 De
520 1026 888 1083 Commentario
910 1029 971 1084 S.
1005 1029 1252 1086 Victorini
1276 1032 1328 1085 in
1352 1031 1748 1088 Matthamm.—
1775 1037 1937 1093 Sanc-

348 1126 437 1174 tus
469 1119 827 1192 Hieronymus
861 1123 911 1178 in
942 1123 1187 1196 catalogo
1219 1126 1416 1180 nullam
1452 1128 1778 1184 mentionem
1816 1129 1942 1186 facit

342 1212 412 1270 de
451 1215 781 1284 expositione
831 1215 889 1272 S.
936 1215 1192 1273 Victorini
1233 1219 1285 1273 in
1346 1219 1676 1280 Matthseum.
1743 1223 1938 1279 Verum

347 1304 400 1359 in
441 1306 664 1376 prolego
703 1307 789 1362 sui
831 1311 1206 1365 connuentarii
1254 1312 1306 1366 in
1367 1311 1508 1366 hunc
1557 1315 1939 1384 evangelistam

346 1397 465 1455 lure
519 1399 676 1454 habet
733 1401 810 1475 (‘2)
844 1421 857 1457 :
891 1402 1096 1475 Legisse
1135 1422 1215 1459 me
1256 1410 1516 1475 [πίθοι-η..
1574 1419 1620 1462 et
1665 1411 1942 1464 latinorum

343 1492 570 1560 Hilarii,
615 1494 892 1565 Victorini,
940 1496 1306 1555 Fortunatiani
1342 1502 1608 1570 opuscula.
1655 1502 1941 1559 Cassiodo-

343 1603 436 1644 rus
468 1589 545 1663 (3)
571 1606 698 1645 vero
727 1592 928 1647 diserte
955 1594 1029 1648 ait
1057 1612 1069 1646 :
1106 1593 1184 1649 De
1227 1613 1323 1662 quo
1355 1594 1376 1668 (
1395 1596 1681 1669 Matthzeo)
1725 1608 1775 1652 et
1827 1598 1940 1653 Vic-

346 1682 544 1736 torinus
581 1700 644 1738 ex
684 1695 887 1740 oratore
926 1688 1194 1757 episcopus
1233 1691 1461 1742 nonnula
1491 1690 1752 1746 disseruit.
1784 1691 1940 1747 Unde

345 1775 564 1846 conjicit
621 1778 698 1831 vir
747 1778 1033 1847 perdoctus
1087 1781 1394 1836 Lardnerus
1444 1782 1558 1856 (4).
1619 1785 1939 1854 opusculum

2046 586 2234 631 contra
2269 588 2467 632 rectam
2499 579 2768 634 scribendi
2801 581 3064 637 rationem
3111 582 3250 638 dicta
3295 585 3633 654 improbare,

2047 669 2179 724 nihil
2214 680 2392 726 tamen
2440 671 2552 727 fere
2601 673 2720 728 loco
2769 676 3007 738 mutavi,
3054 676 3149 732 sed
3201 691 3264 732 ea
3307 677 3638 746 cujusmodi-

2047 779 2280 832 cumque
2327 764 2572 832 fuerunt,
2627 767 2914 834 adnotavi,
2965 778 3023 823 ut
3051 779 3143 824 tuo
3191 771 3365 839 potius
3399 771 3485 826 vel
3532 781 3640 825 Sta-

2049 867 2198 922 rent,
2245 857 2326 912 vel
2383 859 2642 914 caderent
2689 861 2919 930 judicio.
2979 861 3219 918 Libellus
3289 873 3436 918 certe
3498 863 3643 932 ejus-

2047 951 2192 1006 modi
2236 961 2350 1016 est,
2401 965 2456 1007 ut
2501 968 2621 1007 cum
2681 969 2927 1025 magnam
2986 955 3086 1024 piis
3120 970 3184 1009 ac
3229 955 3495 1020 religiosis
3540 956 3641 1012 Ito-

2047 1043 2313 1108 minibus,
2344 1044 2433 1116 qui
2487 1044 2591 1100 hoc
2616 1060 2788 1117 genus
2839 1045 3054 1116 scriptis
3095 1045 3454 1110 delectantur,
3497 1046 3643 1102 utili-

2049 1148 2244 1200 tatem,
2293 1149 2404 1195 tum
2451 1156 2582 1196 vero
2627 1141 2692 1196 ad
2740 1157 2800 1196 ea
2854 1142 3014 1196 etiam
3070 1142 3480 1210 cognoscenda,
3519 1156 3638 1211 qua:

2046 1236 2098 1289 in
2152 1235 2475 1307 Apocalypsi
2523 1235 2801 1290 altissimis
2843 1233 3120 1291 recondita
3172 1245 3298 1290 sunt
3353 1236 3634 1301 sensibus,

2046 1326 2344 1394 adjmnenti
2389 1328 2674 1398 plurimum
2745 1328 2814 1382 sit
2869 1329 3150 1384 allaturus.
3212 1328 3394 1401 Stylus
3446 1339 3628 1384 autem

2047 1421 2256 1474 tametsi
2303 1436 2333 1475 a
2378 1423 2554 1492 prisco
2600 1420 2692 1475 illo
2732 1422 2968 1476 candore
3020 1422 3213 1491 linguae
3261 1424 3478 1489 latium,
3528 1439 3627 1492 pu-

2048 1513 2315 1584 ritateque
2361 1513 2587 1568 multum
2632 1513 2822 1573 abest.
2869 1514 3011 1582 quod
3060 1523 3360 1583 temporum
3411 1515 3642 1568 inclina-

2047 1614 2113 1657 tze
2155 1604 2301 1673 jam.
2349 1605 2527 1660 sinon
2562 1620 2782 1674 prorsus
2819 1605 3072 1674 collapsa;
3109 1621 3230 1660 cum
3283 1607 3490 1676 imperii
3520 1622 3639 1661 ma-

2041 1698 2237 1769 jestate
2265 1699 2340 1754 rei
2367 1699 2639 1754 litterariae
2667 1714 2844 1754 mores
2862 1741 2874 1762 ,
2900 1708 2955 1754 et
2982 1700 3187 1769 gallica!
3211 1701 3443 1754 nationis
3464 1743 3479 1767 ,
3513 1716 3634 1772 qua:

2047 1795 2273 1848 necdum
2297 1833 2311 1856 ,
2336 1805 2391 1846 ut
2421 1808 2563 1846 nunc
2591 1801 2709 1856 est,
2761 1801 2869 1846 tuin
2923 1793 3149 1863 ingeniis
3169 1835 3184 1858 ,
3237 1802 3346 1846 tum
3377 1803 3646 1861 przestan-

345 1863 401 1919 S.
467 1864 726 1922 Victorini
786 1878 877 1923 aut
933 1870 1124 1926 breves
1176 1871 1437 1927 duntaxat
1493 1874 1938 1944 observatimies,
1977 1891 2019 1950 Β
2049 1886 2379 1938 tissimarnm
2430 1885 2623 1938 artium
2675 1883 2982 1953 cognitione
3023 1884 3163 1937 culta
3201 1894 3352 1950 erat,
3398 1885 3642 1962 peregri-

346 1968 440 2015 aut
490 1964 857 2028 erpositiones
905 1966 1255 2036 singularinm
1310 1968 1655 2024 solummodo
1699 1969 1939 2026 locorum

347 2051 544 2108 laudati
587 2053 865 2123 Evangelii
896 2059 1238 2130 complexum
1290 2060 1479 2117 fuisse.

439 2147 828 2205 Commentarii
898 2151 950 2206 in
1015 2151 1385 2224 Apocalypsin
1453 2155 1560 2209 divi
1619 2156 1844 2212 Joannis
1913 2174 1943 2212 a

346 2243 536 2289 sancto
563 2245 801 2307 martyre
848 2248 1035 2291 n0stro
1074 2238 1319 2294 adornati
1353 2242 1594 2295 meminit
1624 2252 1678 2295 et
1724 2243 1782 2296 D.
1818 2243 1942 2298 Hie-

344 2340 604 2398 ronymus
631 2337 684 2382 et
711 2328 1099 2396 Cassiodorus,
1133 2333 1220 2400 qui
1253 2332 1471 2385 ultimus
1501 2333 1569 2387 de
1609 2349 1674 2387 eo
1719 2334 1771 2388 in
1805 2339 1944 2388 hunc

345 2418 562 2473 modmn
595 2421 776 2474 scribit
809 2419 891 2494 (5)
922 2438 935 2473 :
975 2439 994 2473 ι
1033 2422 1107 2476 De
1137 2440 1244 2492 quo
1291 2424 1428 2478 lihru
1464 2425 1850 2498 (Apocalypsi)
1891 2436 1947 2483 et

344 2507 651 2565 Victorinus
668 2525 811 2581 smpe
833 2513 1006 2568 dictus
1029 2514 1313 2584 episcopus
1339 2515 1657 2572 difficillima
1688 2520 1935 2588 quaedam

343 2603 459 2659 loca
516 2604 749 2660 breviter
804 2608 1052 2661 tractavit
1099 2627 1118 2661 ι
1155 2607 1312 2665 Hisce
1365 2610 1543 2664 verbis
1591 2610 1772 2679 judice
1842 2610 1944 2666 Ca-

344 2709 447 2749 veo
506 2694 583 2767 (t‘)
634 2697 805 2751 innuit
853 2698 1241 2766 Cassiodorus,
1298 2700 1632 2757 Victorinum
1680 2720 1786 2759 non
1837 2715 1942 2759 tam

349 2788 616 2858 integrann
639 2790 1002 2863 Apocalypsin
1027 2795 1418 2848 commentario
1440 2796 1758 2863 illustrasse,
1785 2813 1943 2868 quam

346 2881 650 2938 difficiliora
702 2884 947 2953 qmrdam
990 2887 1103 2940 loca
1154 2898 1433 2942 tractasse.
1492 2888 1805 2946 Generatim
1851 2907 1945 2945 au-

347 2984 457 3031 tem
512 2978 893 3035 animadvertit
945 2981 1170 3036 illustris
1222 2979 1522 3037 Ceillierins
1576 2985 1654 3055 (7)
1699 3003 1712 3038 :
1758 2983 1945 3055 Neque

347 3082 557 3126 certum
597 3087 750 3142 esse,
785 3090 911 3128 num
940 3085 1158 3131 sanctus
1180 3074 1490 3129 Victorinus
1529 3077 1765 3146 integros
1801 3093 1947 3132 com-

349 3166 643 3220 ntentarios
681 3169 1103 3238 conscripserit,
1133 3184 1309 3239 neque
1335 3179 1510 3232 utrum
1554 3171 1721 3226 lihros
1762 3188 1946 3228 sacros

347 3274 378 3312 a
402 3259 577 3331 capite
603 3276 777 3330 usque
808 3261 873 3314 ad
919 3263 1122 3317 calcem
1155 3265 1492 3329 exposuerit.
1537 3263 1813 3330 Siquidem
1858 3282 1943 3322 sa-
1973 3287 2014 3345 ρ

349 3354 420 3406 tis
438 3352 718 3409 manifeste
739 3353 1030 3410 adseverat
1056 3356 1410 3411 Cassiodorus
1428 3399 1443 3424 ,
1473 3369 1717 3412 sanctum
1740 3359 1948 3429 episco-

347 3459 476 3516 pum
507 3445 720 3500 nonui~i
751 3446 998 3518 quaedam
1027 3446 1142 3502 loca
1175 3447 1559 3514 Eccle~iastis,
1595 3447 1654 3502 S.
1687 3448 1944 3516 Matthari,

347 3546 513 3603 atque
545 3537 953 3611 Ap-vcalyp-eos
991 3540 1336 3608 esplicuisse.

420 3628 501 3684 De
526 3630 588 3685 S.
632 3629 877 3686 Victorini
900 3633 1109 3686 scholiis
1139 3633 1192 3686 in
1222 3633 1571 3704 Apocalypsin
1615 3633 1854 3688 Joannis.
1873 3665 1942 3676 -—

349 3722 592 3779 Alterum
661 3739 822 3794 porro
888 3741 958 3779 ex
1028 3725 1283 3779 Victorini
1348 3727 1603 3795 scriptis,
1672 3727 1815 3797 quod
1881 3728 1947 3782 ad

350 3828 450 3868 nos
502 3829 670 3883 usque
721 3816 1004 3884 pervenit,
1048 3823 1176 3870 sunt
1223 3818 1342 3882 ejus
1381 3817 1584 3871 scholia
1637 3819 1686 3871 in
1740 3821 1950 3885 Apoca-

353 3908 530 3978 lypsin
550 3951 562 3967 .
589 3923 710 3977 rpite
746 3909 949 3977 primus
979 3925 1045 3963 ex
1077 3909 1416 3964 bibliothecae
1446 3910 1743 3966 casinensis
1763 3913 1950 3969 codice

354 4002 408 4057 in
457 4003 626 4058 lucem
673 4004 812 4057 eruit
857 4003 1081 4058 Basilius
1121 4003 1422 4069 millanius,
1471 4005 1769 4060 monachus
1813 4006 1951 4060 casi-

353 4111 479 4150 nas:
513 4095 939 4165 prodieruntth
972 4096 1261 4161 Bononize,
1298 4095 1440 4149 iit-8°
1469 4098 1613 4166 apud
1639 4102 1764 4152 Ant.
1797 4097 1950 4154 Ciac-

351 4187 608 4242 carellum
668 4199 722 4242 et
779 4189 1126 4258 Peregrinum
1199 4188 1542 4253 Bonardum,
1595 4205 1737 4244 anno
1786 4191 1946 4246 1558.

353 4281 588 4349 Questus
618 4283 867 4353 equidem
898 4293 980 4338 est
1023 4285 1225 4352 primus
1260 4283 1345 4336 hic
1383 4283 1710 4338 scholiorum
1743 4285 1948 4352 editor,

354 4375 596 4428 codicem
621 4374 716 4429 Ms.
739 4417 753 4433 .
785 4392 890 4438 quo
923 4390 1050 4431 usus
1081 4384 1198 4441 est,
1232 4374 1366 4428 adeo
1408 4376 1577 4431 fuisse
1610 4378 1949 4433 librariorum

357 4465 569 4520 inscitia
615 4477 929 4534 eorruptttm
952 4511 968 4535 ,
1000 4478 1055 4521 ut
1095 4482 1240 4537 8'.qu
1275 4466 1365 4521 vix
1411 4467 1708 4523 divinando
1738 4479 1948 4525 rectum

357 4571 540 4630 posset
568 4562 781 4631 assequi
813 4577 1052 4620 sensum.

2050 1976 2270 2029 nitatem
2314 1972 2513 2029 referat
2555 1992 2568 2029 :
2615 1982 2822 2028 tantum
2867 1985 3042 2028 tamen
3089 1984 3280 2029 auctor
3320 1977 3422 2032 iste
3469 1975 3645 2030 brevi-

2048 2075 2155 2122 tate
2204 2082 2298 2121 sua
2345 2067 2632 2136 przcstitit,
2682 2078 2734 2121 ut
2787 2067 3139 2137 quorumdam
3168 2069 3453 2123 verborum
3496 2069 3640 2124 inso-

2049 2161 2268 2216 lentiam
2319 2160 2871 2231 titiljtaergnmeuti
2917 2159 3128 2215 abunde
3175 2173 3404 2230 pensare
3451 2162 3641 2231 possit.

2047 2255 2157 2310 Nos
2182 2265 2331 2310 certe
2372 2271 2496 2310 cum
2537 2255 2678 2310 idem
2723 2256 2836 2323 ipse
2878 2271 2981 2308 non
3033 2255 3196 2308 verba
3247 2253 3442 2324 quibus
3495 2255 3646 2308 iden-

2051 2348 2213 2403 tidem
2275 2349 2582 2419 impropriis
2628 2357 2682 2402 et
2733 2347 2888 2417 longe
2930 2347 2999 2401 ab
3043 2362 3144 2402 usu
3200 2356 3345 2402 recte
3389 2337 3645 2418 loqucndi

2054 2442 2273 2496 semotis
2301 2443 2498 2506 utitur,
2548 2439 2646 2495 sed
2696 2455 2887 2494 sensus
2939 2441 3082 2509 ipsos
3132 2453 3425 2510 sequatur;
3473 2441 3649 2495 nolui—

2050 2550 2168 2588 mus
2221 2537 2271 2588 in
2330 2535 2507 2588 verbis
2560 2549 2626 2590 eo
2694 2534 2811 2603 ipso
2875 2533 3044 2589 videri
3111 2533 3402 2589 doctiores.
3463 2533 3647 2605 Itaque

2052 2627 2290 2696 vestigiis
2323 2627 2466 2680 illius
2515 2627 2825 2681 insistentes
2847 2670 2861 2692 ,
2900 2642 3019 2696 qua:
3049 2627 3518 2683 animadversione
3543 2629 3644 2681 im-

2050 2719 2237 2788 primis
2284 2719 2442 2788 dtgna
2514 2719 2623 2772 visa
2676 2728 2836 2782 sunt,
2893 2717 3027 2771 infra
3079 2718 3166 2772 hic
3225 2718 3573 2773 adnotamus.
3620 2737 3639 2772 ι

2051 2813 2321 2866 Hactenus
2352 2813 2399 2866 cl
2460 2811 2690 2866 Basilius
2721 2812 2992 2866 Millanius
3023 2810 3198 2866 editor
3231 2830 3243 2865 :
3279 2811 3369 2882 qui
3397 2812 3638 2881 quidem,

2050 2908 2094 2960 si
2118 2908 2165 2962 ei
2189 2910 2335 2961 locus
2358 2907 2809 2978 llieronymianus
2838 2907 3196 2961 succurrisset
3229 2907 3296 2960 de
3324 2905 3462 2960 Viris
3489 2906 3647 2960 illus-

2052 2998 2221 3053 tribus
2244 3001 2490 3069 superius
2517 2999 2670 3053 nohis
2695 3008 3023 3053 memoratus
3041 3040 3056 3063 ,
3088 3013 3261 3068 neque
3287 2998 3488 3068 gallum
3515 2996 3650 3051 fuis—

2050 3108 2107 3146 sc
2140 3091 2507 3152 Victorinum,
2551 3108 2645 3146 seu
2676 3093 3064 3162 pictaviensem
3093 3091 3405 3162 episcOpum
3453 3091 3648 3145 existi-

2053 3198 2250 3240 masset
2275 3227 2289 3250 ,
2325 3202 2499 3256 neque
2529 3186 2596 3241 de
2614 3186 2754 3257 ston
2775 3186 2892 3255 ejus
2913 3188 3187 3256 incompto
3208 3184 3343 3240 adeo
3363 3183 3647 3240 doluisset.

2127 3277 2252 3332 lla-c
2301 3289 2484 3333 autem
2534 3294 2600 3333 ex
2646 3280 2853 3334 editore
2896 3288 3082 3333 oestro
3115 3287 3400 3349 propterea
3459 3279 3649 3344 impri—

2053 3372 2155 3426 mis
2175 3372 2530 3426 describenda
2567 3372 2901 3436 cenSnimns,
2934 3373 3104 3441 inquit
3147 3370 3464 3426 Gallandius
3511 3369 3636 3442 (i),

2063 3463 2194 3533 piod
2228 3463 2450 3533 hujusce
2475 3464 2718 3534 Opuscnli
2750 3462 2948 3526 editio,
2981 3463 3135 3516 unica
3167 3462 3446 3517 enimvero
3477 3463 3644 3517 adeo—

2075 3573 2159 3626 pie
2202 3574 2416 3627 perraro
2439 3599 2453 3620 ,
2487 3572 2581 3611 eos
2609 3559 2675 3611 ad
2709 3573 2873 3611 unum
2903 3573 3089 3612 omnes
3120 3559 3378 3612 hactenus
3411 3557 3650 3621 latuerit,

2066 3652 2144 3722 pii
2172 3661 2279 3704 tum
2317 3652 2419 3707 hoc
2441 3694 2454 3718 ,
2489 3662 2596 3706 tum
2628 3653 2913 3722 superiore
2945 3654 3149 3707 sacculo
3180 3651 3249 3707 de
3294 3652 3653 3721 scriptoribus

2054 3748 2438 3802 ecclesiasticis
2465 3747 2643 3815 egisse
2674 3759 2990 3802 noscuntur.
3026 3748 3081 3803 Si
3107 3748 3251 3801 enim
3277 3748 3341 3801 iis
3371 3757 3651 3817 perspecta

2056 3841 2243 3896 fuisset
2294 3840 2419 3905 illa,
2468 3840 2646 3895 nullus
2687 3841 2906 3905 dubito,
2962 3842 3088 3911 quin
3138 3840 3402 3909 ejusmodi
3447 3839 3653 3893 scholia

2060 3946 2318 4005 tanquam
2379 3935 2670 4006 genuinum
2719 3935 2976 3989 Victorini
3039 3934 3224 3989 foetum
3274 3936 3652 4005 excepissent,

2062 4029 2517 4100 agnovissentqne
2559 4027 2752 4092 simul,
2781 4027 3116 4082 subdititinm
3144 4030 3366 4081 omnino
3394 4041 3538 4089 8958.
3574 4038 3656 4082 ut-

2058 4133 2178 4194 pote
2209 4123 2342 4176 mire
2367 4123 2746 4192 interpolatum
2767 4162 2783 4186 ,
2817 4122 3261 4176 cmnmcntatzimn
3294 4123 3343 4175 in
3381 4122 3654 4193 Ap0caly-

2057 4217 2211 4286 psin,
2239 4216 2328 4284 qni
2379 4215 2480 4269 sub
2535 4215 2652 4281 ejus
2696 4214 2912 4269 nomine
2958 4216 3008 4269 in
3051 4213 3388 4288 bibliothecis
3430 4213 3651 4269 Patrum

2054 4308 2448 4362 circumfertur.
2511 4307 2577 4362 Et
2641 4309 2870 4376 primum
2923 4309 3140 4378 quidem
3198 4322 3264 4362 ex
3323 4304 3654 4362 Cassiodoro

2056 4403 2314 4458 discimus
2374 4401 2498 4474 (τὶ),
2563 4401 2896 4457 Victorinum
2964 4401 3027 4454 de
3077 4401 3205 4454 libro
3269 4399 3654 4470 Apocalypseos

2059 4495 2372 4566 difﬁcillima
2401 4494 2638 4565 quedam
2668 4496 2780 4548 loca
2808 4495 3021 4548 breviter
3049 4503 3298 4548 tractasse
3331 4510 3346 4548 :
3378 4509 3501 4562 qua:
3529 4495 3653 4564 qni-

2059 4587 2182 4642 dem
2229 4589 2435 4642 notatio
2476 4598 2529 4642 et
2573 4586 2774 4641 nostris
2819 4586 3039 4640 scholiis
3080 4586 3324 4655 apprime
3351 4599 3655 4654 congruere

459 4655 532 4708 De
562 4670 727 4724 opere
782 4669 958 4712 autem
981 4700 995 4722 ,
1030 4659 1205 4728 deque
1235 4660 1382 4715 illius
1423 4667 1676 4723 auctore,
1705 4673 1805 4713 nec
1847 4674 1945 4712 non

2063 4683 2335 4747 noscitur,
2365 4693 2417 4735 et
2446 4697 2474 4735 a
2521 4680 2834 4751 pervulgato
2880 4679 3275 4734 commentario
3315 4678 3492 4732 aliena
3534 4694 3657 4734 esse

356 4748 425 4804 de
471 4764 628 4817 cura,
681 4767 839 4820 quam
896 4753 947 4806 in
999 4768 1064 4808 eo
1107 4753 1427 4808 illiiStrando
1462 4750 1756 4819 impendit,
1815 4752 1955 4804 haud

358 4844 588 4899 otiosum
609 4846 839 4900 fortasse
869 4844 1026 4900 fuerit
1058 4848 1232 4913 ipsum
1265 4847 1480 4912 audire,
1515 4845 1776 4898 lectorem
1802 4859 1956 4897 suum

357 4937 723 5007 alloquentem
771 4937 855 4993 his
887 4939 1064 4993 verbis
1092 4957 1104 4991 :
1132 4957 1151 4991 ι
1189 4939 1258 4994 Ut
1298 4955 1364 4992 ne
1409 4938 1538 5008 quid
1582 4948 1760 5001 cSSet,
1799 4958 1817 4988 ι
1879 4953 1963 4991 ιιι-

359 5030 506 5099 quit,
539 5048 558 5080 ι
594 5029 645 5083 ἰιι
673 5046 779 5099 quo
827 5046 912 5086 me
957 5044 1046 5085 aut
1078 5031 1628 5101 planeindiligentem
1676 5043 1954 5100 argueres,

361 5129 452 5174 aut
489 5120 651 5175 etiam
687 5136 972 5176 accusares
1001 5134 1057 5176 ut
1093 5122 1388 5183 audacem,
1423 5123 1592 5176 amice
1626 5122 1830 5184 lector,
1873 5137 1959 5175 se-

359 5213 489 5270 dulo
539 5215 940 5288 diligenterque
997 5220 1145 5282 cavi;
1204 5233 1327 5271 nam
1384 5227 1438 5270 et
1483 5217 1800 5285 opusculum
1856 5218 1960 5272 hoc

436 5376 512 5440 (Ι)
537 5374 846 5431 Γτιεςὶηάοικ
867 5419 880 5440 ,
913 5377 1133 5429 institui.
1165 5379 1324 5430 divin.
1361 5376 1438 5430 lit.
1462 5417 1475 5438 ,
1508 5391 1624 5442 cap.
1659 5376 1711 5429 Si.

440 5445 518 5516 (2)
552 5446 858 5519 Hii-ronym.
887 5492 901 5514 ,
931 5447 1137 5519 Prolog.
1166 5450 1217 5503 in
1247 5448 1435 5502 Matth.
1461 5488 1475 5513 ,
1507 5463 1623 5518 pag.
1657 5447 1712 5515 8,
1742 5454 1797 5502 et
1825 5445 1954 5501 edit.

365 5517 478 5570 Ven
521 5526 559 5572 ι.
587 5561 601 5580 ,
634 5517 766 5570 lout.
796 5536 883 5574 Vlll
905 5562 916 5575 .
954 5538 1003 5586 ιι.
1035 5521 1086 5574 7.

437 5587 516 5728 (3)
543 5590 846 5644 Cassiodor.
873 5634 887 5654 ,
923 5593 1047 5645 ibid.
1070 5635 1084 5649 ,
1115 5607 1232 5661 cap.
1269 5591 1321 5646 7.

437 5662 491 5728 (Il
543 5661 811 5727 L:trtlnet',
846 5663 946 5716 loc.
981 5665 1067 5717 cit.
1093 5707 1106 5724 ,
1151 5682 1201 5728 p.
1247 5665 1310 5719 l9

461 5661 516 5728 Il)
543 5661 811 5727 L:trtlnet',
846 5663 946 5716 loc.
981 5665 1067 5717 cit.
1093 5707 1106 5724 ,
1151 5682 1201 5729 p.
1247 5665 1366 5719 191.

463 5734 516 5806 Ei)
537 5734 842 5806 (ξηςεὶοιΙωΓ.
863 5776 877 5799 ,
910 5735 1012 5786 loc.
1041 5736 1159 5796 cit.,
1195 5751 1309 5806 cap.
1339 5736 1392 5791 9.

468 5802 684 5875 GtC-ave
746 5807 847 5858 loc.
880 5806 1007 5871 cit.,
1049 5822 1098 5875 p.
1138 5807 1258 5860 147.

446 5875 524 5946 (7)
547 5873 821 5944 Ceillier.,
859 5877 958 5932 loc.
1004 5873 1125 5942 cit.,
1160 5895 1212 5949 p.
1238 5879 1342 5934 545
1381 5886 1436 5935 et
1467 5876 1592 5934 546.

2062 4776 2419 4842 comperitur;
2470 4785 2527 4828 ut
2563 4773 2784 4828 cuilibet
2837 4783 3120 4842 utrumque
3166 4787 3301 4842 opus
3350 4771 3656 4827 confereuti

2067 4869 2404 4936 perspicuum
2464 4866 2571 4918 ﬁet.
2631 4863 2832 4918 Deinde
2880 4863 3022 4933 quod
3088 4865 3165 4918 rei
3218 4873 3377 4931 caput
3431 4876 3551 4930 est,
3603 4865 3656 4918 in

2066 4960 2264 5013 nosnis
2295 4957 2501 5011 scholiis
2545 4958 2690 5026 regni
2736 4957 3016 5010 millenarii
3068 4968 3192 5008 nota
3223 4965 3497 5022 comparet
3540 4952 3656 5025 (5);

2064 5055 2202 5122 quod
2236 5068 2365 5107 sane
2392 5052 2724 5106 Victorinum
2755 5067 2874 5105 cum
2900 5050 3021 5103 aliis
3064 5049 3456 5118 antiquioribus
3487 5063 3657 5118 agno-

2066 5149 2205 5203 visse
2233 5189 2246 5208 .
2297 5146 2547 5216 superius
2591 5162 2655 5200 ex
2698 5145 3024 5216 Hieronymo
3070 5144 3396 5210 accepimus.

2163 5238 2311 5293 Hand
2389 5247 2564 5292 tamen
2633 5236 2874 5290 dis~imnl
2915 5234 3079 5289 udum
3147 5232 3391 5287 videtur.
3453 5231 3660 5288 scholia

2064 5348 2156 5388 sua
2189 5332 2512 5388 concludere
2546 5331 2871 5386 Victorinum
2903 5331 2984 5383 his
3011 5330 3190 5382 verbis
3219 5346 3231 5377 :
3264 5345 3282 5378 ι
3318 5327 3459 5396 Ergo
3491 5327 3649 5381 audi-

2065 5426 2189 5480 endi
2218 5440 2327 5479 non
2359 5433 2517 5484 sunt,
2552 5424 2640 5492 qui
2675 5422 2818 5475 mille
2847 5436 3108 5474 annorum
3133 5435 3356 5489 regnum
3383 5429 3659 5472 terrenum

2062 5534 2183 5574 esse
2202 5518 2524 5572 confirmant
2543 5518 2652 5586 ,qui
2671 5532 2790 5570 cum
2809 5513 3069 5570 Cerintho
3085 5512 3341 5569 ha-rctico
3357 5514 3655 5567 sentiunt.»

2163 5657 2211 5727 1)
2241 5655 2489 5712 Gallattd.
2515 5698 2527 5721 ,
2557 5655 2665 5727 loc.
2709 5657 2800 5708 cit.
2836 5671 2888 5724 ῃ.
2925 5656 2975 5710 6.

2163 5658 2211 5727 1)
2241 5658 2489 5712 Gallattd.
2515 5698 2527 5721 ,
2562 5658 2665 5707 loc.
2709 5658 2800 5708 cit.
2836 5671 2888 5724 ῃ.
2925 5658 2975 5710 6.

2133 5658 2216 5800 ἓξ)
2249 5727 2526 5800 Cassiod_.,
2554 5726 2657 5780 loc.
2693 5727 2823 5800 cit.,
2869 5743 2968 5796 cap
2997 5727 3051 5800 9ῗ

2133 5795 2227 5927 (δὲ
2288 5798 2589 5866 Victorin.,
2650 5798 2812 5853 schol.
2877 5795 2949 5853 in’
3018 5797 3373 5868 Apocalyps.,
3435 5811 3489 5863 ι,
3557 5795 3659 5863 15;

2066 5889 2164 5927 xx.
