3950 6350
211 422 307 476 211⁸1

1566 415 2096 476 υιιοιιςυυιιιιΝΑ.

3429 429 3538 488 298

213 538 305 591 alia
329 534 525 590 ibidem
555 535 704 589 hunc
724 532 1267 590 locumillustrantia.
1301 531 1450 601 Quod
1479 547 1606 588 vero
1628 532 1812 586 Victo-
1841 535 1891 595 Α
1919 531 2000 583 sin
2037 547 2050 583 :
2081 539 2134 583 et
2174 544 2296 584 cum
2353 532 2536 585 senior
2577 531 2689 600 jam
2746 539 2962 601 putaret
2989 547 3049 588 se
3096 546 3192 604 per
3218 538 3530 606 passionem

216 628 356 682 riuus
383 628 721 682 intellexerit
748 635 960 696 septem
1008 625 1292 689 Et-clesias,
1316 625 1381 679 ad
1421 641 1555 688 quas
1579 633 1655 679 tot
1684 624 1809 693 Epi-

212 719 354 774 stulae
394 719 447 777 in
493 719 829 776 collectione
874 719 1082 788 paulina
1109 718 1326 772 directae
1351 728 1493 783 sunt,
1525 733 1589 771 ex
1614 715 1809 786 duplici

214 813 434 867 auctoris
457 810 631 866 nostri
671 812 819 874 loco,
852 826 959 865 uno
987 811 1041 865 in
1077 809 1299 865 scholiis
1341 809 1393 862 in
1424 808 1807 880 Apocalypsin,

213 903 372 960 altero
418 903 674 972 ejusdem
729 904 780 958 in
817 903 1208 958 commentario
1235 900 1285 956 in
1315 898 1668 971 Apocalypsin
1697 915 1809 954 tua-

214 998 392 1054 nil'este
415 1006 674 1062 constat;
709 997 761 1051 in
790 1006 1020 1066 utroque
1049 996 1162 1050 haec
1188 994 1455 1049 habentur
1479 993 1562 1064 (1)
1592 1011 1605 1047 :
1641 1010 1661 1044 ι
1691 992 1810 1047 Isne

212 1100 405 1161 septem
445 1089 628 1145 stella:
678 1097 805 1144 sunt
832 1099 1040 1159 septem
1094 1087 1375 1149 Eccledm,
1403 1086 1469 1141 ad
1513 1101 1647 1155 quas
1686 1085 1811 1138 fecit

213 1179 506 1252 Epistolas;
568 1196 683 1237 non
723 1181 850 1251 quia
902 1183 1031 1251 ipsa:
1058 1180 1191 1235 solae
1237 1190 1364 1234 sunt
1407 1179 1686 1244 Ecclesize,
1719 1187 1813 1233 aut

211 1274 491 1346 principes,
515 1274 615 1328 sed
645 1273 793 1344 quod
826 1274 916 1328 uni
943 1272 1097 1338 dicit,
1120 1271 1374 1327 omnibus
1399 1272 1548 1328 dicit.
1576 1270 1730 1328 Unde
1757 1282 1812 1326 et

212 1369 260 1421 in
290 1378 396 1421 toto
433 1367 570 1422 urbe
627 1368 990 1437 septennatim
1048 1366 1322 1421 Ecclesias
1347 1381 1557 1432 omnes,
1605 1378 1810 1436 septem

209 1475 319 1517 esse
345 1459 680 1524 nominatas,
709 1469 766 1514 et
789 1475 951 1514 unam
978 1470 1101 1512 esse
1118 1457 1473 1524 Catholicam,
1501 1458 1696 1512 Paulus
1715 1458 1813 1514 do-

207 1555 328 1616 cuit.
351 1555 602 1610 scribens
631 1553 698 1608 ad
730 1563 935 1624 septem
967 1550 1266 1618 Ecclesias,
1309 1551 1384 1605 uti
1409 1552 1475 1604 ad
1511 1551 1809 1621 Romanos,

204 1646 267 1700 ad
295 1645 628 1709 Corinthios,
664 1648 730 1698 ad
773 1642 1013 1706 Galatas,
1067 1644 1134 1697 ad
1185 1641 1470 1707 Ephesios,
1504 1644 1569 1696 ad
1618 1643 1814 1714 Philip-

206 1755 410 1810 penSes,
442 1740 510 1794 ad
541 1737 923 1804 Colossenses,
951 1737 1018 1793 ad
1051 1737 1589 1793 Thessalonicenses.
1617 1736 1813 1793 Postea

207 1831 561 1904 singularibus
605 1833 858 1903 personis
888 1830 1130 1902 scripsit,
1171 1841 1240 1886 ne
1274 1830 1565 1886 excederet
1591 1831 1812 1886 modum

203 1937 396 1996 septem
424 1925 832 1983 Ecclesiarum.
867 1925 934 1982 Et
977 1925 1030 1980 in
1084 1925 1236 1981 brevi
1268 1925 1596 1980 contrahens
1622 1927 1816 1996 przedi—
1849 1935 1892 1995 Β
1920 1937 2084 1991 super
2133 1921 2420 1977 tribunalia
2472 1925 2749 1982 sedentes.
2834 1969 2848 1984 .

203 2018 458 2073 cationem
503 2035 661 2074 suam
692 2019 760 2074 ad
789 2019 1131 2074 Timotheum
1163 2018 1239 2071 ait
1265 2034 1279 2071 :
1305 2025 1362 2073 ut
1387 2018 1548 2084 scias,
1581 2020 1812 2090 qualiter

205 2109 391 2169 debeas
415 2111 742 2167 conversari
763 2111 816 2165 in
859 2111 1099 2166 Ecl-lesia
1137 2110 1229 2165 Dei
1261 2110 1387 2164 νίιί.
1428 2130 1446 2163 ι

273 2203 444 2258 Prima
476 2203 628 2260 Petri
657 2205 890 2276 Apostoti
923 2203 1159 2275 Epistula
1205 2222 1236 2257 τι
1274 2202 1538 2259 Victorino
1575 2204 1810 2260 laudata.

203 2327 268 2340 —-
290 2299 546 2354 Sanctum
582 2297 926 2354 Victorinum
955 2297 1067 2352 divi
1098 2297 1240 2354 Petri
1269 2297 1565 2367 Epistulam
1588 2301 1812 2368 primam

207 2393 473 2464 agnovisse
498 2401 653 2462 patet
672 2402 728 2444 et
755 2408 822 2446 ex
852 2390 1095 2457 scholiis,
1124 2399 1181 2447 et
1197 2393 1589 2446 commentario
1619 2393 1737 2463 ejus
1762 2394 1816 2448 in

205 2484 554 2556 Apomlysin;
587 2484 666 2536 ait
708 2483 851 2537 enim
884 2483 950 2538 ad
982 2482 1144 2538 verba
1180 2483 1297 2540 hazc
1325 2485 1748 2556 Apocalypseos,
1776 2501 1813 2550 ι,

207 2575 236 2629 6
262 2596 273 2629 :
298 2575 363 2630 Et
394 2580 514 2647 fecit
545 2594 645 2631 nos
671 2593 885 2647 regnum
913 2587 958 2632 et
993 2576 1299 2633 Sacerdotes
1326 2576 1430 2650 (2).
1461 2597 1480 2629 ι
1514 2578 1568 2632 Id
1596 2590 1678 2633 est
1706 2594 1821 2633 om-

206 2672 340 2726 nium
370 2670 624 2728 ﬁdelium
678 2673 1001 2737 Ecclesium,
1036 2675 1174 2728 sicut
1212 2674 1404 2730 Petrus
1433 2690 1646 2746 quoque
1676 2675 1823 2746 Apoc

206 2768 361 2823 stolus
388 2766 520 2821 dicit
547 2767 638 2835 (5)
670 2785 684 2819 :
712 2764 846 2821 Gen:
868 2779 1070 2833 sancta,
1098 2769 1268 2840 regale
1297 2769 1689 2824 Sacerdotium.
1725 2791 1743 2824 ι

271 2863 616 2934 Apocalypsis
632 2861 829 2917 Joanni
851 2863 1193 2933 Evnngelistaz
1209 2863 1398 2918 diserte
1418 2866 1731 2920 attribuitur.
1753 2896 1826 2907 —

209 2954 442 3010 Inlibelli
471 2958 790 3026 fragmento
833 2955 892 3013 S.
928 2956 1211 3023 Victorini,
1237 2957 1306 3012 de
1351 2957 1578 3014 Fabrica
1614 2961 1822 3028 mundi,

206 3051 355 3107 etiam
405 3054 778 3125 Apocalypsis
819 3053 1077 3110 Joanneze
1106 3069 1371 3121 exiiressa
1418 3056 1622 3111 mentio
1664 3056 1827 3112 habe—

209 3152 306 3198 tur.
353 3145 487 3201 Nam
541 3147 804 3215 leguntur
867 3148 925 3201 in
968 3147 1077 3202 line
1125 3147 1282 3217 isrius
1333 3149 1617 3216 fragmenti
1664 3149 1828 3204 verba

209 3238 316 3294 hinc
341 3237 420 3309 (ὁ)
458 3258 472 3295 :
511 3257 530 3291 ι
578 3238 763 3309 Itaque
790 3240 910 3295 sine
937 3240 1101 3294 dubio
1132 3251 1311 3294 autem
1345 3241 1455 3296 diei
1484 3241 1664 3312 angeli
1696 3241 1830 3296 duo-

1915 634 2267 691 accepturum
2328 628 2716 693 receptionem,
2754 626 3040 682 interiectu
3074 630 3378 690 Domitiano
3408 653 3529 692 om-

1915 713 2000 768 nia
2029 714 2146 784 ejus
2168 714 2368 785 judicia
2417 718 2593 772 soluta
2641 728 2788 784 sunt,
2819 732 2866 774 et
2899 720 3158 790 Joannes,
3193 726 3262 781 de
3308 731 3529 785 metallo

1915 806 2192 873 dimissus,
2218 809 2294 862 sic
2319 819 2504 876 postea
2529 810 2749 865 tradidit
2791 814 2927 868 hanc
2952 817 3222 884 eamdem,
3249 835 3410 890 quant
3437 838 3529 879 ac-

1914 911 2133 969 ceperat
2152 917 2182 956 a
2209 902 2316 957 Deo
2343 905 2706 976 Apocalypsin
2768 925 2787 959 ι
2818 905 3025 964 Confer
3053 909 3522 971 Commentarium

1921 994 2177 1050 Victorini
2229 997 2281 1051 in
2341 998 2726 1070 Apocalypsin,
2787 1009 2922 1057 tom.
2981 1019 3059 1059 ιιι.
3114 1004 3251 1062 Bibl.
3308 1009 3527 1068 Patrum

1914 1083 2188 1156 Lugdun.,
2214 1101 2337 1157 pag.
2369 1088 2496 1152 420,
2516 1105 2546 1144 c
2578 1101 2630 1144 et
2655 1108 2707 1147 ϐ.

1989 1175 2250 1234 Numerus
2278 1181 2524 1235 librorum
2557 1182 2748 1241 Veteris
2778 1185 3103 1244 Testameuti.
3132 1214 3203 1231 -ι
3237 1194 3310 1246 De
3344 1195 3530 1252 Veteri

1915 1271 2267 1327 Testamento
2293 1279 2572 1342 sequentia
2606 1279 2842 1334 notanda
2865 1283 3087 1336 veniunt
3115 1285 3255 1354 apud
3285 1297 3532 1342 sanctum

1916 1362 2254 1420 Victorinum
2291 1376 2559 1423 nostrum.
2590 1367 2876 1440 Computa!
2907 1375 3092 1445 riginti
3114 1389 3348 1446 quatuor
3372 1381 3537 1437 Vete-

1915 1457 1988 1511 ris
2007 1457 2536 1516 Testamenti'libros
2570 1461 2699 1517 dum
2749 1467 2824 1518 ait
2854 1467 2980 1538 (l):
3019 1487 3037 1519 ι
3081 1468 3278 1540 Viginti
3302 1485 3536 1540 quatuor

1914 1550 2159 1605 seniores
2209 1551 2394 1621 viginti
2440 1565 2675 1623 quatuor
2707 1556 2827 1610 libri
2860 1571 2987 1612 sunt
3031 1563 3441 1632 prophetarum,
3485 1577 3541 1623 et

1916 1641 2052 1712 legis
2081 1642 2947 1718 referentestcStintoniajudit-ii.
3031 1690 3044 1708 .
3127 1693 3142 1706 .
3221 1672 3351 1713 ams
3377 1674 3541 1714 senas

1918 1734 2227 1788 testimonia
2279 1744 2406 1790 sunt
2437 1734 2650 1791 Veteris
2677 1737 3019 1797 Tcstamenti
3067 1743 3350 1803 librorum.
3414 1723 3544 1806 Ideo

1916 1823 2108 1895 viginti
2134 1835 2190 1881 et
2210 1835 2441 1896 quatuor
2477 1829 2699 1884 tuiidem
2733 1831 2957 1901 faciunt,
2987 1848 3118 1905 quot
3147 1851 3274 1895 sunt
3295 1844 3544 1901 seniores

2933 1969 2948 1985 .
3034 1932 3173 1988 Sunt
3215 1946 3392 1991 autem
3421 1939 3545 1995 libri

1916 2013 2138 2071 Veteris
2161 2015 2523 2084 Testamenti,
2556 2021 2644 2082 qui
2694 2023 3032 2093 accipiuntur
3064 2027 3250 2097 viginti
3290 2042 3543 2101 quatuor,

1917 2125 2054 2179 quos
2101 2110 2154 2165 in
2207 2110 2473 2182 Epitomis
2502 2113 2779 2171 Theodori
2836 2117 3085 2176 invenies
3114 2122 3220 2196 (2).
3255 2145 3274 2176 ι
3341 2125 3546 2183 Eadem

1920 2203 2038 2259 fere
2072 2205 2235 2259 verba
2281 2217 2577 2262 occurrunt
2629 2209 2678 2261 in
2728 2209 3133 2268 Commentario
3166 2215 3451 2282 Victorini.
3491 2221 3545 2276 in

1923 2298 2309 2369 Apocalypsin,
2341 2299 2393 2353 iu
2420 2299 2558 2354 Bibl.
2586 2301 2827 2369 Patrmn,
2849 2303 3049 2376 Lugd.,
3073 2318 3206 2364 tom.
3233 2326 3312 2373 ιιι,
3336 2327 3389 2380 p.
3413 2312 3546 2368 417.

2010 2389 2204 2447 Veteris
2237 2391 2551 2448 Testamenti
2594 2412 2710 2449 cum
2768 2415 2897 2452 novo
2952 2404 3226 2457 connexio.
3253 2435 3323 2447 —
3355 2404 3549 2462 Tradit

1927 2496 2188 2556 prasterea
2217 2497 2438 2542 sanctus
2463 2499 2671 2561 martyr
2719 2502 2772 2546 et
2815 2492 3125 2564 cpisc0pus,
3168 2499 3310 2568 quod
3347 2516 3549 2557 novum

1929 2579 2106 2636 fmdus
2149 2581 2309 2635 fidem
2349 2594 2512 2652 atque
2553 2582 2966 2640 fundamentum
3015 2588 3215 2645 habere
3273 2592 3469 2649 debeat
3497 2593 3554 2652 in

1931 2675 2098 2730 veteri
2132 2675 2356 2739 foedere,
2406 2677 2490 2730 cui
2540 2677 2807 2744 innititur,
2836 2695 2899 2733 ac
2929 2682 3081 2750 quasi
3119 2689 3553 2755 superstrnitur;

1930 2769 2122 2823 scribit
2145 2769 2291 2825 enim
2323 2768 2404 2841 (3)
2441 2792 2453 2826 ;
2491 2788 2511 2822 ι
2540 2769 2650 2827 Nec
2683 2773 2999 2843 prmdicatio
3043 2793 3164 2833 cum
3206 2796 3346 2836 novo
3380 2799 3551 2855 popu-

1933 2861 2040 2915 lum
2078 2861 2445 2917 Christiauum
2490 2864 2758 2932 significat
2805 2876 3115 2925 cantantem
3150 2875 3420 2930 canticum
3455 2892 3554 2934 ηο-

1932 2970 2080 3019 vum,
2111 2955 2163 3009 id
2191 2966 2275 3010 est
2297 2959 2695 3013 coniectionem
2726 2974 2878 3013 suam
2913 2962 3127 3030 publice
3156 2966 3553 3026 conferentem.

1931 3046 2141 3101 Novum
2187 3056 2289 3112 est,
2325 3047 2520 3102 Filium
2569 3050 2660 3104 Dei
2708 3050 2981 3107 hominem
3019 3056 3134 3110 lieri
3171 3074 3184 3110 :
3217 3074 3416 3115 novum
3450 3074 3555 3131 est,

1934 3154 2059 3194 cum
2098 3154 2327 3211 corpore
2379 3141 2429 3193 in
2477 3141 2674 3195 cmlum
2708 3144 3006 3201 ascendere
3039 3163 3054 3200 :
3088 3163 3284 3205 novum
3333 3164 3436 3218 est,
3470 3172 3558 3212 rc-

1937 3232 2248 3288 missionem
2320 3243 2660 3303 peccatorum
2714 3234 3024 3292 hominibus
3072 3240 3204 3297 dare
3257 3262 3271 3295 :
3328 3261 3555 3316 novum,

213 3330 402 3399 decim,
435 3332 624 3387 nouis
660 3333 838 3403 angeli
884 3333 1174 3388 duodecim
1221 3348 1318 3401 pro
1352 3350 1578 3389 numero
1627 3349 1669 3388 St
1687 3334 1835 3389 ilicet
1863 3358 1908 3421 ρ
1939 3334 2129 3381 saneto
2155 3325 2359 3396 Spiritu
2389 3326 2604 3397 signare
2627 3325 2879 3384 homines
2902 3348 2914 3384 :
2937 3348 3136 3388 uorum
3169 3346 3271 3398 est,
3303 3340 3560 3396 sacerdo-

208 3424 454 3481 horarum
478 3442 494 3489 ;
531 3425 592 3480 hi
618 3435 746 3479 sunt
767 3441 1001 3497 namque
1021 3435 1256 3496 quatuor
1278 3426 1467 3497 viginti
1516 3434 1684 3482 testes
1713 3426 1830 3484 die-

210 3534 318 3574 rum
349 3527 404 3574 et
429 3519 703 3582 noctium,
744 3519 834 3588 qui
863 3521 1058 3576 sedent
1088 3531 1215 3574 ante
1241 3521 1496 3575 thronum
1543 3521 1637 3576 Dei
1677 3536 1836 3576 coro«

213 3630 305 3670 tias
333 3630 533 3671 aureas
583 3615 637 3669 in
667 3613 937 3683 capitibus
967 3615 1079 3670 suis
1128 3613 1423 3675 habentes,
1453 3630 1581 3684 quos
1625 3614 1834 3673 Avoca-

213 3707 365 3778 lypsis
392 3706 632 3763 Joannis
658 3709 882 3777 apostoli
929 3719 977 3762 et
1007 3709 1333 3780 euangelista
1358 3710 1583 3762 seniores
1612 3719 1778 3764 vocat.
1808 3730 1827 3764 ι

280 3799 503 3875 Tempus
540 3805 752 3874 scripta:
780 3803 1122 3875 Apocalypsi:
1144 3814 1187 3856 et
1213 3801 1374 3857 locus.
1407 3833 1478 3842 ——
1504 3802 1744 3857 Adnotat
1769 3803 1830 3858 S.

211 3894 542 3964 Victorinus,
562 3898 852 3968 episcOpus
873 3905 928 3952 et
954 3907 1183 3968 martyr,
1209 3894 1359 3951 hisce
1380 3896 1434 3950 in
1452 3895 1678 3950 scholiis
1696 3905 1831 3951 lem-

212 4004 327 4062 pus,
357 4007 467 4063 quo
500 3991 870 4063 Apocalypsis
910 4007 941 4046 a
986 3991 1046 4048 S.
1075 3990 1291 4047 Joanne
1321 3991 1570 4060 apostolo
1610 3999 1828 4046 exnrata

211 4085 323 4153 fuit,
365 4087 496 4143 dum
548 4086 627 4141 ait
683 4087 735 4141 in
776 4101 899 4156 cap.
948 4101 1066 4150 xm,
1115 4086 1182 4142 10
1236 4102 1251 4140 :
1309 4104 1328 4139 ι
1361 4084 1587 4157 lntclligi
1617 4095 1832 4154 Oportet

217 4186 442 4251 tempus,
478 4195 596 4253 quo
627 4180 832 4249 scripta
872 4180 1228 4252 Apocalypsis
1249 4179 1392 4235 edita
1423 4192 1506 4236 est
1531 4198 1544 4233 :
1571 4180 1827 4252 quoniam

217 4280 335 4328 tunc
363 4283 486 4329 erat
512 4272 701 4330 Caesar
727 4275 1064 4329 Domitianus
1085 4290 1100 4338 ;
1123 4282 1251 4329 ante
1275 4274 1424 4328 illum
1446 4286 1628 4328 autem
1655 4274 1831 4330 fuerat

219 4364 362 4421 Titus
392 4367 568 4423 frater
590 4366 766 4430 illius;
820 4374 876 4421 et
901 4365 1286 4437 Vespasianus,
1309 4366 1472 4432 Otho,
1502 4367 1748 4422 Vitellius
1775 4376 1829 4422 ct

221 4458 402 4516 Galba.
426 4463 523 4518 isti
548 4471 678 4517 sunt
698 4462 957 4534 quinque,
977 4462 1066 4532 qui
1085 4462 1414 4529 ceciderunt;
1439 4476 1571 4518 unus
1591 4477 1826 4528 εχει-ΛΤ,

221 4555 313 4608 sub
346 4572 456 4627 quo
503 4556 707 4628 scripta
755 4567 840 4611 est
885 4557 1241 4629 Apocalypsis
1294 4555 1628 4610 Domitianus
1683 4555 1828 4610 scili-

221 4660 303 4704 cet
348 4652 450 4725 (5).
490 4671 510 4705 ›
568 4651 636 4708 Et
688 4653 850 4723 paulo
892 4651 1142 4722 superius
1183 4652 1238 4707 in
1284 4668 1403 4724 cap.
1438 4650 1508 4719 Χ,
1558 4651 1644 4718 ll,
1693 4650 1828 4705 srri-

1943 3418 2072 3474 tium
2119 3419 2365 3490 accipere
2391 3436 2559 3474 sacra:
2590 3419 3005 3485 observationis.
3035 3434 3330 3497 etregnum
3361 3446 3561 3503 expec-

1943 3520 2060 3567 tare
2093 3512 2374 3567 immensa:
2404 3514 2868 3581 repromissionis.
2901 3515 3145 3586 Cithara,
3181 3533 3234 3576 et
3265 3523 3468 3580 chorda
3503 3529 3560 3582 in

1942 3604 2090 3676 ligno
2107 3618 2357 3666 extensa.
2377 3605 2644 3676 significat
2670 3623 2889 3663 carnem
2914 3609 3114 3667 Christi
3134 3616 3398 3683 passionis
3413 3619 3559 3690 ligno

1939 3699 2286 3770 conjunctam
2321 3717 2333 3753 :
2361 3699 2547 3754 Phiala
2562 3701 2986 3772 confessionem,
3020 3717 3073 3760 et
3100 3711 3222 3763 novi
3253 3708 3559 3769 Sacerdotii

1939 3795 2291 3867 propaginem
2327 3813 2341 3850 :
2372 3797 2689 3866 angelorum
2719 3807 2898 3854 autem
2929 3801 3244 3869 multorum,
3286 3805 3399 3858 imo
3440 3823 3560 3862 om-

1937 3889 2087 3944 nium
2148 3890 2284 3956 laus,
2335 3891 2576 3944 omnium
2610 3891 2758 3947 salus
2797 3903 2896 3952 est.
2935 3904 2988 3948 ct
3034 3896 3397 3952 testimonium
3440 3901 3558 3956 uui-

1936 3996 2111 4037 versa:
2136 3983 2429 4037 creatiunis
2458 3984 2686 4039 Domino
2721 3995 2910 4040 nostro
2937 3987 3289 4044 referentiuni
3321 3993 3559 4062 gratula-

1937 4076 2139 4132 tionem
2192 4076 2527 4132 tibcrationis
2580 4077 2857 4133 hominum
2881 4080 2947 4135 de
2976 4081 3131 4136 clade
3162 4085 3374 4138 mortis.
3395 4086 3558 4144 Resi-

1934 4169 2441 4243 gnatiosigillornm
2488 4173 2698 4240 apertio
2729 4181 2811 4228 est
2855 4173 3068 4229 Veteris
3111 4175 3470 4249 Testamenti,
3504 4192 3563 4239 et

1937 4265 2352 4336 praedicatorum
2379 4266 2762 4336 prwnuntiatio
2795 4267 2847 4322 in
2878 4269 3175 4326 novissimo
3199 4285 3443 4346 tempore
3473 4279 3554 4334 fu-

1935 4371 2182 4416 turorum
2214 4358 2315 4433 (4).
2361 4380 2380 4410 ι

2007 4457 2085 4513 De
2114 4457 2244 4512 Jesu
2282 4455 2501 4510 Christo
2532 4454 2760 4511 Domino
2811 4467 2999 4514 nostro
3046 4460 3208 4518 docet
3238 4464 3292 4518 S.
3333 4465 3560 4524 Victori-

1934 4567 2036 4606 nus
2073 4551 2176 4620 (5),
2221 4548 2366 4620 quod
2422 4549 2492 4603 sit
2534 4549 2702 4605 Filius
2758 4552 2848 4607 Dei
2894 4563 3019 4607 ante
3069 4555 3335 4626 uriginem
3371 4563 3558 4618 smculi

1932 4642 2072 4712 apud
2107 4642 2330 4698 Patrem
2357 4644 2593 4714 genitus,
2629 4643 2791 4699 homo
2839 4645 3014 4701 factus
3042 4648 3092 4702 in
3125 4651 3301 4707 anima
3333 4669 3457 4710 vera
3505 4669 3562 4712 et

222 4741 293 4799 bit
319 4746 400 4814 (6)
452 4765 466 4800 :
524 4764 544 4799 ‹
586 4747 698 4802 Hoc
749 4746 880 4802 dicit
936 4757 1238 4819 propterea,
1271 4746 1437 4818 quod.
1466 4745 1683 4817 quando
1710 4744 1827 4800 inec
1856 4769 1906 4830 Β
1932 4751 2129 4830 Came;
2178 4751 2275 4806 pro
2305 4737 2481 4830 salute
2521 4747 2705 4792 nostra
2739 4737 2904 4823 homo
2958 4739 3130 4796 factus
3172 4740 3255 4814 (6)
3293 4764 3306 4800 :
3341 4746 3557 4804 Patrem

221 4837 452 4896 Joannes
469 4839 626 4906 vidit,
649 4850 767 4896 erat
787 4840 840 4896 in
863 4841 1034 4896 insula
1057 4841 1335 4905 Patlnnos,
1366 4845 1417 4895 in
1446 4840 1666 4894 metallo
1681 4837 1833 4893 dam-

230 4941 385 4987 natus
405 4949 436 4988 a
468 4931 785 4988 Domitiano
811 4932 1030 4989 Caesare
1059 4950 1074 4987 :
1109 4932 1179 4989 ibi
1206 4947 1337 5004 ergo
1366 4932 1500 4986 vidit
1526 4928 1836 5001 Apocalyp-

292 5089 366 5165 (l:
404 5089 768 5165 \'_ictorin.,in
800 5093 1042 5148 schol.in
1073 5092 1423 5165 Apocalyps.,
1447 5105 1568 5159 cap.
1594 5106 1653 5157 ιι,
1677 5089 1838 5160 p.55,

225 5147 697 5244 apii-tl__Gallantl._,
745 5147 1327 5244 etnilLCumnientai'.‘
1362 5147 1438 5220 ιίι
1487 5147 1839 5235 A'pocal'yps,

226 5233 526 5318 νηί-15³1»,
563 5251 619 5317 ιε,
661 5235 1124 5318 in_Bi_lil..Patrnm
1149 5237 1397 5318 Lugdnn.

299 5306 376 5374 (2)
420 5306 524 5373 ld.,
565 5307 620 5361 in
667 5306 842 5362 schol.
888 5308 941 5362 in
997 5325 1113 5379 cap.
1170 5327 1184 5364 ι
1237 5306 1440 5379 Ἀρυα,
1474 5324 1526 5374 p.
1559 5307 1649 5367 52.
1693 5324 1742 5370 Β,
1792 5314 1848 5361 et

227 5390 524 5516 ἱιεὲόιιθιιι.
584 5380 640 5433 in
689 5381 887 5449 Apoc.,
940 5396 994 5452 p.
1046 5383 1174 5449 414,
1226 5397 1283 5448 ιι,
1347 5383 1398 5436 in
1445 5379 1584 5436 Bibl.
1634 5391 1843 5451 patrum

331 5521 385 5557 ζ)
412 5523 432 5557 Ι
461 5522 589 5557 Dan-
669 5539 705 5557 ιι
757 5525 770 5557 1

301 5521 432 5661 (5)1
461 5522 638 5588 Petr.,
669 5539 730 5581 ιι.
757 5525 814 5579 'J.

324 5592 710 5682 ἐξηῗιυιοιίιιη
729 5593 1035 5682 Era_gm._de
1057 5599 1284 5655 Fabrica
1310 5597 1517 5682 mundi,
1539 5596 1680 5682 apud
1700 5593 1845 5682 cave

235 5676 290 5731 p.
322 5662 446 5730 N9,
485 5678 542 5722 et
566 5669 712 5737 apud
739 5662 1016 5735 Galland.-,
1041 5687 1098 5726 ιι.
1129 5687 1203 5731 Vl.
1249 5687 1302 5741 p.
1334 5671 1426 5736 51,
1455 5681 1510 5726 et
1539 5662 1644 5726 non
1662 5671 1718 5725 in
1742 5668 1846 5724 hoc

238 5733 528 5794 volumine.

729 5812 908 5869 schol.
949 5813 1002 5870 in
1034 5817 1228 5888 Apoc.,
1257 5831 1312 5886 p.
1353 5816 1440 5882 6t,
1469 5832 1520 5882 c,
1552 5814 1694 5886 apud
1718 5811 1844 5870 Gal-

245 5876 490 5959 ι³¹ἷ⁴ἓεκ⁶ἷί
516 5883 708 5959 illi“
729 5894 904 5952 ιοωον
937 5901 1059 5959 m-

242 5927 493 6023 ("(6)3711
504 5927 718 6022 ,Ἣιέἷᾶξ
730 5927 1059 6030 ’ὖξδῖίἶὸἶν

810 6047 1089 6118 Panda.
1126 6054 1203 6117 ν.

1937 4829 2183 4886 conﬁteri
2231 4829 2660 4901 omnipotentem
2706 4845 2829 4887 esse
2871 4820 3118 4889 'dicintus
3172 4835 3368 4905 (verba
3430 4851 3560 4899 sunt

2044 5017 2096 5086 1)
2122 5015 2226 5078 ld.,
2259 5012 2418 5086 ibid.,
2443 5028 2565 5084 pag.
2602 5014 2691 5086 55.

2044 5017 2096 5086 1)
2122 5017 2226 5078 ld.,
2259 5017 2418 5080 ibid.,
2443 5028 2565 5084 pag.
2602 5017 2691 5069 55.

2018 5017 2105 5161 i2)
2128 5087 2234 5153 ld.,
2257 5085 2427 5161 ibid.,
2461 5100 2593 5161 pag.
2624 5085 2730 5161 56,
2753 5102 2806 5140 Α.
2844 5083 3248 5161 Ιιιιειοιτίιιειιιιηι
3286 5093 3426 5150 sicut
3453 5097 3557 5152 alia

1947 5157 2208 5236 pleraque
2257 5157 2420 5227 hujus
2461 5157 2732 5236 Theodori
2768 5159 3102 5236 inuniuienta
3130 5162 3242 5236 grde
3274 5181 3399 5232 quo,
3431 5170 3558 5234 quid

1954 5228 2048 5289 inhi
2078 5228 2175 5306 pro
2205 5239 2359 5286 certo
2407 5229 2665 5292 referam,
2698 5228 2867 5306 inquit
2915 5230 3232 5306 Gallamlius
3267 5228 3316 5290 ξί,
3348 5228 3468 5292 non,
3518 5257 3560 5306 ι’

1952 5321 2059 5362 non
2084 5301 2263 5359 habeo
2299 5321 2310 5355 :
2354 5317 2478 5356 nam
2508 5317 2615 5370 quo
2649 5301 2826 5354 minus
2853 5303 3103 5357 eumdem
3137 5301 3575 5370 lleracliensem.

1951 5390 2043 5433 aut
2075 5373 2470 5453 Antjctchenum
2511 5373 2663 5428 illum
2704 5388 2826 5428 esse
2863 5373 3148 5441 afﬁrmem,
3188 5380 3326 5433 ratio
3357 5391 3571 5453 tempo-

1953 5466 2072 5505 rum
2105 5446 2433 5517 refragatur.

2025 5519 2108 5594 (5)
2142 5516 2432 5594 Victoria,
2460 5517 2513 5571 in
2541 5516 2717 5594 schol.
2746 5517 2798 5571 in
2831 5517 3178 5594 Apocapag.
3209 5520 3296 5584 55,
3332 5539 3384 5577 υ.
3407 5524 3568 5580 Cuof.

1952 5588 2261 5649 Comment.
2310 5588 2522 5645 Victor.
2573 5588 2627 5644 in
2684 5591 2880 5658 Apoc.,
2908 5606 2962 5660 p.
2993 5588 3122 5654 417,
3151 5607 3203 5650 Α.
3235 5595 3376 5661 apud
3428 5594 3564 5650 Bibl.

1954 5665 2073 5720 Pat.
2097 5662 2294 5732 Lugd.,
2335 5662 2440 5716 loc.
2469 5662 2561 5716 cit.

2022 5736 2102 5807 (4)
2133 5731 2463 5807 ΙιΙ.,ἰιιίᾱ.,ι)
2502 5733 2593 5795 56.
2618 5749 2751 5807 n.5,
2786 5732 2838 5785 in
2863 5731 2966 5788 hoc
2992 5731 3125 5797 vu|.,
3163 5745 3285 5802 pag.
3317 5742 3370 5790 et
3397 5731 3566 5792 com.

1953 5804 2184 5865 metuar.
2220 5808 2274 5861 iu
2305 5806 2502 5873 Apoc.,
2537 5804 2750 5876 p.74”,
2791 5820 2842 5856 ιν.

2028 5880 2107 5946 (5)
2143 5879 2246 5947 ld.,
2278 5877 2437 5941 ibid.,
2469 5875 2645 5948 p.59,
2680 5893 2733 5930 Α.

2029 5949 2106 6024 (6)
2137 5951 2240 6015 1.1..
2277 5949 2434 6016 ibid.,
2466 5965 2519 6021 ρ.
2552 5948 2645 6019 as,
2678 5964 2728 6002 ε.

2925 6043 3002 6111 ll)
