3950 6334
394 391 504 449 299

395 618 520 658 nem
551 600 734 657 seaculi
773 597 916 669 apud
944 597 1160 652 Patrem
1199 597 1459 666 genitum,
1492 594 1763 648 hominem
1795 593 1992 646 factum

393 694 648 748 inanima
679 706 803 747 vera
834 701 887 746 et
909 705 1093 752 carne,
1129 700 1356 758 utraque
1381 686 1596 742 miseria
1629 695 1683 739 et
1707 696 1882 738 morte
1902 683 1996 736 de-

395 788 553 843 victa.
575 795 630 840 et
652 786 703 838 in
734 783 922 848 caelos,
950 798 1071 837 cum
1104 794 1330 852 corpore
1354 795 1381 832 a
1408 779 1564 832 Patre
1586 786 1884 847 receptum,
1913 775 1996 829 cf-

393 879 596 934 fudisse
629 877 887 948 Spiritum
918 883 1179 938 sanctum,
1231 873 1431 928 donum
1459 881 1514 927 et
1546 871 1735 942 pignus
1777 871 1998 924 immor-

393 971 630 1026 talitatis.
661 991 678 1024 ι

471 1064 683 1134 Septem
731 1067 866 1119 dona
908 1063 1137 1133 Spiritus
1178 1048 1365 1116 sancti.
1389 1089 1461 1101 —
1489 1060 1548 1115 In
1581 1058 1882 1129 fragmento
1931 1056 2000 1111 de

396 1156 620 1212 Fabrica
652 1157 858 1217 mundi.
901 1156 968 1210 de
1013 1163 1221 1226 septem
1270 1154 1427 1208 donis
1470 1151 1702 1221 Spiritus
1747 1149 1916 1204 sancti
1945 1150 1999 1203 in

395 1252 540 1305 hunc
567 1249 789 1305 modum
820 1249 1038 1304 disserit
1069 1249 1146 1319 (9.)
1185 1265 1198 1302 :
1242 1266 1260 1298 ι
1299 1246 1364 1300 Hi
1396 1255 1602 1315 septem
1636 1244 1870 1314 Spiritus
1898 1257 1997 1296 no-

396 1343 540 1398 mina
571 1352 696 1396 sunt
723 1356 910 1395 eorum
962 1340 1215 1410 Spiritus,
1262 1339 1353 1408 qui
1397 1352 1558 1406 supra
1604 1335 1874 1390 Christum
1905 1332 2000 1388 Dei

396 1435 778 1505 requieverunt
805 1432 1011 1502 (Isaiae,
1045 1432 1141 1497 XI).
1177 1430 1461 1486 Summum
1511 1443 1640 1497 ergo
1692 1425 1886 1481 caelum
1916 1438 2001 1476 sa-

398 1528 652 1598 pientiae,
708 1526 1003 1582 secundum
1059 1523 1410 1584 intellectus,
1477 1521 1690 1574 tertimn
1751 1515 1997 1582 consilii,

393 1631 646 1690 quartum
677 1619 912 1681 virtutis,
946 1617 1191 1686 quintum
1222 1613 1487 1675 scientim,
1523 1619 1732 1666 sextum
1761 1607 1999 1678 pietatis,

394 1712 684 1780 septimum
715 1709 924 1764 timoris
951 1709 1065 1762 Dei.
1092 1707 1204 1760 Hoc
1228 1706 1389 1775 igitur
1417 1705 1643 1758 verbum
1669 1717 1792 1755 cum
1825 1700 2001 1752 lucem

394 1804 541 1870 fecit,
571 1802 831 1872 sapientia
868 1809 1126 1862 vocatur;
1172 1814 1292 1852 cum
1342 1798 1563 1862 caelum,
1619 1795 1930 1849 intellectus
1985 1810 1998 1845 :

1207 386 1298 443 DE
1337 387 1394 444 S.
1435 381 1805 442 VICTORINO
1843 381 1950 438 ΕΡ.
1991 378 2082 436 ΕΤ
2120 377 2334 436 MART.
2366 374 2904 435 PROLEGOMENA.

391 512 451 567 S.
478 508 762 580 Victorini)
793 506 873 582 (1)
893 513 946 561 et
966 504 1125 576 hujus
1153 503 1348 559 Filium
1361 504 1630 560 Christum
1653 520 1671 552 ‹
1691 509 1816 556 ante
1832 499 1994 570 origi-
2021 499 2075 560 Α

3599 371 3707 430 ’500

2176 497 2439 552 Editiones
2491 515 2702 566 operum
2749 495 2810 550 S.
2878 491 3134 546 Victorini
3192 488 3595 545 Pctavion‘ensis.
3634 518 3712 528 ——

2101 589 2412 644 Tractatum
2428 591 2599 643 sancti
2617 587 2905 653 Victorini,
2930 586 2998 640 de
3012 584 3238 640 Fabrica
3268 581 3476 646 mundi,
3502 581 3712 651 primus

2101 683 2271 739 edidit
2297 684 2526 746 Caveus,
2546 691 2679 736 tom.
2701 698 2715 734 ι
2736 680 2870 735 Hist.
2896 679 3062 734 litter.
3088 677 3156 733 de
3177 678 3440 748 Scriptor.
3469 675 3710 742 Eceles.,

2103 792 2223 847 pag.
2257 775 2383 841 103,
2416 774 2668 840 Londini,
2704 775 2756 828 in
2795 772 2910 836 iol.,
2947 773 3108 838 i689,
3137 785 3388 826 recusum
3419 785 3540 824 cum
3571 785 3714 824 non-

2103 868 2266 921 nullis
2295 868 2436 921 notis
2464 865 2670 921 criticis
2695 866 2766 920 cl.
2796 863 3063 930 Walkeri,
3096 864 3312 929 Oxonii,
3337 862 3501 924 1740,
3525 873 3580 916 et
3611 861 3716 915 Bac

2103 961 2267 1026 silete,
2320 960 2481 1024 1741,
2515 976 2546 1014 a
2593 975 2714 1030 pag.
2764 959 3070 1022 148—151,
3106 959 3156 1012 in
3187 957 3420 1012 Historia
3451 956 3717 1030 litteraria

2102 1050 2286 1106 Cavei.
2334 1051 2510 1120 Atque
2539 1053 2676 1106 hanc
2707 1060 3038 1120 postremam
3074 1052 3123 1104 in
3155 1049 3464 1104 recudendo
3493 1049 3593 1102 hoc
3625 1047 3720 1102 Vi-

2102 1143 2298 1197 ctorini
2333 1142 2634 1213 fragmento
2662 1152 2881 1198 secutus
2927 1155 3009 1198 est
3059 1143 3350 1198 editionem
3397 1141 3720 1197 Gallandius

2101 1237 2154 1290 in
2181 1236 2518 1292 Bibliotheca
2547 1247 2790 1292 velerqu
2821 1237 3060 1300 Patrum,
3097 1246 3229 1289 tom.
3280 1253 3351 1299 iv,
3388 1252 3438 1303 p.
3472 1234 3717 1298 ιον-52,

2103 1345 2262 1398 quam
2298 1346 2449 1384 more
2481 1346 2580 1385 suo
2607 1331 2658 1384 in
2690 1328 2896 1400 aliquot
2923 1330 3191 1384 sectiones
3223 1329 3423 1396 divisit,
3459 1329 3719 1397 auxitque

2109 1422 2379 1476 nonnullis
2404 1422 2900 1477 observationibus.

2180 1513 2392 1568 Scholia
2444 1514 2506 1570 S.
2553 1513 2803 1569 Victorini
2842 1515 3227 1571 Petavionensis
3254 1517 3306 1571 in
3338 1517 3719 1588 Apocalypsin,

2109 1612 2384 1677 Bon0nitc,
2444 1612 2584 1674 in-8,
2634 1628 2662 1664 a
2713 1613 2911 1668 Basilio
2959 1614 3217 1675 Millanio.
3277 1616 3438 1679 1558,
3487 1618 3724 1685 primum

2107 1706 2268 1770 edita,
2321 1717 2375 1760 et
2422 1722 2450 1760 a
2483 1706 2766 1762 Gallandio
2809 1714 2863 1761 in
2912 1707 3302 1763 Bibliothecam
3340 1719 3581 1764 veterum
3619 1711 3728 1763 Pa-

2109 1808 2246 1852 trum
2295 1809 2511 1868 recepta
2558 1797 2731 1863 fuere,
2780 1801 2886 1853 vol.
2920 1817 2990 1866 iv,
3027 1817 3146 1872 pag.
3178 1801 3415 1858 52—64.
3463 1801 3729 1873 Analysin

390 1911 514 1951 cum
543 1905 744 1949 terram
783 1900 839 1948 et
882 1908 1050 1958 mare,
1104 1889 1389 1944 consilium
1424 1907 1436 1942 :
1468 1904 1590 1942 cum
1641 1888 1809 1941 solem
1840 1895 1893 1938 et
1928 1884 2006 1936 lu-
2035 1899 2082 1958 Β
2113 1889 2305 1945 horum
2369 1891 2598 1946 duorum
2672 1894 3056 1962 opusculorum
3130 1896 3352 1950 exhibe,
3419 1895 3730 1950 iudufessus

395 2005 540 2057 nam,
567 1997 892 2058 cat-temque,
924 1986 1072 2041 clara
1100 1986 1271 2038 virtus
1297 2001 1312 2048 ;
1340 1994 1498 2038 terra:
1521 1998 1586 2037 ac
1612 1983 1779 2036 maris
1807 1980 2010 2035 excitat

392 2082 651 2148 scientia;
703 2097 828 2136 cum
869 2081 1143 2134 hominem
1189 2079 1359 2139 tinxit,
1411 2078 1585 2147 pietas
1626 2094 1640 2128 :
1684 2091 1806 2130 cum
1838 2073 2010 2128 homi-

397 2192 520 2232 nem
541 2174 905 2238 benedixit,ac
919 2172 1246 2235 sanctiﬁcat,
1269 2173 1430 2224 timor
1455 2171 1548 2224 Dei
1573 2183 1768 2223 nomen
1791 2169 1969 2222 habet.
1985 2187 2003 2218 ι

465 2272 732 2342 Jejitnium
779 2270 832 2322 in
881 2267 1186 2321 Parasceve.
1239 2265 1354 2320 Dici
1408 2265 1691 2318 Dominij
1738 2263 2010 2317 celebratio

397 2365 782 2435 Sabbatumquc
842 2363 894 2415 in
955 2361 1278 2414 Dominicam
1330 2370 1606 2413 mutatum.
1657 2389 1727 2398 ——-
1773 2356 2012 2412 Meminit

396 2459 559 2513 etiam
591 2465 812 2510 sanctus
844 2453 1155 2508 Victorinus
1186 2452 1570 2508 celebrationis
1617 2451 1924 2513 dominicae,
1957 2461 2013 2503 et

395 2551 588 2606 mutati
616 2547 824 2603 sabbati
855 2547 907 2600 in
941 2547 1268 2600 dominicam
1289 2589 1303 2610 ,
1337 2545 1462 2598 dum
1502 2548 1572 2598 ita
1615 2545 1854 2613 loquitur
1884 2541 1959 2614 (3)
1993 2560 2007 2594 :

406 2665 424 2697 ι
463 2645 528 2698 Et
556 2651 614 2696 ut
638 2657 704 2696 ex
727 2655 789 2696 ea
819 2655 877 2694 re
903 2639 1120 2708 longius
1151 2652 1401 2692 enarrem
1435 2655 1446 2688 :
1478 2637 1621 2690 Ecce
1642 2646 1872 2706 quatuor
1899 2632 2014 2688 ani-

399 2736 561 2791 malia
582 2745 708 2788 ante
739 2735 990 2787 thronum
1026 2731 1142 2795 Dei,
1172 2741 1406 2800 quatuor
1437 2729 1756 2799 Evangelia,
1785 2738 2014 2798 quatuor

400 2831 621 2886 ﬂumina
664 2829 716 2882 in
766 2825 1016 2897 paradiso
1062 2823 1305 2889 liuentia,
1355 2834 1585 2893 quatuor
1630 2822 2014 2892 generationes

400 2925 724 2996 populorum
755 2923 823 2976 ab
868 2920 1039 2975 Adam
1089 2935 1260 2988 usque
1285 2918 1351 2970 ad
1378 2916 1512 2981 Noe,
1548 2933 1575 2968 a
1606 2915 1720 2970 Noe
1753 2931 1923 2984 usque
1948 2913 2016 2967 ad

401 3016 701 3082 Abraham,
754 3015 821 3069 ab
868 3012 1139 3067 Abraham
1171 3027 1340 3079 usque
1372 3009 1438 3062 ad
1467 3009 1709 3080 Moysen,
1759 3024 1788 3061 a
1834 3008 2018 3078 Moyse

402 3125 576 3181 usque
599 3108 666 3162 ad
693 3107 971 3160 Christum
996 3105 1284 3158 Dominum
1307 3102 1500 3155 Filium
1535 3102 1626 3154 Dei
1657 3118 1669 3153 :
1704 3100 1799 3154 Die
1829 3100 2018 3169 quinto

402 3213 549 3257 terra
573 3211 626 3255 et
648 3215 782 3270 aqua
818 3198 981 3254 ftBtuS
1013 3211 1142 3252 suos
1171 3195 1482 3250 ediderunt.
1521 3195 1614 3248 Die
1647 3203 1808 3249 sexto
1836 3207 2017 3247 creata

2111 1984 2172 2038 P.
2224 1985 2538 2041 Dominicus
2591 1986 2985 2052 Schrannnius,
3037 1997 3170 2043 tom.
3225 2006 3346 2058 vni,
3402 2006 3433 2044 a
3488 2005 3610 2061 pag.
3658 1988 3733 2045 24

2115 2075 2280 2132 -56.

2185 2171 2591 2228 Commentarius
2636 2175 2701 2231 S.
2760 2175 3006 2231 Victorini
3048 2178 3103 2230 in
3148 2177 3518 2249 Apocalypsin,
3577 2178 3735 2248 cujus

2114 2268 2409 2323 editionem
2452 2271 2682 2339 primam
2737 2271 3018 2342 hucusque
3074 2273 3264 2341 ignoro
3291 2273 3398 2345 (ita
3429 2273 3618 2327 scribit
3658 2273 3731 2327 cl.

2116 2362 2239 2415 Alli.
2270 2360 2573 2427 Fabi-iens,
2607 2361 2742 2416 Bibl.
2780 2364 2913 2416 med.
2950 2376 2995 2417 et
3028 2365 3218 2432 inﬁnite
3263 2364 3556 2429 latinitatis,
3593 2374 3734 2419 tom.

2118 2471 2193 2519 vx,
2225 2457 2326 2512 lib.
2368 2457 2460 2520 20,
2512 2474 2632 2528 pag.
2677 2457 2807 2522 295,
2852 2459 2984 2514 edit.
3034 2459 3225 2520 Mausi.
3281 2459 3443 2526 1755,
3501 2459 3735 2528 Patavii,

2116 2548 2272 2614 in-i)
2303 2549 2480 2603 illatus
2526 2561 2610 2605 est
2652 2561 2837 2620 postea
2872 2552 2924 2604 in
2956 2552 3318 2607 Bibliothecas
3349 2562 3581 2620 patrum,
3634 2550 3740 2604 Pa-

2119 2645 2435 2710 risiensem,
2495 2645 2562 2698 de
2622 2661 2764 2699 anno
2796 2644 2954 2708 1644,
3004 2661 3034 2699 a
3065 2661 3183 2715 pag.
3213 2644 3316 2700 507
3343 2687 3357 2710 ,
3389 2654 3522 2699 tom.
3552 2661 3568 2698 ι
3595 2644 3741 2715 Lug—

2119 2737 2441 2802 dunensem,
2469 2753 2590 2808 pag.
2626 2738 2734 2792 M4
2764 2769 2836 2777 —
2866 2738 2995 2798 421,
3047 2749 3177 2792 tom.
3212 2755 3289 2792 Ill.

2190 2829 2440 2883 Carmina
2468 2829 2596 2891 duo,
2625 2831 2689 2883 de
2713 2830 2841 2884 Jesu
2864 2830 3088 2896 Christo,
3119 2830 3222 2885 Deo
3245 2843 3291 2885 ct
3317 2832 3520 2886 nomine
3544 2847 3739 2896 unum,

2119 2924 2347 2975 alterunt
2395 2921 2462 2976 de
2508 2921 2735 2984 l’asc/ia,
2783 2938 2876 2977 seu
2923 2923 3121 2992 lignum
3154 2925 3277 2978 vita:
3306 2925 3648 2994 inscriptum,
3684 2926 3740 2978 in

2122 3014 2362 3084 Gregorii
2394 3014 2622 3070 Fabricii
2654 3027 2930 3084 poetarum
2958 3026 3202 3071 veterum
3245 3018 3742 3073 ecclesiasticorum

2124 3110 2377 3176 operibus
2403 3108 2735 3169 cltriStianis,
2774 3126 2892 3179 pag.
2923 3111 3048 3173 76!,
3082 3113 3344 3180 impressa
3374 3112 3664 3166 habentur.

2198 3201 2277 3254 Ad
2306 3201 2420 3254 hzec
2451 3199 2579 3255 falsa
2607 3201 2887 3256 Victorino
2916 3203 3187 3272 adscripta
3222 3205 3478 3273 opuscula
3507 3207 3745 3273 pertinet

404 3303 550 3360 sunt,
582 3308 702 3363 qua:
733 3291 992 3352 deerant,
1025 3303 1086 3342 ac
1137 3288 1215 3340 sic
1265 3288 1404 3340 Deus
1450 3286 1726 3340 hominem
1758 3286 1825 3340 de
1855 3285 2018 3338 humo
2048 3289 2090 3351 C
2128 3293 2294 3346 editio
2329 3293 2464 3346 facta
2497 3293 2687 3348 Gtttlltt!
2719 3296 2818 3348 Sub
2849 3298 2998 3365 prelo
3051 3296 3286 3368 Heyher.
3336 3315 3391 3368 p.
3439 3297 3526 3352 Jo.
3575 3298 3742 3355 Mieb.

407 3388 686 3450 instruxit,
723 3385 1010 3439 Dominum
1044 3381 1284 3434 omnium
1330 3395 1532 3443 rerum,
1569 3396 1689 3449 quat.
1718 3395 1882 3449 super
1909 3389 2018 3434 ter-

406 3497 548 3544 ram,
599 3488 652 3533 et
697 3493 860 3547 super
904 3490 1096 3544 aquam
1128 3474 1328 3527 ereavit
1364 3487 1374 3523 :
1411 3473 1554 3541 prius
1587 3483 1764 3526 tamen
1797 3473 2022 3541 angelos

407 3579 568 3642 atque
596 3567 950 3638 archangelos
979 3566 1203 3621 creavit.
1241 3564 1337 3619 llic
1361 3563 1479 3618 dies
1521 3577 1706 3619 sextus
1741 3563 2023 3619 Parasceve

407 3663 732 3734 appellatur,
786 3662 1108 3730 prin-paratio
1159 3660 1365 3714 scilicet
1395 3659 1566 3729 regni.
1602 3658 1807 3715 idcirco
1839 3673 2020 3715 autem

411 3755 562 3824 prius
588 3768 748 3822 opera
783 3767 879 3805 sua
903 3753 1318 3816 consummavit,
1348 3768 1507 3818 quam
1538 3754 1758 3822 angelos
1789 3765 2018 3818 crearet,

409 3857 464 3904 et
494 3848 769 3901 hominem
801 3844 1105 3909 fabricavit,
1149 3859 1215 3896 ne
1257 3843 1391 3898 forte
1440 3845 1715 3912 adjutores
1757 3863 1816 3901 se
1855 3846 2023 3902 fuisse

419 3940 552 3994 falsa
583 3938 824 3993 dictione
857 3945 1264 3990 asscvcrarent.
1297 3935 1412 3990 Hoc
1441 3954 1655 4007 quoque
1686 3940 1772 3994 die
1802 3943 1863 3994 ob
1894 3941 2026 3995 Pas-

418 4034 616 4088 sionem
640 4031 852 4085 Domini
879 4027 950 4082 Ν.
983 4027 1108 4081 Jesu
1137 4026 1348 4094 Christi,
1367 4040 1453 4081 aut
1484 4032 1752 4085 stationem
1777 4034 1905 4100 Deo,
1935 4046 2024 4089 aut

405 4127 664 4199 jejunium
701 4129 940 4195 faeimus.
995 4122 1090 4175 Die
1120 4122 1349 4191 septimo
1382 4125 1651 4192 requievit
1677 4125 1744 4177 ab
1774 4127 2024 4180 oniuibus

416 4219 678 4294 operibus
702 4217 833 4282 suis,
865 4225 916 4269 et
945 4215 1220 4268 benedixit
1267 4230 1413 4277 eum,
1445 4223 1498 4268 ct
1525 4217 1911 4284 sanetiticavit;
1942 4220 2021 4273 id~

417 4315 584 4378 circo,
617 4322 676 4367 ut
701 4313 789 4366 die
815 4309 1093 4363 Dominico
1120 4324 1239 4362 cum
1274 4309 1564 4376 gratiarum
1600 4312 1813 4366 actione
1837 4314 1902 4366 ad
1937 4331 2026 4382 pa-

424 4424 545 4463 nem
573 4419 851 4470 exeamus,
902 4414 954 4458 et
999 4418 1105 4457 non
1131 4419 1250 4456 cum
1279 4403 1480 4457 Judaeis
1521 4405 1807 4459 sabbatum
1837 4408 2025 4462 obser-

419 4517 550 4557 vare
587 4499 886 4562 videamur,
936 4498 1059 4567 quia
1108 4498 1220 4566 ipse
1266 4497 1524 4552 Dominus
1556 4511 1639 4553 est
1669 4501 1899 4569 sabbati,
1936 4504 2030 4556 l‘a-

422 4609 644 4650 rasceve
691 4594 930 4649 Solemus
981 4606 1289 4659 supponere
1334 4603 1386 4645 et
1429 4592 1734 4648 sabbatum.
1784 4595 2032 4651 Christus

2129 3384 2443 3454 Schallium,
2482 3385 2644 3450 1652,
2678 3387 2813 3441 iit-8.
2845 3389 3054 3442 Sancta:
3087 3389 3330 3459 reliquite
3354 3391 3516 3444 duum
3555 3391 3746 3445 Victo-

2130 3481 2394 3544 rinorinn,
2427 3479 2774 3546 pictaviensis
2806 3498 2944 3535 unus
2972 3483 3209 3552 episeopi
3237 3485 3508 3554 martyris.
3540 3485 3637 3537 al'ri
3665 3485 3748 3538 al-

2131 3572 2296 3624 terius
2323 3572 2434 3625 (Iaii
2463 3571 2637 3633 Marii,
2673 3576 2910 3628 rhetoris
2943 3577 3172 3643 primum
3205 3577 3411 3630 romani
3463 3586 3516 3630 et
3544 3593 3746 3630 consu-

2130 3665 2259 3718 laris
2308 3665 2406 3717 viri
2453 3664 2741 3718 clarissimi
2793 3669 3079 3733 conversi,
3135 3668 3330 3722 deinde
3382 3669 3742 3738 disputatoris

2130 3757 2491 3823 subtilissimi,
2525 3757 2628 3811 huc
2658 3769 2739 3813 est
2785 3760 3076 3814 chriStiana
3110 3763 3430 3817 eormndem
3462 3765 3514 3816 in
3550 3777 3746 3831 prorsa

2133 3851 2226 3918 (sit
2276 3851 2406 3905 vitio
2458 3864 2570 3921 lyp.
2619 3851 2904 3922 excusant)
2939 3865 2992 3908 et
3022 3871 3176 3909 versa
3207 3858 3455 3911 oratione
3501 3859 3746 3926 scripta:

2130 3943 2282 3998 Illius
2312 3944 2532 4012 quidem
2563 3949 2986 4002 conuueatarius
3020 3949 3069 4000 in
3099 3949 3468 4020 Apocalypsin
3496 3948 3746 4016 Joannis,

2131 4047 2185 4090 ct
2217 4036 2312 4090 tria
2337 4039 2741 4107 elegantissima
2775 4039 2842 4094 de
2869 4039 2998 4094 Jesu
3032 4040 3249 4097 Christo
3279 4042 3391 4097 Deo
3418 4053 3471 4097 et
3503 4042 3750 4110 homine,

2133 4129 2358 4198 ejusque
2394 4130 2597 4183 Pascha
2631 4145 2724 4184 seu
2754 4147 2934 4193 cruce,
2963 4149 3062 4186 iii-ec
3095 4150 3198 4186 non
3223 4133 3290 4188 de
3309 4146 3514 4201 septem
3539 4146 3751 4206 marty-

2133 4226 2282 4277 ribus
2331 4225 2586 4278 iratribus
2633 4225 3011 4291 Macchaba'is,
3071 4229 3306 4282 carmina
3346 4247 3357 4280 :
3395 4227 3594 4296 hujus.
3638 4239 3749 4284 etc.

2133 4320 2324 4373 Omnia
2373 4330 2424 4372 et
2479 4320 2682 4386 singula
2733 4336 2853 4374 cum
2885 4323 3026 4375 notis
3080 4331 3135 4376 ct
3185 4321 3497 4389 praefatione
3535 4322 3599 4376 D.
3635 4322 3755 4378 An-

2136 4412 2280 4465 drcat
2306 4412 2481 4465 liivini
2513 4411 2690 4483 (Prol.
2721 4412 2920 4484 Lips.),
2955 4415 3044 4483 qui
3075 4414 3188 4467 suis
3221 4414 3526 4484 sumptibus
3553 4415 3752 4470 excudi

2139 4505 2285 4560 fecit.

2212 4597 2288 4650 De
2314 4599 2432 4650 riris
2467 4598 2760 4654 Victorinis.
2788 4633 2854 4640 —
2878 4601 2981 4656 Pro
3000 4601 3272 4658 Coronide
3300 4603 3388 4657 hic
3405 4604 3753 4662 animadver-

423 4688 583 4758 igitur
611 4685 895 4741 sabbatum
930 4698 1162 4751 corpore
1193 4697 1290 4735 suo
1332 4683 1574 4738 resolvit.
1629 4685 1788 4741 Jcsus
1818 4677 2034 4759 quoque
2064 4686 2115 4747 1)
2147 4690 2389 4754 tendutn,
2449 4693 2500 4744 ‘l"
2537 4694 2675 4760 quod
2709 4694 3108 4749 eruditissimus
3160 4696 3432 4751 Laimoius
3482 4699 3532 4751 in
3583 4700 3753 4754 altera

421 4781 568 4836 Nave
610 4790 662 4833 et
690 4780 806 4848 ipse
853 4776 1136 4830 sabbatum
1193 4776 1452 4840 resolvit;
1505 4778 1593 4832 die
1637 4782 1779 4833 enim
1827 4783 2034 4836 sabbati

425 4874 685 4946 praecepit
713 4872 835 4925 filiis
860 4870 1044 4935 Israel,
1082 4879 1137 4922 ut
1167 4885 1352 4923 muros
1379 4871 1616 4925 civitatis
1647 4872 1865 4927 Jcricho
1899 4877 2032 4930 tuhi-

427 4968 641 5023 ciuibus
667 4964 1034 5026 circumirent,
1067 4973 1119 5016 ct
1151 4963 1349 5016 bellum
1396 4965 1680 5031 Allaphilis
1712 4969 2034 5024 indicarent.

428 5061 754 5117 Mathathias
802 5069 980 5112 autem
1013 5058 1262 5126 princeps
1289 5056 1426 5112 Juda
1456 5059 1736 5116 sabbatum
1781 5065 2034 5128 νεςιιινξις

429 5171 550 5209 nam
586 5152 896 5223 praefectum
929 5149 1135 5220 antiqui
1168 5150 1312 5219 regis
1340 5150 1513 5221 Syrite
1563 5153 1787 5209 sabbato
1815 5158 2032 5224 occidit,

429 5260 483 5304 et
514 5247 818 5319 Allophilos
852 5262 944 5299 sua
979 5246 1357 5313 persecutione
1388 5245 1636 5314 subjecit.
1698 5249 2041 5323 Quapropter

431 5358 617 5398 verum
666 5339 794 5396 illud
842 5339 1122 5393 sabbatum
1169 5348 1378 5410 septem
1427 5339 1593 5396 millia
1644 5347 1790 5410 anni,
1838 5347 1889 5400 in
1934 5363 2043 5416 quo

429 5437 677 5492 Christus
695 5449 816 5490 cum
837 5434 1022 5489 electis
1044 5433 1155 5487 suis
1179 5443 1498 5499 regnaturus
1521 5444 1622 5489 est.
1657 5457 1674 5487 ι

507 5617 588 5692 (1)
613 5615 916 5692 Ἥριοισῖιχ,
943 5613 1208 5692 in__Scltol.
1244 5613 1296 5666 in
1343 5616 1508 5692 Apoc.
1535 5656 1548 5680 ,
1579 5632 1629 5685 p.
1667 5619 1754 5677 5'53.
1793 5620 1848 5674 Ι).
1880 5621 2040 5676 Colit.

431 5686 666 5745 Coiuin..
699 5705 749 5756 p.
790 5689 887 5740 HT
922 5686 1310 5759 etilqmment.
1342 5686 1393 5740 in
1426 5690 1618 5756 Apuc.,
1649 5707 1699 5759 p.
1739 5693 1839 5754 fill,
1874 5698 1938 5746 Λ,

509 5760 588 5836 (2)
624 5760 907 5836 Victoriq,
955 5757 1023 5836 de
1056 5756 1279 5836 F_ahriea
1313 5761 1518 5825 mundi,
1575 5779 1626 5816 n.
1650 5756 1785 5818 'ii'et
1810 5766 1864 5834 ϐ,
1898 5766 2042 5836 apud

436 5829 679 5887 Galland.
717 5847 768 5898 p.
800 5831 886 5887 50.
924 5839 978 5881 et
1007 5829 1058 5880 in
1091 5829 1192 5882 hoc
1213 5838 1379 5881 tomo.

513 5903 588 5972 (δ)
621 5901 723 5967 ιιι..
753 5901 906 5966 ibid.,
936 5916 988 5970 ρ.
1017 5900 1109 5964 to,
1142 5916 1194 5952 ιι.
1220 5902 1253 5952 2
1278 5910 1332 5955 et
1361 5902 1412 5955 δ.

2147 4783 2357 4834 minore
2389 4781 2767 4840 dissertatione
2808 4791 3212 4842 annotctetiain
3248 4788 3365 4862 (l);
3416 4791 3515 4844 sub
3560 4792 3753 4846 eodem

2147 4875 2363 4928 nomine
2386 4875 2619 4948 (scilicet
2653 4881 2940 4952 Victorini)
2968 4885 3472 4954 quinqui-diversos
3503 4899 3756 4942 auctores

2143 4969 2426 5037 insignitus
2488 4969 2687 5037 fuisse;
2757 4992 2981 5043 quorum
3047 4978 3253 5046 primus
3304 4989 3426 5045 est,
3483 4980 3757 5046 Opinionis

2145 5060 2364 5115 Praxete
2393 5074 2651 5129 assertor,
2683 5068 2835 5134 cuius
2858 5072 3104 5124 meminit
3130 5072 3499 5128 'l‘artnllianus
3524 5072 3639 5146 (9.);
3666 5090 3755 5129 se-

2143 5157 2350 5210 cundus
2385 5174 2511 5212 vero
2543 5162 2664 5220 iste,
2701 5161 2765 5215 de
2796 5179 2904 5233 quo
2938 5166 3212 5233 burnsipie
3241 5176 3418 5220 actum
3452 5186 3464 5221 :
3499 5183 3759 5222 romanus

2144 5250 2361 5318 quidam
2392 5253 2594 5318 rhetor,
2621 5256 2687 5310 (lc
2713 5273 2818 5326 quo
2849 5259 3178 5320 Augustinus
3208 5259 3306 5331 (5),
3347 5261 3538 5315 tertius
3570 5279 3759 5317 nume-

2145 5351 2295 5395 ratur
2316 5357 2563 5414 :quartus
2582 5361 2758 5401 autem
2793 5352 2888 5409 fuit
2914 5351 3002 5403 ille
3032 5350 3403 5416 maSsiliensis,
3431 5354 3588 5421 cujus
3611 5371 3761 5410 mene

2147 5435 2349 5490 tionem
2405 5438 2530 5493 facit
2584 5440 2892 5496 Gennadius
3102 5444 3335 5499 Ultimus
3375 5447 3593 5501 tandem
3647 5449 3760 5503 sive

2230 5553 2307 5630 (1)
2333 5554 2564 5630 gannnii
2594 5573 2745 5627 opp.,
2779 5570 2908 5612 tom.
2943 5577 2999 5616 n.
3035 5578 3085 5623 p.
3118 5560 3242 5620 933,
3275 5573 3327 5614 et
3355 5575 3472 5630 seq.

2225 5625 2305 5704 (εἰ)
2333 5625 2678 5704 Tertullith
2711 5632 2774 5682 de
2811 5630 3108 5700 Prwscript.
3150 5625 3562 5704 Ila'i'etic.,cap.
3595 5636 3687 5692 55.

2224 5700 2304 5758 (ὅ)
2336 5702 2581 5768 August”
2613 5703 2708 5764 με).
2734 5718 2846 5762 vnt,
2881 5704 3102 5770 συνῄει,
3135 5718 3254 5771 cap.
3281 5704 3337 5756 ‘2.

2225 5771 2595 5893 (δίμῖρηηειιι.ἶ
2620 5773 2685 5825 de
2701 5775 2879 5844 script.
2901 5777 3247 5856 cccl_es...cap.
3275 5775 3547 5857 6Q..Conf.
3567 5779 3756 5834 Sidon.

2225 5860 2253 5893 ι.
2305 5841 2376 5893 Ib.
2406 5858 2462 5893 ν.
2497 5842 2671 5893 Ernst-
2705 5843 2796 5893 21.
2834 5844 3039 5893 Flortm
3069 5845 3158 5893 hic.
3181 5847 3536 5893 Inaesilieneie
3586 5851 3756 5893 imlim

2153 5841 2253 5920 Ep.
2283 5841 2376 5895 lib.
2406 5858 2462 5908 v,
2497 5842 2671 5920 Epist.
2705 5841 2813 5900 2L
2833 5844 3039 5901 Floruit
3069 5845 3158 5902 hic
3180 5841 3558 5917 litassiliensis,
3579 5851 3759 5920 judice

2149 5912 2352 5981 (lavet),
2388 5929 2528 5969 anno
2555 5915 2684 5972 434.
