3950 6356
377 360 486 419 505

1589 364 1645 419 S.
1697 351 2042 420 VICTORINI
2079 356 2433 416 M;\li'l‘YlilS

3597 368 3702 427 504

371 478 616 534 coelestia
647 485 702 533 et
746 476 1025 533 terrestria
1068 485 1354 548 reguntur,
1405 478 1652 547 principii
1707 478 1828 532 loco
1849 520 1863 544 ,
1907 476 1976 532 de
2006 477 2054 536 A
2083 489 2272 527 namus
2294 482 2342 537 ε,
2364 470 2581 540 usquell
2607 471 2673 527 ad
2697 484 3000 543 vesperam,
3028 482 3121 530 aut
3145 480 3510 549 superpositio
3529 497 3701 553 usque

371 570 476 625 hac
502 571 788 641 septimam
814 570 882 624 ad
905 571 1143 625 omnimn
1174 571 1621 642 septimauarium
1655 571 1921 642 rigiuunm
1950 581 1975 607 ιι

369 665 625 730 metibor,
673 673 728 719 et
771 675 930 735 prout
972 673 1222 734 potuero,
1256 664 1470 718 virtutis
1518 663 1660 720 diem
1706 664 1758 717 in
1805 677 1922 718 eam
1949 660 1976 698 δ

371 760 906 816 consummationem
937 759 1178 814 conabor
1206 758 1537 828 exprimere.

444 852 502 907 In
535 854 803 924 principio
828 852 956 908 fecit
979 852 1121 908 Deus
1152 851 1351 914 lucem,
1386 867 1617 924 eamque
1647 850 1980 906 duodenario

372 963 526 1005 mero
555 947 835 1013 horarum,
866 947 954 1001 die
980 956 1269 1018 noctuque,
1311 945 1517 1012 divisit,
1549 945 1749 1002 idcirco
1791 945 1982 1000 videli-

366 1049 478 1105 cet,
511 1049 570 1095 ut
613 1039 888 1095 laboribus
918 1038 1196 1094 hominum
1246 1037 1462 1109 requies
1497 1048 1519 1077 α
1550 1038 1727 1092 locum
1762 1046 1975 1093 noctem

367 1129 486 1187 dies
508 1149 569 1187 su
580 1132 918 1202 perduceret,
942 1147 1128 1186 rursus
1150 1131 1268 1187 dies
1289 1132 1721 1201 super-vinceret;
1743 1131 1841 1186 hac
1870 1147 1929 1188 se
1949 1128 1977 1168 ά

363 1222 569 1278 alterna
597 1223 712 1279 vice
740 1224 891 1278 labor
915 1225 1090 1294 quetis
1108 1226 1500 1288 ereloveretur,
1530 1224 1684 1295 quies
1711 1225 1978 1279 exercita-

365 1317 514 1372 tione
552 1334 738 1373 rursus
782 1319 886 1373 diei
931 1327 1345 1388 temperaretur.
1385 1315 1584 1386 Quarto
1615 1321 1697 1372 die
1728 1318 1845 1389 fecit
1874 1318 1977 1371 duo

367 1409 650 1464 luminaria
676 1411 730 1464 in
759 1413 908 1477 caelo,
945 1412 1114 1480 majus
1135 1421 1181 1464 et
1203 1412 1394 1479 minus,
1433 1421 1487 1464 ut
1508 1412 1726 1465 alterunt
1747 1419 1982 1479 prazesset

362 1502 488 1564 diei.
512 1502 731 1557 alterum
758 1507 896 1557 nocti
930 1501 1164 1574 (Oenea,
1211 1503 1252 1567 l,
1285 1503 1371 1570 16,
1409 1502 1502 1574 l7)
1526 1545 1542 1570 ,
1574 1503 1703 1557 solis
1736 1512 1790 1556 et
1811 1502 1972 1568 limat;

361 1608 670 1669 czeteraque
706 1600 884 1654 sidera
937 1600 1114 1668 posuit
1152 1599 1205 1652 in
1248 1600 1411 1664 caelo,
1456 1609 1507 1652 ut
1552 1599 1778 1652 lacerent
1820 1614 1976 1667 super

364 1703 574 1758 terram,
602 1701 659 1748 et
682 1692 1058 1748 discernerent
1089 1704 1330 1763 tempora
1373 1702 1426 1749 et
1466 1708 1637 1748 annos
1667 1701 1721 1747 et
1760 1704 1976 1748 menses

367 1797 419 1843 et
447 1788 566 1843 dies
592 1797 648 1842 et
680 1788 842 1841 horas
871 1803 967 1857 per
994 1788 1277 1842 stationes.

436 1880 588 1937 Nunc
615 1881 752 1936 ratio
788 1881 1030 1935 veritatis
1057 1881 1382 1948 ostenditur,
1415 1896 1581 1952 quare
1604 1880 1723 1937 dies
1749 1896 1848 1945 nn,
1896 1890 1976 1936 te-

2081 569 2134 622 in
2158 569 2390 623 alterum
2419 567 2559 622 diem
2593 568 2707 624 liat.
2735 567 2965 624 Mundus
3003 569 3185 639 itaque
3226 574 3327 628 iste
3356 590 3422 631 ex
3464 588 3700 645 quatuor

2082 661 2372 717 elementis
2400 667 2629 725 constat,
2664 659 2806 730 igne,
2838 676 2998 731 aqua,
3027 663 3190 732 caelo,
3236 674 3400 720 terra.
3431 666 3559 724 Haec
3590 668 3695 740 igi-

2085 764 2170 810 tur
2207 765 2400 825 quator
2444 755 2714 810 elementa
2767 766 3072 828 temporum
3109 759 3124 798 ί
3163 760 3425 817 tetradem
3462 761 3692 822 faciunt.

2083 848 2173 905 Sol
2193 864 2408 919 quoque
2429 858 2485 904 et
2509 849 2629 903 luna
2662 863 2758 917 per
2784 850 2910 905 anni
2934 852 3168 922 spatium
3193 863 3424 923 quatuor
3447 864 3693 925 tempora

2085 943 2352 1008 efﬁciunt,
2404 943 2571 1010 veris,
2616 945 2844 1012 aestatis,
2874 947 3151 1011 autumni,
3204 947 3447 1020 byemis;
3487 959 3540 1006 et
3577 950 3696 1007 hinc

2085 1045 2330 1106 tempora
2351 1036 2615 1092 tetradem
2643 1036 2862 1092 faciunt.
2890 1038 2959 1094 Et
2981 1049 3039 1094 ut
3059 1054 3126 1094 ex
3144 1055 3204 1096 ea
3229 1056 3286 1096 re
3304 1040 3518 1111 longius
3541 1057 3697 1098 enar-

2081 1144 2220 1195 rem,
2243 1143 2372 1184 ecce
2395 1139 2627 1198 quatuor
2642 1129 2894 1185 animalia
2926 1141 3052 1186 ante
3075 1131 3328 1186 thronum
3362 1133 3451 1187 Dei
3478 1133 3691 1206 (Apoc.,

2080 1237 2155 1286 1v,
2179 1222 2256 1292 ti).
2283 1231 2516 1291 quatuor
2537 1223 2841 1292 evangelia,
2861 1233 3097 1293 quatuor
3120 1224 3336 1279 [lumina
3359 1225 3410 1279 in
3440 1225 3695 1295 paradiso

2080 1316 2298 1375 ﬂuentia
2331 1315 2511 1389 (Gem,
2535 1334 2593 1384 ιι,
2627 1318 2751 1387 10),
2784 1329 3016 1388 quatuor
3055 1321 3438 1390 generationes
3462 1320 3695 1390 populo-

2087 1426 2229 1476 rum,
2259 1411 2327 1463 ab
2361 1410 2530 1464 Adam
2555 1424 2726 1480 usque
2755 1411 2822 1465 ad
2855 1410 2989 1472 Noe,
3023 1426 3052 1464 a
3085 1410 3201 1467 Noe
3229 1427 3400 1482 usque
3425 1412 3491 1467 ad
3523 1413 3699 1467 Abra-

2081 1501 2226 1571 ham,
2261 1502 2331 1558 ab
2361 1502 2636 1559 Abraham
2667 1518 2838 1574 usque
2859 1504 2926 1559 ad
2959 1503 3218 1576 Moysem,
3245 1521 3274 1559 a
3304 1504 3490 1578 Moyse
3521 1522 3696 1577 usque

2075 1597 2144 1652 ad
2173 1597 2447 1652 Christum
2496 1598 2808 1660 Dominum.
2839 1597 3034 1653 Filiqu
3070 1599 3196 1664 Dei;
3235 1610 3289 1654 et
3314 1610 3546 1670 quatuor
3572 1600 3693 1654 ani»

2084 1692 2241 1746 malia
2265 1691 2481 1765 (Apoc.,
2510 1708 2584 1758 tv,
2612 1692 2666 1764 7)
2693 1693 2951 1760 hominis,
2974 1695 3151 1762 vituli,
3181 1695 3375 1762 leonis,
3398 1696 3615 1766 aquilae;
3641 1702 3702 1751 et

2075 1793 2308 1856 quatuor
2329 1785 2549 1839 ﬂumina
2579 1784 2760 1858 (Gem,
2796 1804 2856 1854 ιι,
2892 1785 3002 1860 ll),
3032 1787 3234 1859 Fysun,
3265 1789 3439 1851 Geon.
3472 1789 3688 1862 Tygris,

2075 1876 2407 1947 Euphrates.
2443 1877 2616 1932 Homo
2647 1878 2899 1934 Christus
2925 1879 3084 1935 Jesus
3107 1892 3298 1936 auctor
3323 1896 3536 1946 eorum,
3566 1897 3690 1952 qua:

365 1984 479 2031 tras
501 1985 842 2046 nuncupatur
862 1974 879 2011 τ
902 1990 916 2040 ;
937 1989 1104 2046 quare
1124 1989 1292 2045 usque
1309 1975 1374 2030 ad
1403 1975 1592 2030 horam
1612 1990 1811 2031 nonam
1829 1974 1968 2043 jeju-
1995 1958 2044 2019 Β
2072 1985 2231 2042 supra
2257 1971 2700 2038 memOI‘aVimUS,
2736 1972 2945 2029 ιθιΐεάθ
2969 1972 3037 2028 ab
3056 1971 3236 2044 ίωΡίίε
3263 1973 3696 2046 comprehensus

1606 2086 1996 2147 LECTIONES
2038 2085 2458 2144 VARIANTES.

423 2213 448 2241 δ
484 2210 634 2274 Forte
657 2209 943 2274 Septimana
969 2209 1026 2259 ad
1065 2210 1283 2259 omnium
1306 2209 1693 2273 septimanarum
1729 2206 1969 2256 rationem

372 2273 596 2324 Walkcr.
621 2272 797 2325 Routh.

421 2335 448 2376 b
485 2338 631 2388 Forte
653 2333 843 2385 Divina:
868 2334 1038 2386 Routh.

421 2402 444 2430 ο
483 2400 629 2450 Forte
654 2399 914 2461 Requietis
944 2395 1163 2461 Wolker.
1193 2397 1366 2450 Routlt.

415 2461 447 2502 (Ι
480 2465 628 2515 Forte
651 2461 723 2512 Ac
741 2459 814 2512 sic
848 2459 1067 2514 Walker.

2141 2205 2164 2234 θ
2202 2203 2353 2253 Forte
2376 2202 2557 2262 Quiete
2573 2203 2732 2254 noctis
2762 2201 2985 2256 Walker.

2141 2263 2163 2302 ἲ
2205 2267 2352 2329 Forte
2382 2265 2707 2329 Nuucupetur
2732 2267 2909 2329 Routlt.

2138 2331 2165 2369 κ
2200 2328 2351 2378 Forte
2373 2327 2668 2389 Jejuneinus
2692 2327 2864 2380 Routh.

2135 2389 2166 2429 h
2201 2393 2352 2441 Forte
2371 2391 2472 2440 Aut
2497 2403 2653 2442 usuue
2675 2389 2856 2442 'Routlt.

2140 2453 2159 2494 ί
2199 2459 2343 2505 Forte
2360 2451 2888 2518 detendﬂ‘emporutn
2921 2455 3142 2508 Wullter.

1755 2561 2317 2633 COMMENTARIUS.

357 2695 701 2750 benedictione
729 2711 790 2748 :2:
822 2691 1159 2763 eonsegrauit,
1201 2705 1334 2763 ⁸ιιιιιιι
1385 2706 1412 2742 c
1459 2701 1627 2763 super
1654 2705 1685 2759 g
1727 2690 1954 2763 scripto2

361 2768 530 2823 Verba
560 2766 738 2837 quibus
769 2760 1012 2826 laborem,
1040 2760 1295 2837 transﬁxa
1320 2760 1664 2837 suntlineola
1693 2776 1721 2814 a
1750 2761 1957 2837 recenti

355 2854 515 2893 manu
547 2833 580 2902 ς’
609 2854 673 2893 ex
705 2838 943 2907 vestigiis
975 2836 1256 2907 scriptura:
1288 2835 1487 2907 veteris
1518 2833 1595 2886 sic
1633 2833 1858 2886 restituo
1885 2859 1960 2907 5-

357 2912 590 2980 septimo
619 2910 806 2976 quieuit
829 2905 862 2960 ιι
886 2908 1059 2961 labore
1098 2916 1149 2960 et
1183 2905 1558 2980 benedictione
1592 2906 1954 2980 consecravit.

355 2975 444 3037 Sic
476 2982 635 3044 inira,
683 2982 766 3033 die
794 2983 1003 3049 septimo
1053 2977 1297 3049 requievit
1348 2975 1449 3049 ab_
1462 2977 1704 3049 omnibus
1722 2976 1960 3049 cperibus

354 3054 481 3119 suis,
508 3063 554 3106 et
580 3046 998 3105 benedixit'eum.
1029 3048 1300 3104 WALKER.
1331 3046 1471 3102 —Si
1503 3047 1584 3100 ha:
1613 3048 1811 3119 viricl.
1838 3063 1961 3102 cor-

357 3118 630 3180 rectioncs
660 3123 713 3177 in
765 3130 967 3176 textum
1024 3121 1259 3174 debeant
1308 3119 1494 3187 recipi,
1522 3133 1623 3188 ego
1648 3118 1863 3186 quidem
1907 3119 1960 3173 in

358 3212 461 3251 ms.
510 3195 739 3263 Spatium
794 3194 1042 3248 relictum
1095 3191 1166 3244 sit
1213 3201 1346 3263 ante
1378 3190 1961 3263 verbumeonsecrauit,

356 3260 663 3321 addendum
690 3266 921 3336 putarim
944 3279 1081 3336 eum.
1117 3262 1246 3326 Sed,
1275 3273 1332 3314 ut
1363 3277 1549 3336 verum
1579 3260 1777 3336 dicam,
1812 3263 1968 3332 longe

358 3339 618 3393 recedere
639 3355 668 3392 a
691 3332 1005 3390 litterarum
1032 3332 1195 3387 ductu
1243 3348 1406 3386 voces
1459 3333 1574 3385 ista:
1609 3332 1881 3391 videntur.
1913 3343 1968 3386 ut

358 3412 540 3463 malini
591 3426 622 3463 e
658 3424 691 3462 0
735 3408 932 3473 quietus
967 3422 1063 3474 pro
1093 3405 1274 3474 quibus
1323 3419 1612 3472 reponere,
1649 3415 1702 3457 et
1733 3421 1826 3457 sua
1868 3403 1966 3458 ad-

363 3481 492 3536 dere
523 3491 642 3545 post
665 3477 1033 3533 benedictione,
1069 3477 1274 3533 lioum.

443 3552 845 3619 Septimam.....
875 3550 1161 3619 regionum.
1209 3548 1308 3602 Ms.
1339 3549 1608 3617 septimam
1635 3547 1704 3600 ad
1739 3548 1970 3600 omnium

366 3624 715 3693 septimarium
746 3625 1033 3693 regionum.
1054 3620 1309 3693 Lego,_de
1322 3621 1418 3671 hac
1439 3619 1723 3693 septimana
1740 3619 1968 3672 onmium

361 3691 764 3762 septimanarum
793 3691 1044 3746 rationem
1091 3691 1342 3745 metibor.
1381 3691 1544 3750 Infra.
1572 3692 1663 3758 qui
1699 3700 1961 3762 extraor-

361 3761 533 3820 dinem
561 3777 856 3836 septimana:
909 3762 1259 3833 dispositionis
1308 3777 1635 3816 excessurus
1666 3772 1768 3816 est.
1800 3761 1966 3816 War.-

365 3853 559 3893 lEBUS.

455 3909 667 3964 Virtutis
693 3909 828 3962 diem
853 3907 906 3960 in
922 3923 1032 3961 eam
1063 3905 1569 3961 consummationem.
1606 3906 1859 3962 Fortasse
1881 3923 1968 3963 re-

367 3982 675 4052 ponendum
708 3991 812 4052 est,
841 3979 1041 4052 uirtutis
1082 3976 1283 4052 divinae
1327 3979 1834 4030 consummationem.
1870 3978 1966 4033 Ha-

368 4045 465 4107 bes
492 4054 625 4106 infra
670 4051 734 4105 ad
769 4045 818 4120 ρ.
852 4050 978 4114 306,
1008 4048 1045 4102 l.
1073 4048 1130 4102 ἓ.
1158 4045 1299 4100 Deus
1326 4076 1398 4086 -—
1422 4064 1577 4117 opera
1605 4065 1700 4103 sua
1727 4065 1966 4103 consum-

367 4126 543 4176 mavit.
587 4123 779 4180 Eoum

439 4193 692 4249 Conabor.
720 4192 1033 4250 Gallandius
1059 4191 1172 4250 ait:
1209 4207 1228 4241 ι
1258 4189 1548 4244 Waikerus
1568 4191 1778 4260 legebat
1807 4209 1964 4246 cona-

367 4284 502 4320 mur.
534 4266 643 4321 Sed
675 4263 1028 4334 prmcedentia
1052 4263 1492 4334 inetiborj—prout
1516 4271 1961 4330 potuero—cona-

373 4338 464 4391 bor
507 4332 792 4407 legendum
826 4336 1070 4407 suadent.
1098 4334 1185 4387 Sic
1215 4332 1351 4407 infra
1392 4335 1418 4405 ς
1458 4335 1520 4407 6,
1545 4346 1598 4387 ut
1632 4350 1770 4387 mens
1809 4352 1966 4404 parva

370 4403 585 4476 poterit:
601 4409 822 4462 conabor
839 4406 1122 4461 ostendere.
1162 4423 1179 4455 ι
1217 4403 1272 4458 1η
1303 4403 1409 4460 ms.
1435 4406 1650 4474 quidem
1689 4422 1852 4473 super
1879 4407 1966 4460 lit-

373 4495 542 4534 teram
573 4497 601 4531 o
629 4479 982 4549 posteriorem
1011 4477 1063 4530 iu
1091 4493 1333 4529 conamor
1359 4479 1557 4544 scripta
1597 4489 1680 4532 est
1705 4477 1878 4531 littera
1908 4495 1963 4543 ιι,

2058 2695 2220 2758 atque
2254 2685 2542 2756 jejunium,
2588 2692 2696 2740 tam
2746 2697 2936 2757 quarta
2968 2685 3124 2753 feria,
3149 2703 3271 2759 quae
3303 2697 3472 2746 tetras
3507 2709 3684 2751 voca-

2067 2759 2240 2820 batur,
2273 2774 2431 2826 quam
2459 2768 2630 2819 sexta,
2669 2772 2960 2822 paraseeve
2989 2759 3148 2813 dicta.
3187 2759 3462 2817 Durabant
3491 2777 3673 2823 autem

2064 2831 2180 2904 istm
2203 2828 2268 2882 ad
2293 2845 2465 2904 usque
2500 2831 2689 2882 horam
2716 2844 2937 2891 nonam.
2957 2838 3051 2884 aut
3071 2832 3233 2904 etiam
3257 2833 3324 2887 ad
3355 2850 3638 2904 vesperam
3667 2857 3683 2903 ;

2063 2902 2180 2964 sed,
2200 2917 2256 2955 re
2273 2901 2352 2980 sic
2364 2912 2674 2980 coiuparata
2686 2942 2699 2962 ,
2721 2910 2772 2955 ut
2792 2911 3004 2970 tempus
3020 2901 3467 2980 producerentur,
3479 2901 3690 2980 jejunia

2065 2988 2173 3051 non
2217 2973 2481 3051 stationes
2513 2972 2870 3051 vocabantur,
2893 2983 3052 3051 prout
3094 2973 3230 3028 infra
3272 2972 3590 3051 auctor'ait,
3623 2997 3680 3051 p.

2065 3043 2190 3107 506,
2223 3044 2339 3117 Ls,
2380 3043 2489 3098 lloc
2519 3059 2719 3117 quoque
2741 3044 2824 3117 die
2851 3041 3234 3116 (sexto)—uut
3260 3049 3528 3103 stationem
3548 3041 3675 3117 Deo,

2067 3128 2156 3170 aut
2196 3116 2460 3186 jejunium
2511 3116 2750 3183 facimus.
2803 3114 2976 3170 [triuio
3017 3118 3313 3185 interdum,
3349 3131 3407 3173 ut
3436 3114 3680 3180 ostendit

2077 3187 2135 3262 S.
2175 3187 2502 3262 Vicmrinus,
2550 3187 2950 3256 producehatur
2977 3197 3183 3262 quartae
3205 3189 3386 3262 __leri:n
3408 3191 3682 3262 jejunium

2077 3261 2135 3334 in_
2162 3260 2490 3334 crastinum,
2511 3274 2629 3329 qua:
2675 3259 3174 3334 εει.λειιριξιῖροιιὶιίο.Δ
3204 3259 3323 3317 Vid.
3380 3259 3491 3316 not.
3516 3281 3684 3334 supra

2072 3331 2138 3383 ad
2258 3328 2630 3401 Diony~ii.iep.
2663 3331 2732 3382 all
2754 3328 3056 3395 Basilidem,
3084 3331 3198 3386 vol.
3237 3349 3290 3396 ιι,
3331 3351 3382 3400 p.
3409 3334 3535 3390 419,
3560 3328 3684 3393 Ad.

2080 3401 2314 3456 dendutn
2348 3411 2437 3454 aut
2468 3409 2592 3456 ante
2618 3417 2776 3468 usque
2805 3401 2874 3454 ad
2902 3419 3181 3469 vesperam.
3210 3402 3269 3458 R’
3295 3421 3423 3462 om.

2149 3471 2456 3550 Temptarunt
2487 3474 2750 3550 tetradein.
2789 3472 2967 3528 Μιιιιιιι
3002 3473 3294 3550 delendum
3323 3493 3446 3533 esse
3478 3489 3682 3550 tempo-

2072 3563 2186 3600 rum
2218 3543 2524 3608 Wa'kerus,
2556 3544 2700 3614 quod
2740 3559 2804 3598 ex
2846 3546 3195 3616 Sequenttbus
3236 3546 3339 3602 huc
3388 3543 3678 3609 advectum

2072 3627 2174 3694 est.
2206 3617 2544 3694 Reposuerat
2585 3617 2832 3669 tetradem
2878 3633 2974 3687 pro
3017 3617 3214 3671 tetrade
3248 3616 3397 3675 Cavii
3447 3637 3682 3694 προδιη-

2075 3688 2260 3759 phum.
2296 3688 2504 3744 Ruunt.

2147 3760 2230 3815 Ea:
2253 3777 2312 3814 ea
2334 3778 2408 3814 re.
2440 3759 2511 3813 Ita
2546 3759 2827 3829 praeclare.
2860 3760 2935 3814 ait
2959 3759 3270 3823 Walkerus.
3306 3762 3406 3819 viri
3435 3765 3583 3821 docti
3605 3768 3678 3824 ad

2071 3847 2242 3903 marg.
2275 3832 2422 3886 Cavii
2453 3846 2550 3900 pro
2575 3848 2637 3886 ex
2664 3847 2786 3886 tere.
2819 3831 2984 3903 Igitur
3009 3834 3110 3887 hoc
3143 3835 3344 3901 recepi.
3381 3836 3592 3894 Roo'rn.

2146 3904 2379 3971 Quatuor
2422 3905 2774 3974 generationes
2824 3903 3181 3976 populorum,
3215 3905 3277 3959 ab
3332 3907 3519 3976 Adam,
3563 3922 3671 3968 etc.

2069 3977 2206 4043 Quid
2237 3979 2288 4032 in
2339 3984 2518 4030 mente
2547 3976 2688 4029 inter
2733 3976 2848 4030 hrec
2887 3975 3109 4031 haberet
3138 3975 3475 4046 Victorinus,
3507 3975 3676 4040 haud

2069 4050 2250 4126 capio,
2281 4049 2380 4103 nisi
2409 4047 2551 4118 quod
2581 4054 2659 4101 tot
2688 4046 2792 4126 sibi
2835 4049 3076 4126 gentium
3108 4049 3347 4126 origines
3391 4053 3443 4106 in
3488 4053 3676 4126 singu-

2071 4120 2139 4174 lis
2167 4121 2282 4174 isus
2308 4117 2539 4188 quatuor
2569 4117 2901 4188 genealogus
2933 4117 3215 4174 invenerit.
3241 4123 3452 4178 Roorn.

2145 4191 2212 4244 Et
2258 4204 2475 4265 quatuor
2521 4189 2793 4265 animalia,
2824 4201 2928 4245 etc.
2947 4191 3088 4265 rSt'il.
3121 4191 3173 4243 in
3199 4193 3392 4265 _Apoc.,
3424 4210 3497 4258 tv,
3529 4197 3584 4264 6,
3615 4199 3672 4265 7,

2069 4279 2166 4334 per
2190 4281 2310 4334 qua:
2339 4263 2556 4334 quidem
2588 4261 2840 4334 animalia
2871 4264 2982 4316 vult
3009 4263 3209 4332 signari
3241 4261 3472 4334 quatuor
3498 4261 3671 4325 evan;

2069 4333 2289 4412 gelis‘tas
2318 4333 2724 4390 Commentarius
2744 4333 2804 4412 in
2823 4335 3174 4412 _.f1_pg_ealyps.,
3201 4333 3270 4412 in
3292 4335 3540 4412 Biblioth.
3573 4336 3672 4412 'pa-

2069 4408 2232 4460 risina
2259 4419 2486 4474 patrum,
2515 4416 2553 4460 t.
2582 4422 2622 4472 ι,
2655 4421 2704 4474 p.
2738 4405 3194 4471 12l9,Vict0rino
3223 4407 3346 4464 huic
3365 4421 3553 4467 nostro
3573 4405 3673 4468 ad-

2070 4482 2324 4547 scriptus.
2349 4481 2522 4545 Atque
2549 4477 2681 4531 artis
2713 4479 2935 4545 ριοιιιτςιι
2961 4476 3317 4546 professores,
3347 4482 3475 4536 dum
3503 4499 3670 4540 eran-

371 4568 477 4606 nou
505 4569 532 4603 ει
564 4550 819 4606 Walkero
845 4549 1024 4620 additi
1052 4563 1144 4602 seu
1171 4552 1428 4617 reposita.
1473 4549 1811 4603 liabetCavii
1837 4565 1964 4619 apo-
1993 4558 2045 4617 ι)
2069 4551 2378 4617 εειίκιειιδιιιιι
2412 4551 2700 4620 pingebant
2735 4549 2962 4618 effigies,
3008 4551 3259 4606 animalia
3297 4557 3484 4608 eadem
3515 4559 3671 4615 quasi

369 4623 633 4693 graphnm
657 4623 898 4693 conabor.
926 4619 1134 4693 Bourn.

445 4694 796 4748 Duodenario.
860 4691 1235 4745 Duodecinario
1285 4707 1388 4746 ms.
1445 4689 1769 4746 Correxet'at
1818 4691 1965 4746 Cavii

371 4768 666 4836 apograph.
697 4769 903 4820 llourn.

449 4833 668 4907 Iiequies
693 4867 762 4877 —
787 4837 1166 4906 superduceret.
1197 4833 1342 4889 Bene
1387 4835 1676 4890 Walkerus
1726 4837 1963 4906 requietis

375 4924 471 4976 pro
502 4910 733 4976 requies;
763 4910 907 4962 Cavii
954 4909 1321 4975 apographnm
1354 4910 1712 4972 superduceret
1756 4909 1960 4976 pra-bet

373 4995 472 5050 pro
496 4979 853 5050 superduceret
882 4979 1113 5034 lectione
1142 4994 1244 5050 lllf.
1280 4976 1486 5032 linum.

450 5047 732 5105 an'se—
756 5061 1135 5120 temperaretur.
1173 5047 1285 5100 Hac
1326 5065 1386 5103 se
1416 5053 1615 5105 alterna
1665 5051 1781 5104 vice
1807 5051 1959 5105 labor

345 5124 554 5187 quietis
584 5118 937 5184 refovet-etur.
970 5118 1208 5175 Walkeri
1239 5120 1646 5176 emendationes
1693 5139 1753 5174 ac
1779 5124 1872 5185 sic,
1902 5133 1958 5178 et

371 5196 536 5263 quiete
565 5196 742 5254 noctis,
784 5192 1223 5249 commemorati.
1271 5193 1344 5244 Ac
1391 5193 1463 5246 sic
1509 5194 1671 5248 habes
1700 5192 1837 5247 infra
1887 5195 1954 5249 ad

369 5281 425 5334 p.
450 5267 573 5330 ωδ,
607 5267 642 5320 ι.
667 5267 718 5320 6.
753 5265 962 5320 Roum.

365 5338 367 5340 ’
445 5337 619 5409 Majas
647 5349 696 5392 et
713 5339 1108 5392 minus—nocti.
1135 5336 1224 5392 Sic
1247 5336 1480 5409 correxit
1502 5337 1792 5396 Caviauum
1822 5353 1952 5408 apo-

366 5407 628 5477 graplium
677 5425 794 5480 pro,
825 5411 993 5477 maius
1030 5421 1084 5463 ut
1118 5411 1294 5462 minus
1327 5420 1383 5461 ut
1409 5407 1636 5462 alterum
1691 5412 1948 5479 prtecessit

363 5480 471 5534 diei
521 5482 748 5535 alterum
778 5482 958 5545 noctis,
987 5493 1042 5535 et
1069 5481 1246 5552 statim
1280 5490 1420 5548 post.
1457 5491 1738 5549 cwteraque
1760 5498 1856 5552 pro
1877 5483 1952 5536 ci-

363 5551 625 5622 tlteraque,
646 5553 786 5622 quod
811 5553 968 5607 habet
992 5568 1092 5606 ms.
1122 5551 1328 5606 Rourn.

436 5623 505 5676 Et
537 5626 689 5678 lioras
718 5640 802 5692 per
832 5625 1092 5678 stationes.
1126 5623 1180 5677 In
1213 5641 1314 5678 ius.
1347 5625 1543 5691 legitur
1568 5633 1621 5679 ct
1650 5625 1786 5680 horis
1819 5641 1949 5694 prte-

362 5697 622 5750 st'ttioues.
653 5697 1052 5763 Conjecturam.
1101 5712 1219 5766 qua:
1265 5697 1508 5767 adposita
1558 5706 1677 5752 erat
1705 5698 1768 5751 ad
1796 5698 1946 5752 Cavii

360 5770 676 5838 marginem,
701 5768 886 5838 recipi.
910 5767 1120 5823 Ronan.

431 5836 554 5912 Dies
591 5856 666 5895 nn
699 5836 873 5903 tetras,
897 5849 997 5894 etc.
1034 5840 1187 5912 Apud
1219 5850 1428 5897 veteres
1476 5841 1803 5898 christianos
1849 5840 1937 5895 ha~

352 5905 471 5964 beri
518 5921 685 5968 sontze
717 5922 841 5968 sunt
896 5905 1172 5979 stationes,
1213 5929 1406 5989 nempe
1437 5915 1721 5988 religiosus
1767 5914 1942 5973 cultus

2072 4622 2312 4690 syinhola
2342 4623 2453 4675 sive
2480 4626 2630 4692 signa
2657 4621 2807 4690 juxta
2830 4635 2925 4674 eos
2945 4635 3144 4690 ponere
3170 4624 3314 4677 soliti
3332 4634 3457 4678 sunt
3493 4624 3669 4684 Iintno

2072 4692 2331 4754 Irenaeus,
2355 4694 2444 4746 lib.
2472 4709 2549 4755 ut,
2575 4711 2626 4746 c.
2652 4695 2739 4757 ll,
2759 4694 2972 4765 gemina
3002 4703 3258 4756 sectatus,
3280 4706 3512 4765 quatuOr
3541 4708 3666 4753 tan—

2072 4774 2182 4816 tum
2216 4765 2491 4831 evangelia
2527 4765 2725 4819 idcirco
2766 4764 2999 4819 existere
3026 4764 3337 4833 opportere.
3372 4771 3665 4827 ostendere

2067 4845 2152 4888 est
2170 4845 2418 4890 Conatus.
2441 4835 2781 4891 Exciderttue
2809 4836 2947 4906 apud
2983 4835 3311 4891 Victorinum
3334 4854 3438 4894 vox
3469 4842 3668 4898 similia

2067 4918 2188 4975 post
2218 4906 2488 4971 animalia,
2511 4907 2623 4960 viso
2646 4907 2854 4963 Joanne
2877 4908 3107 4977 judices.
3145 4909 3348 4965 Rou'ru.

2141 4978 2448 5050 Euphrates.
2491 4978 2676 5033 Homo.
2732 4978 2935 5048 Legere
2983 4982 3091 5034 vult
3123 4979 3408 5036 Walkerus
3467 4993 3514 5038 et
3557 4985 3665 5041 Eu-

2065 5049 2298 5124 phrates.
2337 5049 2401 5104 Et
2435 5050 2626 5106 Homo.
2655 5051 2760 5124 Sed
2791 5051 2955 5124 priori
3001 5053 3215 5124 quidem
3246 5056 3364 5108 loco
3396 5058 3663 5124 particula

2062 5121 2333 5190 soperﬂna
2382 5131 2549 5186 esset,
2577 5123 2678 5178 etsi
2709 5121 2761 5176 in
2791 5123 2963 5176 altero
2994 5123 3132 5178 haud
3188 5121 3511 5194 respuenda.
3538 5129 3660 5185 Mox

2058 5205 2240 5248 auctor
2267 5209 2364 5265 pro
2391 5206 2540 5248 autor
2569 5209 2636 5249 ex
2670 5211 2770 5249 ms.
2817 5205 3070 5249 monente
3111 5197 3181 5250 cl.
3226 5197 3268 5249 Τ
3272 5197 3454 5265 oddio,
3487 5201 3656 5256 edidi.

3157 5267 3367 5324 Bona-tt.

2133 5338 2349 5392 Tetrade
2376 5339 2438 5392 ab
2486 5338 2674 5408 impiis.
2710 5336 2806 5391 Ms.
2835 5338 2920 5393 hic
2960 5349 3014 5394 et
3057 5340 3215 5408 paulo
3243 5341 3379 5394 infra
3409 5345 3657 5402 telradem

2056 5407 2234 5464 habet.
2274 5407 2634 5464 Correxeruut
2665 5419 2719 5464 et
2751 5409 2901 5463 Cavii
2929 5407 3318 5480 apograpbum,
3351 5424 3400 5464 et
3436 5413 3657 5472 Walke.

2056 5497 2168 5535 rus.
2225 5484 2324 5550 Qui
2378 5497 2506 5537 vero
2555 5481 2664 5546 liat,
2699 5483 3231 5550 ut.comprehensus
3281 5499 3402 5538 esse
3441 5487 3655 5545 dicatur

2052 5552 2300 5625 Christus
2329 5555 2559 5622 tetradc,
2594 5568 2689 5607 seu
2715 5568 2904 5624 quarta
2930 5552 3082 5617 feria.
3115 5557 3204 5610 vix
3232 5555 3536 5625 intelligere
3565 5576 3653 5616 me

2050 5623 2241 5701 [areum
2268 5626 2498 5701 Δςῖιξιιιὶιιτι
2544 5623 2744 5701 tamen
2779 5625 2940 5701 Ιι.ι1ιιιι
2980 5626 3312 5695 Epiphanius
3362 5623 3647 5701 in'l'pros.

2051 5693 2202 5777 Fidei
2255 5695 2484 5777 unum,
2517 5696 2669 5777 _§_22
2717 5715 2729 5749 ε
2767 5693 3236 5777 ξυνάξειςίιιιιιιιιι,
3264 5693 3674 5777 ξπιτελούμεναι.

2048 5772 2327 5851 ταχρειῖσαί
2351 5772 2477 5851 sient
2505 5771 2608 5825 ἀπὸ
2643 5777 2742 5824 τῶν
2769 5772 3066 5851 dimetirith
3086 5813 3097 5826 .
3135 5770 3343 5851 ῖετράδι
3381 5777 3468 5851 θεαὶ
3499 5770 3647 5851 ’προ-

2049 5841 2412 5928 σαϐϐᾁτῳηκαὶ
2435 5850 2682 5928 ιξυριαιξῇ,
2711 5841 2917 5928 carpam
2941 5842 2994 5928 δέ
3011 5847 3110 5928 ,καὶ
3133 5843 3185 5928 in
3207 5841 3564 5928 τὶροσαϐᾷὰτῴ
3595 5850 3645 5901 ἐν

2048 5916 2256 5992 anas-eia;
2293 5915 2388 5975 ἕως
2431 5914 2568 5999 clipei;
2597 5914 3123 5994 ἐνάτης.”ἑ;πειδήπερ
3160 5914 3642 5994 impregnation“.
