3950 6324
253 331 355 388 ἴοίῦ

1292 337 1773 399 ΡΚΔΟΜΕΝΤΗΜ
1814 340 1901 397 DE
1942 340 2234 397 FABRICA
2281 342 2521 401 MUNDI.

3497 350 3604 413 3M

260 449 504 524 angelum
540 452 736 511 Maria:
778 456 984 529 virgini
1022 458 1441 530 evangelizasse,
1473 474 1579 527 qua
1604 458 1695 515 die
1719 458 1884 515 draco
1910 467 1963 526 Α
1989 460 2112 531 quia
2167 459 2415 517 seniores
2464 470 2592 517 sunt
2631 472 2688 517 et
2733 461 2857 520 aliis
2904 464 3116 535 angelis
3164 474 3221 522 et
3268 465 3601 526 hominibus.

262 544 425 601 Evam
453 546 712 615 seduxit;
745 565 815 608 ea
847 551 940 607 die
966 553 1223 623 Spiritum
1255 562 1499 609 sanctum
1528 553 1749 608 Mariam
1780 556 1885 609 vir-

267 639 439 709 ginem
487 639 822 707 inundasse,
853 659 959 713 qua
991 645 1165 701 lucem
1212 645 1370 708 fecit;
1401 661 1463 701 ea
1512 645 1602 701 die
1626 647 1680 700 in
1720 661 1885 702 carne

270 746 387 786 esse
412 746 769 801 conversum,
810 751 919 806 qua
970 748 1167 793 terram
1212 748 1265 793 et
1294 754 1486 811 aquam
1521 739 1674 804 fecit;
1707 755 1768 793 ca
1799 738 1886 795 die

273 823 323 877 in
353 823 493 880 lacte
522 840 648 881 esse
673 842 1042 892 conversum,
1082 845 1185 900 qua
1226 831 1411 885 stellas
1448 830 1595 893 fecit;
1626 846 1688 885 ea
1720 831 1805 886 die
1831 833 1883 887 in

273 918 553 988 sanguine.
571 921 686 989 ‘qua
711 929 858 974 terra
886 931 942 976 et
965 936 1102 992 aqua
1132 922 1291 979 fmtns
1316 936 1446 979 suos
1471 922 1791 987 ediderunt;
1820 939 1883 980 ea

272 1006 355 1062 die
396 1010 452 1063 in
496 1024 666 1066 carne
704 1027 830 1068 esse
869 1027 1214 1079 conversum,
1252 1031 1354 1085 qua
1384 1014 1471 1069 die
1514 1015 1787 1070 hominem
1817 1016 1885 1072 de

273 1098 438 1155 humo
465 1103 722 1158 instruxit
746 1121 763 1169 ;
785 1119 848 1159 ea
880 1104 967 1159 die
991 1115 1174 1160 natum
1199 1120 1319 1162 esse
1343 1104 1642 1173 Chrismm,
1667 1123 1770 1177 qua
1796 1107 1886 1162 ho-

272 1196 472 1249 minem
505 1194 684 1261 ﬁnxit;
710 1198 900 1253 eadem
932 1206 958 1235 ιι
986 1198 1077 1255 die
1102 1213 1222 1256 esse
1253 1213 1494 1268 passum,
1516 1214 1623 1269 quo
1652 1196 1680 1238 ι)
1712 1199 1882 1254 Adam

272 1287 501 1352 cecidit;
527 1303 590 1343 ea
616 1288 705 1344 die
724 1290 1021 1345 resurrexit
1044 1301 1067 1329 ο
1092 1307 1119 1344 a
1140 1291 1392 1359 mortuis,
1413 1307 1513 1362 qua
1534 1292 1708 1347 lucem
1734 1292 1862 1347 fecit

274 1377 681 1435 Humanitatem
713 1396 930 1451 quoque
959 1397 1113 1435 suam
1151 1385 1459 1452 septenario
1489 1398 1718 1438 numero
1753 1397 1883 1438 con-

272 1484 532 1539 summat,
565 1475 886 1542 nativitatis,
913 1477 1171 1541 inl'antite,
1193 1479 1457 1549 pueritiae,
1479 1480 1881 1549 adolescentiae,

264 1566 594 1636 juventutis,
614 1568 869 1639 perfecta
884 1572 1082 1633 aetatis.
1102 1586 1354 1628 occasum
1370 1569 1420 1626 δ.
1443 1572 1647 1629 Judaeis
1668 1590 1885 1646 quoque

270 1659 669 1718 humanitatem
688 1679 842 1720 suam
865 1665 1028 1721 etiam
1050 1666 1133 1720 his
1153 1666 1329 1723 modis
1356 1668 1588 1733 ostendi,
1618 1684 1740 1723 cum
1759 1684 1885 1725 esu-

268 1753 363 1819 rit,
404 1756 542 1821 sitit,
572 1756 755 1812 ‘cihum
789 1768 1085 1830 potumque
1126 1759 1305 1816 dedit.
1337 1776 1460 1816 cum
1489 1761 1756 1827 ambulat,
1788 1778 1884 1818 eas

2063 602 2310 642 EXPLICIT
2339 602 2657 644 τιιΔετΑι-ιιε
2685 602 2959 644 νιοτοιιιιι
2987 604 3055 643 DE
3084 602 3313 645 ΡΑΒΒΙΒΔ
3340 605 3529 647 IUNDI.

1989 723 2202 779 Primus
2231 741 2295 779 ea:
2332 724 2508 778 codice
2533 723 2887 779 Lambetltano
2932 724 3093 780 edidit
3136 724 3261 782 Gul.
3306 724 3507 785 Carius
3546 728 3601 786 in

2273 816 2534 889 (Historia
2566 817 2770 883 Litter.,
2802 827 2927 872 tom.
2960 834 3005 881 t,
3039 834 3093 887 ρ.
3128 817 3280 888 148.)

1991 934 2473 1000 Iuterpretationem
2502 949 2617 1003 quae
2645 933 2893 999 sequitur,
2924 910 3191 995 Esaiam.
3215 948 3290 998 vr,
3318 947 3519 991 comm.
3537 933 3598 1001 2,

2061 1037 2423 1083 commemorat
2468 1028 2531 1083 S.
2576 1026 2945 1097 Hieronymus,
2979 1027 3127 1099 epist.
3170 1024 3242 1080 ad
3286 1024 3599 1095 Damasum,

2065 1132 2105 1176 t.
2142 1138 2221 1190 ιιι,
2258 1138 2313 1192 p.
2344 1121 2472 1185 518,
2508 1120 2593 1175 ed.
2629 1118 2948 1195 Martiantzi.

1989 1238 2096 1294 Sex
2111 1238 2209 1292 ala:
2225 1238 2314 1291 uni
2336 1235 2422 1309 (ex
2442 1235 2775 1302 Scraphim),
2801 1244 2849 1290 et
2870 1234 3071 1291 sexala!
3091 1236 3243 1290 alteri
3258 1234 3397 1310 (lsa.
3411 1251 3488 1297 Vl.
3510 1235 3597 1307 2),

2060 1328 2370 1384 Victorinus
2421 1337 2608 1383 noster
2661 1325 2949 1382 duodecim
3000 1326 3276 1399 apostolus
3326 1326 3600 1400 interpre-

2060 1432 2202 1478 tatus
2231 1432 2334 1477 est.

1988 1535 2067 1590 De
2115 1536 2177 1591 S.
2216 1534 2468 1591 Victorini
2513 1534 2955 1607 luterpretatioue
2999 1533 3372 1602 Ecclesiastis,
3416 1551 3465 1591 c.
3506 1550 3597 1607 tv,

2058 1644 2242 1682 comm.
2270 1629 2358 1695 15,
2388 1629 2461 1683 ita
2488 1628 2552 1684 S.
2594 1626 2841 1699 Hierom,
2872 1626 3073 1684 Comm.
3109 1628 3163 1683 in
3198 1626 3504 1686 Ecclesiast.
3530 1629 3601 1687 ad

2060 1722 2185 1786 lac.,
2218 1732 2255 1777 t.
2278 1738 2338 1790 ιι,
2370 1740 2424 1792 p.
2443 1722 2572 1779 741.

267 1861 390 1902 csse
416 1848 523 1902 scit
548 1860 592 1913 ι’,
624 1864 747 1905 cum
778 1864 943 1921 super
970 1850 1293 1907 cervicalem
1325 1850 1347 1891 ί
1377 1853 1632 1908 dormivit
1658 1854 1875 1929 (llam,
1911 1871 1959 1933 Β
2058 1854 2318 1928 Origenes
2347 1866 2402 1912 et
2443 1855 2757 1912 Victorinus
2807 1870 2915 1911 non
2970 1856 3201 1911 multum
3251 1858 3397 1913 inter
3423 1871 3483 1913 se
3510 1857 3595 1915 di-

269 1942 347 2005 iv.
376 1945 472 2017 38)
496 1962 517 2010 ;
540 1961 661 2001 cum
709 1959 893 2004 autem
923 1948 1056 2005 freta
1086 1959 1181 2005 aut
1218 1952 1451 2021 procella
1478 1962 1503 2001 ε
1530 1953 1758 2025 pedibus
1800 1956 1884 2010 in—

268 2040 537 2110 greditur,
588 2043 768 2097 ventis
820 2044 1069 2115 imperat.
1117 2060 1292 2118 :cgros
1338 2057 1527 2114 curat,
1568 2058 1621 2102 et
1663 2047 1884 2106 claudos

268 2132 554 2198 reformat,
575 2150 752 2191 ca~cos
774 2136 1082 2208 eloquentia
1101 2138 1331 2193 instituit
1351 2136 1378 2175 ιι
1399 2139 1575 2195 ridete
1598 2140 1882 2205 Dominum

268 2240 327 2281 se
352 2242 474 2282 esse
510 2230 747 2283 nuntiari
777 2230 1023 2299 ejusdem
1061 2230 1106 2287 ί.

338 2318 694 2376 Duodenario
723 2337 951 2378 numero
998 2323 1181 2380 dicere
1211 2329 1225 2375 ι
1268 2333 1327 2379 ιιι
1353 2340 1523 2396 supra
1564 2328 1885 2396 memoravi,

267 2429 364 2485 per
386 2414 671 2471 duodenas
700 2415 867 2471 horas
888 2417 1078 2472 bifarie
1103 2418 1307 2474 divisus
1333 2429 1417 2475 est
1443 2420 1575 2476 lucis
1605 2430 1659 2475 et
1686 2422 1882 2491 noctis,

266 2521 362 2579 per
380 2507 481 2563 has
510 2525 747 2580 namque
768 2509 953 2577 horas,
989 2526 1205 2567 menses
1233 2522 1287 2568 ct
1315 2515 1443 2567 anni
1473 2523 1530 2568 et
1552 2522 1798 2585 tempora
1829 2524 1885 2572 et

265 2602 459 2657 uacula
505 2611 912 2673 computantur.
944 2602 1251 2661 Constituta
1283 2603 1311 2643 ¹ι
1346 2616 1474 2661 sunt
1526 2606 1710 2678 itaque
1762 2609 1883 2663 sine

263 2692 428 2748 dubio
473 2703 658 2750 autem
702 2703 723 2742 ι
754 2695 864 2751 diei
912 2696 1087 2765 angeli
1130 2695 1442 2762 duodecim,
1481 2697 1660 2751 noctis
1704 2698 1881 2768 angeli

262 2786 586 2851 duodecim,
639 2803 739 2857 pro
784 2803 1014 2845 numero
1060 2789 1265 2845 scilicet
1313 2788 1591 2846 horarum.
1644 2790 1705 2845 lli
1752 2801 1880 2847 sunt

262 2893 496 2951 namque
510 2896 664 2936 xxmt
694 2890 862 2937 testes
885 2881 1093 2937 dierum
1115 2892 1171 2938 et
1195 2882 1434 2937 noctium
1462 2881 1673 2956 (Apoc.,
1696 2900 1769 2951 tv,
1792 2882 1873 2957 4),

262 2974 351 3043 qui
383 2972 579 3029 sedent
610 2982 741 3029 ante
771 2974 1024 3029 thronum
1056 2975 1173 3042 Dei,
1210 2990 1442 3030 coronas
1472 2989 1671 3031 aureas
1701 2976 1753 3031 in
1783 2992 1879 3031 ca-

260 3065 457 3135 pitibus
485 3065 600 3120 suis
632 3066 928 3131 habentes,
980 3081 1118 3137 quos
1164 3067 1217 3121 in
1248 3076 1289 3103 ω
1327 3069 1683 3140 Apocalypsis
1717 3068 1885 3124 Joan—

262 3159 345 3216 nis
394 3161 628 3234 apostoli
656 3171 713 3216 et
751 3160 1099 3233 evangelista:
1154 3161 1399 3217 seniores
1444 3170 1632 3228 vocat,
1680 3162 1884 3220 idcirco

1987 1967 2145 2007 versa
2188 1960 2495 2006 senserunt.
2524 1950 2655 2005 Post
2679 1951 2990 2020 generalem
3019 1948 3165 2005 enim
3198 1950 3345 2006 illam
3376 1959 3599 2008 senten-

1988 2045 2140 2113 tiam,
2173 2059 2295 2115 qua:
2321 2044 2576 2100 omnibus
2597 2052 2764 2114 patet,
2794 2042 2939 2115 quod
2962 2043 3158 2099 melior
3186 2045 3258 2099 sit
3280 2044 3601 2101 adulescen-

1989 2139 2134 2194 tulus
2154 2153 2362 2209 pauper
2389 2146 2444 2193 et
2460 2138 2701 2208 sapiens,
2729 2152 2891 2207 quam
2920 2152 3015 2192 rex
3042 2151 3208 2194 senex
3238 2124 3598 2210 et'insipiens,

1988 2242 2044 2289 et
2074 2232 2217 2304 quod
2268 2233 2581 2303 frequenter
2618 2231 2833 2295 evenit,
2886 2240 2946 2285 ut
2987 2230 3077 2287 ille
3128 2247 3225 2301 per
3271 2232 3596 2300 sapientiam

1991 2340 2144 2381 suam
2176 2326 2339 2381 etiam
2366 2315 2435 2381 de
2463 2339 2685 2380 carcere
2726 2324 2871 2393 regis
2909 2322 3199 2394 egrediens
3243 2324 3475 2392 imperet
3497 2339 3596 2392 pro

1990 2418 2335 2474 dominatore
2367 2432 2629 2486 perverso
2657 2434 2672 2482 ;
2705 2425 2761 2471 et
2788 2432 2880 2472 res
2914 2416 3177 2486 insipiens
3207 2416 3396 2487 perdat
3428 2417 3600 2487 impe-

1993 2513 2158 2579 rium,
2187 2511 2331 2582 quod
2379 2510 2637 2566 tenebat:
2667 2525 2831 2582 super
2876 2507 3095 2565 Christo
3117 2520 3174 2566 et
3207 2510 3429 2566 Diaboln
3457 2510 3601 2567 hunc

1986 2605 2165 2661 locum
2219 2605 2557 2672 interpretati
2588 2613 2734 2670 sunt,
2766 2603 2912 2675 quod
2946 2620 3175 2673 puerum
3227 2620 3519 2677 pauperem
3544 2615 3603 2662 et

1986 2702 2311 2771 sapientem,
2335 2698 2613 2755 Christum
2630 2698 2800 2754 velint
2828 2699 3243 2768 puerum,juxta
3272 2698 3426 2763 illud,
3451 2714 3601 2772 mag-

1986 2808 2113 2846 uum
2138 2791 2234 2847 tibi
2263 2799 2347 2848 est
2378 2792 2558 2847 vocari
2591 2800 2643 2847 te
2671 2806 2895 2862 puerum
2922 2806 3101 2846 meum
3124 2792 3289 2863 (lsa.,
3325 2807 3473 2857 ms,
3500 2792 3596 2865 6);

1987 2900 2279 2956 pauperem
2320 2900 2472 2947 vero,
2514 2887 2639 2956 quia
2673 2898 2878 2955 pauper
2907 2883 3081 2939 lactus
3114 2893 3218 2950 est,
3248 2900 3414 2956 quum
3440 2884 3596 2941 dives

1986 2989 2135 3037 esset
2167 2979 2233 3049 (ll
2262 2978 2365 3033 Cor
2394 3019 2409 3040 .
2428 2994 2523 3034 vut
2544 3022 2560 3046 ,
2583 2977 2639 3054 9)
2659 2995 2674 3044 ;
2698 2988 2752 3033 et
2780 2979 3101 3049 sapientem,
3120 2979 3245 3049 quia
3278 2977 3596 3048 proﬁciebat

1988 3083 2149 3129 aetate
2176 3082 2235 3128 et
2276 3072 2541 3142 sapientia
2572 3080 2627 3126 et
2654 3070 2825 3141 gratia
2870 3070 3012 3141 apud
3043 3071 3215 3126 Deum
3255 3080 3312 3125 et
3351 3070 3600 3127 homines

1989 3164 2144 3241 (Luc.
2156 3209 2170 3235 ,
2192 3182 2250 3233 ιι,
2266 3181 2453 3221 comm.
2472 3164 2619 3236 ult.).
2635 3164 2742 3220 Iste
2759 3173 2919 3221 natus
2929 3174 3014 3221 est
3035 3165 3089 3221 in
3112 3178 3282 3236 regno
3296 3164 3465 3231 senis,
3488 3175 3597 3225 etc.

1485 3278 1868 3340 LECTIONES
1904 3283 2328 3342 VARIANTES.

320 3379 347 3409 ⁸
382 3380 537 3430 Forte
559 3378 630 3430 Ea
664 3378 886 3430 Walter.

315 3441 344 3481 b
382 3444 458 3493 Fo
485 3448 535 3493 te
556 3442 665 3501 Qua
698 3442 919 3494 Wallter.

315 3506 341 3535 ο
378 3506 532 3556 Forte
554 3499 917 3559 Resurrexisse
941 3499 1163 3555 Walltcr.

312 3565 340 3605 δ
376 3569 530 3620 Forte
553 3567 771 3618 Occasus
802 3565 1021 3617 Walter.

319 3636 343 3663 ε
379 3637 528 3682 Forte
547 3630 613 3682 Ει
630 3631 845 3681 secessit
866 3627 1041 3682 Roulh.

319 3693 341 3733 ι
379 3695 533 3745 Forte
549 3692 774 3746 Cervical
790 3691 961 3746 ΗοιιιΙι.

314 3760 340 3799 ε
375 3759 529 3811 Forte
545 3754 831 3808 Proeellosa
853 3754 1022 3809 Deleta
1047 3759 1131 3805 aut
1152 3756 1329 3808 notato.

1900 3381 1947 3444 ρ
2044 3380 2077 3419 h
2111 3383 2258 3434 Forte
2281 3377 2467 3434 excidit
2513 3378 2699 3430 Surdus
2744 3377 2861 3429 facit
2905 3378 3096 3439 audire,
3124 3384 3178 3431 et
3198 3387 3420 3432 mortuos
3442 3382 3599 3433 resti-

1980 3446 2075 3496 tuit
2100 3444 2269 3498 Routh.

2049 3509 2067 3547 1
2112 3509 2259 3559 Forte
2282 3507 2525 3558 Nuntiare
2544 3507 2733 3557 eisdem
2756 3504 2933 3558 Rautlt.

2050 3571 2066 3621 i
2110 3573 2260 3622 Forte
2281 3569 2406 3620 Dies
2427 3566 2599 3622 Βοιώ.

2044 3636 2073 3673 ι
2110 3635 2257 3684 Forte
2271 3632 2533 3686 Constituti
2569 3630 2790 3683 Wallter.

2049 3696 2067 3735 ι
2111 3696 2316 3747 Delatd.
2343 3697 2525 3745 Autem
2550 3692 2619 3746 ait
2654 3694 2875 3748 Wallter,

2041 3760 2083 3790 ³³³
2108 3759 2163 3810 [ιι
2181 3758 2359 3811 delend
2380 3762 2539 3811 monet
2568 3757 2791 3810 Walker.

1631 3840 2206 3901 COMMENTARIUS.

248 3960 477 4032 perinde
502 3968 670 4030 atque
706 3958 801 4032 alii
842 3966 1057 4013 veteres
1082 3965 1489 4032 tractatoreset
1511 3957 1828 4032 citronologi
1844 4002 1863 4026 ,

248 4028 335 4088 vix
360 4047 555 4103 opera:
580 4028 813 4103 pretium
836 4039 920 4085 eSt
943 4039 1045 4103 ,ιιι
1069 4029 1191 4099 quis
1230 4028 1499 4103 ostendat.
1530 4029 1703 4084 Paulo
1744 4028 1866 4099 post

248 4104 300 4159 in
327 4100 485 4160 Cavii
517 4100 835 4173 apographo
864 4102 1095 4172 positum
1146 4110 1231 4157 est
1273 4100 1550 4157 mandasse
1577 4116 1674 4170 pro
1714 4104 1871 4157 iuun-

245 4177 410 4231 dasse.
495 4174 715 4231 Βουτιι.

318 4246 400 4302 Ea
425 4249 516 4301 die
540 4248 599 4301 in
617 4262 773 4299 carne
790 4262 899 4301 esse
920 4261 1236 4302 conversum.
1257 4262 1360 4315 qua
1381 4254 1588 4306 terram.
1619 4254 1729 4301 etc.
1752 4245 1867 4301 Non

245 4320 570 4377 conveniret
598 4317 703 4371 hoc
724 4333 847 4371 cum
874 4318 967 4371 illo
993 4320 1056 4369 ad
1080 4318 1174 4371 lin.
1203 4316 1289 4378 15.
1318 4335 1377 4371 ea
1402 4316 1485 4369 die
1508 4317 1559 4369 in
1582 4333 1738 4371 carae
1764 4336 1871 4374 esse

250 4406 579 4457 conversum,
609 4406 714 4457 qua
745 4388 829 4442 die
854 4389 1106 4444 hominem
1135 4388 1203 4459 de
1227 4387 1383 4442 humo
1412 4397 1689 4451 instruxit,
1720 4391 1865 4459 quod

248 4462 444 4517 faenum
475 4456 631 4517 esse
653 4460 956 4515 ostenditur
984 4459 1120 4513 libro
1161 4456 1370 4514 Genesis
1396 4459 1484 4513 die
1511 4470 1673 4514 sexto
1692 4503 1706 4519 .
1736 4456 1863 4516 dum

245 4543 385 4589 terra
411 4544 469 4588 et
490 4548 644 4601 aqua
671 4534 759 4587 die
790 4532 949 4585 tertio
977 4531 1291 4601 apparuisse
1320 4531 1592 4597 dicuntur,
1625 4533 1725 4587 nisi
1753 4535 1865 4590 aias

246 4605 443 4660 Christi
464 4600 905 4659 incarnationem
928 4605 981 4657 in
1002 4613 1156 4656 utero
1170 4601 1231 4656 Β.
1250 4600 1488 4673 Virginis
1506 4602 1622 4659 haec
1645 4602 1863 4671 quidem

246 4676 467 4747 intelligi
498 4676 733 4747 debere.
763 4672 964 4747 Confer
988 4674 1153 4747 verba
1186 4673 1356 4747 patdo
1380 4689 1541 4747 supra
1587 4675 1653 4730 ad
1684 4675 1779 4729 lin.
1808 4676 1863 4740 9,

246 4757 299 4821 et
321 4744 441 4803 not:
466 4749 524 4803 in
562 4746 882 4817 Fragment.
913 4744 931 4799 Ι
960 4745 1196 4800 Cltronici
1224 4745 1489 4815 Africani,
1517 4746 1625 4801 vol.
1658 4762 1716 4812 ιι,
1742 4762 1863 4821 pag.

246 4818 369 4876 259.
446 4820 675 4876 Βοοτιι.

318 4892 431 4960 Qua
458 4904 609 4947 terra
639 4900 685 4943 et
708 4904 840 4960 aqua
869 4890 1020 4957 {cetus
1044 4905 1163 4960 suos
1187 4888 1477 4960 ediderunt.
1511 4888 1626 4944 Hoc
1666 4890 1863 4947 factum

250 4958 557 5035 diequinte
586 4976 715 5018 esse
741 4958 936 5035 dicitur
960 4962 1104 5035 ad_._p.
1140 4958 1267 5035 256,
1308 4959 1475 5035 l._28.
1507 4962 1576 5015 At
1614 4976 1745 5016 vero
1769 4978 1861 5017 sua

504 5048 657 5107 aqua
680 5033 896 5104 quidem
921 5032 1148 5089 traditur
1167 5030 1259 5087 die
1278 5032 1489 5103 quinto,
1517 5041 1660 5089 terra
1681 5045 1865 5090 autem

248 5104 332 5162 die
352 5118 538 5163 sexto.
562 5104 576 5107 ’
631 5105 842 5160 Rouru.

321 5178 395 5232 Ea
421 5180 511 5234 die
535 5194 657 5233 esse
682 5194 912 5249 passum,
941 5194 1041 5248 qua
1067 5177 1233 5231 Adam
1255 5179 1456 5233 cecidit.
1483 5178 1715 5245 Lapsum
1743 5191 1866 5233 esse

248 5248 412 5305 Adam
440 5267 508 5306 eo
537 5252 670 5321 ipso
695 5250 803 5313 die,
835 5262 942 5320 quo
966 5250 1111 5305 illum
1142 5252 1436 5307 creavisset
1466 5250 1606 5307 Deus
1627 5292 1644 5319 ,
1674 5264 1865 5307 omnes

252 5322 358 5378 ten
385 5331 664 5379 statuunt.
743 5322 953 5376 Rouru.

321 5394 571 5465 Occasus.
600 5392 686 5449 De
697 5403 880 5465 morte
903 5410 1004 5450 vox
1028 5395 1296 5451 interdum
1313 5394 1617 5450 adhibetur.
1644 5395 1861 5451 Rou'ru.

320 5463 568 5523 Essesse
613 5465 730 5518 scit.
784 5463 905 5524 For.
956 5468 1343 5533 scribendum,
1397 5477 1444 5520 et
1480 5468 1702 5521 secessit.
1745 5466 1861 5522 Vox

258 5544 391 5594 cuius
439 5537 657 5594 secessit
704 5544 809 5590 vet.
862 5538 1025 5593 latino
1070 5538 1350 5608 interpreti
1399 5539 1663 5593 solennis.
1698 5538 1859 5594 Verbi

258 5625 428 5673 causa,
458 5610 597 5665 Cum
624 5617 795 5660 autem
822 5609 1043 5662 audisset
1083 5609 1257 5674 Jesus,
1289 5610 1427 5674 quod
1452 5609 1680 5664 Joannes
1705 5612 1839 5663 tradi

262 5627 428 5673 causa,
458 5627 597 5665 eum
624 5627 795 5660 autem
822 5627 1043 5662 auarsm
1083 5627 1257 5674 usus,
1325 5627 1424 5662 uoa
1452 5627 1680 5664 Joannes
1705 5627 1838 5663 (rant

262 5690 337 5757 ius
361 5692 509 5757 esset,
537 5678 776 5757 5961‘sle
800 5680 1179 5757 (ἀνεχώρησα)
1207 5683 1259 5733 iu
1283 5627 1553 5757 Z‘altlwam
1582 5680 1768 5757 (Matt.
1786 5698 1863 5753 ιν,

266 5754 368 5823 ιι).
393 5751 499 5810 Sed
522 5751 596 5807 ad
622 5749 775 5806 Cavii
799 5749 1095 5818 marginem
1124 5749 1410 5822 legendum
1437 5768 1558 5808 esse
1578 5749 1865 5824 cunjit-itnr

265 5830 417 5892 spicas
429 5842 530 5897 pro
543 5840 663 5886 eas.
687 5824 815 5897 Mox
827 5823 1049 5897 ceruical
1074 5825 1355 5895 legendum
1373 5834 1504 5897 puto
1522 5841 1619 5896 pro
1644 5827 1863 5881 cervica-

270 5897 373 5968 ιω,
392 5895 454 5957 et
468 5898 617 5970 [rata
634 5895 951 5965 procellam,
980 5910 1079 5967 pro
1105 5900 1236 5967 freta
1260 5908 1350 5952 om
1375 5895 1621 5967 procella.
1648 5898 1858 5958 Rouru.

2047 3959 2223 4015 Ctecos
2243 3961 2532 4029 eloquentia
2552 3945 2790 4016 instituit.
2818 3958 3181 4031 Eloquentiam
3202 3961 3325 4029 Ms.,
3350 3972 3405 4020 et
3421 3965 3598 4022 clades

1974 4032 2195 4097 antique
2224 4048 2319 4100 pro
2343 4032 2580 4088 claudos.
2611 4034 2848 4098 Dixerat,
2876 4033 3091 4089 claudos
3109 4035 3379 4102 reformat.
3408 4043 3595 4095 statim

1979 4114 2107 4157 ante
2131 4103 2296 4178 istud.
2316 4120 2478 4169 eccos
2502 4104 2796 4178 eloquentia
2823 4106 3189 4178 instituittﬂic
3214 4122 3343 4160 vero
3368 4121 3595 4178 propter

1978 4176 2344 4250 septenarium
2375 4190 2681 4250 numerum.
2711 4176 2913 4250 dequo
2952 4185 3028 4250 tot
3057 4176 3370 4250 Victorinus
3410 4176 3591 4250 habet,

1978 4248 2065 4301 vix
2095 4247 2287 4321 dubito
2324 4247 2450 4321 quin
2490 4246 2798 4318 hujusmodi
2838 4248 3085 4318 quaedam
3127 4248 3217 4321 ille
3257 4246 3591 4321 addidisset,

1976 4320 2160 4371 surdos
2183 4320 2307 4387 facit
2324 4318 2527 4383 audire,
2549 4317 2599 4373 et
2618 4331 2849 4374 mortuos
2860 4317 3110 4374 restituit.
3130 4317 3285 4375 Cunl'.
3314 4319 3467 4384 Luc..
3490 4317 3589 4385 VII.

1973 4390 2061 4462 32.
2096 4390 2303 4445 Interea
2350 4390 2528 4462 Melita
2570 4390 2848 4446 sardensis
2892 4393 2943 4445 in
2991 4391 3295 4462 fragmento
3341 4392 3481 4448 Libri
3528 4395 3593 4450 de

1979 4460 2345 4555 Incaruatione
2369 4460 2558 4555 Christi
2588 4462 2657 4551 i‘ta
2690 4463 2876 4553 scribit
2947 4460 3097 4555 8:6;—
3118 4466 3231 4555 γὰρ.
3266 4462 3334 4551 ὦ)
3366 4465 3497 4555 eiqu
3532 4490 3588 4524 τε

1970 4540 2052 4590 καὶ
2079 4532 2342 4610 ἅνθρωπος
2371 4534 2559 4595 τέλειος
2590 4534 2618 4610 ὁ
2649 4536 2827 4610 αὐτὸς,
2852 4537 2947 4596 τὰς
2961 4534 3055 4610 δύο
3075 4532 3235 4610 antiret”:
3265 4532 3449 4599 οὐσίὰς
3475 4542 3586 4597 ἑπι-

1976 4606 2223 4696 itri-tauro
2252 4608 2370 4694 ἡμῖν
2388 4619 2419 4697 ⁸.
2435 4611 2524 4665 τήν
2550 4607 2895 4699 μὲνβὲᾁτητα
2934 4609 3094 4698 αὐτοις)
3122 4606 3206 4699 δέςὶ
3363 4613 3592 4699 σημείων

1971 4678 2330 4757 ενᾲτῇατρ-ιετίᾳ
2357 4686 2420 4751 τῇ
2446 4681 2577 4757 me
2605 4680 2665 4733 τὸ
2692 4678 2992 4757 βάπτισμα.
3022 4684 3111 4739 τήν
3139 4678 3194 4757 δέ
3220 4678 3593 4757 daemonica

1970 4750 2380 4874 αὐτὸῦξὶνῃτὸῖς
2408 4751 2685 4826 τριάκοντα
2715 4750 2929 4827 χρόνοις
2952 4758 3061 4813 τοῖς
3091 4753 3193 4830 πρό
3222 4750 3321 4806 τοῦ⁷
3353 4753 3587 4826 βαπτίσ-

1973 4843 2157 4874 ιιατος.
2286 4834 2455 4874 Otl'l'll.

2014 4843 2157 4883 ατος.
2239 4834 2455 4876 ιιοιιτιι.

1969 4845 2157 4895 ματος.
2240 4845 2455 4876 ηυυτιι.

2048 4891 2293 4963 Nuntiari
2321 4892 2569 4963 ejusdem.
2623 4891 2951 4948 Duodenario
2992 4910 3203 4949 numero
3243 4895 3431 4950 dicere.
3467 4896 3577 4954 Lo-

1972 4974 2094 5018 cum
2127 4962 2599 5019 mendosissimum
2648 4965 2717 5018 ita
2752 4967 3047 5021 emendes:
3076 4965 3335 5021 Nuntiare
3368 4972 3583 5028 eisdem.

1969 5036 2304 5091 Duodenario
2333 5052 2543 5091 numero
2585 5036 2714 5091 dies.
2748 5036 3030 5093 Lcctorem
3082 5038 3227 5093 enim
3272 5038 3338 5093 ad
3366 5041 3580 5098 initium

1969 5108 2399 5164 commentarioli
2430 5110 2512 5163 sui
2543 5108 2609 5162 ad
2650 5126 2701 5178 p.
2733 5108 2859 5177 505,
2897 5109 2936 5164 I.
2969 5110 3026 5175 5,
3058 5110 3221 5165 mittit
3252 5122 3462 5238 nunctor.

3343 5199 3462 5238 ιιυτι

3343 5199 3507 5241 "U'l'll.

2040 5252 2430 5322 Computautur.
2466 5262 2569 5308 etc.
2605 5252 2703 5307 Ms.
2745 5262 3107 5323 computantur
3133 5256 3409 5309 constituta
3436 5269 3579 5315 sunt.

1969 5322 2153 5394 Itaque
2181 5326 2291 5379 sine
2312 5324 2465 5379 dubio
2486 5335 2654 5379 autem
2678 5324 2797 5377 diei.
2826 5324 3144 5382 Walke'rum
3170 5326 3327 5382 verba
3358 5328 3499 5383 inter
3521 5345 3581 5386 se

1964 5396 2127 5457 aliter
2155 5395 2597 5465 distinguentem,
2630 5405 2683 5449 et
2709 5398 2977 5451 constituti
3004 5399 3352 5467 scribentem,
3386 5400 3568 5463 deleto

1968 5478 2161 5539 autem,
2183 5468 2352 5537 magis
2372 5468 2707 5539 sequendum
2730 5483 2853 5526 esse
2881 5471 3039 5535 duco,
3068 5485 3228 5539 quam
3254 5471 3398 5523 viros
3424 5470 3574 5531 doct.

1967 5541 2034 5595 ad
2065 5536 2217 5612 Cavii
2251 5536 2421 5610 marg.
2453 5536 2541 5611 qui
2571 5541 2765 5612 partic.
2799 5553 2845 5597 et
2890 5536 3101 5596 addunt
3124 5553 3251 5597 ante
3298 5542 3575 5598 constituta

1966 5621 2103 5666 sunt.
2186 5610 2402 5667 Rourn.

2039 5682 2180 5756 Quos
2207 5681 2327 5756 [in].
2364 5684 2656 5739 Delendnm
2684 5685 2757 5737 ait
2796 5687 2851 5739 in
2882 5683 3190 5741 Walkerus.
3225 5683 3397 5739 Minus
3425 5696 3574 5743 recte

1965 5754 2270 5826 apocalyﬁsi
2288 5754 2347 5810 in
2379 5756 2688 5826 apographo
2714 5757 2950 5812 Caviano
2973 5766 3170 5812 exstat.
3252 5756 3466 5812 llouru.

2042 5826 2154 5900 Sea:
2178 5826 2297 5891 alte,
2322 5834 2429 5880 etc.
2452 5826 2811 5900 Victorinum,
2836 5845 2994 5900 quem
3019 5827 3123 5883 hoc
3148 5828 3268 5885 loco
3292 5839 3576 5900 propterea

1964 5898 2203 5971 appellat
2248 5909 2477 5954 nostrum
2521 5898 2904 5972 Hieronymus,
2934 5900 3077 5972 quod
3126 5916 3159 5958 e
3206 5898 3566 5970 scripturihus
