3950 6358
317 371 425 427 515

1289 375 1344 432 S.
1389 373 1731 431 VICTOBINI
1771 371 2129 429 MARTYRIS
2168 373 2665 432 FRAGMENTUM.

3531 373 3640 430 516

318 485 398 545 De
442 487 701 546 Victorino
731 495 804 547 ita
849 493 1022 547 scribit
1064 492 1126 547 S.
1157 490 1518 562 Hieronymus,
1547 490 1760 544 Advers.
1788 487 1920 544 Hel-
1947 492 1997 550 Α
2025 488 2104 544 De
2133 491 2309 546 eadem
2334 491 2602 547 Sententia
2646 493 2718 544 ita
2765 490 2827 546 S.
2859 490 3077 546 Hieron.
3107 491 3301 546 Comm.
3336 492 3389 546 in
3420 488 3637 558 Eur-In,

828 588 1040 654 vidium,
1075 595 1112 642 t.
1137 602 1210 651 tv,
1244 604 1296 656 p.
1334 586 1456 640 1M.

401 718 478 774 De
507 718 787 774 Victorino
843 720 894 774 id
948 735 1153 784 assero,
1188 719 1331 790 quod
1363 729 1418 773 et
1447 717 1515 773 de
1541 717 1922 789 Evangelistis,

331 808 528 866 fratres
559 827 682 866 eum
706 812 910 868 dixisse
937 813 1170 876 Domini,
1192 827 1295 866 non
1323 811 1459 865 ﬁlios
1482 811 1657 864 Maria:
1685 829 1698 865 :
1729 810 1926 865 fratres

321 911 525 968 autem,
577 919 642 958 eo
682 919 868 967 sensu,
899 919 1056 974 quem
1092 905 1338 975 superius
1392 905 1763 975 exposuimus,
1798 919 1924 974 pro-

325 993 650 1064 pinquitate,
685 1011 787 1050 non
815 1006 1025 1050 natura.

381 1109 459 1165 De
507 1111 770 1167 Sententia
813 1114 1035 1181 quadam
1089 1115 1354 1180 Victorini,
1410 1116 1748 1188 aliorumque,
1801 1119 1872 1171 ita

662 1206 725 1261 S.
761 1205 976 1261 Hieron.
1007 1207 1079 1261 De
1114 1207 1250 1262 Viris
1277 1209 1394 1273 ιιι..
1423 1227 1468 1264 c.
1505 1211 1592 1265 18.

395 1318 496 1375 Hic
521 1319 766 1393 (Papias)
799 1322 995 1378 dicitur
1031 1323 1178 1378 mille
1228 1340 1491 1379 annormn
1519 1325 1784 1396 judaicam
1818 1325 1932 1380 edi.

331 1409 474 1466 disse
499 1411 832 1490 δευτέρωσιν,
861 1430 1018 1484 quem
1065 1417 1236 1469 secuti
1269 1426 1396 1470 sunt
1431 1417 1661 1471 lrenzens
1681 1427 1738 1471 .et
1768 1417 1934 1485 Apol-

335 1501 563 1558 linarius
594 1514 648 1559 et
695 1507 896 1574 caeteri,
931 1507 1022 1576 qui
1069 1516 1190 1577 post
1220 1510 1673 1564 resurrectionem
1699 1510 1853 1570 aiunt
1881 1512 1931 1562 in

331 1610 497 1651 carne
547 1612 668 1652 cum
699 1602 898 1654 sanctis
928 1601 1212 1654 Dominum
1242 1612 1614 1666 regnaturum.
1645 1602 1935 1657 Tertullia-

331 1701 434 1741 nus
481 1704 695 1759 quoque
752 1691 802 1744 in
837 1691 978 1745 libro
1005 1692 1071 1744 de
1099 1693 1207 1760 Spe
1248 1693 1509 1761 ﬁdelium,
1555 1703 1609 1748 et
1648 1693 1937 1749 Victorinus

329 1777 740 1847 Petabionensis,
769 1791 823 1837 et
855 1781 1170 1839 Lactantius
1197 1784 1296 1840 hac
1327 1786 1582 1856 opinione
1605 1786 1899 1841 ducuntur.
1973 1783 2021 1842 B

2572 598 2618 635 c.
2646 581 2737 648 56,
2766 590 2802 637 ι.
2831 599 2910 649 ιιι,
2931 600 2985 652 p.
3005 583 3133 638 959..

2106 718 2290 788 Neque
2317 718 2460 772 enim
2488 718 2639 788 juxta
2665 716 2907 786 judaicas
2938 717 3164 781 fabulas,
3187 734 3322 788 quas
3361 719 3437 773 illi
3468 718 3641 775 δευτε-

2036 817 2220 890 ρὼσεις
2243 813 2530 883 appellant,
2566 822 2890 879 gemmatam
2920 822 2974 866 et
3018 827 3236 867 auream
3267 813 3334 867 de
3374 813 3517 866 cmlo
3541 830 3640 866 ex-

2048 916 2320 972 pectamus
2345 903 2707 970 Hierusalem,
2734 921 2833 959 nec
2863 920 3074 959 rursum
3122 906 3327 974 passuri
3359 905 3642 960 circumci-

2043 996 2506 1065 siouisinjuriam,
2559 1013 2657 1050 nec
2687 998 2916 1051 oblaturi
2968 1009 3245 1052 taurorum
3297 1007 3353 1052 et
3407 999 3637 1053 arietum

2043 1091 2313 1155 victimas,
2351 1105 2448 1145 nec
2477 1091 2683 1145 sabbati
2711 1093 2824 1144 otio
2855 1093 3189 1146 dormiemus
3231 1092 3386 1159 Quod
3409 1103 3464 1148 et
3489 1093 3642 1148 multi

2045 1192 2369 1248 nostrorum,
2403 1196 2456 1236 et
2489 1183 2759 1252 prrecipue
2791 1182 3111 1237 Tertulliani
3141 1185 3296 1245 liber.
3326 1185 3416 1254 qui
3449 1185 3633 1239 inscri-

2041 1273 2183 1327 bitur
2209 1276 2273 1328 de
2307 1277 2413 1343 Spe
2461 1274 2717 1339 ﬁdelium,
2748 1284 2802 1328 et
2832 1274 3094 1330 Laelanlii
3126 1277 3516 1330 itlSlllllliOllelll
3547 1290 3644 1327 v0-

2042 1366 2222 1419 lumen
2282 1367 2569 1434 septimum
2627 1367 2954 1436 pollicetur;
3013 1380 3067 1422 ct
3108 1367 3357 1420 Victorini
3396 1367 3646 1422 Petobio-

2041 1461 2208 1514 nensis
2266 1459 2508 1533 episcopi
2558 1461 2766 1515 crebra}
2817 1463 3230 1532 expositiones;
3269 1473 3323 1515 et
3355 1478 3525 1530 imper
3549 1463 3646 1516 Se-

2041 1572 2202 1611 verus
2231 1569 2416 1612 noster
2449 1557 2499 1610 iii
2532 1556 2768 1626 dialogo,
2801 1557 2885 1612 cui
2925 1556 3079 1612 Gallo
3130 1571 3326 1610 nomen
3362 1556 3642 1624 imposuit.

2045 1650 2111 1704 Et
2161 1659 2217 1704 nt
2263 1650 2481 1705 Graecos
2527 1651 2823 1715 nominem,
2867 1661 2920 1704 et
2953 1651 3185 1718 primum
3233 1660 3646 1718 extremumque

2053 1746 2399 1816 conjuogam,
2428 1743 2668 1801 Irenteus
2695 1756 2750 1800 et
2777 1744 3174 1816 Apollinarius.

1683 1900 2058 1960 COMMENTA
2071 1905 2250 1964 RIUS.

328 2035 689 2094 Ecclesiasten
721 2039 860 2094 inter
889 2040 1021 2092 alios
1051 2038 1108 2092 S.
1142 2038 1438 2107 Scriptum
1467 2040 1653 2100 libros.
1685 2041 1759 2094 ait
1782 2041 1924 2096 idem

331 2109 797 2184 Hieronymusﬂe
848 2109 978 2164 Viris
1019 2109 1225 2164 Illustr.
1257 2126 1288 2165 a
1333 2127 1420 2166 me
1463 2111 1586 2166 huic
1630 2115 1928 2184 fragmento

331 2181 607 2250 praeﬁxos.
685 2182 893 2237 Rovm.

403 2254 576 2314 Senis,
609 2263 738 2318 etc.,
786 2267 892 2308 etc.
926 2254 1057 2308 Cum
1092 2269 1196 2309 non
1224 2263 1439 2309 constet
1463 2300 1476 2317 ,
1508 2256 1677 2310 utrius
1709 2255 1922 2310 tandem

329 2323 438 2380 sint
468 2325 632 2379 verba
679 2326 829 2380 istazc
853 2368 870 2393 ,
899 2325 1144 2397 Origeois
1194 2343 1262 2381 an
1292 2325 1550 2381 Victorini
1575 2368 1589 2391 ,
1642 2328 1795 2397 plora
1843 2328 1929 2384 hic

404 2486 862 2559 Commentarium
880 2486 958 2559 (1)
977 2485 1260 2554 scripsisse
1276 2486 1610 2559 Victorinum
1634 2489 1686 2559 in
1706 2485 1926 2559 Joannis

331 2557 712 2631 Apocalypsin,
748 2557 907 2611 tradit
941 2557 1312 2628 'Ilieronymus
1340 2575 1497 2626 supra
1531 2557 1606 2610 De
1643 2557 1777 2631 Viris
1818 2558 1919 2623 ιιι,

332 2630 392 2704 p.
414 2631 540 2685 9.55.
571 2631 652 2690 Ad
687 2638 968 2684 tractatum
1005 2641 1184 2704 autem
1216 2632 1359 2704 quod
1405 2631 1595 2704 attinet
1639 2630 1690 2682 in
1728 2641 1879 2704 _to_mo
1909 2645 1925 2682 ι

332 2699 660 2774 Bibliotheca:
683 2711 884 2766 patrum
909 2703 1152 2774 parisina?
1174 2699 1407 2774 edition,
1426 2703 1515 2774 qui
1541 2700 1929 2774 Victoriui‘no-

332 2778 478 2831 mine
494 2771 781 2842 inscriptus
800 2771 1207 2839 esl,‘tlicendum
1224 2789 1345 2827 cum
1370 2773 1735 2835 Tilleutontio,
1770 2771 1924 2826 .llcm.

335 2845 509 2909 Eccl-.,
539 2856 667 2899 tom.
703 2861 732 2894 ν
758 2886 771 2904 ,
810 2855 919 2898 ιιοι.
956 2846 1019 2904 9.,
1056 2846 1104 2896 in
1150 2843 1207 2896 S.
1249 2843 1505 2898 Victorini.
1546 2843 1929 2910 Lttl‘tilICl'Utllle

338 2919 415 2974 De
447 2916 642 2986 Evang.
673 2914 821 2971 Fide.
848 2926 984 2983 part.
1017 2932 1077 2976 ll,
1109 2917 1199 2967 lib.
1227 2933 1264 2981 i,
1294 2932 1415 2980 cap.
1447 2915 1538 2978 56,
1566 2931 1620 2985 p.
1651 2917 1925 2980 195,010.,

338 2989 720 3058 interpolatum
745 2987 962 3053 quidem
987 3004 1109 3040 eum
1143 2986 1334 3040 librum
1365 2987 1547 3051 fuisse,
1580 2996 1632 3040 et
1661 2986 1931 3058 nonnullis

336 3063 390 3118 in
425 3057 556 3114 locis
587 3069 871 3118 mutatum,
903 3060 994 3113 sed
1029 3058 1286 3126 majorem
1320 3069 1496 3112 tamen
1530 3068 1732 3126 partem
1759 3057 1875 3124 ejus
1901 3074 1931 3110 ιι

336 3131 617 3189 Victorino
646 3145 831 3183 revera
862 3132 1143 3194 scriptum,
1178 3129 1334 3198 idque
1363 3144 1427 3182 co
1462 3129 1626 3189 magis
1654 3172 1664 3187 .
1706 3131 1847 3195 quod
1879 3129 1932 3181 in

337 3203 584 3275 plurimis
607 3201 765 3254 rebus
786 3203 1206 3275 commentarius
1230 3203 1328 3253 isne
1353 3216 1474 3253 eum
1502 3201 1589 3275 illo
1619 3201 1692 3252 De
1717 3199 1935 3275 lt‘tibrica

340 3271 525 3329 Mundi
555 3274 874 3341 fragmento,
909 3281 1026 3338 post
1067 3271 1286 3324 Civium
1319 3287 1459 3323 nunc
1499 3273 1666 3329 edito,
1713 3271 1936 3341 pulchre

339 3347 644 3400 conveniat.
686 3340 883 3397 Confer
926 3354 974 3395 et
1019 3342 1268 3402 (Ii-illier,
1309 3341 1536 3394 Histoire
1574 3340 1811 3411 generale
1853 3344 1937 3393 des

339 3419 558 3470 Auteurs
585 3416 753 3468 sacres
779 3425 820 3466 et
845 3412 1269 3482 ecclésiastiques,
1297 3425 1440 3468 tome
1462 3429 1540 3477 ιιι,
1565 3429 1683 3482 cap.
1711 3413 1803 3478 9.1,
1831 3411 1858 3483 §
1884 3415 1936 3478 3,

357 3505 394 3542 ι.
427 3487 553 3542 556.

357 3505 394 3542 ι.
427 3505 553 3542 om.

342 3505 358 3559 Ι
416 3563 527 3628 Age
559 3574 720 3619 vero,
757 3558 1005 3612 breviora
1037 3558 1284 3628 quaedam
1331 3556 1544 3613 Scholia
1579 3555 1834 3608 Victorini
1885 3555 1937 3607 in

343 3631 693 3704 Apocalypsin
721 3629 874 3700 quasi
916 3639 1040 3704 post
1081 3628 1287 3704 lunittio
1330 3629 1445 3704 jam
1475 3628 1693 3704 reducta
1740 3637 1865 3704 sntit
1907 3642 1936 3678 a

345 3697 627 3759 Gallandio
648 3742 662 3764 ,
697 3697 817 3769 qua:
851 3697 1054 3768 primus
1082 3718 1145 3754 ex
1183 3697 1448 3756 casineosi
1481 3701 1668 3753 codice
1694 3697 1939 3750 ediderat

347 3773 575 3829 Basilius
609 3773 872 3826 .\|i|lanius
903 3772 1197 3824 monachus
1226 3773 1456 3834 casinas,
1493 3770 1761 3831 Bononiae,
1796 3785 1938 3821 anno

347 3846 508 3901 i558.
538 3845 729 3909 Aitque
759 3842 1092 3902 Gallandins,
1130 3844 1180 3894 in
1217 3841 1539 3895 Bibliotheca:
1583 3854 1788 3909 patrum
1827 3856 1938 3893 sua:

347 3935 385 3972 t.
407 3932 464 3970 IV
509 3935 558 3984 p.
593 3916 643 3976 6.
674 3930 732 3968 se
755 3915 954 3967 nullum
981 3913 1236 3979 dtthitari,
1261 3915 1304 3984 si
1328 3914 1638 3966 Vll'lSdt)Cll5
1663 3923 1939 3984 perspecta

345 3983 571 4054 hujusce
600 3987 838 4052 opusculi
856 3985 1022 4038 editio
1039 3986 1194 4038 unica
1211 3983 1470 4051 adeoque.
1500 3999 1712 4050 perrara
1729 3983 1940 4043 fuisset,

352 4080 371 4113 ι
409 4061 536 4130 quin
571 4057 804 4122 Scholia,
861 4066 1128 4130 tamquam
1157 4056 1444 4130 genuinum
1478 4055 1730 4130 Victorini
1778 4057 1940 4108 fetum

345 4126 711 4199 excepissent;
762 4129 1212 4198 agnovissvotque
1254 4126 1411 4180 simul
1457 4127 1786 4199 subdititium
1829 4141 1946 4177 om-

348 4198 490 4257 nino
523 4215 673 4264 ense,
721 4209 905 4269 utpote
967 4199 1100 4253 mire
1143 4199 1554 4267 interpolatum.
1606 4198 1948 4269 Ωοιιιιιιριιιξισ

350 4275 491 4329 rium
524 4273 669 4325 illum
701 4273 750 4325 io
786 4267 1158 4341 'Apocalypsin
1183 4314 1195 4328 .
1227 4271 1314 4336 qui
1361 4271 1460 4324 sub
1485 4271 1603 4341 ejus
1639 4271 1854 4341 nomine
1893 4267 1945 4320 in

351 4358 558 4412 patrum
597 4343 944 4398 Bibliothecis
981 4339 1375 4396 circumfertur.
1417 4361 1432 4391 ι
1471 4340 1558 4395 Sic
1605 4341 1714 4394 ille.
1763 4339 1946 4408 Quan-

351 4432 511 4485 quam
541 4431 668 4468 vero
697 4417 922 4485 vestigia
954 4414 1272 4480 antiquioris
1315 4413 1578 4485 doctrinae
1607 4413 1658 4465 in
1703 4413 1784 4464 bis
1815 4413 1940 4463 bre-

352 4483 591 4542 viioribus
621 4483 1093 4539 sclioliis'subinde
1119 4483 1446 4548 deprehendi
1466 4528 1478 4544 ,
1512 4485 1830 4550 interpolata
1873 4494 1951 4533 ta-

353 4574 476 4614 men
507 4559 694 4611 istltzec
719 4559 787 4612 ab
812 4558 994 4625 aliquo
1027 4558 1164 4611 male
1196 4556 1385 4610 feriato
1421 4557 1585 4610 fuisse
1633 4554 1760 4607 ntilti
1803 4553 1950 4625 videe

354 4633 567 4695 bantur,
601 4631 646 4684 si
691 4629 851 4683 modo
877 4624 1066 4684 eadem
1110 4629 1174 4681 ad
1209 4627 1538 4684 Victorinum
1585 4628 1726 4680 tertii
1766 4624 1947 4678 strettli

354 4703 671 4772 scriptorem
702 4716 828 4756 vere
857 4701 1207 4770 pertinerent.
1239 4700 1399 4754 Extat
1426 4701 1477 4752 io
1509 4700 1612 4752 illis
1643 4696 1712 4751 ad
1746 4712 1946 4752 comm.

422 4836 495 4900 (ιι
522 4836 753 4896 Quamvis
777 4837 1120 4885 admiserimns
1165 4835 1496 4900 Victoriniana
1535 4834 1722 4884 scholia
1747 4845 1858 4896 quae
1884 4833 1964 4882 hic

357 4898 531 4951 noSter
556 4900 745 4961 ιἐςνιιὶι
766 4907 1142 4958 commentator,
1169 4898 1350 4954 melius
1375 4906 1539 4948 tamen
1574 4901 1727 4961 visum
1763 4903 1842 4961 est
1877 4909 1963 4942 no-

356 4963 437 5015 bis
476 4959 652 5026 notare
679 4974 791 5026 quae
820 4963 896 5012 'de
940 4963 1141 5013 scholiis
1185 4964 1234 5011 in
1271 4960 1595 5026 Apocalypsin
1634 4959 1800 5012 Routh
1837 4970 1961 5008 cen-

360 5025 536 5078 suerit.

2034 2046 2397 2101 transcribere
2424 2047 2773 2114 supersedeo.
2855 2047 3072 2102 Reum.

2109 2117 2184 2170 De
2221 2113 2560 2172 Victoriuo’id
2589 2137 2784 2182 assero,
2817 2130 2922 2174 etc.
2962 2114 3258 2182 Helvidius,
3293 2113 3420 2169 dum
3456 2127 3653 2184 perpe-

2034 2196 2178 2242 tuam
2222 2191 2562 2257 Oppugnabat
2604 2192 2659 2245 S.
2711 2192 2891 2245 Maria:
2940 2189 3302 2258 virginitatem
3338 2229 3352 2253 ,
3386 2184 3653 2240 Victorini

2036 2260 2200 2315 verba
2233 2262 2477 2331 quagdam
2508 2261 2825 2317 adduxerat.
2910 2262 3128 2315 Rourn.

2034 2489 2120 2554 Η,
2155 2502 2273 2555 cap.
2308 2503 2357 2550 ι,
2390 2489 2561 2557 Apoc.
2589 2505 2602 2543 :
2628 2487 2796 2556 Caput
2835 2497 3002 2541 autem
3037 2489 3149 2558 ejus
3197 2497 3243 2540 et
3287 2485 3468 2553 capilli
3511 2497 3659 2541 erant

2033 2559 2160 2623 albi,
2188 2571 2321 2620 etc.,
2349 2560 2725 2628 interpretatio
2749 2561 2846 2613 ista
2879 2578 2890 2610 :
2920 2558 2982 2613 In
3011 2557 3215 2628 capillis
3239 2557 3371 2611 albis
3393 2558 3650 2628 abbatum

2031 2641 2106 2684 es!
2137 2631 2410 2683 multitudo
2465 2627 2664 2684 lterum
2687 2632 2752 2684 ad
2776 2647 2973 2684 comm.
3006 2627 3096 2690 18⁷,
3127 2647 3250 2696 cap.
3280 2645 3370 2683 xm
3400 2646 3413 2680 :
3463 2627 3661 2683 Nume-

2033 2718 2121 2754 rus
2150 2703 2261 2769 ejus
2291 2718 2472 2755 nomen
2506 2703 2745 2763 hominis,
2774 2713 2821 2755 et
2851 2720 3092 2755 numerus
3119 2704 3233 2766 ejus
3257 2702 3482 2754 sexcenti
3507 2717 3660 2753 sera-

2035 2774 2176 2842 ginta
2203 2789 2310 2826 scr.
2345 2784 2463 2839 post
2486 2774 2653 2826 inulta
2681 2773 2781 2827 alia
2813 2773 2915 2828 hoc
2939 2773 3179 2827 additum
3204 2784 3285 2826 est
3316 2770 3488 2825 :Itcm
3513 2772 3660 2824 aliud

2036 2846 2149 2913 ejus
2196 2842 2548 2915 (antichristi)
2580 2861 2758 2897 nomen
2802 2846 3002 2913 got/tice
3025 2887 3039 2908 ,
3069 2845 3205 2913 quod
3235 2861 3324 2912 per
3347 2861 3401 2897 se
3426 2844 3658 2911 liquebit,

2037 2916 2090 2966 id
2120 2926 2196 2967 est
2222 2958 2235 2975 ,
2284 2919 2593 2991 Γενςι-ηρικός
2621 2958 2635 2991 ,_
2669 2920 2802 2991 quod
2851 2916 3026 2991 eodem
3074 2915 3443 2991 inodagra'cis
3481 2915 3664 2968 litteris

2037 2990 2315 3060 continuati
2341 2981 2558 3060 7',_t'res,
2578 2988 2658 3060 _s',
2689 2988 2926 3054 quinque,
2959 2981 3064 3040 clc.
3098 2981 3449 3060 Stgttiﬁcatnr
3474 2998 3662 3060 autem

2039 3056 2365 3112 Gensericns
2390 3057 2746 3111 Vanzlalorum
2772 3074 2886 3119 rex,
2912 3061 2998 3126 qui
3028 3060 3229 3113 seculo
3251 3059 3444 3127 quinto
3469 3056 3662 3111 Catho-

2043 3130 2172 3182 licos
2203 3129 2253 3182 in
2289 3128 2464 3182 Africa
2499 3139 2735 3182 vexarat.
2769 3131 2884 3181 Alia
2917 3128 3070 3182 mitto
3096 3172 3110 3192 ,
3143 3130 3236 3184 sed
3273 3138 3432 3182 notes
3461 3127 3659 3193 lector,

2042 3216 2247 3269 quaeso,
2277 3201 2329 3252 iit
2359 3200 2550 3254 eodem
2580 3203 2835 3268 Opttseulo
2869 3218 2974 3254 non
3010 3212 3214 3253 tanttim
3262 3200 3406 3269 quod
3443 3198 3495 3252 iit
3551 3202 3658 3253 line

2043 3273 2305 3324 adversus
2334 3272 2608 3324 cltiliastas
2640 3274 2897 3339 scriptum
2924 3283 3091 3337 extat,
3124 3273 3216 3325 Sed
3248 3273 3455 3324 scholia
3487 3270 3576 3322 adi
3608 3274 3664 3324 in

2047 3353 2213 3394 totum
2243 3356 2403 3406 Caput
2437 3342 2746 3397 vicesimum
2793 3345 3107 3397 eorttnideut
3157 3345 3442 3396 settlentiai
3484 3353 3662 3408 oppo-

2044 3414 2178 3473 sita;
2223 3414 2320 3466 etsi
2343 3456 2355 3478 ,
2394 3425 2550 3481 prout
2596 3418 2663 3467 de
2693 3420 2862 3467 altero
2892 3416 3285 3469 commentario
3328 3429 3495 3483 agens
3527 3415 3659 3466 olim

2047 3486 2248 3537 notavit
2280 3487 2491 3549 (larius,
2530 3485 2838 3539 Ἥρωι-ἠως
2873 3487 2922 3538 iu
2953 3486 3349 3538 contriti-utario
3378 3500 3497 3542 suo.
3531 3483 3664 3538 Ilie-

2045 3572 2271 3626 ronyuto
2301 3556 2349 3608 id
2384 3557 2583 3610 diserte
2614 3555 2875 3613 tratlcnte.
2907 3557 3275 3610 cltiliaslttrutn
3303 3558 3475 3609 errori
3509 3555 3665 3609 farc-

2043 3629 2132 3690 rit,
2169 3627 2417 3694 idemque
2448 3627 2690 3688 profecto
2723 3645 2772 3680 ιιι
2823 3628 3126 3689 fragmento
3153 3669 3168 3693 ,
3203 3627 3346 3696 quod
3383 3638 3663 3696 superest,

2046 3698 2120 3751 De
2155 3696 2372 3751 Fubrica
2407 3697 2618 3757 .llnndi,
2655 3698 2861 3753 fecerit.
2895 3701 2999 3753 Sed
3035 3699 3150 3752 Irec
3193 3699 3478 3752 hactenus.
3509 3697 3656 3752 Poe-

2044 3782 2268 3831 matum,
2299 3786 2419 3837 quat:
2453 3769 2727 3833 Vietoripo
2758 3770 3000 3823 nonnulli
3031 3771 3413 3829 attribtmrunt.
3449 3770 3662 3824 nullum

2045 3842 2158 3912 pari
2191 3843 2383 3910 gaudet
2419 3842 2729 3912 testimonio
2753 3855 2909 3906 atque
2943 3843 3104 3895 breve
3132 3841 3261 3894 illud
3294 3856 3520 3894 carmen
3567 3842 3666 3894 ad-

2048 3917 2150 3966 huc
2181 3922 2372 3965 extans
2401 3914 2464 3965 de
2491 3911 2649 3966 Cruce
2693 3912 2899 3966 Domini
2925 3914 3005 3966 vel
3039 3914 3100 3964 de
3147 3912 3419 3969 Paschnte.
3466 3913 3666 3965 inscri-

2048 3997 2217 4047 ptum,
2245 3985 2398 4050 cuius
2425 3985 2563 4037 duos
2592 3984 2795 4043 priores
2821 4001 3007 4037 versus
3047 3983 3326 4036 Victorino
3367 3983 3660 4052 adscripsit

2049 4055 2201 4112 Beda
2234 4057 2557 4110 venerabilis
2586 4057 2637 4109 in
2679 4056 2862 4110 libello
2891 4056 2952 4107 de
2980 4054 3129 4107 Locis
3155 4056 3396 4118 Sanctis,
3432 4070 3556 4122 cap.
3600 4056 3634 4109 5
3655 4097 3670 4119 ,

2050 4142 2167 4200 pag.
2206 4125 2333 4192 489,
2370 4138 2500 4180 tom.
2529 4144 2609 4200 ιιι,
2639 4129 2726 4181 ed.
2764 4126 2926 4200 Basil.
2958 4144 3018 4200 :_t
3063 4130 3292 4200 ...._Qua
3324 4126 3523 4200 ductus
3553 4127 3674 4200 cpi-

2055 4197 2233 4262 itione,
2275 4217 2292 4248 ι
2329 4201 2492 4268 inquit
2527 4199 2699 4264 Beda,
2737 4216 2755 4248 ι
2795 4197 3096 4252 Vielorinus
3140 4197 3497 4251 Pictaviensis
3530 4199 3672 4252 anti-

2054 4281 2170 4326 stes
2205 4267 2478 4334 li'cclesim,
2507 4271 2574 4324 de
2602 4270 2864 4341 Golgotlia
2887 4271 3143 4324 scribens
3183 4276 3251 4323 ita
3282 4267 3500 4323 inchoat
3527 4286 3540 4322 :
3575 4288 3594 4320 ι

2256 4387 2408 4444 locus,
2434 4401 2497 4434 ex
2521 4389 2652 4435 omni
2673 4386 2889 4435 medium
2907 4399 3059 4448 quem
3078 4384 3328 4448 credimus
3353 4384 3498 4444 orbe,

2150 4449 2390 4513 Golgotba
2409 4449 2570 4498 ,ιιιαωί
2591 4451 2748 4512 patrio
2771 4447 3068 4511 cogudaniue
3089 4447 3278 4497 dicunt.

2055 4580 2441 4636 Verumtamen
2491 4580 2776 4636 sententize
2820 4579 3036 4633 illorum
3089 4577 3230 4632 haud
3273 4575 3543 4647 refragor.
3577 4577 3668 4646 qui

1977 4665 2028 4724 ι)
2059 4663 2274 4721 propter
2301 4651 2425 4724 styli
2457 4650 2810 4705 diﬂ’ereutiam
2832 4667 2866 4724 _a
2901 4649 3177 4724 Victorino
3206 4648 3676 4724 cartnen‘ahjudio

2070 4719 2197 4778 care
2239 4719 2436 4784 velint;
2471 4737 2590 4774 nam
2624 4724 2784 4776 latine.
2829 4722 2974 4792 loqui
3005 4730 3192 4792 auctor
3221 4719 3678 4792 poetnatis‘vide-

2070 4806 2172 4854 tor,
2196 4793 2245 4847 id
2264 4793 2403 4862 quod
2423 4793 2490 4847 de
2511 4792 2782 4848 Victorino
2807 4795 2856 4848 in
2883 4789 3108 4848 tractatu
3137 4790 3212 4845 De
3238 4791 3456 4845 Fabrica
3487 4789 3676 4844 Mundi

2067 4867 2152 4920 vix
2181 4865 2489 4919 dicendum.
2521 4864 2768 4920 Facultas
2811 4867 2953 4920 enim
2985 4881 3114 4934 pure
3141 4873 3196 4918 et
3221 4864 3510 4918 emendate
3538 4863 3677 4916 scri-

2066 4938 2226 4993 bendi
2263 4937 2313 4989 in
2336 4936 2611 5008 cumulum
2635 4938 2805 4994 sancti
2834 4933 3085 5008 martyris
3112 4936 3353 5008 laudum,
3384 4944 3523 4990 teste
3553 4933 3678 5004 plu-

2066 5009 2214 5067 ribus
2241 5007 2376 5064 locis
2407 5008 2755 5081 Hieronymo,
2784 5025 2892 5064 non
2921 5005 3174 5064 accessit.
