3950 6338
247 542 1638 574 _____________.________

1014 391 1070 445 S.
1122 387 1461 443 VIC'I‘UIHNI
1500 384 1792 440 SCIIOLIA
1829 381 1892 437 IN
1924 376 2391 437 APOCALYPSIN
2434 376 2495 431 Β.
2539 373 2835 430 .lOANNIS.

1655 530 3554 555 Μ

989 551 2658 824 MIVICTOR’E
2670 669 2793 811 Ν
2811 670 2876 809 Ι

1222 927 1526 985 EI’ISCOI’I
1569 920 2112 980 I’I'LTAVIONENSIS
2151 919 2240 974 ΕΤ
2282 917 2639 974 MARTYRIS

560 1126 1090 1213 SCHOLIA
1146 1122 1267 1206 IN
1347 1113 2150 1202 APOCALYPSIN
2209 1113 2548 1194 BEATI
2605 1109 3105 1194 JOANNIS
3161 1102 3266 1178 (¹)ο

1594 1483 1840 1542 INCIPIT
1880 1480 2267 1539 EXPOSITIO.

810 1671 886 1711 EX
925 1669 1124 1710 CAPITE
1155 1667 1343 1708 PBIIO.

326 1860 379 1915 I.
413 1856 769 1930 Apocalypsi:
795 1855 927 1910 Jesu
948 1852 1164 1918 Christi,
1194 1869 1349 1924 quam
1378 1853 1519 1906 dedit
1550 1851 1628 1904 illi
1668 1849 1808 1905 Deus
1839 1859 1886 1902 et

252 1955 477 2008 ostendit
508 1951 672 2004 seruis
714 1949 826 2002 suis
866 1964 982 2017 qua:
1008 1956 1204 2016 oportet
1235 1946 1348 2012 ﬁeri
1375 1947 1497 2010 cita,
1532 1957 1578 1998 et
1606 1944 1877 2014 signi/ica-

254 2048 343 2099 rit.
380 2043 534 2097 Beati
559 2044 648 2113 qui
677 2042 851 2110 legunt
870 2051 916 2092 et
947 2040 1035 2108 qui
1063 2039 1281 2090 audiunt
1309 2053 1568 2089 sermones
1593 2037 1747 2097 huius
1768 2052 1887 2102 pro-

257 2139 470 2209 phetiae,
503 2146 554 2190 et
583 2145 791 2189 servant
843 2149 960 2202 qua:
1005 2131 1197 2200 scripta
1227 2139 1368 2182 sunt.
1401 2129 1730 2198 Principium
1765 2129 1886 2182 libri

259 2233 660 2289 beatitudinem
719 2226 947 2295 legenti,
1003 2239 1162 2296 atque
1219 2223 1484 2288 audienti,
1544 2235 1593 2276 et
1651 2223 1888 2277 servanti

261 2327 555 2398 promittit,
580 2335 639 2378 ut
669 2323 892 2377 lectioni
924 2320 1150 2376 studens
1197 2319 1393 2374 exinde
1419 2336 1582 2389 opera
1612 2319 1806 2384 discat,
1836 2329 1892 2372 et

260 2434 536 2496 prmcepta
566 2420 868 2476 custodiat.

328 2519 386 2574 4.
410 2516 599 2572 Gratia
630 2515 772 2569 vobis
795 2524 844 2568 et
872 2530 978 2580 pax
997 2513 1059 2565 ab
1089 2528 1147 2566 eo
1190 2512 1278 2580 qui
1317 2521 1414 2574 est,
1463 2519 1510 2562 et
1558 2510 1645 2577 qui
1673 2521 1804 2573 erat,
1843 2519 1890 2562 et

259 2614 344 2682 qui
374 2623 629 2665 venturus
661 2618 760 2661 est.
795 2606 912 2671 Est,
942 2608 1066 2677 quia
1105 2617 1405 2676 permanet.
1437 2603 1588 2668 Erat,
1614 2605 1734 2672 quia
1765 2619 1888 2658 cum

263 2709 420 2760 t’atre
437 2703 628 2757 omnia
651 2702 800 2766 fecit,
830 2711 887 2755 et
915 2716 1057 2753 nunc
1077 2716 1140 2754 ex
1175 2697 1384 2767 virgine
1406 2697 1617 2751 initium
1637 2699 1885 2767 sumpsit.

274 2799 530 2854 l'enturus
553 2808 650 2857 est.
683 2797 871 2865 utique
895 2796 961 2848 ad
985 2793 1360 2861 iudicandum.

330 2893 401 2947 Et
419 2911 450 2945 a
468 2905 669 2961 septem
685 2891 954 2959 spiritibus
968 2889 1056 2956 qui
1071 2888 1121 2940 in
1144 2896 1417 2955 conspectu
1433 2886 1604 2938 throni
1620 2887 1732 2950 eius
1749 2896 1888 2939 sunt.

263 2986 657 3054 Septit’orniem
687 2983 938 3051 Spiritum
967 2979 1020 3033 in
1046 2979 1204 3033 Esaia
1231 2979 1456 3046 legimus
1492 2975 1666 3047 (Εδιι.,
1697 2993 1771 3040 xi,
1807 2976 1886 3047 2),

259 3049 503 3145 spiritum
547 3049 806 3128 videIicet
851 3071 1118 3140 sapientia:
1162 3080 1207 3122 et
1245 3069 1563 3134 intellectas,
1616 3069 1812 3120 consilii
1847 3078 1892 3122 et
1922 3049 1967 3107 Β

262 3168 616 3238 fortitudinis,
634 3164 864 3218 scicntia:
876 3174 922 3215 et
937 3163 1160 3231 pietatis,
1181 3161 1418 3228 spiritum
1438 3160 1633 3212 timoris
1655 3158 1886 3213 Domini.

331 3261 383 3315 ὃ.
422 3259 494 3315 Et
525 3259 590 3312 ab
625 3259 752 3310 Jesu
781 3254 985 3309 Christo
1016 3256 1102 3323 qui
1152 3266 1222 3306 est
1255 3255 1390 3304 testis
1418 3253 1607 3321 fidelis,
1639 3254 1891 3322 primoge-

261 3358 395 3409 nitus
428 3361 781 3406 mortuorum.
810 3349 864 3401 In
888 3347 1107 3400 ltetnine
1139 3357 1394 3413 suscepto
1423 3344 1693 3413 perhibuit
1737 3346 1888 3398 testi—

262 3453 508 3505 monium
571 3450 623 3502 in
679 3448 904 3508 nmudo,
966 3447 1154 3514 inquo
1207 3443 1367 3496 etiam
1401 3459 1612 3512 passus,
1647 3458 1744 3495 suo
1793 3457 1890 3496 nos

261 3545 532 3615 sanguine
587 3541 751 3596 Solvit
782 3557 810 3592 a
842 3549 1092 3609 peccato,
1122 3553 1186 3590 ac
1216 3537 1489 3591 debellato
1513 3537 1740 3598 interno,
1780 3536 1889 3604 pri-

261 3658 349 3694 mo
380 3637 700 3694 resurrexit
722 3651 752 3688 a
776 3634 1026 3698 mortuis,
1057 3645 1110 3686 et
1153 3648 1289 3684 mors
1319 3631 1458 3683 ultra
1505 3632 1548 3682 ei
1596 3648 1698 3683 non
1725 3632 1889 3682 domi-

260 3733 470 3786 nabitur
515 3729 700 3803 (Rom.
756 3743 828 3788 Vt.
861 3728 916 3797 9)
950 3744 962 3780 :
995 3727 1114 3795 ipso
1159 3736 1340 3778 autent
1389 3735 1649 3793 regnante
1703 3725 1890 3779 mundi

259 3840 489 3896 regnum
516 3823 861 3879 destructum
884 3829 986 3874 est.

331 3922 384 3976 6.
418 3919 488 3974 Et
513 3919 640 3988 fecit
671 3934 764 3971 nos
785 3932 999 3986 regnum
1019 3924 1065 3967 et
1087 3913 1376 3967 sacerdotes
1402 3913 1508 3966 Duo
1526 3923 1571 3965 rt
1605 3911 1749 3966 l’atri
1773 3930 1881 3966 suo.

261 4016 315 4070 ld
347 4026 432 4070 est
469 4013 724 4068 omnium
757 4010 996 4064 fidelium
1021 4007 1346 4070 Ecclesiam,
1376 4007 1514 4061 sicut
1543 4007 1732 4062 Petrus
1757 4023 1890 4077 quo-

259 4127 361 4181 que
401 4107 695 4180 aposmlus
730 4104 898 4160 dicit:
928 4103 1061 4157 Gens
1093 4113 1270 4156 sancta
1300 4143 1315 4169 ,
1346 4101 1517 4172 regule
1548 4103 1888 4157 sacerdotium

260 4203 301 4274 (I
326 4202 498 4267 Petr.,
537 4215 598 4267 ιι,
623 4198 705 4268 9).

328 4296 380 4350 7.
412 4294 561 4348 Ecce
592 4293 752 4346 veniet
781 4309 896 4344 cum
943 4291 1178 4358 nubibus,
1232 4301 1278 4344 et
1324 4291 1508 4345 videbit
1560 4309 1674 4346 eum
1722 4295 1887 4347 omnis

260 4396 441 4448 oculus
491 4390 606 4457 Qui
627 4389 773 4442 enim
806 4387 978 4456 primo
999 4387 1050 4442 in
1083 4400 1339 4458 suscepto
1364 4390 1581 4443 bomine
1607 4391 1756 4442 venit
1785 4405 1884 4443 oc-

1913 1648 1967 1707 Λ
1993 1665 2232 1718 hominis.
2279 1664 2522 1720 Similem
2551 1665 2684 1718 dicit.
2716 1675 2836 1734 post
2877 1673 3109 1719 mortem
3151 1664 3446 1730 devictam,
3476 1679 3601 1718 cum

1992 1759 2331 1815 ascendisset
2365 1762 2416 1813 in
2448 1760 2638 1822 cmlos,
2662 1760 2973 1814 ’adunatam
3011 1762 3061 1814 in
3091 1775 3189 1814 suo
3215 1775 3448 1828 corpore
3478 1776 3602 1814 cum

1993 1854 2182 1924 spiritu
2211 1854 2395 1922 gloria:
2425 1870 2557 1916 suae,
2584 1870 2745 1924 quam
2776 1855 2980 1918 recepit
3009 1871 3034 1904 a
3071 1854 3227 1908 Patre
3250 1862 3592 1922 potestatem.

2065 1949 2153 2003 15.
2193 1949 2353 2012 Quasi
2385 1950 2550 2016 [ilium
2593 1950 2810 2001 hominis
2839 1947 3183 2001 ambulantem
3218 1949 3349 2002 inter
3384 1949 3606 2001 medium

1992 2039 2416 2093 caudelabrorum
2448 2057 2739 2094 aureorum.
2783 2039 2930 2094 Inter
2983 2041 3216 2094 medium
3253 2041 3382 2094 dicit
3431 2041 3608 2094 eccle-

1994 2135 2218 2198 siarum,
2243 2136 2382 2188 sicut
2411 2137 2460 2188 in
2492 2135 2785 2190 Salomone
2804 2135 3028 2189 dicitur:
3051 2134 3192 2187 Inter
3215 2135 3420 2187 semitas
3439 2135 3607 2201 justo-

1993 2227 2403 2280 rumambnlabo
2434 2227 2616 2300 (ΡΙ-ου.
2665 2243 2774 2290 vm,
2822 2227 3122 2298 ‘20).cujus
3170 2225 3463 2296 antiquitas
3524 2235 3610 2281 est

1994 2322 2391 2386 immortalitas,
2422 2335 2476 2376 et
2504 2323 2801 2391 majestatis
2831 2325 3005 2392 origo.

2079 2414 2322 2468 Vestitnm
2370 2417 2542 2470 talari.
2570 2417 2624 2470 In
2654 2426 2803 2472 veste
2833 2418 3009 2483 talari,
3057 2417 3107 2471 id
3141 2428 3224 2472 est
3261 2416 3608 2482 sacerdotali,

1995 2524 2212 2563 carnem
2247 2527 2366 2580 (pro
2413 2521 2664 2578 eorrupta
2694 2519 2776 2564 est
2804 2509 2880 2583 (2)
2934 2510 2998 2562 ad
3049 2520 3301 2574 mortem,
3347 2519 3402 2562 et
3448 2507 3613 2563 habet.

1995 2620 2092 2673 per
2125 2606 2430 2673 passionem
2464 2603 2854 2667 sacerdotium,
2886 2604 3230 2672 apertissime
3255 2602 3532 2655 traditum.

2070 2697 2135 2751 Et
2167 2699 2468 2766 prwciuctus
2496 2709 2602 2751 erat
2624 2699 2692 2750 nd
2721 2698 2978 2750 mamillas
3002 2714 3130 2748 zona
3157 2711 3334 2748 aurea.
3361 2694 3611 2748 Mantilltn

1997 2793 2114 2862 ejus
2140 2792 2250 2846 duo
2275 2804 2401 2847 sunt
2425 2793 2797 2858 Testamenta,
2815 2802 2868 2846 et
2889 2807 3024 2846 zona
3049 2806 3213 2845 aurea
3233 2789 3433 2843 chorus
3451 2803 3610 2841 sanc-

1999 2896 2172 2938 tortnn
2204 2895 2308 2952 est,
2359 2898 2413 2940 ut
2465 2904 2655 2940 aurum
2700 2903 2798 2956 per
2849 2887 3023 2956 ignem
3071 2885 3377 2948 probatum.
3414 2882 3608 2946 Aliter,

1997 2993 2130 3031 zona
2159 2994 2320 3033 aurea
2351 2980 2590 3034 accincta
2635 2981 2838 3048 pectori
2885 2978 3171 3032 conﬂatam
3195 2976 3608 3041 conscientiam,

1999 3084 2050 3126 et
2070 3088 2260 3142 purum
2292 3073 2734 3143 spititualennpie
2766 3072 2966 3126 indicat
2995 3085 3237 3135 sensum,
3262 3069 3352 3139 qui
3384 3069 3612 3122 traditus

1996 3176 2078 3219 est
2103 3167 2367 3220 eet-lesiis.

2074 3260 2156 3312 14.
2187 3257 2353 3330 Caput
2382 3270 2551 3313 autem
2580 3262 2687 3331 ejus
2719 3269 2763 3312 rt
2810 3260 2989 3328 capilli
3029 3268 3173 3310 erant
3220 3257 3322 3310 albi
3351 3267 3612 3325 tamquam

1998 3354 2117 3406 luna
2139 3355 2253 3406 alba
2281 3365 2325 3406 et
2355 3365 2594 3424 tanquam
2628 3357 2733 3410 nix.
2763 3355 2817 3409 In
2844 3357 3021 3423 capite
3049 3354 3252 3408 candor
3282 3353 3609 3414 ostenditur,

1997 3445 2160 3511 Caput
2192 3459 2358 3499 autem
2421 3448 2628 3511 Christi,
2682 3447 2821 3500 Deus
2854 3458 2927 3500 est
2957 3447 3010 3516 (Ι
3045 3447 3188 3509 (lora,
3222 3461 3293 3508 XI,
3325 3445 3401 3513 5).
3436 3442 3492 3494 111
3523 3458 3614 3495 ea.

1997 3540 2139 3608 piIlis
2187 3541 2324 3593 albis
2355 3543 2606 3594 abbatum
2637 3550 2717 3596 0.".
2747 3542 3032 3594 multitudo
3072 3541 3150 3612 (5)
3176 3582 3190 3601 ,
3244 3539 3378 3592 latim
3406 3539 3612 3590 similes

1997 3646 2217 3703 propter
2240 3651 2366 3686 ores
2413 3635 2708 3703 simplices,
2739 3636 2869 3695 nivi,
2905 3644 3127 3704 propter
3160 3630 3610 3686 innumerabilem

1995 3727 2206 3780 tutbam
2233 3726 2638 3780 caod:datorutn
2669 3727 2735 3779 de
2766 3726 2906 3781 cmlo
2931 3726 3236 3779 doctorum.

2073 3818 2222 3873 Oculi
2272 3821 2379 3889 ejus
2431 3820 2562 3872 sicut
2611 3822 2823 3888 ﬂamma
2876 3821 3026 3889 ignis.
3061 3818 3334 3885 Praecepta
3363 3815 3452 3868 Dei
3486 3824 3614 3868 sunt

1994 3929 2112 3982 qua:
2139 3913 2485 3968 credentibus
2529 3913 2836 3968 ministrant
2866 3911 3394 3985 ltunenhinerednlis
3427 3920 3609 3963 autem

1992 4007 2322 4064 incendium.

2068 4103 2154 4157 Ili.
2193 4102 2256 4156 In
2281 4105 2412 4175 {acie
2452 4115 2621 4157 autem
2642 4105 2753 4174 ejus
2775 4105 2987 4157 claritas
3006 4111 3057 4156 ut
3089 4102 3185 4155 sol.
3215 4099 3438 4154 Claritas
3469 4098 3614 4166 quod

1993 4197 2148 4264 dixit,
2201 4201 2467 4268 apparitio
2505 4197 2650 4252 illius
2703 4198 2835 4262 fuit,
2883 4213 2988 4268 qua
3021 4197 3235 4250 locutus
3265 4204 3350 4248 est
3381 4192 3615 4246 homini-

1995 4290 2092 4345 bus
2121 4290 2257 4345 facie
2287 4291 2352 4344 ad
2411 4290 2626 4344 faciem.
2665 4289 2806 4344 Solis
2863 4300 3042 4343 autem
3075 4289 3247 4358 gloria
3299 4289 3478 4340 llllliUl‘
3505 4294 3614 4346 est,

1995 4403 2156 4457 quam
2181 4387 2352 4456 gloria
2393 4386 2644 4450 Domini;
2695 4383 2904 4438 scilicet
2961 4392 3186 4452 propter
3217 4391 3394 4434 ortum
3429 4387 3484 4432 et
3515 4393 3614 4430 oc-

258 4488 455 4551 cultus,
489 4495 624 4555 post
660 4481 932 4551 paululum
986 4481 1038 4533 in
1067 4482 1347 4550 majestate
1373 4493 1424 4536 et
1452 4483 1622 4552 gloria
1645 4482 1714 4536 ad
1741 4483 1888 4553 judi-
1917 4449 1962 4511 C
1996 4498 2204 4545 casum,
2237 4491 2293 4536 et
2315 4497 2526 4535 rursum
2559 4492 2759 4544 ortum,
2791 4477 2936 4548 quod
2969 4487 3126 4530 natus
3163 4475 3232 4528 sit
3261 4484 3315 4528 et
3343 4486 3536 4543 passus
3562 4479 3619 4526 et

256 4579 495 4632 eundum
531 4576 716 4630 veniet
747 4575 1085 4629 manifestus.
1120 4574 1258 4641 Quid
1303 4585 1480 4628 autem
1512 4576 1675 4630 dicit?

330 4671 416 4724 I2.
449 4669 523 4724 Et
551 4683 836 4722 conversus
861 4667 964 4719 uidi
989 4679 1179 4736 septem
1210 4668 1520 4721 candelabra
1551 4686 1730 4736 aurea,
1761 4682 1810 4725 et
1836 4672 1892 4725 in

257 4765 420 4819 medio
471 4773 684 4828 septem
737 4760 1165 4815 candelabrorum
1212 4777 1482 4814 aureorum
1533 4763 1750 4818 similem
1783 4766 1892 4833 [ilio

1994 4578 2311 4632 resurrexit.
2347 4576 2474 4630 Ideo
2503 4574 2653 4628 dedit
2701 4572 3114 4628 similitudinem
3145 4572 3436 4638 scriptura,
3469 4565 3606 4620 assiv

1996 4675 2192 4728 milans
2217 4671 2412 4726 faciem
2437 4671 2554 4742 ejus
2581 4670 2769 4740 gloriae
2797 4668 2953 4724 solis.

2072 4769 2158 4822 I5.
2195 4767 2364 4821 Pedes
2415 4766 2526 4832 eius
2580 4762 2772 4818 similes
2811 4761 3108 4817 aurichalco
3152 4769 3398 4830 tanquam
3422 4759 3475 4812 in
3508 4759 3618 4828 for-

1645 4879 2210 4941 COMMENTARIUS.

330 5003 409 5075 (I)
439 4998 908 5075 llascfscbolizrs.
937 4996 1218 5075 Victorini.
1242 4996 1519 5075 Bononite,
1546 4999 1869 5075 anngIBb'S,

261 5068 460 5146 priin'us
495 5073 682 5146 edidit
722 5069 952 5146 Basilius
987 5068 1258 5146 Millauius
1304 5072 1602 5146 nuinacbus
1640 5068 1866 5146 Casinas

261 5139 318 5203 ex
350 5165 452 5202 ms.
483 5145 689 5200 codice
721 5141 1066 5196 bibliothecae
1093 5139 1436 5204 Casineasis,
1479 5141 1568 5209 qui
1599 5151 1655 5194 ct
1698 5142 1870 5194 adno-

263 5224 490 5274 tationcs
541 5215 774 5282 adjecit.
824 5212 974 5266 Hanc
1019 5214 1259 5265 omnium
1309 5211 1534 5280 prim'im
1583 5212 1876 5268 editionem

262 5295 398 5362 typis
427 5285 832 5362 excutiendam
851 5285 1171 5362 curavimus
1191 5302 1203 5334 :
1240 5285 1376 5338 mire
1406 5283 1674 5353 siquidem
1711 5287 1880 5340 inter-

267 5354 476 5432 putatae,
511 5374 646 5432 quae
675 5359 730 5412 in
761 5355 1105 5412 bibliothecis
1135 5354 1355 5485 Ρδῑῐέιιη
1385 5367 1699 5410 occurrunt.

1291 5443 1519 5482 ALLAND.

1291 5443 1519 5482 ALLAND.

336 5505 412 5579 (2)
466 5505 702 5579 Carnem
735 5517 854 5579 qua;
889 5510 1138 5579 corrupta
1177 5503 1471 5579 est._l-Iune
1515 5501 1692 5554 locum
1718 5542 1733 5565 ,
1781 5500 1882 5555 nisi

272 5571 405 5648 quid'
439 5575 718 5646 quispiam
749 5571 956 5628 aII-rat
1001 5575 1194 5626 melius
1223 5617 1236 5636 ,
1285 5571 1356 5648 ita
1397 5586 1652 5640 cuperent
1694 5587 1884 5648 emen-

274 5644 378 5702 dari
405 5669 418 5702 :
443 5644 674 5703 Canem
698 5663 813 5716 qua:
841 5655 1084 5713 corrupta
1115 5659 1216 5697 non
1249 5653 1319 5716 est
1343 5645 1394 5697 in
1424 5654 1583 5696 marte
1609 5684 1623 5706 ,
1658 5653 1703 5696 et
1733 5644 1882 5696 habet

279 5739 358 5791 per
386 5723 684 5787 passionem
705 5715 1081 5791 sacerdotium,
1096 5715 1415 5791 apertissime
1445 5718 1675 5769 tradunt.

344 5795 422 5862 (ὅ)
446 5791 707 5846 Abbatum
734 5798 809 5842 est
836 5789 1135 5841 multitudo.
1163 5787 1492 5862 qusculum
1517 5801 1646 5840 Sane
1669 5787 1888 5840 docttun

282 5857 477 5920 ctutile
502 5907 519 5928 ,
569 5863 617 5916 si
664 5863 984 5916 universum
1021 5859 1270 5914 attendas
1297 5900 1312 5922 ,
1361 5870 1415 5914 et
1456 5857 1523 5913 de
1559 5875 1665 5928 quo
1707 5873 1894 5913 amare

278 5948 552 5992 auctorem
576 5975 595 6001 ,
633 5935 775 5992 etei
801 5931 1012 5989 debere
1036 5939 1091 5988 te
1122 5931 1414 6000 plurimum
1443 5929 1634 5986 lubens
1663 5929 1889 5988 fateare.

1981 5002 2089 5056 Sed
2137 5002 2334 5056 alicubi
2378 5001 2448 5055 ita
2494 4999 2686 5070 friget,
2744 5009 2804 5054 ut
2845 4999 2934 5054 vix
2981 4998 3113 5054 illud
3169 4998 3395 5054 homine
3438 5001 3608 5055 docto

1982 5074 2205 5143 dignum
2259 5088 2528 5137 censeas,
2581 5085 2633 5126 et
2689 5073 2743 5125 in
2789 5073 3011 5125 dubium
3071 5081 3352 5143 auctorem
3405 5087 3612 5139 voces,

1983 5142 2127 5214 quod
2173 5146 2447 5198 interdum
2489 5145 2734 5199 videatur
2782 5144 3104 5198 recvatioris
3145 5142 3450 5211 caju~piam
3512 5145 3613 5197 bo-

1985 5217 2148 5271 minis
2177 5231 2283 5270 non
2325 5216 2617 5270 admodum
2650 5215 2847 5268 eruditi
2880 5216 3405 5269 commentationem
3440 5215 3610 5268 redo-

1987 5288 2100 5343 lere
2136 5307 2150 5343 :
2192 5299 2249 5342 111
2298 5288 2419 5342 heic
2469 5289 2521 5341 in
2569 5289 2812 5341 abbatum
2863 5287 3254 5355 appellatione.
3312 5283 3446 5338 Nam
3500 5302 3612 5353 quo

1989 5369 2236 5428 tempore
2269 5358 2582 5415 Victorinus
2611 5359 2828 5421 ﬂoruit,
2875 5358 3145 5412 Antonius
3179 5359 3386 5426 primus
3439 5356 3613 5412 abbas

1989 5432 2149 5501 paulo
2165 5433 2404 5486 anterior
2434 5431 2630 5493 fuerat,
2663 5432 2761 5484 nisi
2791 5431 2912 5498 quis
2934 5429 3137 5483 dixerit
3162 5429 3604 5482 monacliisinum

1991 5517 2163 5572 usque
2191 5519 2258 5557 eo
2293 5503 2552 5558 ardenter
2597 5503 2848 5555 homines
2887 5503 3204 5568 complexos
3242 5516 3310 5552 eo
3357 5509 3609 5572 tempore

1993 5570 2194 5639 fuisse,
2247 5587 2303 5628 ut
2347 5576 2590 5645 plerique
2637 5575 2864 5628 abbates
2906 5572 3246 5645 astiterint.
3278 5570 3419 5645 Quid
3461 5573 3608 5640 quod

1990 5630 2294 5700 abbatorum
2344 5630 2514 5700 etiani
2561 5646 2822 5710 scriptum
2875 5630 3103 5711 reperi?
3147 5643 3250 5695 nisi
3289 5630 3420 5711 uuis
3467 5630 3610 5698 forte

1914 5716 2197 5786 Djudicet
2240 5717 2531 5770 albatorum
2579 5716 2862 5786 legendum
2903 5730 3027 5768 esse
3070 5732 3082 5768 :

3127 5728 3288 5782 quam
3332 5714 3605 5776 susiiicio-

1997 5783 2119 5842 iiem
2155 5790 2288 5841 milii
2322 5791 2454 5842 satis
2484 5783 2652 5842 fuerit
2679 5789 2972 5851 indicasse,
3003 5801 3124 5840 cum
3161 5783 3364 5838 nullam
3395 5798 3607 5840 certam

1999 5861 2055 5913 in
2085 5862 2335 5941 tantaiei
2363 5871 2417 5913 et
2443 5861 2685 5927 corrupti
2713 5857 3043 5930 exemplaris
3074 5856 3414 5928 ignoratione
3441 5859 3607 5914 ratio-

1998 5946 2124 5986 nem
2149 5945 2426 6001 aSSIgnare
2448 5945 2663 6000 queam.
