3950 6378
301 402 408 456 519

1526 396 1582 450 S.
1629 390 1976 451 VICTORINI
2018 390 2301 449 SCHOLIA

3521 394 3629 450 5Ξο

300 534 428 574 nuce
446 519 691 589 con/lata.
724 514 900 573 Pedes
930 516 1213 586 apostolos
1236 514 1387 577 dicit,
1412 514 1524 584 qui,
1559 527 1653 581 per
1707 511 1910 582 passio-
1938 512 1991 569 Α
2018 518 2129 565 tera
2162 511 2282 578 ejus
2303 512 2491 567 stellas
2537 521 2743 581 septem
2775 511 2907 567 dixit
2936 528 2949 565 :
2975 510 3099 583 quia
3126 509 3362 581 Spiritus
3405 520 3628 566 sanctus

300 626 426 668 nem
457 610 701 674 conﬂati,
732 610 786 666 in
812 610 1071 665 universo
1093 610 1224 665 orbe
1254 609 1478 664 verbum
1507 608 1625 677 ejus
1658 604 1918 677 przcdica-

300 712 526 771 verunt;
563 717 659 773 per
684 718 822 772 quos
849 704 995 757 enim
1028 701 1325 757 ambulavit
1355 698 1687 767 przedicatio,
1723 700 1917 754 merito

300 793 470 865 pedes
502 793 823 848 nominavit.
868 793 1021 849 [lude
1068 806 1121 846 et
1171 791 1432 861 propheta
1474 791 1793 862 anticipavit
1835 791 1918 845 di-

298 884 475 939 cendo
523 903 536 937 :
585 886 929 939 Adorabimus
969 886 1022 937 in
1065 883 1175 936 loco
1206 882 1292 935 ubi
1332 892 1573 936 steterunt
1600 884 1753 953 pedes
1781 884 1910 953 ejus.

301 975 531 1050 (Psalm.
553 993 738 1042 cxxxr,
760 976 837 1047 7).
855 975 1118 1043 Quoniam
1144 974 1235 1029 ubi
1262 975 1333 1029 illi
1369 976 1598 1043 primum
1624 984 1912 1043 steterunt,

302 1081 359 1126 et
383 1071 685 1127 Ecclesium
718 1072 1205 1131 conﬁrmaverunt,
1240 1068 1291 1123 id
1341 1080 1423 1123 est
1478 1070 1529 1123 in
1585 1068 1793 1135 Iudaea,
1843 1070 1913 1125 ibi

300 1176 495 1218 omnes
548 1162 721 1217 sancti
774 1161 1268 1226 conventurisunt,
1317 1170 1371 1215 et
1420 1161 1707 1216 Dominum
1755 1177 1911 1217 suum

305 1255 602 1311 adoraturi.

373 1350 465 1406 16.
493 1348 558 1404 Et
591 1366 654 1405 ea:
676 1366 763 1405 ore
787 1351 929 1405 illius
955 1350 1162 1423 gladius
1202 1366 1265 1404 ex
1291 1360 1511 1421 utraque
1552 1360 1699 1421 parte
1726 1360 1911 1403 acutus

302 1442 605 1515 procedens.
633 1443 736 1498 Per
792 1444 1027 1515 gladium
1081 1443 1165 1498 bis
1203 1454 1419 1497 acutum
1480 1444 1548 1499 de
1596 1459 1691 1497 ore
1746 1442 1913 1513 ipsius

297 1536 621 1591 emicantem
656 1536 983 1599 OSIenditur,
1008 1538 1183 1605 ipsum
1210 1550 1353 1601 esse,
1385 1536 1474 1605 qui
1496 1542 1551 1590 et
1572 1549 1715 1589 nunc
1745 1549 1911 1590 evan-

300 1629 431 1699 gelii
464 1630 715 1696 verbum,
759 1638 814 1684 et
844 1630 994 1696 prius
1021 1644 1116 1699 per
1141 1628 1325 1683 Mosen
1367 1628 1499 1699 legis
1525 1630 1766 1683 notitiam
1797 1628 1915 1683 uni-

299 1738 465 1779 verso
491 1723 609 1779 orbi
630 1724 871 1794 protulit.
890 1722 994 1779 Sed
1019 1725 1139 1793 quia
1170 1738 1239 1778 ex
1263 1723 1451 1779 eodem
1485 1724 1649 1778 verbo
1674 1723 1726 1777 in
1754 1739 1914 1778 omne

2021 606 2351 674 semiformis
2377 608 2589 660 virtutis
2617 606 2778 660 datus
2807 616 2891 661 est
2919 607 2970 660 in
3016 613 3279 675 potesmte
3318 606 3437 675 ejus
3465 620 3493 658 a
3521 604 3626 658 Pa-

2022 708 2123 751 tre.
2154 698 2304 753 Sicut
2327 698 2521 753 Petrus
2548 698 2613 754 ad
2644 698 2846 754 Judeos
2873 700 3196 755 exclamavit
3226 716 3241 752 :
3279 697 3499 753 Dextera
3532 697 3628 752 Dei

2021 796 2275 845 exultatus
2304 801 2569 861 acceptum
2596 808 2626 843 a
2655 789 2818 845 Patre
2840 792 3091 863 Spiritum
3117 792 3304 863 effudit
3332 790 3467 845 hunc
3480 807 3629 863 quem

2021 885 2201 939 videtis
2230 895 2274 937 et
2301 886 2492 938 auditis
2523 884 2687 958 (Art,
2714 902 2773 954 tt,
2827 886 2951 956 55).
3009 885 3115 941 Sed
3147 895 3201 940 et
3228 884 3465 941 Joannes
3493 886 3629 955 Bap-

2022 976 2142 1029 tista
2165 977 2571 1047 anticipaverat,
2601 977 2883 1046 discipulis
2912 978 3026 1032 suis
3054 978 3284 1033 dicendo
3310 996 3325 1032 :
3350 975 3472 1031 Non
3494 979 3627 1032 enim

2018 1074 2087 1125 ad
2113 1090 2404 1127 mensuram
2432 1074 2520 1126 dat
2553 1073 2810 1142 Spiritum
2837 1072 2991 1127 Deus.
3032 1072 3204 1137 Pater,
3250 1072 3441 1144 inquit,
3492 1081 3633 1127 amat

2018 1164 2232 1229 Filium,
2271 1176 2317 1219 et
2347 1167 2520 1221 omnia
2565 1166 2703 1221 dedit
2747 1167 2799 1220 in
2850 1183 3007 1221 manu
3051 1168 3163 1237 ejus
3191 1165 3393 1236 (lcum,
3428 1182 3505 1233 tu,
3534 1167 3626 1233 34,

2017 1258 2131 1329 35).
2176 1258 2297 1313 Istae
2338 1268 2548 1329 septem
2593 1259 2767 1315 stellae
2809 1270 2931 1313 sunt
2979 1270 3189 1330 septem
3220 1260 3467 1315 ecclesia:
3494 1275 3632 1330 quas

2018 1351 2259 1405 nominat
2290 1352 2341 1405 itt
2375 1352 2651 1407 vocabulis
2682 1353 2815 1417 suis,
2846 1361 2898 1406 et
2926 1362 3077 1407 vocat
3105 1367 3199 1406 eas
3225 1353 3291 1406 ad
3326 1366 3461 1421 quas
3504 1351 3634 1407 fecit

2017 1444 2294 1513 epistolas.
2345 1443 2461 1498 Non
2522 1446 2643 1514 quia
2687 1445 2817 1510 ipsa:
2848 1444 2979 1498 sola:
3030 1452 3159 1499 sunt
3218 1444 3497 1510 Ερριθεὶτυ,
3539 1454 3637 1498 aut

2018 1537 2323 1608 principes;
2386 1536 2480 1591 sed
2508 1536 2653 1602 quod
2701 1538 2793 1592 uni
2822 1538 2971 1603 dicit,
3008 1536 3262 1592 omnibus
3311 1536 3466 1592 dicit.
3489 1535 3635 1593 Nihil

2018 1631 2161 1686 enim
2196 1628 2477 1696 differunt,
2512 1638 2571 1683 ut
2595 1644 2663 1685 ex
2696 1629 2784 1684 illa
2815 1632 3025 1684 ratione
3064 1630 3187 1700 quis
3232 1643 3528 1699 paucorum
3561 1628 3638 1684 si—

2020 1722 2227 1777 milium
2258 1722 2446 1791 majori
2472 1737 2699 1777 numero
2737 1730 3053 1792 anteponat.
3083 1720 3144 1776 In
3186 1731 3299 1775 toto
3348 1720 3481 1777 orbe
3508 1737 3636 1790 sep-

300 1832 474 1888 genus
504 1818 825 1883 humanum,
856 1826 963 1871 tant
986 1816 1121 1871 Novi
1147 1832 1308 1887 quam
1336 1814 1548 1871 Veteris
1567 1814 1901 1871 Testamenti
1933 1827 1980 1887 Β
2012 1817 2271 1877 tennatim
2303 1814 2565 1871 ecclesias
2608 1830 2831 1881 omnes,
2887 1825 3095 1886 septem
3141 1828 3263 1869 esse
3302 1814 3635 1881 nominatas,

300 1909 669 1963 vindicaturus
691 1918 805 1972 est;
835 1908 958 1963 ideo
989 1907 1073 1962 bis
1102 1919 1291 1963 acutus
1318 1916 1777 1963 commemoratus
1799 1920 1906 1963 est.

299 2002 526 2059 Gladius
557 2002 701 2056 enim
733 2001 959 2057 militem
992 2014 1187 2066 armat,
1219 2002 1429 2073 gladius
1461 2002 1671 2057 hostem
1700 2002 1907 2057 interﬁ-

298 2096 391 2163 cit,
414 2094 628 2167 gladius
672 2094 1009 2150 desertorem
1057 2096 1225 2165 punit.
1261 2094 1330 2149 Et
1358 2103 1416 2149 ut
1443 2097 1755 2151 ostenderet
1775 2109 1908 2165 apo-

298 2189 459 2244 stolis
495 2188 637 2257 quod
662 2188 925 2258 judicium
972 2188 1349 2249 annuntiabat,
1380 2193 1455 2242 ait
1485 2206 1498 2242 :
1536 2188 1657 2243 Non
1687 2191 1799 2244 veni
1819 2205 1911 2258 pa-

298 2298 409 2338 cem
448 2282 667 2343 mittere,
699 2282 789 2353 sed
843 2280 1342 2353 gladium(Mattlt.,
1371 2279 1449 2355 κ).
1507 2282 1572 2336 Et
1624 2291 1907 2353 postquam

296 2384 774 2431 consummaverat
791 2375 1079 2446 parabolas
1095 2378 1170 2429 ait
1186 2376 1251 2430 ad
1272 2375 1392 2431 illos
1415 2394 1427 2429 :
1451 2375 1788 2431 lntetlexistis
1801 2377 1909 2431 lucc

298 2470 512 2525 omnia?
538 2468 606 2524 Et
633 2470 898 2535 dixerunt,
926 2471 1020 2524 ita.
1058 2468 1125 2524 Et
1148 2470 1339 2539 adjecit
1364 2488 1382 2525 :
1416 2481 1691 2541 propterea
1745 2474 1909 2527 omnis

298 2563 466 2619 scriba
488 2563 670 2618 doctus
698 2564 753 2617 in
772 2580 934 2636 regno
962 2563 1058 2617 Dei
1093 2564 1277 2618 similis
1298 2574 1372 2619 est
1399 2565 1594 2619 homini
1619 2567 1911 2636 patrifami-

299 2658 398 2713 tias
425 2660 710 2730 proferentt'
734 2658 799 2712 de
827 2658 1067 2712 thesauro
1091 2674 1185 2712 suo
1213 2674 1346 2712 nova
1375 2668 1421 2712 et
1446 2670 1611 2714 cetera
1663 2659 1907 2729 (Matth.,

298 2768 414 2816 xut,
444 2754 536 2819 51,
568 2752 662 2821 52)
696 2770 709 2806 :
740 2766 876 2807 nova
929 2752 1236 2822 evangelica
1295 2753 1455 2808 verba
1507 2755 1908 2823 apostolorum;

304 2856 511 2910 vetera.
536 2845 670 2915 legis
697 2855 752 2901 et
771 2845 1160 2917 prophetarum
1185 2858 1484 2915 praecepta;
1509 2858 1563 2902 et
1588 2847 1704 2901 haec
1724 2848 1793 2903 de
1819 2864 1914 2903 ore

301 2954 402 2995 suo
431 2940 761 3009 processisse
792 2949 1019 2996 testatus
1045 2952 1149 2995 est.
1182 2940 1292 2995 Sed
1343 2948 1398 2994 et
1423 2940 1585 2997 Petro
1617 2942 1690 2995 ait
1712 2960 1732 2996 τ
1773 2936 1915 2997 vade

300 3034 372 3087 ad
400 3050 544 3088 mare
571 3044 618 3088 et
647 3034 790 3088 mitte
811 3035 1042 3099 hamum,
1071 3044 1117 3088 et
1145 3035 1331 3102 piscem
1359 3038 1446 3106 qui
1476 3037 1694 3106 primunt
1738 3053 1913 3093 ascen-

2016 1920 2071 1967 et
2103 1924 2266 1964 unam
2313 1923 2439 1963 esse
2480 1906 2803 1962 catholicam
2835 1907 3030 1960 Paulus
3076 1904 3283 1960 docuit.
3311 1904 3381 1959 Et
3402 1906 3635 1976 primunt

2017 2005 2235 2075 quidem
2287 2012 2344 2057 ut
2398 2011 2639 2056 servaret
2669 2010 2725 2055 et
2752 2002 2868 2070 ipse
2898 2009 3087 2071 typum
3119 2010 3329 2071 septem
3364 1999 3638 2055 Ecclesia-

2014 2113 2155 2164 rum,
2191 2113 2299 2151 non
2334 2095 2568 2151 excessit
2592 2109 2897 2149 numerum.
2950 2094 3056 2150 Sed
3089 2094 3307 2163 scripsit
3346 2094 3412 2148 ad
3438 2094 3638 2150 Roma-

2014 2205 2135 2252 nos,
2161 2190 2227 2245 ad
2257 2189 2592 2255 Corinthios,
2609 2187 2677 2244 ad
2701 2187 2942 2254 Galatas,
2962 2188 3029 2242 ad
3059 2187 3348 2258 Ephesios.
3376 2189 3443 2244 ad
3465 2188 3640 2245 Thes-

2015 2286 2408 2348 salonicenses,
2440 2283 2506 2337 ad
2531 2282 2930 2353 Pbilippenses,
2950 2282 3017 2337 ad
3047 2282 3401 2338 Colossenses
3444 2281 3637 2339 Postea

2014 2379 2375 2450 singularibus
2408 2377 2651 2446 personis
2676 2376 2916 2446 scripsit,
2938 2390 3004 2431 ne
3033 2374 3329 2431 excederet
3348 2390 3637 2431 numerum

2014 2485 2220 2544 septem
2257 2472 2633 2527 ecclesiarum.
2668 2469 2757 2535 Et,
2792 2471 2843 2525 in
2878 2470 3026 2525 brevi
3070 2474 3405 2527 contraltens
3434 2472 3636 2542 pratdi—

2014 2571 2282 2625 cationctu
2315 2582 2489 2629 suam,
2518 2565 2585 2621 ad
2616 2564 2965 2621 Timotheum
2988 2566 3065 2620 sic
3094 2566 3169 2620 ait
3198 2583 3213 2621 :
3249 2563 3318 2621 Ut
3338 2566 3471 2620 scias
3504 2582 3637 2635 qua-

2017 2667 2130 2720 liter
2154 2666 2335 2719 debeas
2360 2661 2647 2717 conversari
2675 2662 2729 2714 in
2762 2658 2992 2715 Ecclesia
3016 2658 3113 2713 Dei
3142 2659 3241 2713 vivi
3262 2658 3332 2731 (l,
3369 2657 3530 2726 Tim.,
3555 2675 3634 2727 ttt,

2020 2758 2134 2830 15).
2170 2759 2321 2814 llnne
2368 2770 2551 2830 typum
2583 2767 2638 2811 et
2684 2756 2753 2810 ab
2782 2755 2987 2825 Spiritu
3027 2764 3215 2810 sancto
3260 2770 3358 2825 per
3409 2755 3625 2811 Es:iiam

2016 2852 2310 2923 prredicare
2362 2852 2589 2919 legimus
2616 2868 2629 2904 :
2658 2848 2733 2903 De
2756 2860 2950 2917 septem
2978 2849 3273 2903 mulieribus
3292 2865 3405 2918 qua
3433 2866 3628 2913 appre—

2020 2945 2303 2999 henderunt
2346 2945 2603 2998 hominem
2629 2958 2785 2995 unuut
2817 2938 2993 3005 (Esm,
3023 2957 3097 3007 tv,
3138 2942 3213 3011 1).
3274 2939 3424 2997 Unus
3471 2940 3636 2996 homo

2020 3037 2267 3092 Chrisuts
2297 3048 2401 3103 est,
2436 3053 2541 3092 non
2561 3053 2627 3091 ex
2652 3035 2861 3090 semine
2890 3046 3082 3090 natus:
3114 3044 3323 3103 septem
3348 3051 3479 3091 vero
3519 3051 3639 3091 mu-

300 3127 455 3193 derit,
479 3127 622 3192 tolle,
665 3138 711 3181 et
740 3137 921 3198 aperto
943 3144 1031 3181 ore
1054 3128 1167 3197 ejus
1192 3129 1416 3183 invenies
1437 3138 1675 3183 staterent
1692 3172 1708 3195 ,
1734 3129 1787 3185 id
1830 3140 1916 3186 est
1939 3140 1988 3203 ρ
2021 3130 2185 3186 lieres
2212 3141 2417 3202 septem
2448 3130 2698 3185 ecclesiae
2718 3140 2862 3187 sunt.
2888 3143 3079 3198 panem
3104 3129 3435 3200 accipientes
3458 3144 3640 3196 suum,

300 3221 439 3277 duos
459 3222 733 3288 denarios,
762 3232 811 3276 et
852 3222 999 3276 dabis
1021 3239 1114 3291 pro
1144 3239 1222 3275 me
1251 3232 1297 3276 et
1325 3239 1417 3292 pro
1446 3234 1491 3277 te
1514 3224 1755 3295 (Matth,
1784 3242 1915 3291 xvn,

297 3315 413 3387 26).
447 3316 516 3371 Ει
571 3315 736 3371 David
789 3315 1043 3371 similiter
1072 3331 1167 3385 per
1194 3316 1454 3387 Spiritum
1482 3316 1557 3371 ait
1591 3336 1605 3373 :
1638 3317 1811 3373 Semel
1840 3320 1918 3373 lo-

301 3418 450 3464 cutus
476 3419 549 3465 est
576 3407 749 3473 Deus,
799 3409 905 3463 duo
954 3410 1061 3464 haec
1103 3409 1568 3483 andivi(Psalttt.,
1608 3415 1745 3482 ut).
1781 3413 1915 3482 Quia

300 3502 468 3557 semel
497 3501 738 3557 decrevit
766 3502 836 3556 ah
873 3503 1028 3557 initio
1074 3503 1237 3567 Deus,
1286 3503 1429 3575 quod
1458 3518 1628 3575 usque
1656 3506 1724 3561 ad
1754 3506 1913 3562 ﬁnem

304 3592 545 3649 futurum
599 3604 701 3649 est.
755 3594 996 3663 Denique
1046 3610 1167 3649 cum
1213 3594 1381 3666 judex
1428 3596 1497 3651 sit
1539 3597 1655 3667 ipse
1698 3614 1727 3651 a
1757 3596 1916 3654 Patre

301 3690 627 3746 constitutus
644 3698 865 3759 propter
890 3689 1124 3745 hominis
1139 3691 1587 3759 assumptiouem,
1609 3692 1798 3747 volens
1823 3706 1914 3745 os-

307 3782 534 3838 tendere
573 3782 827 3853 quoniam
885 3781 1051 3837 verbo
1098 3781 1494 3850 praedicationis
1536 3782 1916 3851 judieabuntur

304 3873 578 3939 homines,
612 3874 687 3927 ait
713 3889 726 3925 :
763 3872 971 3927 Putatis
1015 3874 1136 3941 quia
1157 3890 1250 3943 ego
1283 3890 1369 3928 vos
1388 3875 1635 3944 judicabo
1666 3876 1719 3929 in
1748 3875 1915 3931 novis-

301 3968 433 4020 sima
460 3966 587 4020 die?
616 3982 739 4028 non,
771 3966 863 4020 sed
896 3966 1097 4020 rerbum
1137 3965 1358 4039 (inquit)
1386 3969 1522 4039 quod
1548 3969 1685 4023 vobis
1713 3970 1914 4025 locutus

302 4077 435 4123 sum,
467 4060 599 4114 illud
628 4076 713 4113 vos
729 4059 985 4131 judicabit
1033 4059 1087 4113 in
1135 4060 1411 4114 novissimo
1454 4060 1538 4114 die
1567 4061 1785 4137 (Ιοαιι.ἲ
1812 4078 1910 4129 xu,

301 4152 420 4224 48).
452 4153 523 4207 Et
554 4153 750 4207 Paulus
800 4152 868 4207 de
914 4151 1246 4207 antecltristo
1288 4152 1356 4207 ad
1406 4152 1915 4211 Tltessalonicenses

301 4248 369 4301 ait
410 4245 620 4313 :Quem
669 4244 920 4300 Dominus
964 4246 1117 4300 Iesus
1144 4246 1419 4315 interﬁciet
1471 4248 1655 4315 spiritu
1700 4248 1804 4301 oris
1827 4249 1905 4302 sui

304 4337 374 4410 (ll
400 4337 605 4395 These.
636 4353 695 4401 tt,
724 4337 800 4407 8).
837 4338 900 4391 Et
931 4337 1117 4392 Esaias
1150 4355 1163 4390 :
1191 4338 1395 4403 Spiritu
1424 4337 1642 4411 (inquit)
1666 4339 1913 4394 labiorunt

303 4449 512 4487 suorum
542 4432 813 4501 interﬁciet
842 4432 1055 4503 itnpium
1108 4431 1285 4505 (Esa.,
1330 4448 1403 4500 XI,
1443 4432 1525 4501 4).
1555 4432 1651 4489 llic
1679 4448 1808 4504 ergo
1833 4434 1914 4490 bis

303 4535 495 4580 acutus
517 4524 732 4594 gladius
753 4532 858 4590 est,
880 4523 1176 4593 procedens
1200 4523 1269 4579 de
1290 4540 1385 4578 ore
1406 4524 1544 4595 ejus.

380 4618 467 4672 15.
503 4615 566 4669 Et
596 4632 695 4670 vox
708 4622 817 4687 ejus
841 4626 1102 4686 tamquam
1123 4632 1221 4671 vox
1249 4633 1499 4687 aquarum
1513 4618 1792 4671 multarum
1809 4616 1910 4690 (l).

306 4711 475 4780 Aqua:
526 4710 732 4773 multm,
762 4708 944 4778 potiuli
998 4722 1120 4763 esse
1169 4709 1562 4776 intelliguntur,
1592 4725 1685 4764 seu
1710 4710 1912 4764 donum

305 4806 582 4876 baptismi,
614 4804 757 4876 quod
784 4804 966 4859 emisit
990 4818 1085 4875 per
1108 4803 1395 4873 Apostolos
1425 4804 1608 4859 dicens
1636 4822 1648 4857 :
1683 4802 1782 4864 Ite.
1820 4804 1914 4858 do-

306 4912 412 4955 cete
433 4917 607 4954 omues
635 4909 825 4969 gentes,
859 4900 1176 4969 baptizautes
1222 4915 1307 4951 eos
1334 4899 1386 4951 in
1429 4900 1633 4952 nomine
1665 4897 1839 4955 Putris
1870 4910 1917 4954 et

308 4995 437 5050 Filii
462 5006 507 5049 et
536 4994 763 5064 Spiritus
791 4996 957 5048 sancti
987 4993 1229 5066 (Matth,
1264 5009 1452 5053 xxvnt,
1490 4994 1603 5065 l9).

382 5089 471 5143 16.
497 5086 565 5143 Et
592 5086 803 5141 habebat
834 5088 886 5143 in
916 5088 1123 5142 dextera
1149 5104 1242 5142 sua
1271 5086 1445 5141 stellas
1468 5098 1680 5159 septem.
1707 5088 1763 5144 ltt
1786 5089 1916 5147 dex-

2020 3234 2076 3279 et
2099 3224 2292 3279 tunicis
2323 3227 2434 3278 suis
2462 3223 2673 3288 velatm,
2718 3237 2838 3294 quin
2873 3231 3101 3292 poscunt
3127 3220 3329 3277 auferri
3358 3221 3639 3293 imprope-

2021 3321 2157 3377 riutn
2210 3336 2391 3385 suum,
2425 3327 2627 3373 tantum
2661 3327 2721 3371 ut
2752 3332 2947 3371 nomen
2980 3317 3126 3371 illius
3179 3326 3409 3372 vocetur
3470 3332 3638 3387 super

2023 3415 2160 3469 illas.
2190 3413 2391 3467 Panem
2421 3412 2681 3482 Spiritum
2715 3422 2979 3474 sanctum,
3014 3410 3103 3479 qui
3150 3410 3317 3465 nutrit
3368 3411 3420 3465 itt
3475 3411 3641 3465 vitam

2022 3516 2281 3562 seti-ruam
2301 3548 2315 3569 ,
2341 3506 2441 3560 sibi
2468 3504 2722 3559 videlicet
2755 3519 2851 3573 per
2878 3503 3251 3558 credulitatem
3294 3504 3637 3573 promissam.

2020 3598 2243 3653 Tunica:
2270 3612 2398 3652 vero
2420 3612 2552 3661 sum,
2576 3598 2770 3666 quibus
2792 3596 3057 3667 cooperiri
3095 3611 3152 3649 se
3176 3604 3387 3665 optant,
3410 3596 3636 3652 immor-

2021 3692 2243 3746 talitatis
2291 3700 2374 3746 est
2426 3691 2619 3760 gloria,
2668 3690 2735 3745 de
2778 3705 2882 3760 qua
2922 3688 3123 3743 Paulus
3182 3690 3459 3759 apostolus
3514 3691 3633 3748 ait:

2020 3784 2237 3854 Oportet
2264 3802 2387 3855 ergo
2418 3784 2748 3855 corruptibile
2775 3784 2870 3835 hoc
2915 3783 3125 3837 induere
3149 3783 3201 3836 in
3228 3786 3634 3853 corruptionem,

2017 3888 2065 3932 et
2115 3877 2329 3931 mortale
2374 3876 2468 3930 hoc
2516 3876 2730 3929 induere
2784 3875 3224 3929 immortalitatem
3270 3874 3507 3946 (lCur.,
3540 3894 3631 3947 xv,

2017 3968 2129 4040 55).
2159 3970 2366 4024 Aulerri
2395 3984 2523 4023 vero
2550 3968 2934 4040 intproperium
2965 3984 3121 4023 suum
3148 3978 3378 4039 poscunt
3399 3969 3502 4040 (2),
3529 3970 3635 4026 hoc

2019 4073 2101 4117 est
2129 4062 2407 4115 emundari
2450 4076 2509 4115 se
2549 4077 2576 4113 a
2610 4062 2842 4131 peccatis
2887 4079 2899 4115 :
2952 4060 3339 4131 imprOpet-ium
3371 4063 3517 4117 enim
3548 4075 3635 4120 est

2020 4164 2296 4225 peccatum
2349 4154 2655 4224 pristinum,
2701 4154 2845 4224 quod
2900 4152 3141 4208 aufertur
3168 4155 3221 4209 itt
3250 4156 3539 4221 baptismo,
3579 4168 3634 4212 et

2018 4246 2286 4315 incipiunt
2311 4246 2489 4301 vocari
2525 4246 2773 4301 homines
2822 4245 3140 4311 christiani;
3185 4246 3331 4315 quod
3358 4258 3462 4311 est.
3489 4250 3635 4305 invo-

2017 4349 2157 4393 cetur
2186 4356 2370 4393 nomen
2421 4350 2565 4393 tuum
2608 4356 2764 4409 super
2794 4356 2907 4393 nos.
2950 4338 3006 4394 In
3038 4338 3122 4393 his
3152 4356 3282 4411 ergo
3307 4352 3517 4411 septem
3541 4358 3634 4397 ec-

2018 4435 2219 4495 Clesiis,
2257 4436 2415 4489 unius
2461 4433 2718 4489 Ecclesia:
2747 4433 3059 4498 catltollcre,
3088 4433 3275 4490 ﬁdeles
3316 4444 3476 4499 sunt,
3508 4438 3631 4506 quia

1933 4526 2119 4587 Duna
2179 4528 2229 4582 in
2283 4537 2490 4597 septem
2540 4541 2633 4596 per
2686 4526 2997 4595 qualitatem
3054 4525 3177 4581 ﬁdei
3235 4536 3289 4582 et
3344 4527 3629 4584 electionis

2018 4632 2120 4679 est.
2151 4620 2276 4675 Sive
2315 4622 2379 4674 ad
2411 4635 2507 4676 eos
2546 4621 2810 4681 scribens,
2842 4622 2929 4690 qui
2961 4620 3205 4675 laborant
3231 4623 3284 4676 in
3312 4623 3536 4689 sarculo,
3576 4633 3633 4681 et

2018 4726 2313 4789 operantur
2344 4716 2423 4787 (5)
2457 4715 2525 4769 tle
2553 4714 2856 4785 frugalitate
2896 4729 3118 4769 suorum
3143 4715 3410 4778 laborum,
3445 4728 3500 4772 et
3530 4734 3627 4787 pa-

2022 4812 2219 4866 tientes
2260 4820 2416 4874 sunt;
2451 4818 2505 4863 et
2544 4822 2664 4861 cum
2702 4806 2917 4861 videant
2970 4807 3217 4862 homines
3263 4808 3526 4878 quosdam
3576 4812 3629 4866 in

2024 4902 2263 4958 Ecclesia
2292 4901 2698 4969 dispensatores
2729 4912 2779 4953 et
2811 4899 3115 4969 pestiferos,
3137 4916 3204 4955 ne
3231 4900 3493 4957 dissentio
3517 4903 3626 4971 ﬁat,

2026 5005 2259 5067 portant.
2289 4994 2559 5051 Admonet
2588 5004 2767 5048 tamen
2795 5008 2889 5047 eos
2916 4992 2985 5048 de
3010 5008 3215 5060 amore,
3250 5005 3305 5049 ιιι
3350 4996 3401 5049 ἰιι
3434 4996 3632 5066 quibus

2028 5078 2159 5145 ﬁdes
2181 5104 2370 5144 eorum
2391 5086 2563 5152 deest,
2595 5095 2755 5156 agant
2782 5087 3174 5156 ptenitentiam.
3207 5088 3315 5143 Aut
3334 5089 3400 5143 ad
3423 5104 3518 5145 eos
3539 5092 3631 5162 qui

1709 5181 2273 5244 COMMENTARIUS.

388 5275 467 5347 (1)
514 5274 579 5328 Et
608 5290 706 5329 vox
735 5276 844 5345 ejus
885 5287 1142 5347 tamquam
1192 5292 1290 5330 vox
1337 5292 1584 5344 aquarum
1629 5278 1907 5333 mularum.

307 5348 426 5405 Non
477 5347 761 5419 miraberis
802 5348 923 5402 lteic
956 5360 1011 5402 et
1051 5349 1170 5402 aliis
1216 5358 1481 5418 przeterea
1534 5350 1664 5403 locis
1704 5350 1910 5419 aliquot

308 5420 539 5494 apostoli
575 5418 738 5494 verba
779 5419 1000 5472 inverso
1028 5419 1219 5494 ordine
1256 5419 1359 5488 legi
1386 5462 1400 5483 ,
1448 5436 1569 5473 cum
1598 5423 1759 5494 paulo
1790 5418 1913 5494 post

309 5492 638 5559 scriptorem
669 5490 811 5543 hunc
852 5500 1093 5544 nostrum
1136 5491 1498 5545 alﬁrtnantetn
1539 5490 1813 5559 audieris,
1857 5496 1911 5549 in

309 5563 435 5617 libri
468 5562 627 5630 hujus
669 5561 1120 5631 interpretatione
1162 5578 1265 5615 non
1298 5565 1589 5618 verborum
1620 5564 1868 5621 ordinem
1893 5611 1908 5632 ,

310 5643 405 5707 aut
442 5644 621 5688 textus
660 5634 1103 5707 consequentiam
1145 5634 1241 5689 sed
1278 5650 1460 5689 rerum
1505 5636 1914 5707 intelligentiam

311 5706 573 5760 lectorem
605 5708 756 5773 sequi
789 5705 1011 5761 debere.

386 5776 465 5849 (2)
510 5776 723 5845 Auferri
762 5792 881 5829 vero
919 5778 1287 5844 improperiunt
1330 5796 1484 5832 suum
1526 5790 1763 5849 poscunt.
1810 5780 1920 5837 Nos

315 5844 455 5901 illud
475 5857 686 5917 poscunt
711 5862 778 5903 ex
810 5849 1087 5917 superiore
1124 5850 1357 5905 lectione
1398 5850 1465 5905 de
1497 5844 1684 5905 nostro
1716 5853 1923 5908 addidi-

319 5933 473 5984 mus,
514 5927 571 5973 ut
609 5916 939 5977 locutionem
994 5920 1285 5979 clariorem
1326 5922 1691 5983 elﬁceremus.
1740 5923 1925 5995 Neque

2015 5278 2150 5334 ratio
2177 5294 2203 5329 a
2235 5276 2391 5331 nobis
2421 5276 2745 5345 ubicumque
2774 5276 2975 5347 aliquid
3012 5276 3463 5345 emendavimus,
3496 5294 3634 5335 con-

2017 5350 2165 5405 tinuo
2204 5348 2479 5402 reddenda
2526 5348 2718 5414 fuerit;
2756 5364 2877 5404 cum
2904 5349 3035 5403 illud
3074 5358 3180 5402 tam
3211 5350 3424 5403 ﬁrmum
3456 5360 3541 5403 est
3579 5362 3635 5408 et

2019 5437 2114 5491 per
2150 5436 2211 5476 se
2252 5425 2469 5487 planum
2494 5462 2507 5480 ,
2545 5429 2653 5474 uta
2696 5436 2965 5489 quoquam
3009 5422 3135 5487 quin
3176 5421 3245 5473 ita
3288 5422 3358 5475 sit
3390 5421 3635 5477 scribe"-

2017 5494 2178 5559 dum,
2228 5492 2461 5564 dubitari
2520 5508 2623 5545 non
2680 5496 2851 5563 possit
2896 5512 2908 5547 :
2951 5507 3072 5546 nant
3132 5492 3313 5546 omnia
3374 5497 3630 5564 persequi

2022 5580 2186 5637 pmpe
2206 5574 2351 5637 esset
2379 5562 2667 5630 inﬁnitum,
2684 5562 2863 5634 usque
2891 5564 3026 5618 adeo
3049 5564 3255 5634 singula
3286 5579 3439 5634 piene
3464 5562 3628 5621 verba

2030 5636 2338 5707 perturbata
2371 5645 2425 5688 et
2454 5649 2704 5702 corrupta
2737 5647 2913 5690 erant.

2102 5708 2182 5779 (5)
2231 5705 2544 5779 Operuntur.
2583 5708 2915 5762 Crediderint
2947 5708 3048 5761 hoc
3078 5707 3296 5761 verlnnn
3330 5723 3428 5777 pro
3455 5710 3627 5764 vivunt

2027 5775 2341 5848 usurptttnn
2391 5779 2459 5830 alt
2493 5775 2716 5834 hut-tore
2754 5779 2917 5834 fuisse
2944 5822 2958 5843 ,
3014 5790 3069 5835 et
3105 5775 3483 5851 dispensatores
3530 5796 3625 5851 pro

2031 5799 2341 5848 “Sllrplllllll
2391 5799 2459 5830 {Ill
2495 5799 2716 5834 κηποι-θ
2755 5799 2917 5834 11115513
2944 5822 2958 5843 ,
3014 5799 3069 5835 Cl
3105 5799 3183 5833 αις
3224 5799 3483 5836 ειιεαιοτεε
3530 5799 3625 5851 pI‘O

2031 5851 2405 5924 dissipatores_.
2438 5860 2645 5921 portant
2678 5854 2803 5908 item
2832 5867 2932 5924 pro
2961 5851 3138 5907 lerunt
3176 5799 3345 5924 (’quze
3385 5851 3506 5909 dua:
3532 5870 3626 5910 vo-

2032 5938 2125 5981 ces
2151 5939 2182 5979 e
2207 5922 2434 5993 vestigio
2459 5925 2798 5996 sequuntur)
2828 5922 3051 5981 dixisse.
