3950 6332
243 380 343 436 321

1433 376 1497 432 IN
1536 367 2007 432 APOCALYPSIN
2038 375 2099 430 Β.
2144 373 2447 433 JOANNIS.

3490 376 3596 435 322

245 502 297 557 in
324 497 464 555 locis
490 496 818 553 crudelibus
870 494 1173 552 inhabitant
1203 494 1345 551 inter
1391 504 1787 565 persecutores.
1815 503 1872 547 ut
1898 494 1948 551 Λ
1978 491 2145 546 fortes
2175 504 2303 547 sunt
2346 495 2397 547 in
2433 491 2569 558 fide,
2619 500 2673 547 et
2712 505 2815 546 non
2851 502 3221 565 expavescunt
3249 496 3597 567 persecutio-

249 599 605 665 pcrseverent
634 591 858 647 ﬁdeles.
882 592 993 647 Aut
1018 590 1081 644 ad
1108 604 1203 644 eos
1228 589 1338 658 qui,
1362 588 1463 643 sub
1492 596 1755 656 prmtextu
1779 585 1877 639 IIII-

253 683 590 751 sericordiz,
618 683 813 739 illicita
848 692 1072 754 peccata
1096 681 1149 735 in
1179 680 1419 735 Ecclesia
1444 678 1670 742 faciunt,
1692 666 1878 731 ctaliis

252 775 493 833 iacienda
526 774 851 831 ostendunt.
891 778 998 829 Aut
1040 764 1107 828 ad
1156 788 1251 829 eos
1288 772 1380 842 qui
1408 771 1611 825 suntin
1636 769 1875 824 Ecclesia

251 868 462 925 faciles.
504 868 617 925 Aut
660 869 726 923 ad
770 883 870 923 eos
918 868 1009 938 qui
1048 865 1381 937 negligentes
1422 862 1642 918 nomine
1668 870 1873 916 tantum

253 962 541 1018 christiani
588 970 737 1017 sunt.
775 960 885 1016 Aut
929 959 995 1016 ad
1046 974 1142 1014 eos
1188 958 1280 1029 qui
1331 955 1604 1011 humiliter
1631 953 1877 1008 instructi

255 1066 401 1124 sunt,
425 1067 486 1111 ut
530 1056 587 1111 in
640 1054 749 1111 fide
779 1054 989 1109 fortiter
1021 1062 1387 1124 perseverent.
1423 1054 1529 1105 Aut
1570 1048 1639 1104 ad
1665 1064 1760 1103 eos
1788 1047 1877 1117 qui

237 1130 478 1203 “student
527 1147 851 1217 Scripturis,
898 1155 954 1200 et
1009 1144 1259 1199 laborant
1308 1156 1637 1213 cognOscere
1679 1154 1875 1194 arcana

258 1239 679 1311 prredicationis,
713 1249 770 1295 et
798 1237 890 1294 Dei
918 1252 1056 1309 opus
1087 1238 1267 1293 facere
1291 1237 1501 1299 nolunt,
1530 1234 1581 1289 id
1606 1242 1690 1288 est
1716 1233 1879 1287 mise-

258 1331 549 1386 ricordiam
572 1342 627 1386 et
654 1345 933 1395 amorem:
964 1329 1213 1384 omnibus
1267 1329 1637 1400 ptenitentiam
1678 1326 1878 1381 denun-

258 1424 373 1492 tiat,
404 1423 664 1480 omnibus
688 1422 955 1493 judicium
984 1421 1290 1477 annuntiat.

861 1578 936 1617 EX
976 1576 1171 1617 CAPITE
1212 1576 1273 1615 ιι.

328 1679 385 1733 2.
454 1678 581 1735 Scio
639 1678 867 1733 laborem
913 1688 1057 1731 tuum
1085 1719 1101 1743 ,
1150 1685 1199 1730 et
1226 1691 1385 1745 opera
1410 1716 1424 1741 ,
1480 1687 1529 1730 et
1575 1675 1877 1745 patientiam

260 1782 422 1826 tuam.
464 1771 524 1826 In
559 1770 731 1842 prima
762 1770 993 1841 epiStOIa
1024 1769 1103 1824 sic
1140 1770 1255 1836 ait,
1304 1769 1418 1823 scio
1450 1778 1501 1822 te
1534 1768 1784 1824 laborare
1822 1778 1879 1824 et

259 1866 493 1936 operari,
531 1864 687 1920 video
712 1865 1005 1935 patientem
1033 1872 1087 1918 te
1115 1878 1240 1919 esse
1274 1879 1288 1915 :
1320 1878 1390 1919 ne
1419 1872 1574 1934 putes
1602 1878 1688 1918 me
1717 1864 1877 1934 longe

258 1958 463 2014 morari
490 1974 521 2012 a
552 1968 629 2014 te.

330 2051 399 2106 Et
438 2052 564 2121 quia
600 2068 705 2107 non
741 2062 885 2121 potes
919 2060 1126 2122 portare
1158 2052 1356 2118 malos,
1402 2062 1450 2107 et
1486 2054 1574 2123 qui
1603 2069 1657 2107 se
1695 2052 1873 2107 dicunt

259 2144 473 2200 Iudaeos
506 2162 647 2211 esse,
689 2154 735 2200 et
766 2162 869 2199 non
899 2156 1016 2200 sunt
1037 2186 1052 2211 ,
1103 2156 1150 2200 et
1176 2146 1417 2200 invenisti
1446 2162 1534 2201 eos
1562 2147 1832 2201 mendaces
1853 2187 1869 2215 ,

261 2251 308 2295 et
343 2242 648 2311 patientiam
682 2241 839 2295 habes
877 2250 1088 2312 propter
1123 2257 1309 2295 nomen
1347 2257 1535 2295 meum.
1576 2240 1704 2296 Haec
1749 2242 1872 2296 uni-

261 2351 414 2391 versa
458 2336 526 2390 ad
564 2335 777 2390 laudem
817 2344 1105 2399 Spectant,
1148 2344 1204 2390 et
1251 2333 1464 2391 laudem
1504 2350 1611 2391 non
1659 2335 1871 2390 medio-

260 2442 404 2483 orem
446 2442 463 2481 :
497 2436 554 2483 et
598 2427 732 2481 tales
772 2427 957 2493 viros,
1002 2426 1274 2497 talemque
1317 2427 1583 2493 classem,
1637 2442 1699 2482 ac
1738 2428 1873 2483 tales

260 2520 542 2576 electionis
596 2519 843 2575 homines
894 2528 1107 2589 Oportet
1155 2520 1379 2575 omnino
1409 2521 1732 2587 admoneri,
1779 2538 1869 2589 ne,

258 2614 376 2669 istis
401 2614 498 2670 Dei
522 2614 681 2669 bonis
707 2614 1005 2681 concessis,
1029 2613 1373 2670 fraudentur.
1396 2614 1524 2671 Haec
1547 2630 1717 2686 pauca
1736 2614 1875 2670 dixit

258 2722 317 2764 se
344 2708 555 2765 habere
583 2709 847 2765 adversus
878 2709 1022 2766 illos.

336 2802 392 2867 4,
420 2802 478 2857 5.
514 2802 580 2856 Et
616 2803 920 2857 cltaritatem
947 2814 1083 2857 tuam
1112 2804 1385 2876 pristinam
1421 2806 1674 2879 reliquisti
1705 2848 1720 2871 ,
1764 2823 1871 2861 me-

257 2908 422 2952 mento
462 2899 605 2951 unde
631 2898 907 2953 excideris.
949 2898 1052 2967 Qui
1080 2899 1226 2955 cadit
1253 2942 1268 2966 ,
1310 2902 1377 2956 de
1405 2903 1515 2955 alto
1541 2901 1719 2968 cadit,
1752 2902 1873 2956 ideo

256 2991 407 3059 dixit,
438 2991 611 3057 unde;
643 2992 901 3061 quOniam
934 3004 1103 3065 usque
1127 2994 1195 3049 ad
1229 2995 1585 3050 novissimum
1610 3039 1622 3059 ,
1668 2998 1871 3051 amoris

254 3100 415 3156 Opera
455 3087 763 3142 exercenda
793 3099 950 3156 sunt,
995 3088 1139 3159 quod
1182 3098 1266 3143 est
1320 3090 1613 3159 principale
1650 3091 1872 3143 manda—

255 3190 387 3236 tum.
423 3182 669 3249 Denique
708 3180 812 3236 nisi
855 3181 978 3245 fiat,
1022 3181 1258 3237 minatus
1296 3192 1381 3239 est
1411 3199 1634 3239 movere
1663 3184 1871 3239 cande-

252 3274 464 3330 labrum
493 3275 563 3330 de
592 3277 711 3330 loco
750 3289 872 3341 suo,
903 3273 957 3329 id
977 3284 1062 3331 est
1090 3289 1347 3345 Spargere
1378 3276 1619 3346 plebem.

320 3370 374 3423 6.
423 3367 518 3423 Sic
544 3368 698 3421 habes
737 3377 785 3422 et
823 3377 877 3419 tu
908 3368 1052 3422 odire
1095 3384 1252 3437 opera
1301 3366 1704 3424 Nicolaitarum.
1759 3371 1867 3427 Sed

251 3462 501 3533 quoniam
532 3471 589 3515 et
618 3462 735 3529 ipse
764 3458 961 3516 oderas
1001 3471 1252 3517 tenentes
1286 3461 1593 3519 doctrinam
1630 3464 1865 3519 Nicolai-

251 3566 458 3623 tarum,
510 3556 727 3611 laudem
758 3565 1065 3627 exspectas.
1108 3557 1273 3613 0dire
1299 3569 1480 3614 autem
1513 3573 1677 3629 opera
1710 3558 1867 3614 Nico-

249 3649 500 3705 Iaitarum
522 3666 645 3721 quae
674 3658 730 3705 et
759 3650 873 3719 ipse
903 3651 1125 3719 oderat,
1158 3650 1263 3707 hoc
1290 3651 1357 3707 ad
1386 3652 1601 3708 laudem
1633 3662 1863 3723 special.

248 3745 640 3802 Nicolaitarum
686 3754 870 3803 autem
914 3760 1078 3817 opera
1125 3756 1281 3802 erant
1323 3747 1419 3802 illo
1463 3758 1705 3817 tempore
1757 3747 1866 3803 ficti

250 3838 497 3898 homines
519 3852 577 3898 et
605 3840 872 3913 pestiferi,
900 3845 991 3913 qui
1021 3842 1121 3898 sub
1149 3843 1368 3897 nomine
1393 3840 1595 3897 Nicolai
1625 3844 1863 3899 ministri

252 3936 495 3993 fecerant
529 3937 633 3993 sibi
664 3936 942 4003 lueresim,
991 3946 1050 3991 ttt
1079 3936 1372 3993 delibatum
1418 3938 1501 4005 (l)
1531 3938 1867 3994 exorcizare«

249 4040 335 4087 tur
370 4042 427 4087 et
468 4030 785 4086 manducari
817 4041 1040 4101 posset:
1068 4040 1124 4084 et
1166 4038 1223 4083 ut
1264 4031 1591 4101 quicumque
1623 4030 1861 4086 fornica-

252 4134 331 4183 tus
351 4138 536 4193 esset,
584 4134 777 4180 octavo
806 4125 896 4181 die
926 4140 1112 4194 pacem
1140 4124 1446 4191 acciperet;
1496 4125 1618 4181 ideo
1655 4126 1863 4181 collau-

252 4219 338 4274 dat
374 4220 503 4275 illos
554 4218 623 4273 ad
670 4233 809 4290 quos
860 4219 1088 4283 scribit,
1140 4219 1337 4289 quibus
1396 4219 1591 4275 talibus
1648 4229 1702 4275 et
1756 4220 1862 4275 ta'm

253 4312 455 4385 magnis
496 4309 629 4366 viris
672 4310 923 4381 promisit
964 4310 1172 4381 lignum
1219 4311 1361 4381 quod
1407 4320 1490 4367 est
1519 4312 1573 4367 in
1616 4312 1865 4382 paradiso

255 4402 343 4460 Dei
374 4406 479 4461 sui.

322 4500 569 4570 Sequens
598 4497 827 4567 epistola
856 4507 1177 4569 sequentem
1208 4499 1685 4554 conversationem
1719 4502 1859 4557 allec

256 4592 359 4647 rius
389 4594 585 4649 claSsis
614 4602 667 4648 et
690 4592 1140 4648 consuetudinem
1172 4592 1392 4660 detegit.
1430 4592 1673 4663 Denique
1702 4595 1778 4649 ait
1808 4612 1821 4649 :

1905 1892 1954 1953 Β

1982 598 2135 649 nem;
2171 585 2265 640 sed
2289 587 2411 656 quia
2442 596 2496 639 et
2529 585 2582 638 in
2617 584 2726 640 illis
2753 596 2915 654 sunt,
2949 587 3041 658 qui
3070 590 3224 659 proni
3247 588 3462 644 suntad
3492 588 3599 648 illi-

1980 673 2113 729 citas
2144 678 2554 747 permixtiones.
2589 677 2701 733 ait:

2055 767 2123 821 Η
2144 809 2159 829 ,
2191 769 2279 824 16.
2327 768 2500 825 Habes
2530 769 2602 824 ibi
2632 780 2858 827 tenentes
2900 773 3189 829 doctrinam
3219 773 3473 844 Balaam,
3507 778 3599 847 qui

1980 858 2191 913 docebat
2216 861 2269 913 in
2300 859 2462 914 Bolae
2486 863 2683 917 mittere
2708 866 3014 920 scandalum
3038 883 3212 921 coram
3242 869 3369 936 [iliis
3394 868 3591 937 Israel,

1980 952 2158 1017 edere,
2188 962 2233 1007 et
2265 954 2515 1021 fornicari
2544 971 2565 1009 :
2593 958 2667 1010 ita
2696 957 2851 1013 habes
2878 968 2925 1013 et
2954 969 3007 1012 tu
3037 970 3262 1015 tenentes
3301 961 3599 1016 doctrinam

1982 1041 2398 1113 Nicolaitarum,
2448 1048 2538 1101 sed
2579 1050 2816 1120 pugnabo
2860 1067 2978 1105 cum
3022 1053 3127 1107 illis
3170 1054 3225 1107 in
3270 1053 3448 1124 gladio
3492 1056 3598 1109 oris

1980 1135 2099 1188 mei.
2123 1134 2177 1189 Id
2199 1146 2315 1200 est,
2345 1137 2473 1207 quid
2510 1141 2857 1211 praeceperim
2886 1141 3085 1202 dicam.
3115 1153 3166 1198 et
3196 1144 3325 1215 quid
3358 1143 3597 1200 feceritis

1981 1230 2274 1285 cOnferatn.
2316 1229 2449 1285 Nam
2482 1231 2697 1287 Balaam
2730 1234 2749 1301 (
2782 1233 2980 1301 Num.,
3024 1252 3062 1290 rt
3091 1241 3111 1308 )
3151 1236 3399 1292 doctrina
3432 1238 3598 1295 doce-

1980 1323 2071 1376 bat
2114 1322 2277 1377 Balab
2322 1326 2537 1381 mittere
2581 1328 2895 1384 scandalum
2943 1343 3071 1385 ante
3117 1333 3306 1387 oculos
3354 1332 3589 1389 filiorum

1982 1414 2182 1482 Israel,
2230 1431 2353 1472 esse
2391 1417 2722 1488 delihatmn,
2770 1433 2824 1477 et
2863 1420 3151 1489 fornicari;
3194 1424 3244 1478 id
3280 1424 3422 1494 quod
3466 1424 3596 1480 Olim

1981 1508 2242 1565 accidisse
2286 1519 2471 1566 notum
2512 1522 2616 1568 est.
2660 1514 2756 1570 llle
2794 1517 2939 1571 enim
2976 1516 3082 1571 hoc
3126 1517 3412 1574 consilium
3449 1518 3601 1576 dedit

1982 1603 2095 1673 regi
2126 1603 2499 1672 Moabitartun,
2529 1618 2585 1663 et
2614 1609 3127 1667 scandalizaverunt
3159 1615 3435 1683 populum.
3466 1614 3591 1682 Sic,

1980 1696 2185 1767 inquit,
2231 1699 2373 1754 inter
2400 1715 2494 1755 vos
2537 1702 2747 1757 habetis
2779 1707 2938 1759 talem
2972 1715 3218 1761 tenentes
3256 1707 3590 1779 doctrinam,

1982 1798 2040 1843 ut
2063 1790 2165 1843 sub
2196 1801 2460 1860 pra-textu
2495 1795 2891 1851 misericordia:
2921 1797 3060 1851 alios
3090 1799 3377 1856 vitiaretis.

2058 1882 2145 1936 l7.
2196 1884 2299 1948 Qui
2342 1886 2555 1954 vicerit,
2600 1888 2733 1941 dabo
2755 1889 2834 1943 illi
2876 1906 3066 1944 manna
3112 1891 3501 1962 absconditum,
3551 1904 3599 1949 et

1978 1976 2109 2031 dabo
2165 1977 2245 2031 illi
2297 1980 2556 2035 calculum
2606 1984 2909 2039 candidum.
2973 1986 3165 2041 Manna
3220 1988 3600 2046 absconditum

1976 2068 2359 2126 immortalitas
2386 2082 2492 2140 est,
2538 2089 2753 2144 gemma
2782 2076 2901 2132 alba
2934 2077 3159 2148 adoptio
3186 2079 3237 2133 in
3276 2079 3443 2135 filium
3473 2082 3598 2148 Dei;

1977 2178 2175 2217 nomen
2206 2178 2403 2219 novum
2436 2166 2489 2220 in
2515 2166 2729 2221 calculo
2760 2167 3022 2239 scriptum
3044 2212 3058 2237 ,
3094 2170 3462 2229 Christianum
3490 2184 3598 2231 est.

2049 2255 2254 2323 Quarta
2302 2257 2491 2313 classis
2549 2260 2885 2317 nobilitatem
2943 2262 3187 2320 fidelium
3251 2268 3600 2338 operantium

1976 2348 2246 2419 quotidie,
2288 2360 2338 2405 et
2369 2351 2572 2421 majora
2611 2351 2927 2410 facientium
2958 2372 3127 2428 Opera
3163 2359 3452 2431 significat.
3493 2363 3601 2418 Sed

1977 2449 2031 2496 et
2061 2441 2133 2497 ibi
2172 2457 2295 2498 esse
2324 2459 2539 2515 quoque
2580 2444 2765 2504 faciles
2810 2450 3056 2506 homines
3094 2452 3161 2506 ad
3201 2452 3412 2509 illicitas
3442 2470 3603 2525 paces

1978 2534 2183 2590 dandas
2210 2545 2265 2591 et
2294 2552 2467 2592 novas
2499 2524 2812 2609 prophetias
2838 2543 3217 2607 attendendas.
3249 2524 3510 2614 ostendit,
3543 2556 3603 2604 et

1978 2628 2172 2699 arguit,
2205 2639 2261 2685 et
2292 2643 2593 2698 prtemonct
2623 2643 2879 2699 ctuteros,
2909 2636 3107 2705 quibus
3130 2655 3238 2694 non
3270 2640 3448 2710 placet
3473 2640 3599 2707 hoc,

1978 2725 2068 2792 qui
2099 2734 2437 2794 cognoscunt
2464 2727 2761 2796 nequitiam
2798 2728 3109 2799 adversam,
3141 2732 3339 2803 quibus
3366 2734 3521 2789 malis
3547 2743 3602 2790 et

1978 2815 2198 2873 dolores
2239 2816 2496 2875 inducere
2538 2821 2732 2891 quaerit
2772 2822 2824 2878 in
2866 2823 3043 2894 capite
3080 2825 3318 2881 fidelium
3358 2838 3414 2882 et
3455 2827 3601 2898 peri-

1976 2912 2129 2976 cula;
2164 2921 2220 2967 et
2249 2912 2371 2968 ideo
2392 2914 2468 2968 ait
2495 2930 2512 2968 :

2047 3004 2138 3060 24.
2171 3004 2295 3060 Non
2316 3007 2460 3061 mitto
2492 3025 2647 3077 super
2670 3027 2759 3065 vos
2788 3012 2936 3064 aliud
2967 3012 3193 3082 pondus.
3242 3011 3298 3068 Id
3327 3021 3443 3079 est,
3486 3030 3596 3070 non

1976 3097 2103 3155 dedi
2142 3101 2293 3155 vobis
2324 3102 2507 3172 leges,
2539 3102 2951 3161 observationes
2990 3114 3045 3161 et
3084 3123 3283 3177 onera,
3326 3108 3470 3180 quod
3516 3117 3601 3165 est

1976 3192 2121 3247 aliud
2153 3195 2386 3264 pondus.

1895 3292 1944 3361 ο
2046 3285 2139 3348 25.
2167 3286 2260 3341 26.
2295 3287 2404 3343 Sed
2432 3290 2570 3360 quod
2598 3291 2828 3360 habetis,
2881 3294 3127 3359 teneatis,
3165 3294 3328 3350 donec
3359 3295 3596 3363 veniam;

1974 3389 2022 3434 et
2048 3382 2133 3447 qui
2160 3381 2335 3437 vicerit
2367 3384 2500 3438 dabo
2538 3385 2619 3439 illi
2653 3395 2958 3456 potestatem
2986 3405 3142 3455 super
3176 3406 3352 3445 omnes
3394 3400 3594 3462 gentes.

1973 3474 2031 3530 Id
2085 3485 2207 3544 est,
2268 3476 2507 3547 judicem
2572 3479 2727 3536 illum
2778 3483 3104 3539 constituam
3161 3484 3305 3541 inter
3354 3497 3591 3541 caeteros

1973 3581 2211 3625 830οι05.

2043 3686 2136 3741 28.
2170 3685 2236 3742 Et
2263 3687 2394 3741 dabo
2423 3688 2504 3744 illi
2530 3692 2734 3746 stellam
2762 3694 3091 3749 matutinum.
3126 3692 3367 3749 Primam
3399 3709 3591 3751 resur-

1972 3780 2268 3835 rectionem
2292 3782 2536 3849 scilicet;
2567 3785 2816 3855 promisit
2846 3786 3059 3841 stellam
3091 3788 3437 3853 matutinam,
3469 3804 3592 3858 quas

1973 3887 2185 3932 noctem
2213 3878 2358 3950 fugat
2385 3890 2440 3933 et
2469 3879 2648 3936 lucem
2677 3883 2983 3949 annuntiat,
3013 3882 3065 3937 id
3094 3893 3196 3949 est,
3224 3882 3330 3939 diei
3359 3882 3590 3939 initium.

2556 4014 2626 4051 ΕΣ
2684 4012 2880 4053 (ΖΛΡΙΤΕ
2931 4014 3010 4053 ιιι.

2044 4087 2236 4155 Quinta
2268 4089 2460 4143 classis
2490 4090 2742 4145 collectio
2776 4091 2862 4146 vel
2896 4091 3242 4147 conversatio
3274 4100 3591 4149 sanctorum

1970 4180 2212 4238 declarat
2262 4183 2511 4239 homines
2554 4184 2918 4257 negligentes,
2969 4196 3026 4242 et
3068 4187 3203 4241 alias
3246 4203 3407 4257 quam
3449 4202 3585 4257 quas

1971 4286 2187 4346 Oportet
2225 4277 2278 4330 in
2308 4279 2508 4333 sacculo
2539 4291 2764 4349 agentes
2792 4279 3169 4349 Operationes,
3214 4280 3437 4335 nomine
3474 4288 3592 4334 tan-

1971 4370 2248 4425 tummodo
2294 4370 2643 4427 christianos.
2691 4372 2760 4428 Et
2791 4373 2913 4429 ideo
2952 4373 3198 4428 hortatur
3229 4373 3350 4428 illos
3378 4371 3424 4427 si
3454 4388 3592 4443 quos

1969 4467 2132 4523 modo
2160 4469 2363 4523 reversi
2387 4484 2418 4524 a
2447 4468 2773 4541 negligentia
2802 4469 3011 4541 possint
3039 4468 3177 4523 salvi
3204 4483 3325 4524 esse
3344 4510 3359 4538 ,
3389 4477 3443 4524 et
3468 4467 3591 4524 ideo

1969 4573 2042 4615 θιι
2072 4580 2085 4616 ε

321 4686 370 4741 9.
396 4687 521 4743 Scio
553 4686 936 4741 tribulationem
963 4695 1101 4739 tuam
1122 4696 1169 4740 et
1198 4695 1571 4758 paupertatem,
1604 4689 1693 4741 sed
1721 4688 1860 4743 dives

2038 4677 2095 4731 2.
2132 4676 2257 4732 Esto
2310 4676 2530 4749 vigilans
2572 4687 2620 4731 et
2666 4679 2919 4745 conﬁrma
2963 4687 3152 4732 caztera
3196 4694 3292 4745 que
3334 4676 3588 4730 moritura

258 4797 321 4835 es.
345 4779 456 4835 Scit
480 4780 629 4834 enim
660 4780 799 4850 apud
819 4795 880 4835 se
906 4779 1100 4834 talibus
1127 4780 1343 4835 divitias
1369 4795 1490 4835 esse
1523 4782 1855 4853 reconditas,

257 4883 305 4930 et
327 4875 774 4931 detramationcm
801 4875 869 4929 de
883 4874 1085 4931 Judaeis
1116 4886 1406 4945 negantes,
1438 4877 1621 4931 dicunt
1645 4893 1705 4931 sc
1736 4894 1860 4934 esse

256 4967 485 5037 ludam,
515 4981 570 5025 et
598 4985 701 5024 non
730 4981 878 5036 sunt,
910 4970 1002 5025 sed
1038 4985 1305 5043 synagoga
1338 4981 1562 5041 satanas,
1596 4975 1855 5044 quoniam

257 5065 320 5119 ab
340 5065 660 5119 antichristo
691 5064 1036 5135 colliguntur,
1073 5065 1267 5133 quibus
1299 5064 1374 5119 ait
1409 5085 1423 5119 :

323 5160 407 5215 10.
453 5158 577 5214 Esto
606 5160 775 5227 ﬁdelis
814 5176 972 5227 usque
1009 5160 1079 5213 ad
1112 5172 1343 5216 mortem.
1390 5160 1460 5218 Ut
1506 5176 1859 5233 perseverent

259 5252 436 5310 ﬁdeles
465 5269 590 5309 esse
619 5270 791 5325 usque
818 5253 886 5308 ad
912 5264 1165 5311 mortem.

326 5350 410 5403 Il.
456 5348 557 5418 Qui
586 5349 760 5403 vicerit
788 5366 892 5404 non
913 5348 1127 5403 (sedetur
1154 5366 1187 5403 a
1216 5360 1376 5406 morte
1402 5355 1652 5410 secunda.
1686 5356 1744 5411 Id
1774 5366 1859 5412 est

258 5455 358 5496 non
386 5443 735 5513 castigabitur
762 5444 816 5498 in
847 5443 1079 5498 inferno.

325 5537 497 5594 Tertia
529 5538 723 5596 classis
764 5548 1081 5594 sanctorum
1115 5540 1356 5597 ostendit
1377 5556 1498 5598 esse
1528 5543 1677 5599 viros
1705 5587 1719 5612 ,
1764 5547 1854 5616 qui

1965 4781 2110 4824 erant
2135 4787 2155 4825 :
2186 4789 2289 4826 non
2331 4773 2466 4827 enim
2504 4772 2676 4826 inveni
2716 4789 2875 4841 opera
2904 4781 2993 4825 tua
3039 4771 3193 4840 plena
3231 4787 3406 4824 coram
3456 4769 3586 4824 Deo.

1963 4865 2081 4920 Non
2114 4867 2258 4921 enim
2298 4867 2431 4922 satis
2466 4878 2550 4921 est
2578 4866 2829 4922 arborem
2864 4866 3048 4921 vivere
3074 4906 3089 4925 .
3121 4874 3177 4919 et
3210 4864 3445 4919 fructum
3479 4878 3587 4917 non

1966 4959 2202 5025 habere;
2236 4960 2376 5015 sicut
2406 4975 2512 5015 non
2545 4960 2677 5014 satis
2699 4969 2781 5015 est
2806 4959 3163 5014 christianum
3187 4958 3316 5022 dici,
3346 4965 3400 5012 et
3424 4955 3586 5012 Chri-

1967 5064 2110 5107 smm
2143 5053 2391 5108 confiteri
2412 5096 2427 5120 ,
2473 5052 2651 5122 ipsum
2685 5069 2814 5108 vero
2843 5052 2895 5107 in
2924 5066 3091 5122 Opere
3121 5067 3229 5107 non
3261 5050 3462 5106 habere
3485 5090 3501 5117 ,
3533 5048 3584 5103 id

1967 5158 2051 5203 est
2077 5148 2195 5218 ejus
2225 5158 2499 5219 praecepta
2524 5163 2629 5203 non
2654 5147 2851 5203 facere.

2039 5264 2202 5320 Sexta
2251 5265 2442 5319 classis
2485 5273 2571 5318 est
2614 5263 2961 5319 conversatio
3010 5262 3295 5320 electionis
3339 5262 3583 5334 Optimae.

1964 5357 2315 5413 Consuetudo
2368 5366 2679 5411 sanctorum
2726 5355 3073 5423 declaratur,
3130 5356 3320 5411 horum
3375 5354 3586 5410 scilicet

1964 5451 2057 5522 qui
2091 5449 2322 5506 humiles
2350 5460 2480 5505 sunt
2522 5450 2575 5504 in
2607 5450 2841 5518 saeculo,
2888 5460 2943 5506 et
2980 5450 3237 5506 rusticani
3262 5449 3316 5503 in
3347 5450 3584 5519 scriptu-

1965 5547 2062 5615 ris,
2107 5557 2162 5601 et
2207 5546 2365 5602 ﬁdem
2412 5544 2765 5600 innnobiliter
2792 5555 3016 5613 tenent,
3067 5560 3167 5601 nec
3203 5543 3429 5598 omnino
3468 5541 3582 5598 ullo

1609 5659 2172 5718 COMMENTARIUS.

328 5780 399 5852 (Ι)
426 5778 707 5837 Delibatum
733 5777 861 5834 heic
891 5783 951 5852 e_t
974 5773 1169 5852 alicubi
1197 5776 1381 5852 posuit
1405 5791 1501 5845 pro
1529 5774 1853 5852 itlolotliyto,

258 5844 355 5907 hoc
381 5844 464 5909 est
486 5871 549 5911 cO
576 5854 723 5926 quod
751 5846 1071 5909 simulacris
1104 5844 1509 5926 immolabatur.
1546 5844 1855 5926 Exercisarc

258 5936 375 5981 vero
399 5942 490 6000 pro
524 5945 551 5984 a
594 5921 891 5987 temerata:
924 5936 1022 5978 seu
1057 5921 1274 5993 polluta:
1311 5921 1593 5992 religionis
1624 5921 1855 5978 crimine

1962 5778 2180 5847 expiare
2219 5777 2387 5844 accipi
2427 5775 2682 5843 videtur,
2747 5775 2893 5846 quod
2943 5785 3027 5831 est
3065 5780 3262 5847 contra
3304 5768 3575 5847 propriam

1960 5840 2108 5905 verbi
2150 5840 2598 5924 significatiOnem
2634 5840 2809 5924 :Vnat'n
2841 5849 3110 5924 ἐξαρκίξειν
3153 5842 3331 5916 potius
3360 5848 3445 5896 est
3476 5840 3577 5897 οῦν

1959 5924 2248 5994 stringere,
2283 5938 2444 5993 quam
2473 5921 2689 5978 solvere
2716 5921 2999 5991 religione.
