3950 6360
369 367 474 423 525

1634 361 1692 418 S.
1725 357 2069 418 VICTORINI
2107 359 2398 417 SCHOLIA

3579 355 3686 413 ’524

365 497 492 536 casu
522 481 673 536 fracti
702 487 792 534 aut
817 473 1458 544 timore,retrahuntura
1491 476 1615 532 ﬁde.
1650 477 1775 531 Ideo
1799 477 1873 529 ait
1899 474 1967 528 ad
1999 481 2042 538 Α
2075 477 2271 531 laniem
2323 494 2382 533 se
2440 476 2635 532 vidisse
2668 476 2897 531 fatetur:
2946 483 3000 531 et
3030 489 3173 532 nunc
3218 475 3413 531 exinde
3462 474 3681 540 recolit,

363 576 488 630 illos
524 594 536 630 :

436 672 491 725 8.
546 669 681 723 Dedi
720 679 839 723 ante
872 679 919 722 te
954 670 1140 723 ostium
1183 677 1451 737 apertum,
1499 674 1546 718 et
1587 666 1828 734 quoniam
1863 680 1969 718 ser-

363 764 489 816 vasti
518 762 722 816 verbum
752 764 1016 834 patientia:
1043 777 1189 816 ntere.
1237 761 1290 813 ln
1321 768 1428 812 tam
1463 758 1649 834 parvis
1677 758 1902 811 viribus.

437 855 524 911 10.
564 854 630 908 Et
654 827 761 925 ego'
780 866 826 909 te
850 855 1057 910 servabo
1087 854 1148 906 ab
1177 854 1304 905 hora
1338 827 1654 905 tentationis.
1697 849 1769 905 Ut
1799 848 1972 903 sciant

363 949 671 1019 hujusmodi
715 951 939 1021 gloriam
982 963 1134 1002 suam
1163 965 1173 1000 :
1204 962 1303 1001 nec
1346 945 1564 1016 quidem
1614 944 1666 997 iu
1714 943 1968 997 tentatio-

361 1059 486 1098 nem
518 1059 614 1098 eos
641 1045 776 1098 tradi
802 1042 1059 1114 permitti.

435 1137 524 1192 12.
568 1137 668 1204 Qui
704 1137 880 1190 vicerit
920 1137 1008 1204 ﬁet
1052 1137 1292 1189 columna
1331 1133 1386 1187 in
1425 1133 1611 1198 templo
1651 1131 1767 1186 Dei.
1819 1131 1969 1186 Sicut

361 1230 503 1283 enim
536 1229 782 1282 columna
820 1227 986 1283 decor
1008 1236 1091 1282 est
1121 1225 1337 1280 aediﬁcii
1360 1266 1374 1291 ,
1421 1225 1501 1280 sic
1530 1224 1621 1295 qui
1656 1237 1967 1293 persevera-

361 1321 520 1385 verit,
551 1319 887 1373 nobilitatem
925 1321 977 1372 in
1009 1318 1251 1372 Ecclesia
1273 1327 1658 1387 consequetur.

431 1412 672 1482 Septima
704 1426 922 1481 quoque
941 1411 1197 1464 Ecclesitn
1224 1409 1472 1464 collectio
1489 1409 1755 1472 declarat,
1792 1405 1966 1462 homi-

357 1521 457 1561 nes
479 1507 779 1576 locupletes
801 1506 854 1559 in
885 1505 1244 1575 dignitatibus
1273 1505 1588 1566 collocatos,
1618 1500 1713 1556 sed
1741 1499 1968 1555 creden-

361 1608 440 1652 tes
483 1608 540 1652 ut
583 1597 881 1667 locupletes
906 1639 920 1661 ,
962 1598 1105 1666 apud
1136 1612 1271 1666 quos
1305 1596 1356 1649 in
1397 1594 1646 1649 cubiculo
1684 1594 1968 1662 scripturae.

358 1692 577 1762 quidem
608 1701 906 1745 tractantur
925 1733 940 1756 ,
965 1689 1100 1745 foris
1126 1699 1304 1744 autem
1333 1698 1458 1742 sunt
1488 1687 1695 1749 ﬁdeles,
1725 1697 1780 1740 et
1805 1701 1834 1739 a
1867 1701 1965 1740 ne-

359 1787 503 1838 mine
534 1785 936 1854 intelliguntur,
965 1783 1234 1851 jactantes
1259 1781 1468 1835 scilicet
1497 1795 1579 1844 se,
1621 1788 1676 1833 et
1723 1778 1964 1832 dicentes

2077 587 2197 639 qua:
2229 588 2323 640 per
2346 572 2515 640 legem
2551 569 2601 624 in
2634 568 3081 624 similitudinibus
3111 555 3470 638 prmuuntiata
3502 577 3679 635 erant,

2078 675 2131 718 et
2161 681 2256 735 per
2279 664 2416 718 hanc
2445 664 2766 732 scripturam
2795 662 3068 733 conjungit
3100 675 3293 715 omnes
3315 659 3526 730 priores
3559 673 3686 726 pro-

2073 757 2288 827 phetas,
2322 764 2378 809 et
2403 755 2577 823 aperit
2618 756 2937 823 scripturas.
2975 755 3039 808 Et
3064 753 3188 824 quia
3215 762 3497 822 postquam
3548 751 3686 807 iuvi-

2078 849 2205 900 tavit
2230 849 2279 900 in
2311 847 2504 902 caelum
2550 862 2738 900 omnes
2764 847 3048 902 credentes
3099 846 3151 898 in
3187 844 3406 899 nomine
3436 859 3536 897 suo
3570 842 3684 896 Do.

2075 940 2252 992 minus
2286 949 2490 1004 noster,
2522 940 2698 993 statim
2755 939 3018 1007 Spiritum
3049 948 3301 993 sanctum
3355 933 3544 991 effudit
3589 933 3683 1005 qui

2076 1030 2312 1084 ferturus
2339 1039 2422 1084 cst
2446 1027 2526 1102 (-l)
2554 1029 2623 1084 ad
2652 1030 2873 1096 (mlum,
2903 1031 3011 1084 ait:

2144 1123 2200 1177 2.
2235 1123 2424 1178 Statim
2450 1124 2527 1193 {ui
2548 1124 2601 1176 in
2623 1123 2827 1191 spiritu.
2863 1123 2929 1177 Et
2977 1139 3098 1178 cum
3126 1122 3400 1193 aperiatur
3430 1137 3527 1194 per
3553 1120 3683 1191 Spi-

2074 1215 2234 1268 ritum
2258 1223 2504 1270 sanctum
2535 1229 2688 1269 tuens
2715 1213 2978 1282 ﬁdelium,
3012 1225 3067 1270 et
3114 1213 3246 1269 illud
3293 1215 3372 1269 eis
3417 1210 3681 1267 manifes-

2074 1314 2234 1371 tetur,
2297 1307 2440 1376 quod
2497 1315 2552 1360 et
2603 1305 2870 1376 prioribus
2921 1315 3005 1360 est
3062 1305 3437 1376 praedicatum,
3473 1303 3682 1376 signiﬁ-

2071 1409 2258 1454 canter
2278 1401 2372 1453 ait.

2146 1491 2214 1544 Et
2243 1509 2354 1545 ecce
2377 1492 2522 1546 sedes
2543 1492 2709 1562 posita
2726 1502 2837 1548 erat
2857 1494 2912 1547 in
2939 1493 3086 1548 caelo.
3130 1490 3301 1548 Sedes
3324 1489 3521 1563 posita,
3549 1487 3677 1562 quid

2071 1595 2174 1647 est,
2203 1584 2301 1637 nisi
2335 1583 2493 1639 sedes
2519 1585 2707 1654 judicii
2737 1595 2792 1640 et
2820 1585 3005 1657 regis?

2143 1679 2195 1732 5.
2254 1677 2322 1732 Et
2350 1696 2509 1748 supra
2557 1680 2728 1734 sedent
2774 1680 2975 1745 sedens,
3023 1681 3208 1736 similis
3248 1691 3459 1755 aspectu
3512 1683 3675 1754 lapidi

2060 1772 2261 1843 jaspidi
2292 1782 2336 1826 et
2365 1774 2559 1827 sardio.
2592 1773 2765 1843 Supra
2792 1774 2985 1828 solium
3017 1776 3217 1832 vidisse
3245 1777 3318 1833 ait
3360 1776 3674 1833 similitudi-

354 1892 414 1932 se
452 1877 632 1931 omnia
680 1891 1011 1946 cognoscere
1032 1916 1046 1939 ,
1108 1873 1317 1943 praediti
1363 1873 1556 1926 liducia
1612 1871 1925 1925 litteraturae
1946 1911 1961 1936 ,
1994 1887 2042 1946 Β
2071 1882 2192 1921 nem
2216 1867 2440 1937 jaspidis
2468 1879 2524 1923 et
2551 1869 2738 1924 sardii.
2765 1868 2945 1940 Jaspis
2976 1885 3138 1941 aqua:
3159 1872 3356 1927 coloris
3385 1883 3490 1941 est,
3549 1888 3673 1928 sar-

354 1986 518 2039 operc
546 1982 723 2025 autem
752 1979 1034 2033 vacantes,
1075 1979 1130 2022 et
1157 1967 1279 2022 ideo
1302 1965 1378 2019 ait
1409 1984 1421 2019 :

430 2064 519 2119 15.
567 2063 745 2134 Neque
785 2064 1000 2133 [rigidos
1031 2077 1191 2129 neque
1220 2064 1470 2132 ferventes
1498 2058 1614 2112 illos
1642 2074 1767 2111 esse.
1801 2055 1855 2110 Id
1881 2064 1963 2110 est

357 2171 531 2225 neque
581 2154 928 2221 incredulos,
980 2168 1153 2222 neque
1188 2152 1374 2207 ﬁdeles
1417 2171 1428 2205 :
1467 2152 1533 2204 ad
1584 2165 1774 2204 omnes
1817 2149 1959 2204 enim

351 2248 530 2301 nuntia
560 2257 701 2301 sunt.
741 2247 805 2301 Et
825 2248 1076 2316 quoniam
1106 2245 1196 2314 qui
1227 2261 1331 2298 non
1365 2243 1589 2313 frigidus
1611 2252 1694 2297 est
1724 2257 1824 2297 nec
1858 2256 1951 2296 ca-

352 2339 516 2403 lidus,
544 2338 637 2392 sed
674 2339 884 2406 tepidus
907 2348 1010 2402 est,
1038 2351 1294 2391 nauseam
1318 2335 1463 2397 facit,
1495 2336 1566 2388 ait
1597 2351 1610 2387 :

423 2429 510 2486 16.
563 2427 775 2482 Vomam
801 2439 848 2483 te
878 2429 939 2481 de
969 2444 1056 2481 ore
1082 2443 1210 2480 meo.
1252 2424 1462 2480 Nausea
1491 2424 1736 2494 quamvis
1765 2423 1948 2478 odibi-

353 2525 418 2580 lis
441 2525 540 2589 sit,
575 2532 754 2576 tamen
787 2523 1060 2577 neminem
1090 2519 1238 2574 ltedit
1272 2519 1390 2573 :sic
1419 2525 1474 2573 et
1502 2515 1807 2586 hujusmodi
1850 2514 1952 2569 ho-

349 2617 523 2670 mines
574 2631 696 2669 cum
745 2614 946 2669 fuerint
998 2611 1245 2683 proiecti.
1295 2608 1403 2665 Sed
1458 2610 1582 2680 quia
1635 2620 1845 2678 tempus
1874 2614 1957 2661 est

354 2695 689 2779 pmnitentite
708 2749 723 2772 ,
751 2706 829 2760 ait
858 2724 871 2758 :

422 2803 511 2858 18.
546 2800 756 2857 Suadeo
790 2799 880 2853 tibi
907 2808 960 2852 ut
993 2814 1132 2851 emas
1177 2814 1207 2849 a
1240 2813 1318 2850 me
1343 2811 1530 2848 aurum
1568 2794 1864 2863 conﬂatum.
1897 2791 1952 2845 Id

349 2908 467 2960 est,
517 2912 624 2966 quo
654 2896 816 2949 modo
849 2895 1054 2963 poteris
1101 2908 1198 2962 pro
1225 2888 1439 2945 nomine
1471 2887 1687 2945 Domini
1720 2889 1829 2960 pati
1861 2887 1957 2942 tri-

349 2989 659 3043 bolationes
685 2996 741 3041 et
767 2988 1068 3057 passiones.

421 3082 487 3136 Et
533 3083 750 3152 collyrio
786 3082 977 3151 inunge
1021 3079 1196 3133 oculos
1234 3086 1368 3131 tuos.
1424 3075 1497 3132 Ut
1537 3075 1680 3145 quod
1721 3075 1955 3130 libenter

347 3176 634 3246 cognoscis
681 3190 777 3242 per
816 3174 1174 3243 scripturam,
1215 3173 1374 3242 hujus
1413 3173 1576 3226 etiam
1609 3186 1745 3242 opus
1772 3169 1954 3224 facere

2067 1951 2189 2014 dius
2235 1960 2392 2029 ignis.
2448 1961 2574 2016 Ηωο
2597 1962 2704 2016 duo
2747 1962 2947 2032 judicia
3001 1964 3175 2034 posita
3227 1981 3349 2021 esse
3386 1982 3558 2038 usque
3601 1969 3673 2025 ad

2067 2054 2588 2109 consummationem
2643 2055 2791 2110 orbis
2834 2073 2998 2128 super
3053 2058 3283 2115 tribunal
3323 2060 3420 2117 Dei
3471 2061 3671 2118 exinde

2067 2146 2499 2214 manifestantur,
2529 2163 2756 2218 quorum
2790 2149 3122 2220 judiciorum
3157 2168 3321 2207 unum
3373 2153 3488 2223 jam
3538 2167 3670 2208 con-

2065 2251 2391 2294 summatum
2417 2251 2502 2294 est
2529 2240 2582 2295 in
2615 2242 2941 2312 cataclysmo
2955 2258 3050 2313 per
3064 2259 3282 2314 aquam,
3311 2245 3458 2300 aliud
3483 2254 3668 2301 autem

2065 2334 2530 2388 consummabitur
2553 2349 2650 2403 per
2672 2335 2869 2404 ignem.

2135 2428 2204 2481 Et
2229 2429 2319 2482 iris
2347 2439 2456 2484 erat
2481 2430 2534 2483 in
2559 2431 2778 2486 circuitu
2806 2431 2999 2486 throni.
3035 2431 3342 2489 Iris-autem
3375 2434 3518 2491 circa
3569 2449 3665 2491 so-

2062 2519 2190 2573 lium
2247 2522 2466 2577 eosdem
2499 2522 2712 2578 colores
2767 2523 2948 2580 habet.
3005 2524 3105 2580 Iris
3148 2541 3307 2582 arcus
3337 2526 3553 2593 dicitur,
3594 2526 3668 2584 de

2059 2627 2166 2680 quo
2185 2612 2343 2665 etiam
2373 2613 2440 2667 ad
2480 2612 2593 2668 Noe
2619 2623 2674 2669 et
2711 2615 2777 2669 ad
2810 2614 2946 2671 ﬁlios
2974 2616 3088 2686 ejus
3121 2616 3333 2672 locutus
3359 2627 3445 2675 est
3476 2618 3664 2673 Domi-

2061 2718 2160 2756 nus
2190 2702 2381 2771 (Gem,
2405 2708 2514 2775 ix),
2545 2722 2612 2759 ne
2643 2707 2896 2762 timerent
2918 2708 3054 2763 ultra
3082 2708 3343 2765 diluvium
3388 2712 3445 2766 in
3491 2726 3662 2782 gene-

2061 2799 2270 2851 ratione
2295 2797 2411 2862 Dei,
2440 2798 2535 2852 sed
2561 2799 2758 2869 ignem.
2794 2800 2883 2857 Sic
2907 2802 3050 2858 enim
3073 2802 3180 2858 ait:
3210 2802 3451 2858 Statuam
3475 2819 3662 2859 arcum

2058 2904 2239 2944 meum
2264 2887 2317 2942 in
2346 2889 2599 2958 nubibus,
2641 2900 2700 2946 ut
2731 2906 2837 2947 non
2879 2892 2991 2962 jam
3021 2909 3214 2965 aquam
3259 2894 3516 2963 limeatis,
3565 2894 3662 2951 sed

2059 2982 2256 3053 ignem.

2129 3077 2181 3132 6.
2211 3077 2274 3130 Et
2301 3089 2421 3134 ante
2441 3078 2609 3133 sedem
2633 3087 2890 3150 tamquam
2920 3097 3060 3136 mare
3089 3083 3307 3138 vitreum
3340 3082 3510 3137 simile
3539 3100 3660 3155 cry-

2056 3173 2226 3227 stallo.
2261 3172 2315 3226 ld
2345 3183 2428 3228 est
2458 3173 2659 3229 donum
2692 3175 2964 3245 baptismi,
2994 3176 3136 3247 quod
3161 3193 3258 3248 per
3279 3176 3478 3232 Filium
3498 3193 3662 3234 suum

345 3267 581 3322 coneris.
615 3266 685 3321 Et
712 3266 968 3336 quoniam
989 3266 1035 3320 si
1070 3265 1150 3318 his
1183 3263 1358 3319 modis
1389 3264 1638 3318 homines
1668 3263 1737 3318 de
1759 3277 1953 3332 magno
1979 3282 2023 3344 ρ
2060 3268 2390 3336 poenitentiae
2423 3278 2686 3338 tempore,
2715 3283 3002 3341 antequam
3030 3271 3290 3342 judicium
3317 3271 3501 3339 faciat,
3525 3272 3664 3329 eﬂ'u-

344 3359 556 3415 excidio
578 3359 646 3414 ad
677 3375 929 3430 magnam
953 3359 1183 3415 redeant
1210 3358 1607 3428 paenitentiam,
1644 3374 1749 3411 non
1776 3359 1950 3411 solum

344 3451 444 3506 sibi
503 3463 629 3506 sunt
679 3452 878 3514 utiles,
933 3452 1027 3506 sed
1089 3460 1145 3505 et
1173 3451 1358 3505 multis
1390 3451 1648 3518 prodesse
1681 3458 1946 3517 possunt;

344 3547 650 3601 mercedem
686 3561 790 3599 non
824 3545 1149 3601 mediocrem
1175 3546 1252 3599 eis
1280 3543 1547 3613 promisit,
1579 3541 1834 3597 nimirum
1860 3558 1947 3596 se-

343 3639 474 3694 dere
503 3638 558 3692 in
587 3638 724 3693 solio
751 3637 966 3707 judicii.

941 3745 1010 3785 EX
1034 3745 1225 3785 CAPITE
1270 3741 1344 3787 IV.

418 3824 547 3881 Post
597 3826 703 3880 lucc
755 3824 858 3878 vidi
908 3834 957 3877 et
996 3840 1108 3877 ecce
1163 3825 1348 3876 ostium
1396 3832 1632 3892 apertum
1691 3822 1745 3876 in
1798 3820 1942 3874 caelo.

342 3921 550 3977 Ostium
581 3929 826 3991 apertum
860 3917 913 3971 in
935 3915 1328 3983 ctelo,Novum
1357 3915 1768 3970 Testamentum
1801 3927 1943 3984 pra:-

342 4013 578 4067 dicatur.

414 4125 479 4181 Et
507 4143 604 4181 vox
627 4126 796 4196 prium
831 4143 988 4194 quam
1015 4124 1191 4179 audivi
1209 4166 1222 4190 ,
1258 4133 1501 4190 tanquam
1535 4125 1669 4179 tuba:
1694 4124 1946 4194 loquentis

341 4237 555 4280 mecum,
588 4219 760 4272 dicens
788 4241 799 4273 :
825 4219 1045 4272 ascende
1076 4219 1194 4272 ltuc.
1229 4217 1455 4284 Quando
1485 4223 1728 4285 apertum
1761 4225 1946 4269 osten-

340 4312 523 4376 ditur,
559 4312 801 4365 clausum
848 4312 1014 4364 fuisse
1054 4323 1213 4364 antea
1248 4308 1559 4361 hominibus
1603 4306 1942 4362 manifestum

338 4415 441 4461 est.
489 4403 628 4459 Satis
681 4414 858 4459 autem
898 4415 950 4458 et
991 4403 1148 4472 plene
1199 4400 1521 4470 patefactum
1569 4410 1680 4465 est,
1735 4401 1946 4470 quando

339 4496 588 4551 Christus
624 4511 744 4549 cum
774 4511 1001 4565 corpore
1034 4497 1086 4547 in
1118 4494 1288 4549 etelos
1329 4492 1394 4547 ad
1429 4493 1644 4548 Patrem
1679 4495 1942 4548 ascendit.

340 4591 454 4644 Vox
478 4599 656 4643 autem
689 4588 834 4658 prior
866 4604 1023 4658 quam
1053 4589 1337 4651 audierat,
1371 4603 1491 4640 cum
1520 4587 1645 4640 dicit
1678 4587 1824 4640 illam
1855 4603 1944 4642 sc-

2056 3369 2152 3423 dit.
2204 3369 2329 3425 Ideo
2356 3379 2481 3425 ante
2511 3371 2729 3433 solium,
2771 3370 2824 3425 id
2864 3380 2948 3427 est
2990 3371 3272 3442 judicium.
3310 3370 3445 3428 Cum
3477 3382 3661 3428 autem

2055 3462 2182 3516 dicit
2201 3478 2348 3517 mare
2370 3463 2597 3518 vitreum
2623 3463 2798 3517 simile
2819 3463 3134 3533 chrystallo,
3158 3479 3350 3534 aquam
3378 3465 3660 3534 mundam,

2054 3556 2324 3620 stabilem,
2359 3573 2464 3610 non
2511 3567 2674 3612 vento
2703 3557 2980 3626 agitatam,
3014 3574 3121 3612 non
3163 3558 3215 3612 in
3270 3558 3512 3627 proclivo
3562 3559 3661 3616 de-

2052 3646 2329 3712 ﬂuentem,
2358 3646 2452 3703 sed
2488 3657 2759 3718 tamquam
2789 3647 3009 3704 domum
3042 3649 3136 3704 Dei
3163 3648 3502 3707 immobilem
3550 3659 3662 3707 tra-

2053 3743 2218 3798 ditam
2244 3744 2500 3798 ostendit.

2124 3834 2194 3889 Et
2226 3852 2315 3903 per
2357 3836 2627 3890 circuitum
2667 3837 2802 3892 sedis
2846 3846 3065 3909 quatuor
3115 3837 3383 3894 animalia.
3415 3837 3664 3906 Quatuor

2049 3932 2300 3986 animalia
2323 3941 2555 4002 quatuor
2575 3942 2699 3988 sunt
2723 3934 3033 4005 Evangelia.

2125 4027 2320 4081 7-10,
2356 4025 2590 4080 Primum
2621 4027 2814 4080 animal
2845 4028 3008 4081 simile
3063 4027 3220 4092 leoni,
3273 4037 3319 4084 et
3373 4028 3662 4086 secundum

2050 4123 2216 4177 simile
2247 4121 2428 4189 vitulo,
2462 4132 2507 4175 et
2537 4123 2741 4175 tertium
2772 4122 2961 4175 habens
2986 4123 3174 4191 [aciem
3190 4123 3411 4178 similem
3435 4125 3652 4193 homini,

2051 4225 2096 4269 et
2125 4228 2364 4285 quartum
2389 4215 2556 4269 simile
2585 4215 2776 4285 aquila?
2804 4215 3034 4280 volanti;
3066 4216 3306 4296 hqbentia
3327 4217 3443 4270 alas
3469 4231 3656 4273 senas:

2050 4320 2095 4364 et
2119 4329 2208 4380 per
2238 4311 2507 4364 circuitum
2538 4322 2583 4364 et
2614 4311 2775 4377 intus,
2804 4309 2958 4382 plena
2981 4311 3178 4374 oculis;
3206 4321 3251 4366 et
3288 4313 3519 4383 requiem
3551 4327 3655 4368 non

2050 4403 2301 4456 habebant
2329 4402 2584 4456 dicentia:
2620 4402 2864 4469 Sanctus,
2899 4403 3145 4469 Sanctus,
3193 4403 3439 4467 Sanctus,
3473 4401 3658 4457 Domi-

2051 4512 2146 4548 nus
2178 4496 2521 4568 omnipotens.
2559 4494 2621 4548 Et
2647 4496 2964 4565 procidentes
2989 4497 3167 4566 viginti
3195 4507 3414 4567 quatuor
3429 4497 3655 4551 seniores

2050 4599 2167 4641 ante
2205 4589 2374 4643 sedem
2420 4590 2758 4643 adoraverunt
2805 4588 2989 4648 Deum.
3039 4590 3240 4661 Viginti
3288 4600 3521 4660 quatuor
3568 4607 3655 4646 se-

336 4700 457 4738 ('llm
490 4698 612 4738 esse
651 4682 883 4737 locutam
914 4723 928 4746 ,
973 4681 1088 4734 sine
1128 4679 1560 4736 contradictione
1601 4681 1777 4749 arguit
1809 4697 1903 4735 eos
1925 4724 1938 4745 ,
1968 4687 2022 4748 1)
2051 4680 2229 4734 niores
2256 4682 2443 4752 viginti
2470 4693 2701 4752 quatuor
2721 4682 2836 4736 libri
2859 4693 2984 4736 sunt
3012 4683 3422 4753 prophetarum,
3443 4694 3499 4738 et
3521 4685 3653 4754 legis

335 4778 424 4846 qui
459 4774 620 4829 alium
653 4775 704 4828 iu
747 4773 1064 4844 prophetis,
1112 4772 1272 4826 alium
1314 4773 1365 4826 itt
1409 4772 1706 4843 Evangelio
1754 4773 1943 4828 dicunt

335 4869 500 4923 fuisse
534 4871 806 4930 locutum,
866 4884 987 4922 cum
1018 4867 1187 4937 magis
1215 4866 1331 4937 ipse
1367 4867 1456 4935 qui
1490 4869 1635 4920 venit
1661 4908 1675 4926 .
1724 4867 1841 4937 ipsc
1872 4867 1941 4921 sit

336 4965 425 5036 qui
464 4965 515 5018 in
550 4964 827 5035 prophetis
869 4965 1078 5019 locutus
1109 4973 1212 5018 est.
1259 4963 1495 5018 Jomnes
1533 4963 1674 5017 enim
1717 4979 1782 5016 ex
1828 4963 1938 5016 cir-

334 5058 666 5114 cumcisione
706 5067 859 5122 erat;
892 5068 945 5113 et
987 5057 1165 5112 omnis
1207 5057 1296 5112 ille
1330 5057 1558 5127 populus
1599 5058 1686 5126 qui
1723 5056 1936 5112 Veteris

334 5152 667 5206 Tesmmenti
714 5150 1153 5220 pratdicationetn
1186 5150 1446 5218 audierat,
1486 5151 1576 5206 illa
1602 5166 1734 5206 voce
1767 5151 1937 5205 aedili-

335 5256 488 5298 catus
511 5255 614 5300 est.

408 5337 514 5391 illa
540 5337 814 5408 eademque
838 5354 955 5403 vox,
988 5337 1181 5408 inquit,
1207 5353 1360 5407 quam
1387 5339 1672 5402 audieram,
1694 5339 1785 5392 illa
1811 5335 1936 5390 mihi

333 5430 463 5483 dixit
491 5446 510 5483 :
537 5426 764 5484 Ascendit
793 5430 912 5484 ltuc.
944 5430 999 5484 id
1031 5440 1114 5484 est
1151 5428 1392 5500 spiritus,
1425 5446 1583 5500 quem
1618 5429 1778 5499 paulo
1808 5437 1933 5482 ante

331 5539 492 5595 quam
526 5524 690 5578 ﬁlium
723 5524 956 5579 hominis
981 5523 1123 5579 inter
1150 5523 1473 5579 candelabra
1522 5540 1683 5579 aurea
1741 5523 1932 5578 ambu-

2048 4774 2348 4832 rel‘erentes
2381 4777 2915 4847 tesﬁmouiajudicii.
2948 4781 3085 4836 Sunt
3113 4789 3296 4834 autem
3334 4787 3388 4833 et
3421 4778 3654 4850 vinginti

2047 4878 2277 4937 quatuor
2306 4880 2504 4936 patres,
2552 4870 2833 4924 duodecim
2877 4870 3108 4941 apostoli
3140 4880 3193 4925 et
3223 4868 3512 4925 duodecim
3559 4885 3655 4939 pa~

2048 4964 2318 5016 triarcltaé.
2344 4962 2608 5018 Animalia
2644 4965 2802 5035 igitur
2820 4965 2965 5036 quod
2988 4964 3288 5020 differentia
3318 4974 3446 5019 sunt
3468 4964 3654 5020 vultus

2045 5055 2182 5109 hanc
2203 5055 2404 5111 habent
2425 5058 2685 5112 rationem
2715 5075 2730 5122 ;
2772 5059 2948 5113 simile
2983 5058 3125 5112 leoni
3152 5058 3375 5124 animal,
3408 5057 3652 5114 Marcum

2042 5152 2305 5220 designat,
2337 5152 2389 5206 in
2414 5167 2520 5222 quo
2549 5168 2651 5207 vox
2683 5153 2855 5207 leonis
2881 5155 2934 5208 in
2964 5169 3148 5210 eremo
3193 5153 3454 5224 rugientis
3495 5152 3651 5209 audi~

2043 5255 2147 5299 tur.
2174 5245 2414 5299 llominis
2436 5253 2613 5299 autem
2645 5245 2809 5316 ﬁgura
2830 5248 3047 5302 enititur
3071 5228 3650 5304 Matthzeitsenuntiare

2039 5337 2193 5392 nobis
2218 5353 2386 5406 genus
2409 5337 2587 5392 Maria:
2610 5337 2714 5410 (2).
2743 5341 2881 5394 unde
2904 5356 3121 5396 carnem
3139 5343 3348 5412 accepit
3372 5339 3644 5398 Christus.

2039 5429 2179 5498 Ergo
2202 5431 2326 5482 dum
2356 5442 2635 5484 enumerat
2665 5432 2732 5486 ab
2763 5431 3032 5485 Abraham
3070 5449 3238 5503 usque
3266 5433 3333 5487 ad
3365 5433 3556 5501 David,
3589 5443 3645 5492 et

2037 5520 2295 5593 usquead
2334 5521 2554 5593 Joseph,
2587 5534 2856 5595 tamquam
2905 5525 2974 5581 de
3001 5525 3223 5582 homine
3270 5525 3487 5582 locutus
3534 5535 3640 5582 est.

1725 5637 2283 5695 COMMENTARIUS.

403 5759 481 5835 (ι)
518 5761 762 5817 Ferturtts
794 5778 889 5832 pro
916 5763 1140 5825 laturus,
1170 5772 1225 5818 et
1254 5761 1298 5818 si
1328 5775 1536 5835 nones
1585 5775 1686 5815 usu
1741 5775 1921 5835 gram-

333 5831 669 5902 maticorum,
713 5831 986 5890 uti’etiam
1034 5835 1191 5905 paulo
1221 5844 1354 5905 ante
1377 5831 1541 5897 odire,
1589 5848 1684 5905 pro
1711 5832 1913 5899 odisse,

333 5908 590 5975 dicimus;
624 5908 908 5963 lectionem
946 5903 1123 5962 tamen
1155 5904 1381 5977 antiqui,
1413 5917 1468 5960 et
1492 5903 1724 5959 maxime
1755 5913 1911 5959 vetu-

2032 5769 2170 5814 state
2198 5755 2525 5812 venerabilis
2555 5757 2760 5813 codicis
2785 5757 3072 5815 immutare
3100 5758 3391 5815 noluimus.

2096 5830 2177 5904 (Ξ)
2205 5827 2446 5904 Hominis
2468 5831 2828 5904 autemftgura
2841 5830 3348 5904 enitituryatthwus
3375 5831 3644 5890 enuntiare

2021 5899 2165 5958 noliis
2193 5920 2351 5974 genus
2376 5899 2588 5956 Mariaz.
2606 5899 2742 5959 Vide
2765 5912 2824 5959 ut
2853 5903 3026 5959 tradat
3049 5901 3363 5963 Matthwum
3383 5905 3640 5978 genealoa
