3950 6346
258 377 353 434 523

1417 380 1481 438 IN
1511 379 1990 440 APOCALYPSIN
2029 339 2090 436 Β.
2132 379 2437 438 JOANNIS.

3481 378 3590 444 3‘26

261 499 373 553 idco
402 497 724 567 prmdicatio
761 499 887 566 ejus
909 499 1140 567 effigiem
1159 498 1390 553 hominis
1426 502 1683 556 ostendit.
1711 501 1884 556 Lucas
1911 502 1962 560 Λ
1990 515 2198 554 eorum.
2251 499 2376 554 Hunc
2428 499 2571 554 enim
2619 507 2759 557 tenet
2802 499 3042 556 Ecclesia
3091 501 3353 557 catholica
3387 519 3506 572 quin
3537 511 3592 556 ct

262 591 616 646 sacerdotium
642 590 937 646 Zacharia:
958 591 1235 646 offerentis
1265 594 1494 646 hostiam
1519 608 1617 661 pro
1652 593 1881 662 populo,

266 696 313 738 et
357 700 714 754 apparentem
774 685 880 740 sibi
932 685 1186 754 angelum
1236 685 1360 738 dum
1389 694 1624 751 enarrat,
1665 695 1886 754 propter

270 778 628 833 sacerdouum
679 788 735 832 et
793 778 1052 844 hostiam,
1109 778 1223 847 ipsa
1277 778 1679 845 conscriptione
1734 776 1884 830 vituli

274 872 383 925 tulit
429 872 749 942 imaginem.
808 870 1046 925 Joannes
1073 870 1415 940 Evangelista
1471 869 1664 939 aquila!
1693 870 1886 924 similis

272 966 564 1033 assumptis
610 965 808 1035 pennis
838 964 903 1017 ad
946 964 1135 1018 altiora
1187 964 1447 1018 festinans
1472 964 1540 1017 de
1584 962 1761 1017 Verbo
1793 962 1884 1016 Dei

269 1055 526 1125 disputat.
577 1055 812 1113 Marcus.
843 1058 1022 1126 itaque
1072 1055 1438 1126 Evangelista,
1469 1055 1546 1108 sic
1576 1054 1841 1123 incipiens
1867 1071 1881 1106 :

272 1146 486 1201 Initium
519 1147 796 1218 Evangelii
823 1149 953 1202 Jesu
980 1147 1190 1213 Christi,
1249 1148 1380 1200 sicut
1410 1157 1659 1215 scriptum
1705 1154 1776 1200 est
1830 1145 1884 1198 in

273 1241 426 1295 Esaia
454 1242 713 1312 prapheta
739 1241 959 1314 (Mora,
990 1259 1028 1308 ι,
1052 1239 1109 1313 5)
1133 1260 1145 1296 :
1181 1239 1291 1295 Vox
1314 1243 1588 1294 clamantis
1617 1242 1669 1294 in
1689 1242 1886 1294 deserto

273 1333 398 1405 (Esa
430 1377 446 1400 ,
478 1351 569 1401 χι,
595 1333 654 1408 ὃ)
686 1335 860 1389 leonis
890 1334 1046 1388 habet
1070 1333 1326 1403 effigiem.
1360 1334 1645 1388 Matthaaus
1670 1345 1885 1390 autem:

268 1423 417 1480 Liber
444 1428 793 1496 generationis
812 1425 937 1482 Jesu
953 1425 1142 1480 Christi
1167 1425 1265 1493 ﬁlii
1288 1424 1476 1488 David,
1500 1425 1598 1492 ﬁlii
1624 1425 1888 1479 Abraham

271 1518 481 1591 (Matth.
523 1536 562 1585 ι,
599 1521 689 1590 1);
725 1519 842 1574 1ηιο
881 1528 962 1574 est
1009 1518 1174 1573 facies
1218 1517 1476 1573 hominis.
1527 1517 1700 1572 Lucas
1756 1533 1887 1573 vero

268 1610 398 1665 dixit
427 1630 440 1663 ε
479 1609 605 1664 Fuit
637 1612 894 1665 Sacerdos
925 1611 1129 1664 nomine
1169 1608 1461 1663 Zacharias
1488 1610 1551 1662 de
1577 1610 1684 1662 vice
1732 1609 1885 1675 Abiu,

267 1714 310 1757 et
334 1721 464 1758 uxor
494 1703 578 1756 illi
629 1704 694 1757 de
719 1705 924 1772 ﬁliabus
964 1704 1139 1757 Aaron
1197 1703 1377 1774 (Lua,
1411 1719 1450 1766 ι,
1483 1703 1579 1773 5);
1636 1705 1751 1757 haec
1805 1709 1891 1758 est

268 1798 442 1869 imago
497 1797 674 1852 vituli.
729 1802 797 1852 At
823 1797 1062 1852 Joannes
1119 1813 1242 1852 cum
1275 1799 1497 1867 incipit:
1533 1796 1600 1851 In
1632 1796 1888 1866 principio

1988 604 2143 646 antea
2169 594 2456 661 prcdicata.
2493 607 2539 646 et
2563 604 2746 663 poSIca
2780 606 3154 649 consummata
3187 605 3332 649 sunt.
3358 593 3422 648 Et
3448 594 3594 646 volat

1989 683 2185 753 quippe
2215 694 2268 739 ct
2300 685 2494 740 merito
2527 687 2731 740 tollitur
2753 702 2780 740 a
2810 696 2950 741 terra
2971 689 3148 741 vivum
3169 686 3364 740 animal
3409 686 3595 741 Erre-

1990 778 2107 831 ticis
2133 787 2314 831 autem
2346 778 2433 845 qui
2475 778 2784 833 testimonio
2828 777 3144 849 prOphetico
3192 796 3296 833 non
3348 788 3591 845 utuntur,

1989 869 2188 923 adsunt
2237 876 2291 924 et
2339 869 2418 923 eis
2463 869 2750 934 animalia,
2797 872 2890 924 sed
2943 887 3049 925 non
3082 871 3286 938 volant,
3319 870 3441 938 quia
3471 875 3598 924 sunt

1992 971 2220 1015 terrena.
2258 961 2459 1017 Judaeis
2492 973 2670 1016 autem
2699 962 2788 1030 qui
2820 978 2924 1017 non
2954 964 3227 1034 accipiunt
3250 962 3380 1018 Novi
3401 962 3595 1017 Testa-

1991 1055 2155 1107 menti
2189 1054 2646 1122 przcdicattoncm,
2681 1055 2875 1109 adsunt
2905 1059 3024 1120 alae,
3056 1057 3147 1111 sed
3176 1071 3282 1112 non
3313 1055 3510 1116 volant,
3543 1053 3598 1108 id

1990 1156 2074 1199 est
2120 1145 2336 1201 inanem
2373 1147 2809 1200 vaticinationem
2845 1148 3152 1201 hominibus
3183 1147 3431 1211 aderunt,
3458 1145 3600 1202 facta

1990 1237 2151 1291 dirtis
2181 1254 2286 1293 non
2333 1237 2698 1294 conferentes.
2729 1237 2866 1294 Sunt
2887 1250 3065 1294 autem
3101 1239 3216 1295 libri
3261 1239 3470 1295 Veteris
3497 1238 3601 1294 Te-

1992 1331 2249 1384 stamenti
2294 1333 2382 1400 qtti
2436 1332 2769 1401 recipiuntur
2809 1333 2995 1402 viginti
3064 1343 3318 1403 quatuor,
3369 1346 3504 1402 quos
3550 1331 3603 1386 in

1994 1422 2258 1491 Epitomis
2303 1423 2575 1478 Theodori
2608 1424 2854 1478 invenies
2885 1423 2986 1495 (2).
3019 1423 3126 1480 Sed
3155 1435 3210 1479 et
3237 1426 3422 1496 viginti
3473 1440 3606 1494 qua-

1994 1523 2114 1568 tuor
2143 1515 2225 1582 (ιιι
2269 1513 2526 1586 diximus)
2564 1516 2810 1570 seniores
2842 1516 3184 1572 Patriarchas
3223 1529 3276 1573 et
3314 1517 3605 1587 Apostolos

1987 1606 2232 1676 judicare
2258 1608 2510 1675 populmn
2537 1624 2693 1685 suum
2715 1609 3433 1680 oportet.Interrogantibns
3458 1610 3604 1665 enim

1993 1700 2275 1771 Apostolis
2303 1711 2359 1755 et
2387 1701 2693 1758 dicentibus
2731 1721 2743 1757 :
2783 1703 2895 1758 Nos
2918 1704 3151 1758 omnibus
3179 1704 3364 1758 nostris
3395 1704 3605 1769 relictis,

1995 1795 2154 1848 secuti
2184 1811 2360 1849 sumus
2381 1804 2447 1859 te,
2481 1796 2604 1864 quid
2634 1796 2726 1849 erit
2759 1798 2903 1850 nobis
2941 1795 3185 1868 (Matth,
3216 1812 3327 1862 χιχ,
3361 1793 3451 1855 27.
3479 1794 3610 1868 28)⁶ἶ

265 1903 371 1945 erat
413 1889 652 1958 Verbum,
685 1901 733 1944 et
771 1888 989 1944 Verbum
1019 1901 1123 1943 erat
1149 1893 1290 1960 apud
1323 1890 1518 1953 Deum,
1540 1900 1585 1944 et
1615 1889 1757 1944 Deus
1780 1900 1890 1943 erat
1920 1901 1968 1962 Β
1998 1889 2278 1957 respondit
2306 1889 2566 1942 Dominus
2595 1901 2783 1943 thter
2808 1908 2819 1942 :
2848 1886 2978 1943 Cum
3007 1889 3191 1944 sederit
3222 1889 3362 1958 ﬁlius
3392 1890 3614 1945 hominis

276 1985 494 2041 Verbum
522 1987 733 2057 (Joan.,
785 2002 822 2048 t,
860 1986 936 2055 i);
966 1985 1376 2040 similitudinem
1430 1986 1626 2055 aquilw
1656 1987 1886 2040 volantis

269 2079 529 2133 ostendit.
565 2077 682 2132 Non
712 2078 886 2130 solum
915 2086 1093 2130 autem
1126 2092 1254 2130 suas
1278 2076 1642 2147 Evangelista:
1672 2086 1888 2145 quater-

269 2190 362 2227 nas
393 2173 784 2229 similitudines
821 2176 874 2229 in
924 2175 1036 2229 sois
1062 2174 1302 2229 exordiis
1331 2174 1746 2243 Evangeliorum
1789 2189 1888 2227 ex-

271 2266 532 2336 primunt,
569 2267 664 2321 sed
695 2277 749 2322 et
792 2268 968 2338 ipsum
995 2266 1228 2321 Verbum
1265 2268 1357 2322 Dei
1400 2268 1580 2321 Patris
1626 2268 1880 2335 omnipo-

272 2363 429 2418 tentis
458 2361 557 2432 qni
587 2373 671 2417 est
699 2361 840 2416 lilius
860 2362 999 2432 ejus,
1039 2361 1298 2415 Dominus
1321 2371 1509 2417 noster
1539 2361 1698 2416 Jesns
1728 2360 1896 2415 Chri-

272 2468 384 2512 stus
415 2456 522 2512 fert
548 2457 768 2512 easdem
815 2456 1075 2523 imagines
1105 2457 1158 2509 in
1206 2465 1450 2526 tempore
1489 2455 1754 2510 adventus
1783 2454 1890 2512 sui.

274 2550 404 2606 Cum
438 2551 599 2604 nobis
623 2550 900 2623 praedicat,
927 2561 1008 2605 est
1032 2561 1303 2620 tamquam
1333 2551 1419 2604 leo
1450 2560 1504 2605 et
1535 2549 1748 2603 catulus
1777 2548 1892 2601 leo-

277 2647 376 2699 nis.
414 2645 480 2698 Et
511 2660 637 2700 cum
665 2655 889 2713 propter
909 2645 1140 2698 salutem
1169 2643 1470 2704 hominum,
1499 2644 1662 2697 homo
1717 2641 1894 2696 factus

277 2751 375 2804 est,
399 2741 465 2793 ad
492 2749 725 2793 mortem
752 2739 1144 2794 devinccndam
1167 2749 1223 2793 et
1245 2739 1528 2792 universos
1553 2736 1886 2792 liberandos.

279 2834 345 2889 Et
365 2833 512 2904 quod
544 2849 604 2886 se
628 2834 802 2903 ipsum
831 2833 1088 2888 obtulerit
1119 2833 1352 2887 hostiam
1401 2831 1543 2885 Patri
1590 2846 1685 2899 pro
1715 2830 1892 2897 nobis,

280 2932 475 2984 vitulus
500 2928 676 2983 dictus
704 2938 806 2982 est.
835 2928 900 2982 Et
928 2926 1070 2998 quod
1098 2935 1326 2980 mortem
1348 2925 1684 2979 deviceritet
1707 2937 1901 2978 ascen-

280 3022 355 3075 dit
379 3023 430 3075 in
455 3022 649 3081 caelos.
684 3021 985 3075 extendens
1015 3019 1127 3072 alas
1163 3033 1291 3072 suas
1340 3027 1394 3070 et
1436 3025 1729 3086 protegens
1781 3015 1898 3083 ple-

282 3116 401 3170 bem
452 3130 648 3178 suam,
676 3115 853 3184 aquila
897 3115 1083 3166 voians
1129 3111 1438 3166 nominatus
1491 3121 1595 3165 est.
1633 3109 1725 3163 lite
1772 3121 1904 3176 ergo

283 3207 720 3278 prtedicatioues,
747 3207 992 3276 quamvis
1012 3213 1243 3274 quatuor
1271 3204 1401 3268 sint,
1429 3218 1532 3256 una
1575 3209 1660 3256 est
1699 3210 1899 3264 tamen,

1995 2000 2149 2053 super
2177 1983 2345 2036 sedem
2367 1983 2547 2053 gloriae
2563 1999 2689 2047 suaz,
2711 1983 2948 2038 sedebitis
2975 1994 3021 2037 et
3049 2001 3136 2038 vos
3166 2001 3319 2053 super
3345 1985 3615 2038 duodecim

1993 2076 2274 2142 tribunalia
2298 2076 2596 2146 judicantes
2627 2077 2898 2130 duodecim
2928 2077 3086 2130 tribus
3111 2075 3296 2131 Israel.
3331 2075 3436 2133 Sed
3464 2087 3519 2133 et
3548 2077 3616 2132 de

1996 2168 2236 2234 patribus
2271 2169 2360 2236 qui
2410 2168 2702 2237 judicaturi
2739 2179 2884 2235 sunt,
2925 2169 3000 2223 ait
3049 2168 3216 2224 Jaeob
3265 2169 3568 2240 patriarcha
3601 2186 3616 2227 :

1995 2257 2118 2311 Dan
2152 2259 2412 2328 judicabit
2434 2271 2482 2314 et
2506 2260 2616 2328 ipse
2647 2261 2897 2332 papulum
2923 2279 3074 2316 suum
3101 2264 3234 2318 inter
3260 2267 3448 2330 fratres
3475 2279 3615 2326 suos,

1995 2351 2124 2404 sicut
2152 2363 2196 2404 et
2226 2368 2330 2405 una
2347 2353 2510 2405 tribus
2536 2354 2590 2406 in
2617 2351 2787 2407 Israel
2809 2353 2990 2427 (Gen,
3023 2370 3170 2422 xm,
3205 2353 3316 2427 16).

2072 2464 2127 2518 5.
2162 2464 2230 2518 Et
2260 2483 2291 2517 a
2317 2466 2438 2520 sede
2462 2467 2807 2536 procedebant
2829 2469 3042 2541 fulgura
3072 2479 3118 2523 et
3153 2456 3298 2524 uoces
3319 2478 3367 2524 et
3393 2470 3624 2524 tonitrua

2000 2567 2044 2611 et
2070 2569 2260 2628 si'ptem
2283 2559 2474 2625 facula:
2495 2561 2627 2630 ignis
2645 2561 2902 2615 ardentes.
2928 2561 3281 2618 Procedentia
3305 2572 3486 2619 autem
3519 2563 3623 2618 ful-

2000 2666 2129 2718 gura
2156 2661 2211 2704 et
2237 2667 2401 2705 voces
2428 2665 2479 2707 et
2509 2654 2744 2707 tonitrua
2775 2671 2802 2707 a
2832 2655 2972 2709 solio
3007 2655 3118 2719 Dei,
3149 2666 3204 2711 et
3227 2664 3439 2726 septem
3466 2655 3617 2714 faces

2004 2741 2143 2810 ignis
2171 2743 2426 2798 ardentes
2454 2745 2758 2816 significant
2791 2748 3207 2817 praedicationes
3237 2758 3292 2804 et
3322 2752 3625 2820 repromis-

2011 2838 2196 2890 siones
2233 2836 2562 2906 adoptionis,
2597 2849 2649 2893 et
2679 2839 2874 2894 minas.
2909 2841 3039 2896 Nam
3081 2843 3287 2913 tulgura
3332 2845 3625 2902 adventum

2008 2929 2220 2982 Domini
2264 2931 2588 3000 significant.
2646 2932 2824 2986 VOCcS
2872 2944 3050 2987 autem
3096 2935 3228 2988 Novi
3288 2936 3624 2994 Testamcnti

2008 3020 2426 3089 pl‘:BdiC:tliottcs
2495 3023 2752 3077 Tonitrua
2802 3039 2981 3078 autem
3031 3028 3175 3094 quod
3215 3027 3456 3082 cmicstia
3502 3040 3630 3084 sunt

2009 3115 2195 3166 verba.
2246 3114 2415 3168 Faces
2445 3115 2583 3184 ign's
2633 3116 2890 3171 ardentes
2929 3117 3131 3171 donum
3172 3117 3409 3189 Spiritus
3457 3121 3632 3176 sancti

2009 3207 2155 3276 quod
2197 3208 2246 3260 id
2295 3209 2440 3278 ligno
2482 3211 2750 3279 passionis
2793 3223 2876 3265 est
2909 3211 3201 3268 redditum.
3235 3212 3304 3268 Et
3346 3228 3467 3268 cum
3516 3215 3632 3269 hmc

282 3301 403 3371 (ιιιίίι
425 3300 494 3354 de
536 3315 644 3353 “"0
673 3315 766 3352 "re
798 3298 1083 3367 PWCGSSil-
1131 3295 1280 3351 δῖευι
1317 3294 1513 3350 “mlius
1542 3295 1594 3347 Ῐη
1645 3292 1897 3362 Parnm”
1926 3296 1973 3360 C
2009 3300 2222 3364 fierent,
2246 3301 2511 3356 cecidisse
2533 3302 2665 3358 dicit
2688 3305 2970 3359 universos
3003 3306 3238 3375 majores
3266 3317 3417 3372 natu,
3437 3307 3635 3363 etado-

287 3407 404 3446 cum
439 3391 510 3446 sit
542 3405 701 3457 unus,
737 3390 787 3442 in
837 3398 1068 3459 quatuor
1106 3397 1284 3457 partes
1332 3386 1538 3440 divisus
1585 3395 1687 3439 cst.
1712 3383 1909 3439 Oculos

287 3497 469 3538 autem
506 3485 652 3538 intus
684 3493 736 3536 et
769 3481 896 3534 foris
923 3481 1122 3534 habere
1151 3495 1216 3533 ea
1260 3478 1514 3532 animalia
1562 3478 1616 3529 in
1649 3475 1910 3544 priedica-

291 3583 490 3634 tionem
541 3580 677 3634 Novi
705 3578 1081 3643 Testamenti;
1120 3577 1518 3646 providentiam
1574 3577 1910 3645 spiritualcm

291 3674 527 3729 ostendit
570 3689 690 3743 quae
720 3681 775 3726 et
800 3683 1006 3727 secreta
1038 3673 1216 3725 cordis
1266 3670 1506 3740 insiticit,
1537 3680 1591 3724 et
1646 3686 1910 3739 superve-

294 3771 493 3825 nientia
524 3769 674 3825 videt
698 3785 818 3838 quae
842 3779 967 3822 sunt
993 3768 1136 3821 intus
1164 3777 1217 3820 ct
1247 3765 1395 3820 foris.

367 3889 421 3942 8.
452 3888 579 3940 Alas
608 3902 776 3939 senas.
803 3883 1134 3938 Testimouia
1180 3890 1306 3934 sunt
1336 3879 1548 3936 Veteris
1580 3881 1915 3936 TeStatncnti

298 3981 584 4035 librorum.
608 3978 732 4031 ldeo
766 3976 952 4045 viginti
977 3986 1030 4029 et
1051 3981 1284 4044 quatuor
1315 3974 1540 4028 totidem
1572 3974 1775 4028 faciunt
1808 3973 1910 4045 (l),

299 4085 426 4142 quot
480 4082 609 4127 sunt
653 4072 898 4124 seniores
951 4086 1115 4138 super
1170 4068 1454 4122 tribunalia
1504 4068 1776 4122 sedentes.
1809 4067 1916 4122 Sed

301 4169 434 4222 sicut
469 4165 672 4220 animal
713 4165 896 4216 volare
949 4178 1052 4214 non
1085 4170 1264 4231 potest
1320 4161 1419 4214 nisi
1462 4175 1668 4229 pennas
1695 4160 1916 4226 haheat,

302 4263 396 4324 sic,
454 4275 554 4314 nec
587 4257 898 4328 praedicatio
950 4253 1081 4308 Novi
1127 4253 1460 4308 Testamenti
1513 4252 1669 4305 tidem
1730 4251 1912 4317 habet,

306 4356 406 4409 ιιίὶ
461 4354 657 4407 haheat
711 4350 923 4404 Veteris
979 4347 1313 4402 Testatnenti
1388 4347 1745 4415 pra-nuntiata
1806 4355 1917 4397 tes-

310 4449 554 4508 timonia,
603 4461 695 4514 per
741 4459 861 4512 qum
896 4441 1101 4494 tollitur
1131 4456 1158 4493 a
1203 4450 1342 4492 terra
1385 4447 1438 4492 ct
1483 4438 1648 4490 VUial.
1695 4436 1921 4505 Semper

311 4544 470 4604 cnim,
497 4540 642 4608 quod
676 4546 797 4590 ante
840 4537 1040 4588 dictum
1072 4547 1174 4598 oSI,
1223 4541 1276 4585 et
1308 4541 1489 4599 postea
1525 4528 1720 4582 factum
1766 4531 1919 4584 iuve-

314 4636 471 4697 nitur,
522 4632 655 4686 illud
708 4631 868 4685 fidem
921 4628 1050 4684 facit
1095 4624 1526 4680 iudubitabilcm.
1582 4625 1813 4678 Rursum
1869 4635 1924 4678 et

2019 3410 2168 3448 rasse
2200 3395 2506 3460 Dominum,
2538 3413 2660 3450 cum
2692 3399 2886 3453 darent
2912 3401 2986 3454 illi
3019 3401 3274 3455 animalia
3315 3403 3544 3473 gloriam
3578 3413 3634 3460 ct

2019 3487 2306 3554 honorem,
2340 3489 2391 3542 id
2420 3499 2507 3543 est
2538 3491 2857 3561 Evangelica
2889 3496 3029 3547 actio
3059 3493 3268 3550 scilicet
3299 3503 3353 3549 et
3388 3495 3635 3554 doctrina

2021 3581 2230 3634 Domini
2246 3579 2328 3653 (5)
2352 3597 2474 3636 cum
2503 3583 2854 3654 ademplisset
2876 3595 3003 3642 ante
3027 3602 3121 3656 per
3143 3587 3265 3642 illos
3294 3591 3634 3658 praenuntia-

2022 3685 2129 3726 tum
2164 3676 2411 3739 verbum,
2465 3677 2627 3746 digne
2676 3679 2978 3749 meritoque
3015 3680 3300 3736 exsultant
3340 3685 3637 3740 sentientes

2021 3779 2227 3822 secreta
2261 3780 2315 3822 et
2357 3769 2582 3824 verbum
2640 3770 2850 3824 Domini
2899 3774 3260 3831 ministrasse.
3315 3777 3556 3848 Denique
3583 3790 3639 3835 et

2024 3861 2148 3928 quia
2181 3867 2404 3914 venerat
2451 3862 2541 3930 qui
2590 3872 2823 3918 mortem
2879 3864 3235 3937 disjungeret,
3283 3878 3338 3924 et
3378 3886 3636 3928 coronam

2023 3955 2445 4010 immortalitatis
2470 3957 2620 4010 solus
2650 3957 2843 4027 dignus
2865 3974 3129 4028 sumeret,
3156 3979 3347 4022 omnes
3371 3967 3641 4026 habebant

2026 4063 2121 4118 pro
2146 4048 2316 4118 gloria
2339 4050 2517 4118 aliqua
2542 4065 2696 4106 actus
2724 4054 2806 4107 sui
2838 4055 3026 4124 optimi
3050 4071 3303 4116 coronas.

2102 4162 2186 4217 Η).
2225 4161 2291 4215 Et
2339 4167 2664 4232 proiecerunt
2715 4184 2934 4223 coronas
2977 4187 3098 4225 suas
3127 4174 3219 4227 sub
3251 4174 3463 4244 pedibus
3505 4179 3638 4248 ejus.

2027 4254 2080 4308 Id
2111 4269 2209 4318 est,
2248 4269 2467 4327 propter
2495 4267 2823 4318 eminentem
2865 4265 3092 4334 gloriam
3135 4267 3374 4324 victoria:
3413 4269 3636 4339 Christi,

2027 4366 2218 4404 omnes
2278 4352 2528 4406 victorias
2574 4371 2701 4410 suas
2754 4358 3100 4426 projecerunt
3145 4358 3226 4432 (ί)
3271 4363 3369 4415 sub
3417 4363 3644 4428 pedibus

2028 4445 2164 4512 ejus.
2220 4445 2332 4500 lloc
2374 4450 2624 4517 estquod
2669 4450 2721 4504 in
2763 4454 3047 4524 evangelio
3098 4456 3366 4526 supplevit
3412 4458 3643 4530 Spiritus

2030 4549 2246 4592 Sanctus
2287 4541 2646 4596 ostendendo.
2680 4544 2813 4599 Cum
2843 4547 3010 4613 enim,
3044 4564 3300 4616 passurus
3325 4557 3640 4622 novissime,

2034 4633 2240 4686 venriet
2277 4633 2680 4705 l-lierosolymas
2710 4635 2977 4695 Dominus
3011 4655 3230 4698 noster.
3265 4655 3318 4700 et
3344 4648 3545 4703 exisset
3574 4650 3647 4704 illi

315 4729 410 4782 alte
431 4728 474 4782 si
504 4743 609 4780 non
645 4725 884 4778 bmreant
913 4721 1253 4784 animalibus,
1299 4721 1461 4770 vitam
1492 4718 1632 4771 unde
1680 4719 1922 4785 trahant,
1951 4702 2005 4760 D
2036 4726 2266 4793 populus
2297 4726 2535 4794 obviam,
2569 4728 2658 4782 alii
2690 4732 2928 4799 przecisis
2971 4738 3134 4790 rantis
3179 4738 3473 4806 palmarum
3504 4745 3647 4799 viam

321 4847 419 4884 non
449 4831 673 4884 habent.
700 4827 808 4880 Nisi
835 4826 979 4880 enim
1005 4841 1123 4895 quae
1157 4825 1517 4894 praedixerunt
1545 4827 1848 4896 prophetae,
1873 4821 1925 4874 in

321 4923 534 4978 CliriSto
575 4931 760 4976 essent
801 4928 1197 4985 consummata,
1245 4919 1419 4973 inanis
1459 4930 1574 4974 erat
1620 4915 1930 4987 pra-dit-atio

2039 4820 2354 4874 sternebant
2384 4821 2468 4874 alii
2494 4825 2703 4876 tunicas
2733 4839 2857 4877 soas
2875 4827 3252 4899 subjiciebant;
3276 4832 3415 4888 duos
3442 4835 3651 4893 scilicet

2040 4915 2268 4985 papulas
2321 4915 2704 4985 ostendentes,
2751 4935 2914 4975 unum
2963 4924 3428 4999 patriarcharum,
3482 4932 3649 4990 alium

1710 5030 2280 5087 COMMENTARIUS.

325 5161 458 5229 giam
483 5155 641 5211 nobis
672 5154 988 5229 Marizngnon
1013 5150 1208 5205 Christi
1230 5148 1559 5228 describere,
1580 5161 1738 5202 secus
1765 5157 1926 5216 atque

327 5224 496 5299 inajur
517 5229 677 5281 hodie
707 5225 1103 5291 Theologoruni
1136 5237 1260 5293 pars
1292 5224 1562 5299 opinatur.

345 5331 352 5336 -
399 5291 474 5372 (ii)
527 5301 654 5354 Ideo
692 5297 871 5372 viginti
910 5309 956 5350 et
996 5291 1214 5372 quatuor
1254 5291 1496 5372 _tozidem_
1518 5292 1718 5372 faciunt
1739 5331 1761 5372 ,⁸
1809 5298 1931 5372 quot

330 5361 823 5428 sunt'seuioresfln
856 5361 1224 5431 manuscripto
1254 5364 1323 5416 ita
1364 5363 1660 5435 legebatur,
1693 5361 1822 5414 Ideo
1855 5364 1929 5413 ui-

332 5449 452 5513 ginti
480 5456 525 5498 et
549 5453 769 5513 quatuor
799 5442 996 5513 faciant
1021 5449 1088 5513 tot
1114 5453 1398 5513 numerum,
1430 5447 1550 5513 quot
1581 5447 1626 5487 et
1655 5435 1881 5513 seniores
1914 5449 1933 5496 ;

332 5507 420 5588 qui
451 5507 604 5571 error
643 5525 696 5569 et
724 5507 923 5588 _si'non
958 5526 987 5563 a
1023 5508 1274 5588 librario,‘
1308 5508 1412 5588 sed
1452 5507 1521 5559 ab
1551 5518 1770 5588 auctore
1819 5508 1936 5574 ipso

337 5577 577 5643 manasse
607 5586 916 5642 credendus
959 5591 1080 5640 est;
1119 5579 1366 5632 eumdem
1401 5587 1598 5637 tamen,
1625 5577 1764 5646 quod
1813 5592 1938 5630 cum

340 5670 476 5714 recta
528 5659 780 5731 loquendi
832 5655 1048 5708 ratione
1097 5660 1328 5731 pugnet,
1377 5649 1652 5730 additiune
1696 5647 1938 5731 adverbii

341 5733 558 5800 totidem,
581 5719 663 5798 ac,
693 5741 770 5796 et,
802 5729 857 5784 in
881 5734 1026 5787 sunt,
1051 5719 1292 5787 verbium,
1321 5721 1616 5776 mutatione
1639 5719 1936 5774 tollendum

343 5819 536 5860 06118111.

413 5876 484 5948 (2)
527 5877 591 5932 In
633 5873 878 5949 epitomis
936 5867 1199 5949 Theodori
1242 5867 1485 5948 invenies.
1542 5861 1938 5949 [interciderunt

348 5934 477 6006 sicut.
513 5951 609 6009 alia
661 5934 944 6023 'pleraque
978 5941 1078 5996 viri
1110 5939 1270 6011 hujus
1317 5937 1651 5994 monimenta
1683 5954 1698 6002 ;
1732 5934 1801 5990 de
1829 5950 1936 6006 quo

2034 5145 2161 5227 quid
2209 5144 2304 5197 tibi
2349 5160 2446 5239 pro
2474 5156 2626 5239 cepto
2669 5149 2898 5239 referam
2952 5156 3280 5239 non‘habeo
3323 5178 3495 5219 :nam
3539 5183 3648 5239 quo

2038 5217 2496 5300 minusneunnlem
2523 5219 2924 5300 llc_racliensem
2952 5239 3042 5280 aut
3061 5217 3639 5300 Antiocncnum‘illitin

2037 5287 2474 5372 esseafﬁrtnein,
2508 5293 2650 5372 ratio
2673 5303 2976 5364 temporum
3002 5287 3313 5372 refragatur.

2111 5360 2188 5430 (5)
2222 5359 2290 5444 I
2318 5372 2392 5414 est
2421 5364 2715 5444 evangelica
2742 5359 2897 5444 actio
2939 5379 2987 5422 et
3013 5359 3246 5429 doctrina
3277 5376 3503 5435 Domini.
3539 5385 3649 5444 Nos

2041 5432 2093 5523 itu
2127 5443 2318 5523 quarto
2339 5433 2624 5523 Camilla-cl
2641 5438 2803 5492 verba
2853 5441 3074 5509 legenda
3102 5457 3156 5498 et
3186 5463 3281 5514 pro
3307 5432 3624 5523 Evangelica

2050 5503 2329 5581 Evangelia
2377 5505 2720 5581 scribendum
2751 5524 2872 5564 eSse
2902 5501 3327 5571 vexistiutaiuns.

2048 5576 2114 5660 de
2141 5591 2210 5660 eo
2234 5591 2331 5627 suo
2361 5579 2588 5660 quisque
2606 5579 2869 5660 jlld‘lcaitli
2889 5585 3115 5660 arbitrio
3139 5606 3150 5640 :
3176 5605 3302 5660 itam
3331 5594 3457 5660 quid

2048 5657 2312 5701 Str-tntum
2364 5649 2652 5704 verborum
2695 5653 2960 5725 intelligas
2986 5699 2999 5722 ,
3044 5658 3313 5728 dispicere
3348 5649 3494 5718 'satis
3543 5649 3656 5727 non

2048 5734 2352 5787 posuimus.

2119 5789 2199 5861 (4)
2222 5791 2409 5873 Omnes
2431 5793 2664 5873 victorias
2692 5811 2812 5849 suas
2834 5801 3179 5873 projecerunt.
3214 5801 3388 5860 Verba
3414 5805 3500 5860 illa
3534 5826 3657 5870 suas

2043 5871 2096 5916 et
2119 5866 2438 5945 proiecerunt
2465 5866 2530 5919 de
2555 5876 2740 5946 nostro
2779 5866 3112 5946 addidimus,
3143 5874 3367 5946 victoria:
3428 5866 3657 5946 prater;

2043 5949 2104 5989 ea
2135 5949 2230 6004 pro
2258 5950 2364 6005 quo
2393 5936 2656 5991 victoriam
2681 5940 2978 6013 legebatur,
3011 5946 3159 6001 nullo
3187 5944 3409 6016 (judicio
3429 5936 3659 6036 nostro)
