3950 6330
345 370 449 428 527

1561 374 1620 430 S.
1656 374 1997 435 VICTORINI
2036 378 2328 442 SCHOLIA

3551 380 3657 436 3‘28

344 482 722 556 prophetarum
744 523 761 551 ,
803 499 1120 558 magnorum
1149 487 1359 543 scilicet
1393 487 1624 543 virorum
1663 492 1754 560 qui
1786 508 1941 561 quas-
1971 498 2018 557 Α
2048 497 2309 565 quauilcn
2332 496 2868 566 contregitmortem,
2898 501 3092 559 etquae
3113 493 3180 550 de
3195 506 3263 551 eo
3292 494 3656 566 prauitatiata

341 592 575 649 cumque
605 577 867 633 habebant
898 580 1105 649 palmas
1129 582 1473 636 victoriarum
1503 597 1722 636 suarum
1754 594 1943 639 contra

343 679 646 742 peccatum,
690 670 882 725 victori
927 672 1169 726 omnium
1199 670 1437 737 Christo,
1471 687 1565 726 eas
1594 673 1695 727 sub
1723 674 1947 742 pedibus

338 762 637 832 jactabant.
678 764 861 818 Palma
887 774 1069 820 autem
1097 777 1152 821 et
1178 780 1379 821 corona
1417 765 1557 819 idem
1602 767 1907 835 signiﬁcant
1936 808 1950 832 ,

344 872 465 926 qua:
494 873 600 911 non
630 857 827 912 dantur
854 858 955 913 nisi
979 857 1191 913 victori.

931 966 999 1003 EX
1036 965 1230 1005 CAPIT!
1274 966 1324 1004 V.

418 1043 469 1097 l.
506 1041 571 1097 Et
602 1043 706 1097 vidi
734 1044 787 1097 in
817 1044 1027 1098 dextera
1055 1046 1279 1099 sedentis
1320 1062 1472 1114 super
1499 1048 1725 1103 tribunal
1764 1049 1951 1103 librum

345 1136 590 1203 scriptum
615 1137 753 1188 intus
773 1146 820 1189 et
847 1137 997 1206 foris,
1035 1139 1295 1207 signatum
1327 1139 1514 1209 sigillis
1544 1152 1756 1211 septem.
1792 1141 1952 1197 Liber

348 1227 434 1282 hic
465 1226 628 1282 Vetus
661 1227 1066 1283 Testamentum
1093 1230 1381 1301 signiﬁcat,
1412 1232 1555 1301 quod
1577 1243 1664 1286 est
1693 1234 1875 1287 datum
1896 1234 1948 1287 in

346 1320 596 1375 manibus
646 1321 853 1376 Domini
888 1322 1059 1378 nostri
1098 1322 1256 1379 .lesus
1282 1323 1503 1391 Christi,
1548 1326 1637 1395 qui
1677 1326 1882 1394 accepit
1919 1338 1947 1377 a

345 1410 505 1467 Patre
525 1412 811 1479 judicium.

414 1505 473 1571 τὶ,
499 1507 551 1561 5.
589 1506 652 1560 Ει
680 1508 782 1561 vidi
825 1509 1076 1580 Angelum
1114 1510 1436 1580 fortitudinis
1474 1511 1713 1579 plenum,
1754 1509 1948 1579 praedi-

346 1608 544 1651 cantem
562 1615 685 1654 voce
713 1617 899 1671 magna
929 1618 948 1655 :
977 1601 1105 1669 Quis
1129 1613 1203 1656 est
1233 1604 1417 1674 dignus
1442 1604 1642 1671 aperire
1666 1603 1874 1667 librum,
1904 1610 1953 1655 et

346 1690 536 1743 solvere
565 1691 831 1760 signacula
866 1692 1023 1762 ejus?
1046 1705 1091 1745 et
1115 1710 1259 1748 nemo
1286 1695 1518 1747 inventus
1548 1704 1618 1747 est
1647 1694 1833 1764 dignus
1864 1708 1951 1746 ne-

345 1798 440 1851 que
466 1784 518 1835 in
549 1783 676 1837 caelo
706 1800 865 1853 neque
890 1788 943 1837 in
973 1794 1139 1853 terra,
1160 1802 1319 1854 neque
1340 1786 1507 1839 subter
1537 1796 1724 1839 terram
1754 1786 1953 1854 aperire

2051 588 2267 645 fuerant
2290 591 2537 659 replevit,
2563 599 2618 644 et
2650 590 2919 644 hominem
2955 589 3223 651 liberavit,
3245 590 3294 642 id
3324 602 3408 645 est
3432 606 3654 646 carnem

2052 685 2120 740 de
2134 696 2325 749 mortc,
2351 693 2405 738 ct
2422 683 2628 753 accepit
2647 684 3042 753 possessionem
3061 684 3414 738 subStautiam
3430 683 3659 740 morien-

2055 784 2142 844 tis,
2169 781 2217 834 id
2241 790 2321 834 est
2345 778 2709 834 membrorum
2731 777 3111 833 humanorum.
3129 776 3200 835 Ut
3217 778 3465 847 sicutper
3489 795 3655 834 llllllm

2052 887 2250 941 corpus
2276 888 2466 927 omnes
2498 872 2746 926 homines
2767 871 2949 927 debito
2971 872 3160 926 mortis
3184 886 3296 927 sua:
3324 871 3655 937 ceciderant,

2053 982 2151 1037 per
2182 982 2346 1021 unum
2375 968 2537 1021 etiam
2579 982 2776 1036 corpus
2810 967 3045 1021 universi
3078 966 3365 1021 credentes
3400 965 3573 1021 renati
3600 963 3656 1019 in

2055 1058 2216 1112 vitam
2247 1068 2616 1130 resurgerent.
2640 1060 2835 1115 Merito
2851 1074 2979 1129 ergo
2999 1058 3163 1115 facies
3185 1057 3315 1113 Mosi
3342 1057 3583 1128 aperitur
3604 1066 3661 1113 et

2053 1152 2357 1218 revelatur;
2408 1152 2634 1223 ideoque
2684 1152 3075 1223 Apocalypsis,
3123 1150 3401 1206 Revelatio
3436 1149 3648 1205 dicitur.

2055 1243 2213 1299 Modo
2246 1246 2391 1301 enim
2432 1246 2568 1300 liber
2592 1244 2710 1314 ejus
2738 1246 3066 1315 resignatur,
3096 1244 3260 1300 modo
3289 1245 3478 1299 boetia:
3506 1243 3659 1297 obla-

2057 1337 2218 1390 tionis
2246 1336 2646 1407 intelliguntur,
2675 1336 2835 1391 modo
2856 1336 3201 1392 sacerdotum
3223 1337 3473 1391 chrismte
3492 1335 3656 1390 labri-

2055 1431 2229 1496 catio;
2261 1431 2355 1486 sed
2386 1440 2439 1485 et
2466 1431 2771 1485 testimonia
2794 1440 2981 1501 aperte
3012 1430 3403 1499 intelliguntur.

2127 1526 2182 1590 8,
2216 1523 2271 1578 9.
2326 1522 2519 1594 Viginti
2570 1533 2791 1594 quatuor
2832 1527 3057 1579 seniores
3087 1533 3132 1577 et
3158 1532 3377 1588 quatuor
3414 1522 3661 1577 animalia

2054 1619 2281 1673 citharas
2306 1629 2356 1673 et
2396 1620 2600 1689 phialas
2631 1618 2895 1685 habentes,
2928 1628 2973 1673 et
2995 1628 3257 1673 cantantes
3280 1618 3533 1673 canticum
3562 1634 3657 1672 no-

2056 1730 2193 1767 vum.
2236 1714 2540 1783 Cunjuncta
2577 1712 2789 1768 Veteris
2820 1712 3153 1768 Testann-nti
3184 1713 3495 1783 praedicatio
3536 1728 3658 1768 cum

2057 1820 2217 1869 novo,
2244 1806 2501 1875 pupulum
2520 1803 2875 1859 christianum
2906 1803 3175 1874 signiﬁcat
3202 1813 3507 1859 cantantem
3534 1820 3661 1859 can-

346 1877 550 1933 ιέθηιηι·
580 1879 803 1948 Aperite
822 1890 1002 1935 autem
1032 1881 1227 1935 “brum
1250 1889 1354 1947 εει,
1390 1896 1485 1950 Per
1513 1878 1785 1935 “Ol'llne‘”
1805 1895 1952 1934 ἠομ
1982 1897 2028 1957 Β
2058 1899 2221 1953 ticum
2252 1914 2471 1962 novum,
2500 1898 2551 1951 id
2582 1907 2666 1953 est
2681 1896 3077 1954 confessionem
3107 1914 3258 1954 suam
3292 1898 3506 1968 publice
3532 1914 3661 1952 con-

346 1980 453 2025 tem
484 1971 793 2027 devincere.

417 2066 473 2119 4.
509 2064 623 2119 Hoc
664 2067 849 2137 dignus
882 2068 1049 2137 facere
1090 2084 1235 2122 nemo
1278 2079 1350 2121 est
1395 2069 1647 2123 inventus.
1688 2066 1871 2139 Neque
1900 2066 1951 2122 in

346 2157 553 2229 angelis
582 2159 652 2214 de
677 2162 854 2228 C(Blu,
887 2176 1061 2231 neque
1108 2162 1159 2214 in
1203 2162 1512 2215 hominibus
1555 2162 1607 2215 in
1657 2174 1818 2228 terra,
1854 2167 1954 2216 nec

348 2252 491 2308 inter
514 2254 725 2308 animas
754 2265 1066 2309 sanctorum
1096 2256 1148 2309 in
1174 2257 1379 2326 requie,
1412 2255 1512 2310 nisi
1538 2256 1683 2310 solus
1708 2254 1955 2311 Christus

345 2344 513 2400 Filius
532 2344 649 2410 Dei,
672 2361 831 2415 quem
850 2347 979 2401 dicit
1002 2348 1201 2402 vidisse
1217 2363 1411 2418 agnum
1429 2359 1660 2401 Slﬂlllt‘lll
1683 2358 1951 2418 tamquam

344 2442 608 2503 occisum,
656 2437 944 2493 habentem
978 2455 1179 2493 cornua
1224 2450 1453 2509 septem.
1488 2438 1641 2505 Quod
1688 2457 1792 2493 non
1835 2451 1955 2495 erat

353 2540 478 2587 tunc
504 2531 872 2601 praedicatum,
898 2542 951 2589 et
968 2532 1228 2602 quidquid
1260 2548 1354 2603 per
1377 2534 1553 2587 varias
1578 2534 1879 2589 oblationes
1900 2544 1953 2589 et

344 2625 634 2687 sacriﬁcia,
684 2626 769 2681 lex
817 2626 869 2680 in
920 2626 1069 2681 illum
1114 2628 1367 2682 meditata
1418 2627 1611 2692 fuerat,
1647 2629 1820 2698 ipsum
1854 2628 1953 2682 im-

350 2719 500 2789 plere
518 2718 824 2789 oportebat.
846 2720 911 2773 Et
936 2720 1061 2790 quia
1085 2720 1199 2789 ipse
1216 2730 1331 2775 erat
1350 2728 1581 2774 testator
1604 2722 1693 2791 qui
1723 2734 1951 2775 mortem

344 2810 641 2877 devicerat,
674 2812 847 2882 ipsum
886 2824 1003 2865 erat
1034 2812 1238 2880 justum
1271 2812 1527 2875 constitui
1560 2812 1816 2867 heredem
1850 2814 1954 2867 Do-

346 2906 500 2972 mini,
524 2916 582 2961 ut
598 2906 902 2977 possideret
922 2907 1251 2961 subtantiam
1274 2908 1581 2971 morientis,
1608 2908 1659 2962 id
1678 2917 1760 2962 est
1778 2924 1951 2963 inem-

347 2995 440 3053 bra
468 2996 726 3052 humana.

416 3094 472 3148 5.
523 3092 658 3147 Ecce
687 3093 804 3146 vicit
836 3092 914 3147 leo
943 3092 1007 3146 de
1028 3093 1163 3147 tribu
1204 3092 1368 3154 Juda.
1392 3094 1545 3147 radix
1576 3091 1763 3147 David.
1805 3092 1957 3148 Hunc

349 3184 565 3245 leonem
593 3186 662 3241 de
697 3186 839 3241 tribu
867 3186 1004 3241 .luda
1034 3186 1229 3241 vicisse
1266 3185 1317 3240 in
1347 3184 1547 3241 Genesi
1588 3186 1833 3255 legimus,
1867 3186 1957 3241 ubi

2060 1995 2341 2049 terentem.
2394 1992 2602 2048 Novum
2654 2002 2767 2059 cst,
2817 1992 2983 2047 lilium
3036 1992 3126 2049 Dei
3189 1993 3463 2049 hominem
3522 1992 3656 2047 lieri.

2058 2086 2265 2141 Novum
2294 2095 2397 2149 est.
2430 2102 2550 2141 cum
2574 2100 2803 2155 corpore
2834 2086 2886 2140 in
2912 2084 3081 2141 caelos
3107 2086 3421 2141 ascendere.
3451 2084 3657 2140 Novum

2058 2192 2161 2245 est,
2184 2180 2555 2235 remissionem
2577 2188 2917 2249 peccatorum
2933 2179 3238 2234 hominibus
3255 2178 3406 2235 dare.
3426 2178 3656 2246 Novum,

2057 2286 2248 2328 saneto
2276 2274 2480 2341 Spiritu
2506 2272 2706 2342 signari
2736 2272 3001 2328 homines.
3032 2271 3237 2326 Novum
3276 2281 3380 2338 est,
3410 2271 3659 2328 sacerdo-

2060 2366 2189 2419 tium
2234 2366 2481 2435 accipere
2532 2380 2702 2421 sacra:
2739 2365 3167 2431 observationis,
3212 2375 3267 2420 et
3304 2381 3529 2435 regnum
3560 2382 3657 2420 ex-

2057 2468 2305 2525 spectare
2327 2455 2609 2511 immensa:
2651 2458 3109 2524 repromissioiiis.
3143 2454 3359 2511 Cithara
3384 2469 3435 2511 et
3459 2456 3659 2513 chorda

2058 2552 2111 2604 in
2158 2550 2299 2620 ligno
2344 2562 2568 2607 extensa
2618 2552 2883 2622 signiﬁcat
2912 2566 3131 2607 carnem
3157 2548 3356 2606 Christi
3395 2552 3659 2622 passionis

2056 2644 2200 2706 ligno
2241 2645 2605 2715 conjunctam.
2654 2644 2833 2699 Phiala
2865 2646 3294 2709 ciinlessionein,
3329 2656 3382 2701 et
3413 2646 3535 2699 novi
3569 2660 3656 2699 sa-

2057 2735 2282 2791 cerdotii
2333 2738 2704 2808 propaginem.
2747 2737 3075 2806 Angelorum
3114 2747 3291 2791 autem
3344 2738 3652 2806 multorum,

2057 2830 2223 2884 immo
2268 2831 2508 2885 omnium
2548 2832 2684 2897 laus,
2724 2832 2964 2885 omnium
2996 2834 3142 2887 salus
3175 2843 3288 2899 est,
3321 2842 3377 2889 et
3415 2831 3660 2889 testimo-

2058 2921 2206 2976 nium
2230 2922 2501 2978 universa:
2524 2924 2820 2979 creationis
2845 2923 3072 2979 Domino
3092 2935 3278 2979 nostro
3306 2926 3655 2983 referentium

2059 3014 2469 3084 gratulationem
2498 3015 2836 3070 liberationis
2866 3016 3143 3070 hominum
3174 3016 3240 3071 de
3261 3018 3413 3072 clade
3444 3019 3653 3073 mortis.

2061 3106 2378 3176 Resignatio
2410 3106 2741 3177 sigillorum,
2774 3118 2830 3161 ut
2851 3107 3110 3175 diximus,
3144 3111 3354 3178 apertio
3381 3119 3463 3163 est
3496 3109 3659 3167 Vete-

2062 3200 2137 3255 ris
2186 3200 2555 3265 Testamenti,
2606 3213 2661 3257 et
2706 3202 3125 3272 prmdicatorum
3176 3205 3553 3273 praenuntiatio
3607 3207 3659 3260 in

350 3280 519 3337 .lacob
566 3281 871 3352 patriarcha
899 3281 1011 3334 ait:
1041 3280 1183 3334 Juda
1214 3288 1261 3333 te
1287 3281 1574 3334 laudabunt
1619 3284 1805 3351 fratres
1836 3280 1907 3332 tui
1940 3294 1954 3333 .'

2064 3293 2359 3351 novissimo
2421 3305 2664 3365 tempore
2710 3294 3040 3360 futurorum;
3074 3312 3193 3366 qua:
3236 3298 3359 3353 licet
3395 3299 3660 3368 scriptura

344 3378 616 3433 rccubuisti
637 3418 652 3444 ,
683 3388 729 3433 et
762 3376 1025 3441 dormisti,
1070 3386 1117 3429 et
1152 3374 1422 3429 surrexisti
1462 3386 1721 3443 tamquam
1757 3373 1833 3428 leo
1854 3415 1867 3437 ,
1910 3382 1955 3427 et

347 3480 607 3538 tamquam
634 3471 838 3525 catulus
867 3469 1027 3525 leonis
1058 3468 1243 3537 (Gem,
1270 3484 1423 3531 :th,
1460 3468 1515 3534 8,
1550 3468 1628 3536 9).
1661 3466 1741 3521 Ad
1766 3467 1954 3522 devin-

346 3565 578 3619 cendum
621 3563 765 3618 enim
808 3573 1035 3621 mortem
1081 3562 1165 3616 leo
1204 3562 1379 3615 dictus
1405 3570 1517 3625 est;
1548 3560 1613 3614 ad
1647 3560 1955 3631 patiendum

347 3671 479 3711 vero
509 3672 607 3726 pro
642 3654 972 3722 hominibus,
1017 3662 1271 3724 tanquam
1318 3668 1488 3723 agnus
1523 3653 1587 3708 ad
1630 3654 1955 3707 occisionem

352 3747 547 3803 ductus
587 3756 689 3803 est.
747 3746 853 3802 Sed
886 3746 1009 3816 quia
1054 3755 1285 3801 mortem
1327 3745 1555 3807 devicit,
1599 3754 1654 3800 et
1700 3745 1957 3812 praevenit

355 3841 627 3897 carniﬁcis
650 3839 910 3904 ofﬁcium,
942 3838 1095 3908 quasi
1126 3839 1339 3892 occisus
1358 3838 1533 3893 dictus
1558 3847 1661 3893 est.
1696 3838 1789 3893 Hic
1828 3854 1957 3909 ergo

350 3934 526 4001 aperit
548 3941 604 3987 et
636 3933 894 3999 resignat,
918 3929 1064 4001 quod
1091 3930 1208 3999 ipse
1227 3931 1533 4000 signaverat
1556 3942 1951 3987 testamentum.

347 4025 463 4085 Hoc
488 4027 806 4100 signiﬁcans
836 4025 1009 4080 Moses
1031 4024 1332 4095 legislator,
1362 4024 1506 4095 quod
1532 4026 1813 4094 oportebat
1835 4039 1958 4081 esse

348 4123 617 4194 signatqu
634 4130 687 4175 et
706 4120 938 4176 celatum
960 4133 1131 4189 usque
1145 4118 1210 4172 ad
1229 4118 1519 4173 adventum
1538 4118 1802 4187 passionis
1818 4119 1953 4189 ejus,

347 4216 548 4272 velavit
606 4213 799 4269 faciem
856 4227 1047 4277 suam,
1078 4220 1133 4265 et
1180 4211 1258 4266 sic
1306 4221 1391 4265 est
1442 4212 1641 4279 popqu
1689 4211 1897 4265 locutus
1943 4229 1955 4263 :

350 4307 647 4366 ostendens
680 4306 851 4360 velata
899 4319 1019 4359 esse
1045 4303 1208 4357 verba
1255 4301 1657 4373 prmdicationis
1703 4318 1869 4371 usque
1894 4302 1959 4357 ad

351 4400 641 4455 adventum
691 4396 949 4467 temporis
993 4396 1131 4466 ejus.
1166 4394 1298 4449 Nam
1332 4403 1381 4448 et
1420 4394 1535 4463 ipse
1576 4409 1695 4447 cum
1746 4394 1963 4463 legisset

352 4494 571 4565 papulo,
620 4500 843 4559 accepta
898 4490 1015 4543 lana
1046 4489 1263 4543 succina
1298 4487 1397 4560 (ι),
1432 4488 1695 4557 sanguine
1735 4487 1879 4541 vituli
1910 4497 1965 4543 et

349 4604 486 4659 aqua
533 4586 767 4655 aspersit
815 4585 1072 4655 populum
1125 4584 1438 4637 universum
1477 4583 1667 4637 dicens
1703 4601 1714 4636 :
1758 4582 1855 4637 llic
1883 4591 1964 4637 est

2061 3390 2374 3461 prOphetica
2408 3406 2503 3460 per
2533 3390 2741 3461 singula
2781 3392 2952 3461 sigilla
2985 3391 3147 3457 dicat,
3190 3393 3440 3449 oumibus
3482 3402 3661 3448 tamen

2061 3485 2241 3552 simul,
2273 3486 2479 3556 apertis
2512 3486 2743 3557 sigillis,
2777 3487 3023 3543 ordinem
3063 3503 3218 3543 suum
3264 3488 3426 3544 habet
3470 3487 3665 3559 praidi-

2060 3579 2225 3634 catio.

2670 3713 2737 3753 ΒΧ
2764 3712 2955 3753 (ΖΔΡΙΤΕ
2980 3712 3056 3753 γι.

2136 3833 2187 3892 1.
2214 3832 2268 3887 2.
2302 3833 2501 3888 Etcum
2524 3836 2803 3905 aperuisset
2821 3853 2985 3909 agnus
3005 3854 3161 3892 unum
3177 3839 3435 3909 deseptem
3460 3839 3664 3912 sigillis,

2061 3925 2163 3979 uidi
2190 3936 2236 3979 et
2261 3928 2436 3981 audiui
2463 3945 2621 3982 unum
2655 3929 2718 3983 de
2750 3942 2968 4000 quatuor
2996 3932 3304 3987 animalibus
3330 3935 3522 4001 dicens,
3541 3934 3669 3989 Veni

2062 4031 2109 4074 et
2130 4021 2263 4075 vide.
2296 4020 2363 4076 Et
2392 4038 2505 4077 ecce
2522 4040 2681 4094 equus
2709 4026 2857 4081 albus
2876 4067 2892 4092 ,
2929 4036 2976 4081 et
3000 4029 3089 4098 qui
3114 4028 3318 4084 sedebat
3339 4046 3491 4101 super
3517 4030 3668 4083 illum

2063 4116 2252 4170 habens
2280 4134 2478 4171 arcum.
2531 4118 2737 4187 Aperta
2777 4119 2955 4191 sigillo
2995 4122 3170 4191 primo
3211 4123 3340 4178 dicit
3370 4139 3429 4179 se
3471 4123 3669 4180 vidisse

2064 4226 2260 4279 equum
2280 4209 2461 4265 album
2481 4219 2533 4264 et
2547 4212 2785 4282 equitem
2804 4224 3124 4269 coronatum
3147 4214 3433 4271 habentem
3454 4232 3665 4271 arcum.

2064 4301 2181 4357 Hoc
2210 4304 2350 4358 enim
2400 4320 2496 4374 per
2540 4306 2714 4375 ipsum
2761 4307 2933 4376 primo
2980 4306 3179 4363 factum
3220 4320 3322 4365 est.
3377 4310 3669 4381 Postquam

2065 4398 2206 4452 enim
2236 4398 2480 4454 ascendit
2509 4399 2563 4453 in
2587 4400 2755 4455 eteius
2780 4401 3057 4463 Dominus.
3075 4415 3128 4458 et
3150 4405 3361 4475 aperuit
3390 4408 3665 4475 universa,

2066 4490 2213 4545 misit
2246 4491 2503 4558 Spiritum
2543 4504 2789 4548 sanctum
2814 4537 2827 4558 ,
2875 4496 3031 4563 cujus
3066 4496 3228 4551 verba
3287 4498 3669 4566 pra-dicatores

2070 4590 2339 4651 tamquam
2398 4583 2619 4653 sagittas
2675 4583 2743 4638 ad
2797 4599 2890 4639 cor
2954 4585 3247 4642 humanum
3304 4590 3668 4660 pertingentes

350 4684 567 4750 sanguis
622 4677 935 4734 testamenti
976 4676 1127 4746 ejus,
1160 4677 1247 4745 qui
1279 4675 1563 4730 mnndavit
1595 4692 1688 4731 vos
1736 4675 1958 4748 (Exod,
1989 4703 2041 4764 Β
2069 4674 2363 4730 emiserunt
2393 4675 2489 4746 (2).
2524 4684 2581 4729 nt
2620 4678 2933 4732 evincerent
2967 4677 3418 4735 incredulitatem.
3454 4681 3667 4739 Corona

353 4790 505 4835 xstv.
530 4774 584 4840 7,
615 4768 694 4844 8).
718 4770 1089 4827 Animadverti
1120 4770 1279 4838 igitur
1301 4778 1516 4840 Oportet
1535 4770 1807 4825 hominem
1836 4770 1957 4825 dili-

351 4881 540 4938 genter
565 4864 884 4937 prmdicare,
909 4864 1227 4920 etuniversa
1249 4863 1302 4918 in
1320 4879 1488 4918 unum
1508 4864 1806 4919 coinvrere.
1829 4864 1962 4920 Nam

356 4979 464 5019 non
497 4960 698 5015 sufﬁcit
727 4960 900 5031 legem
950 4958 1097 5014 illam
1131 4957 1274 5021 dici,
1321 4958 1413 5013 sed
1457 4969 1539 5013 est
1583 4968 1962 5015 testamentum

359 5056 633 5111 nominata
665 5062 775 5109 est.
811 5050 962 5106 Nulla
1002 5054 1146 5106 enim
1181 5051 1267 5105 lex
1310 5060 1685 5106 testamentum
1717 5061 1961 5114 vocatur.

351 5165 451 5205 nec
497 5156 879 5203 testamentum
936 5144 1078 5199 aliud
1134 5144 1355 5208 dicitur,
1406 5144 1507 5199 nisi
1557 5145 1700 5213 quod
1762 5146 1962 5200 faciunt

354 5243 623 5297 morituri.
656 5240 721 5295 Et
742 5240 1120 5309 quodcumque
1148 5240 1476 5293 intrinsecus
1505 5242 1812 5295 testamenti
1842 5251 1923 5294 est
1943 5283 1958 5308 ,

353 5338 621 5407 signatum
667 5347 751 5391 est
790 5350 960 5404 usque
999 5333 1066 5389 ad
1095 5334 1238 5389 diem
1270 5333 1465 5388 mortis
1506 5336 1797 5390 testatoris.
1832 5334 1959 5388 Ideo

352 5430 516 5487 modo
541 5431 737 5486 merito
777 5428 1021 5499 signatur
1048 5443 1141 5498 per
1167 5442 1365 5499 agnum
1408 5428 1665 5496 occisum,
1697 5428 1786 5499 qui
1818 5437 1959 5482 tam-

2068 4777 2246 4823 autem
2277 4785 2440 4837 super
2470 4780 2628 4839 caput
2661 4770 3105 4840 praediczitoribus
3146 4784 3229 4828 est
3260 4774 3519 4845 promissa
3575 4794 3670 4847 per

2070 4860 2329 4931 Spiritum
2359 4869 2624 4916 sanctum.
2658 4862 2853 4917 Creteri
2883 4874 2991 4918 tres
3016 4865 3172 4934 equi,
3209 4867 3343 4920 bella
3366 4909 3381 4934 ,
3409 4869 3578 4923 fames
3616 4878 3671 4925 et

2071 4954 2406 5024 pestilentias
2435 4953 2486 5007 in
2517 4952 2813 5026 Evangelio
2840 4973 2869 5010 a
2901 4956 3128 5013 Domino
3158 4969 3345 5014 nostro
3378 4961 3667 5029 pra-dicata

2069 5048 2403 5103 manifestius
2420 5046 2741 5117 signiﬁcant.
2780 5048 3009 5119 Ideoque
3039 5052 3143 5117 ait,
3175 5066 3338 5106 unum
3368 5051 3436 5107 de
3462 5053 3670 5109 anima-

2070 5140 2208 5196 libus
2230 5141 2431 5197 dixisse
2461 5142 2607 5211 (quia
2640 5142 2818 5195 omnia
2846 5152 3076 5213 quatuor
3114 5160 3280 5199 unum
3311 5146 3459 5215 sunt)
3485 5188 3499 5210 ,
3541 5144 3670 5200 Veni

2068 5245 2113 5290 et
2137 5236 2269 5289 vide.
2300 5232 2435 5289 Veni
2476 5233 2673 5289 dicitur
2711 5234 2935 5291 invitato
2975 5236 3043 5291 ad
3092 5237 3270 5292 ﬁdem.
3314 5236 3443 5292 Vide
3472 5239 3670 5294 dicitur

2064 5329 2136 5395 ei,
2178 5326 2270 5398 qui
2306 5345 2411 5380 non
2457 5327 2690 5382 videbat.
2746 5328 2884 5397 Ergo
2930 5344 3103 5398 equus
3146 5330 3301 5385 albus
3330 5332 3554 5386 verbum
3588 5341 3671 5388 est

2063 5424 2460 5495 praedicationis
2488 5439 2611 5479 cum
2642 5424 2842 5495 Spiritu
2868 5437 3055 5483 sancto
3100 5428 3151 5482 in
3184 5428 3366 5484 orbein
3412 5430 3659 5485 missum.

1712 5567 2284 5627 COMMENTARIUS.

355 5724 538 5777 sensu,
566 5708 920 5765 restituimus.

426 5783 504 5855 (l)
524 5774 783 5857 Succiua.
813 5782 891 5837 Ex
920 5779 1049 5835 Heb.
1075 5798 1147 5848 ιι,
1178 5774 1268 5857 29.
1298 5779 1587 5851 legendum
1612 5777 1821 5835 videtur
1846 5796 1961 5835 coc-

358 5857 518 5911 cinea.
550 5855 827 5909 GALLAND.
1216 5868 1223 5924 ς

433 5925 511 5997 ('2)
555 5925 863 5982 Emiserunt.
898 5925 1195 5985 Dictionetn
1222 5926 1366 5982 hanc
1394 5926 1718 5996 (t‘lltlSCl'ltnl)
1747 5924 1957 5982 addidie

2073 5722 2216 5771 mus,
2248 5716 2302 5762 et
2330 5708 2543 5787 sagittas
2570 5708 2659 5763 tibi
2683 5712 3057 5787 sagittceprius
3096 5712 3393 5784 legebatur,
3430 5720 3675 5787 reposuis

2066 5796 2185 5835 mus
2218 5797 2231 5833 :
2260 5780 2437 5859 cuivis
2471 5792 2622 5859 certe
2671 5780 2861 5859 melior
2901 5780 3015 5840 haec
3061 5780 3219 5841 leciio
3269 5789 3431 5843 videri
3489 5780 3668 5859 debet,

2064 5867 2226 5981 ipsam
2259 5851 2345 5907 illa
2374 5852 2611 5923 antiquae
2636 5855 2919 5928 scripturze
2941 5900 2954 5925 ,
2980 5859 3064 5915 cui
3096 5874 3195 5914 nos
3223 5875 3329 5916 non
3361 5861 3513 5918 valde
3542 5851 3669 5921 con:

2088 5940 2101 5979 ι
2147 5940 2309 5981 imus.

2088 5940 2309 5986 tatmus.
