3950 6324
407 332 509 389 331

1623 322 1682 378 S.
1721 315 1969 377 VICTOR
1977 313 2065 371 [NI
2102 310 2390 372 SCHOLIA

3611 298 3721 357 332

409 451 782 516 mutationem,
811 449 904 504 erit
937 447 1071 505 enim
1095 445 1333 518 angustia
1355 458 1557 516 magna.
1596 444 1762 513 qualis
1785 459 1887 496 non
1914 439 2013 513 fuit
2039 439 2089 498 A
2116 449 2188 492 est
2208 435 2465 490 silentium
2492 432 2545 486 in
2572 429 2699 486 calo
2720 426 2887 483 media
2912 431 3070 501 ferme
3100 426 3247 481 hora.
3269 422 3374 479 Per
3393 418 3535 493 quod
3553 419 3718 518 signi-

410 546 472 597 ab
494 544 689 613 origine
709 540 885 594 mundi
905 556 924 594 :
944 550 991 595 et
1014 539 1109 593 nisi
1126 537 1456 595 abbreviasset
1478 534 1730 589 Dominus
1743 535 1851 588 dies
1870 533 2009 595 illos,

408 652 509 689 non
539 643 663 689 esset
694 634 837 687 salva
878 630 1044 685 omnis
1081 645 1199 684 caro
1234 627 1454 701 (Mam,
1488 642 1603 691 xm,
1648 624 1866 694 18-20).
1904 622 2012 677 llos

407 743 536 799 ergo
579 725 933 796 arebangelos
976 738 1198 794 magnos
1233 730 1441 790 septem
1487 718 1554 773 ad
1605 714 2015 787 percutiendum

410 836 631 893 regnum
671 818 971 875 antichristi
1008 818 1221 880 mittet;
1274 830 1396 869 nam
1442 824 1496 868 et
1545 813 1659 882 ipse
1707 813 1777 865 ita
1817 810 1954 865 dixit
1995 825 2009 860 :

412 914 556 968 'l'nnc
584 914 745 967 mittet
770 910 938 965 Filius
960 909 1179 963 hominis
1198 908 1402 962 nuntios
1426 922 1543 960 suos
1571 904 1678 975 (l),
1708 914 1753 959 et
1776 903 2016 975 colligent

407 1006 588 1060 electos
610 1006 720 1076 ejus
739 1005 803 1058 de
822 1012 1039 1071 quatuor
1066 1002 1269 1073 angulis
1285 1002 1419 1055 venti
1446 1017 1477 1053 a
1508 997 1695 1069 finibus
1726 997 1838 1052 caeli
1858 1011 2018 1067 usque

407 1100 476 1153 ad
499 1100 625 1167 ﬁnes
664 1100 772 1169 ejus
802 1094 1024 1166 (illam,
1063 1111 1181 1161 xm,
1213 1094 1327 1167 27).
1362 1092 1496 1149 Nam
1546 1101 1602 1148 et
1641 1100 1765 1147 ante
1805 1090 1881 1145 ait
1922 1104 2018 1159 per

403 1194 726 1262 Prophetam
757 1210 769 1244 :
800 1190 946 1245 Tunc
975 1191 1068 1244 erit
1096 1206 1201 1260 pax
1220 1198 1370 1242 terra:
1399 1196 1610 1251 nostrat,
1636 1202 1755 1239 cum
1776 1198 2017 1239 surrexe-

402 1287 505 1341 rint
531 1287 585 1339 in
612 1301 673 1340 ea
687 1294 879 1356 septem
908 1293 1161 1354 pastores.
1193 1291 1241 1334 et
1269 1289 1385 1335 octo
1422 1295 1624 1334 morsus
1646 1278 1941 1339 hominum,
1971 1282 2019 1328 et

406 1377 725 1449 indagabunt
757 1377 936 1439 Assur,
969 1375 1021 1429 id
1049 1382 1135 1430 est
1162 1371 1563 1436 antichristnm,
1593 1372 1647 1424 in
1680 1372 1819 1441 fossa
1850 1366 2018 1421 Nem-

405 1472 554 1525 broth
583 1470 794 1541 (Mich.,
834 1485 886 1533 v,
935 1469 991 1529 5.
1045 1467 1126 1535 6),
1186 1466 1238 1521 id
1284 1476 1367 1522 est
1422 1466 1473 1519 in
1520 1464 1738 1519 natione
1796 1458 2015 1527 diaboli,

408 1565 664 1621 Ecclesiae
694 1564 911 1634 spiritu.
943 1561 1204 1617 Similiter
1232 1575 1355 1615 cum
1385 1559 1512 1614 moti
1544 1557 1741 1613 fuerint
1763 1552 2020 1609 custodes

404 1656 616 1710 donius.
640 1653 759 1725 Ipse
782 1662 961 1709 autem
989 1653 1251 1708 Dominus
1274 1653 1325 1706 in
1358 1650 1607 1719 Izarabola
1636 1648 1702 1704 ad
1717 1645 2017 1717 apostolos,

402 1766 524 1804 cum
557 1747 803 1803 venissen
825 1747 910 1803 tad
927 1763 1051 1804 eum
1073 1746 1334 1816 operarii,
1367 1756 1420 1800 et
1441 1745 1705 1799 dixissent
1734 1760 1748 1796 :
1774 1741 2016 1805 Domine.

406 1858 572 1895 nonne
614 1842 800 1894 bonum
832 1856 999 1894 semen
1048 1838 1310 1895 seminasti
1350 1839 1401 1891 in
1440 1854 1562 1908 agro
1586 1848 1694 1898 tuo.
1728 1839 1863 1890 unde
1896 1852 2016 1905 ergo
2048 1833 2095 1894 B

403 1935 471 1988 ibi
495 1934 677 1988 lolium
696 1934 721 1985 1’
745 1932 1007 2002 respondit
1030 1933 1099 1986 eis
1131 1948 1150 1987 :
1176 1930 1426 1985 Inimicus
1446 1930 1598 1983 homo
1627 1930 1720 1983 hoc
1748 1932 1866 2001 fecit
1891 1945 1910 1983 :
1932 1928 2016 1982 cui

403 2029 664 2093 dixerunt,
701 2027 787 2082 Vis
814 2028 1000 2081 ibimus
1033 2025 1110 2098 (Ξ)
1134 2037 1179 2081 ει
1209 2025 1580 2080 eradicabimus
1614 2024 1785 2078 illud?
1804 2024 1892 2094 qui
1918 2023 2012 2089 ait,

410 2121 551 2186 Non,
580 2122 670 2177 sed
692 2120 845 2176 sinite
872 2131 1087 2191 utraque
1105 2136 1330 2173 crescere
1351 2135 1505 2189 usque
1535 2119 1603 2171 ad
1633 2133 1864 2179 messem.
1887 2124 1936 2170 et
1964 2117 2018 2169 in

406 2226 633 2284 tempore
673 2213 847 2267 messis
883 2213 1053 2265 dicam
1088 2210 1417 2275 messoribus,
1448 2210 1689 2280 colligere
1724 2208 1925 2272 lolium,
1967 2216 2016 2261 et

406 2312 574 2376 facere
596 2307 887 2373 manipuios
910 2304 1150 2374 (Matth.,
1186 2320 1301 2371 xm,
1320 2301 1532 2371 27-50),
1562 2312 1617 2356 et
1641 2316 1883 2357 cremare
1908 2300 2015 2370 igni

406 2408 635 2463 :eteruo,
669 2398 902 2452 triticum
926 2406 1105 2450 autem
1135 2395 1391 2465 colligere
1428 2394 1479 2448 in
1511 2392 1705 2447 horrea
1734 2408 1874 2449 mea.
1908 2391 2016 2447 llos

407 2494 566 2563 igitur
606 2504 877 2545 messores
903 2500 957 2543 et
986 2497 1229 2557 pastores
1270 2496 1323 2542 et
1350 2486 1626 2556 Operarios
1650 2484 1773 2540 heic
1798 2485 2012 2553 Apoca—

421 2586 587 2655 lypsis
616 2582 852 2639 ostendit
877 2597 1000 2638 esse
1027 2579 1266 2651 angelos.
1302 2578 1449 2635 Tuba
1476 2587 1655 2633 autem
1685 2576 1907 2632 verbum
1934 2586 2021 2633 est.

409 2677 715 2747 potestatis.
758 2673 825 2729 Et
869 2675 995 2728 licet
1028 2681 1236 2743 repetat
1282 2687 1377 2741 per
1429 2670 1667 2739 phialas,
1699 2684 1805 2723 non
1837 2678 2017 2723 tamen

407 2769 559 2840 quasi
589 2768 671 2822 bis
706 2766 909 2821 factum
939 2766 1136 2821 dicitur
1160 2783 1174 2817 :
1199 2764 1561 2833 sedquoniam
1581 2761 1749 2816 semel
1780 2760 2017 2817 futurum

410 2870 513 2923 est,
542 2857 684 2929 quod
711 2866 796 2913 est
821 2873 851 2911 a
886 2857 1116 2912 Domino
1147 2855 1425 2911 decretum
1457 2862 1515 2908 ιιι
1542 2854 1651 2919 ﬁat,
1686 2853 1806 2908 ideo
1828 2853 1910 2907 bis
1938 2852 2019 2907 di-

412 2955 571 3009 citur.
599 2952 765 3020 Quod,
782 2966 910 3022 ergo
938 2951 991 3004 in
1028 2950 1173 3004 tubis
1205 2950 1380 3003 minus
1406 2947 1558 3012 dixit,
1593 2948 1713 3002 heic
1745 2947 1796 3001 in
1824 2945 2019 3016 phialis

410 3058 512 3103 est.
563 3044 681 3100 Non
728 3042 1071 3115 aspiciendus
1115 3052 1198 3097 est
1250 3040 1382 3096 ordo
1428 3040 1714 3103 dictorum,
1766 3039 2021 3110 quoniam

412 3156 559 3211 saape
583 3139 813 3209 Spiritus
845 3148 1084 3202 sanctus,
1116 3135 1209 3190 ubi
1237 3135 1303 3190 ad
1346 3134 1623 3189 novissimi
1666 3135 1923 3204 temporis
1952 3134 2019 3186 ti-

2118 530 2309 584 ﬁeatur
2335 527 2540 583 initium
2569 523 2762 595 quietis
2790 530 3007 577 mternae
3034 540 3046 574 :
3078 519 3171 576 sed
3199 529 3403 589 partem
3427 512 3715 575 intellexit,

2117 624 2241 693 quia
2272 612 2570 688 interrupto
2594 615 2808 671 silentio
2824 630 2942 670 eam
2968 629 3065 685 per
3080 610 3327 668 ordinem
3351 608 3568 679 repetit.
3584 605 3719 661 Nam

2119 717 2163 771 si
2186 724 2329 772 esset
2357 713 2483 783 juge
2508 710 2784 765 silentium
2808 750 2822 773 ,
2860 708 2979 764 heic
3007 707 3125 763 ﬁnis
3153 704 3400 761 narrandi
3432 702 3608 757 ﬁeret.

2194 808 2281 862 15.
2319 803 2383 859 Et
2408 804 2512 859 vidi
2538 818 2697 857 unum
2725 802 2963 872 angelum
2990 800 3239 855 volantem
3265 814 3355 865 per
3378 794 3601 849 medium
3621 809 3722 847 co:-

2120 902 2243 954 lum.
2297 897 2400 953 Per
2448 895 2696 967 angelum
2750 909 2845 965 per
2898 892 3129 949 medium
3190 889 3387 945 cmlum
3447 886 3721 941 volantem

2119 994 2348 1064 Spiritus
2392 998 2611 1046 sanctus
2678 986 3027 1059 signiﬁcatur,
3082 983 3136 1039 in
3183 982 3395 1037 duobus
3446 978 3724 1050 prophetis

2122 1092 2426 1142 contestans
2451 1095 2697 1153 magnam
2722 1079 2997 1151 plagarum
3019 1075 3154 1131 iram
3178 1074 3481 1129 imminere.
3507 1070 3564 1125 Si
3590 1083 3728 1140 quo-

2123 1175 2281 1232 modo
2301 1174 2527 1245 quisque
2555 1172 2743 1227 volens
2770 1172 2837 1225 sit
2872 1168 3172 1225 novissimo
3214 1176 3457 1237 tempore
3494 1176 3723 1219 conver—

2122 1282 2235 1333 sus,
2268 1276 2323 1321 ut
2346 1265 2537 1336 aliquis
2564 1263 2739 1319 adhuc
2763 1263 2943 1317 salvus
2964 1275 3085 1317 esse
3123 1260 3315 1330 possit.

2714 1395 2785 1434 EX
2828 1393 3023 1433 (ΞΑΡΙΤΕ
3054 1393 3128 1431 ΙΙ.

2197 1520 2285 1583 15,
2319 1521 2399 1574 ll.
2438 1517 2503 1573 Et
2531 1517 2703 1571 audivi
2750 1532 2923 1571 vacem
2968 1532 3123 1570 unam
3148 1530 3212 1570 ex
3236 1525 3457 1586 quatuor
3489 1512 3735 1569 cornibus

2122 1612 2297 1665 altaris
2317 1611 2455 1664 aurei
2477 1610 2613 1680 quod
2639 1618 2711 1663 est
2731 1609 2784 1662 in
2821 1615 3096 1676 conspectu
3134 1605 3262 1672 Dei,
3294 1606 3547 1659 dicentem
3572 1613 3729 1660 sexto

2124 1704 2310 1775 angelo
2338 1704 2424 1772 qui
2462 1702 2675 1757 habebat
2714 1700 2889 1755 tubam
2918 1717 2937 1754 :
2973 1699 3126 1756 Solve
3172 1710 3390 1770 quatuor
3410 1700 3638 1771 angelos.
3671 1697 3733 1752 Id

2124 1806 2227 1859 est,
2259 1804 2489 1865 quatuor
2518 1794 2742 1866 angulos
2790 1802 2949 1850 terrae
2986 1801 3234 1849 tenentes
3262 1802 3491 1858 quatuor
3516 1800 3733 1846 ventos.

2196 1891 2297 1957 Qui
2323 1890 2466 1962 ligati
2486 1900 2603 1944 sunt
2624 1890 2691 1943 ad
2712 1889 2926 1959 ﬂuvium
2956 1903 3199 1958 magnum
3244 1886 3579 1950 Euphratem.
3629 1885 3736 1939 Per

2120 1986 2347 2056 angulos
2375 1994 2555 2049 terrm,
2586 1985 2701 2040 sive
2729 1992 2960 2054 quatuor
2984 1992 3181 2037 ventos
3207 1989 3355 2037 trans
3399 1979 3735 2050 Euphratem

2123 2080 2370 2147 ﬁuvimn,
2400 2088 2587 2149 gentes
2613 2086 2739 2133 sunt
2759 2086 3010 2148 quatuor,
3036 2075 3160 2145 quia
3193 2074 3339 2128 omni
3381 2074 3525 2143 genti
3560 2071 3735 2141 depu-

2123 2181 2265 2227 tatus
2294 2182 2378 2228 est
2404 2172 2648 2242 angelus,
2674 2170 2811 2225 sicut
2845 2170 2933 2225 lex
2952 2169 3084 2224 dicit
3122 2184 3135 2220 :
3167 2164 3364 2223 Statuit
3394 2182 3479 2220 eos
3508 2180 3601 2235 per
3630 2181 3740 2218 nu-

2124 2282 2317 2320 merum
2340 2267 2641 2337 angelorum
2670 2262 2767 2318 Dei
2790 2263 2995 2335 (Deut.,
3026 2278 3191 2326 xxxn,
3220 2261 3300 2333 8),
3328 2262 3501 2315 donec
3520 2268 3741 2314 sancto—

2132 2374 2250 2412 rum
2282 2359 2565 2430 expleatur
2605 2373 2861 2413 numerus
2891 2375 2905 2411 :
2937 2372 3063 2412 suos
3094 2369 3201 2411 non
3242 2352 3591 2425 egrediuntur
3619 2361 3742 2405 ter-

2124 2452 2319 2517 minos,
2358 2452 2480 2523 quia
2524 2456 2579 2508 in
2621 2452 2916 2507 novissimo
2962 2466 3085 2506 cum
3125 2449 3447 2505 antichristo
3491 2446 3737 2503 venient.

2749 2593 2815 2633 EX
2853 2590 3042 2633 CAPITE
3086 2592 3119 2630 Χ
3132 2616 3143 2628 .

2206 2693 2250 2753 l,
2292 2692 2347 2746 ‘2.
2390 2692 2505 2746 Vidi
2535 2694 2755 2746 alterunt
2782 2691 3026 2761 angelum
3047 2692 3229 2761 fortem
3256 2686 3643 2742 descendentem
3673 2684 3739 2737 de

2135 2786 2280 2843 cwlo.
2317 2787 2559 2839 amictum
2588 2786 2720 2840 nube
2744 2828 2758 2851 ,
2792 2794 2838 2839 et
2869 2793 2976 2837 erat
3016 2783 3107 2836 iris
3151 2798 3306 2852 super
3350 2792 3503 2851 caput
3531 2780 3664 2850 ejus,
3697 2787 3747 2831 et

2129 2876 2288 2944 facies
2317 2876 2428 2947 ejus
2455 2887 2717 2946 tamquam
2747 2876 2847 2940 sol,
2874 2885 2919 2929 et
2950 2874 3101 2944 pedes
3128 2874 3239 2942 ejus
3260 2882 3520 2942 tamquam
3544 2871 3750 2924 colunt-

2126 2983 2208 3020 ηαξ
2236 2969 2405 3038 ignis:
2439 2979 2486 3022 et
2517 2968 2731 3022 habebat
2762 2969 2815 3021 in
2856 2983 3013 3020 manu
3048 2982 3141 3019 sua
3183 2966 3369 3019 librum
3404 2974 3661 3033 apertum,
3698 2970 3750 3015 et

2129 3064 2295 3131 posuit
2322 3061 2500 3131 pedem
2526 3079 2674 3117 suum
2701 3064 2940 3117 dextrum
2966 3076 3121 3129 super
3148 3075 3306 3123 mare,
3336 3059 3600 3112 sinistrum
3640 3072 3749 3109 au-

2128 3165 2227 3209 tem
2249 3172 2398 3224 super
2426 3165 2630 3212 terrain.
2677 3155 2941 3227 Angelum
2974 3154 3131 3208 istum
3162 3151 3356 3206 fortem
3383 3193 3397 3213 ,
3422 3164 3583 3222 quem
3612 3148 3755 3203 dicit

414 3247 537 3287 nem
567 3230 895 3301 pereurrerit
915 3270 930 3293 ,
959 3243 1143 3282 rursus
1171 3225 1237 3281 ad
1268 3224 1457 3281 cadent
1488 3234 1725 3295 tempora
1760 3223 1932 3291 redit,
1966 3232 2021 3279 et
2051 3231 2095 3293 ι]
2132 3223 2478 3302 descendisse
2504 3248 2573 3302 de
2616 3223 3051 3303 cmm'amicmm
3098 3245 3239 3299 nube
3260 3286 3274 3307 ο
3318 3240 3607 3297 Dominum
3647 3256 3754 3296 ηο,

416 3323 633 3395 supplet
656 3338 717 3377 ea
740 3338 859 3391 qu:e
888 3324 1065 3374 minus
1086 3319 1253 3373 dixit:
1284 3332 1382 3373 nec
1412 3318 1768 3386 requirendus
1789 3327 1871 3373 est
1893 3316 2027 3372 ordo

419 3416 471 3469 in
518 3414 878 3484 Apocalypsi,
910 3411 1004 3467 sed
1044 3412 1349 3465 intellectus
1388 3409 1693 3479 sequendus
1725 3421 1807 3464 est
1836 3424 2024 3464 eorum

419 3524 538 3575 quae
571 3507 884 3579 propltetala
928 3514 1072 3559 sunt.
1122 3505 1257 3559 Sunt
1285 3505 1444 3575 igitur
1469 3504 1767 3574 signiﬁcata
1796 3503 1847 3558 in
1880 3504 2025 3558 tubis

420 3610 475 3655 et
501 3600 692 3671 phialis
739 3607 831 3653 aut
868 3598 1139 3668 plagarum
1179 3598 1296 3652 orbi
1339 3598 1625 3652 missarum
1675 3597 1878 3664 clades,
1935 3607 2028 3651 aut

424 3694 590 3762 ipsius
626 3692 928 3747 antichristi
978 3691 1207 3752 insania,
1247 3702 1340 3745 aut
1376 3692 1698 3761 populorum
1739 3691 2023 3758 detractio,

425 3794 516 3840 aut
546 3784 821 3854 plagarum
861 3782 1161 3837 diﬁ‘erentia
1186 3825 1199 3845 ,
1232 3791 1325 3837 aut
1359 3797 1481 3853 spes
1524 3784 1574 3837 in
1611 3798 1779 3855 regno
1822 3793 2027 3839 sancto-

429 3893 569 3943 rum,
599 3886 691 3931 aut
719 3877 872 3931 ruina
894 3876 1188 3938 civitatum,
1208 3884 1299 3929 aut
1327 3875 1474 3929 ruina
1501 3890 1689 3947 magna
1714 3875 2024 3947 Babylonis,

432 3968 483 4023 id
506 3978 608 4033 est,
642 3967 875 4023 civitatis
903 3981 1165 4021 romanae.

500 4060 555 4114 9.
586 4058 713 4113 Post
734 4060 841 4113 [nec
868 4058 995 4123 vidi,
1026 4056 1094 4112 Et
1117 4073 1229 4112 ecce
1261 4058 1407 4113 turba
1434 4059 1596 4113 multa
1620 4076 1773 4130 quam
1800 4062 2025 4115 dinume-

432 4173 545 4210 rare
584 4171 731 4210 nemo
769 4164 966 4225 poterat
1008 4169 1069 4207 ex
1109 4153 1250 4207 omni
1284 4163 1449 4223 gente,
1484 4156 1639 4218 tribu,
1667 4163 1712 4209 et
1750 4154 1954 4224 populis
1983 4164 2030 4208 et

433 4249 645 4319 linguis,
668 4248 839 4301 amicti
864 4246 1007 4301 stolis
1033 4245 1180 4300 albis.
1224 4245 1377 4314 Quod
1419 4246 1549 4301 dicit
1576 4247 1728 4301 turba
1757 4248 1919 4301 multa
1964 4262 2030 4302 ex

435 4341 581 4395 omni
613 4340 774 4404 tribu,
800 4354 866 4395 ex
897 4338 1146 4393 omnibus
1167 4338 1511 4393 credentibus
1532 4339 1825 4393 electorum
1847 4354 2031 4394 nume-

435 4450 555 4490 rum
609 4433 863 4498 ostendit,
893 4433 981 4504 qui
1026 4434 1076 4486 in
1104 4432 1362 4503 sanguine
1406 4432 1541 4503 Agni
1574 4447 1670 4502 per
1711 4432 2031 4503 baptismum

435 4530 644 4600 purgati
668 4543 793 4583 suas
820 4528 986 4583 stolas
1008 4526 1248 4582 fecerunt
1270 4526 1525 4583 candidas
1552 4568 1565 4592 ,
1596 4538 1875 4583 servantes
1906 4543 2032 4598 gra-

437 4623 565 4677 tiam
587 4637 745 4693 quam
773 4629 1116 4691 acceperunt.

1030 4773 1095 4812 EX
1121 4772 1306 4813 CAPITE
1335 4773 1445 4814 VIII.

518 4928 565 4981 ι,
592 4923 650 4979 Et
681 4939 795 4978 cum
833 4921 1111 4993 aperuisset
1144 4918 1461 4991 signaculum
1491 4916 1762 4986 septimum
1789 4956 1803 4985 ,
1838 4921 2035 4989 factum

2060 4643 2113 4703 D

2134 3348 2302 3394 strum
2335 3356 2457 3395 esse
2486 3341 2773 3411 signiﬁcat,
2809 3341 2949 3394 sicut
2978 3340 3226 3409 superius
3249 3340 3643 3394 enarravimus.

2210 3430 2389 3486 Facies
2421 3434 2531 3503 ejus
2560 3434 2689 3487 sicut
2714 3431 2815 3487 sol.
2848 3431 2902 3486 Id
2932 3441 3037 3493 est.
3075 3431 3143 3485 de
3176 3429 3597 3486 resurrectione.

2206 3525 2375 3595 Super
2420 3536 2573 3594 caput
2624 3524 2737 3595 ejus
2782 3525 2894 3578 iris.
2944 3522 3212 3579 Iudicium
3257 3521 3429 3577 innuit
3456 3522 3599 3594 quod
3650 3535 3755 3592 per

2136 3616 2283 3671 illum
2316 3618 2515 3671 factum
2537 3626 2642 3682 est,
2676 3627 2767 3671 aut
2789 3616 3029 3671 futurum
3057 3625 3162 3670 est.

2206 3709 2357 3764 Liber
2378 3722 2607 3781 apertus.
2637 3710 2917 3767 Revelatio
2948 3724 3174 3780 operum
3217 3709 3269 3763 in
3312 3707 3491 3765 futuro
3520 3706 3752 3779 judicio,

2136 3804 2221 3859 vel
2253 3804 2609 3875 Apocalypsis
2638 3819 2797 3876 quam
2827 3804 3035 3874 accepit
3063 3801 3316 3858 Joannes.

2209 3897 2374 3951 Pedes
2394 3899 2526 3969 ejus.
2561 3897 2625 3953 Ut
2652 3898 2903 3968 superius
2929 3894 3587 3966 diximus,suntapostoli.
3611 3893 3757 3950 Nam

2136 3990 2326 4045 calcari
2356 3989 2424 4043 ab
2472 4004 2539 4043 eo
2585 3998 2640 4043 et
2679 3989 2888 4044 marina
2934 3996 2991 4044 et
3028 3999 3262 4053 terrena,
3304 3987 3483 4042 omnia
3523 3986 3759 4057 pedibus

2135 4082 2251 4152 ejus
2275 4082 2513 4152 subjecta
2539 4082 2827 4151 signiﬁcat.
2881 4081 3147 4151 Angelum
3184 4090 3361 4135 autem
3386 4080 3516 4133 dicit
3538 4120 3554 4144 ,
3583 4078 3638 4133 id
3665 4089 3760 4135 est

2138 4176 2404 4240 nuntium,
2437 4176 2641 4231 scilicet
2667 4174 2841 4230 Patris
2869 4193 2882 4229 :
2907 4184 3129 4229 vocatur
3150 4175 3290 4229 enim
3319 4174 3493 4244 magni
3534 4173 3754 4228 consilii

2136 4271 2383 4325 Nuntius.
2413 4270 2686 4325 Clamasse
2708 4285 2922 4341 quoque
2955 4284 3077 4325 eum
3108 4282 3238 4324 voce
3276 4282 3465 4337 magna
3490 4267 3583 4320 ait.
3634 4264 3756 4321 Vox

2139 4382 2329 4437 magna
2360 4373 2443 4420 est
2468 4365 2706 4421 caelestis
2729 4365 3122 4434 omnipotentis
3145 4364 3238 4418 Dei
3258 4362 3417 4417 verba
3444 4360 3756 4416 hominibus

2139 4458 2404 4521 nuntiare.
2428 4467 2482 4512 et
2508 4462 2825 4522 contestari,
2876 4458 2999 4528 quia
3033 4467 3154 4528 post
3192 4456 3428 4512 clausam
3478 4453 3754 4525 paeniten-

2141 4552 2267 4605 tiam
2296 4566 2421 4621 Spes
2450 4562 2632 4621 postea
2667 4553 2844 4606 futura
2876 4566 2982 4604 non
3008 4559 3111 4606 est.

2212 4643 2264 4695 ὖ.
2293 4640 2487 4696 Locuta
2525 4654 2643 4697 sunt
2671 4654 2862 4715 septem
2892 4647 3121 4697 tonitrua
3164 4659 3306 4697 roces
3344 4658 3486 4696 suas.
3520 4644 3748 4712 Septem

2142 4737 2376 4791 tonitrua
2427 4736 2603 4792 locuta
2648 4754 2808 4794 \‘(ths
2853 4753 3000 4804 suas,
3046 4738 3278 4808 Spiritus
3324 4746 3542 4792 sanctus
3585 4737 3754 4807 septi-

2142 4829 2328 4884 formis
2364 4829 2576 4883 virtutis
2605 4840 2689 4886 est
2717 4832 2809 4901 qui
2838 4848 2935 4902 per
2979 4829 3273 4901 prOphetas
3305 4837 3632 4899 protestatus
3662 4838 3753 4885 est

2141 4923 2319 4979 omnia
2362 4921 2536 4976 futura
2558 4964 2576 4990 ,
2611 4932 2667 4977 et
2705 4937 2837 4979 voce
2869 4922 3014 4978 illius
3052 4925 3106 4977 in
3131 4920 3349 4994 Issmeulo
3378 4920 3751 4979 testimonium

1792 5031 2358 5095 COMMENTARIUS.

504 5167 582 5237 tl)
611 5163 756 5218 Tunc
782 5162 939 5213 mittet
976 5155 1143 5237 Filius
1168 5152 1390 5237 hominis
1434 5148 1778 5237 nuntiammlta
1832 5167 2027 5210 omnes

434 5218 784 5307 quicumque
837 5247 958 5307 cum
1001 5243 1068 5283 ex
1097 5225 1293 5286 Veteri,
1335 5234 1443 5277 tum
1473 5220 1620 5307 Novo
1655 5218 2024 5292 Testamento,

436 5300 665 5362 citantur
695 5300 1057 5362 auctoritates.
1088 5304 1355 5363 Corrupta:
1388 5302 1509 5347 sunt
1538 5300 1592 5345 et
1630 5308 1917 5361 perversa),
1973 5306 2031 5352 ut

434 5381 625 5449 cuique
654 5376 831 5429 videre
857 5376 1032 5435 liceat,
1066 5369 1395 5449 Victormum
1429 5364 1568 5417 hunc
1596 5375 1837 5449 nus-trum
1866 5409 1881 5431 ,
1911 5370 2028 5439 qui-

436 5435 664 5519 cunique
690 5446 979 5519 illegiuerit,
1010 5452 1100 5495 aut
1122 5439 1343 5518 omnino
1360 5451 1535 5506 griecc
1564 5435 1689 5488 nihil
1718 5439 1911 5519 sci-sse,
1931 5435 2032 5519 aut,

434 5508 721 5577 editionem
751 5517 982 5583 aliquam
1020 5526 1120 5582 qua
1162 5512 1359 5580 passim
1402 5524 1466 5562 eo
1507 5518 1744 5583 tempore
1786 5508 2030 5566 Eccmsia

438 5605 694 5655 ιιιυιυεειιιτ,
721 5578 970 5655 religiose
995 5578 1427 5655 nituisset-titulo
1446 5594 1585 5655 esse.
1616 5578 1749 5633 Nam
1779 5582 1922 5650 quud
1959 5582 2028 5639 de

438 5669 576 5719 fossa
609 5650 923 5718 Neiubrtitli.
962 5665 1017 5709 et
1052 5653 1306 5725 Ecclesia:
1348 5650 1539 5725 spiritu
1571 5666 1693 5725 tuo;
1732 5655 2024 5725 subjungit,

438 5754 541 5789 non
568 5749 751 5806 parum
784 5726 1111 5806 dittieultatis
1141 5736 1207 5806 et
1228 5723 1573 5803 obscuritatis
1599 5722 1758 5806 habet
1789 5739 1802 5774 :
1833 5722 2025 5792 pnetcr

436 5792 582 5862 enini
608 5822 765 5877 quam
794 5801 934 5871 quod
964 5799 1125 5852 verba
1155 5795 1241 5877 illa
1270 5794 1508 5873 agrarcis
1522 5793 1667 5877 unde
1685 5792 2023 5877 haustasunt.

436 5864 659 5934 nmltutii
706 5864 1042 5941 disci-epam,
1091 5867 1355 5938 posterior
1404 5864 1701 5935 etiam,illc
1748 5866 2029 5924 vcrlumnu

2130 5154 2261 5210 ordo
2298 5153 2424 5224 (nisi
2478 5154 2736 5224 fallimur)
2785 5154 2859 5209 ita
2907 5152 3231 5223 depravatus
3269 5163 3374 5221 est,
3417 5161 3477 5207 ut
3517 5152 3749 5209 difﬁcile

2130 5226 2417 5280 admodum
2466 5228 2537 5280 sit
2576 5240 2896 5296 germanum
2927 5240 2992 5281 ex
3039 5227 3122 5279 liis
3169 5241 3388 5281 sensum
3419 5226 3616 5281 elicere
3658 5227 3752 5281 :si

2131 5298 2257 5369 quid
2287 5308 2465 5351 tamen
2491 5297 2763 5353 doctiores
2810 5297 3058 5351 homines
3095 5299 3145 5350 in
3196 5298 3433 5352 medium
3470 5297 3753 5353 attulerint

2134 5368 2277 5443 quod
2314 5369 2516 5443 rationi
2537 5370 2705 5443 magis
2726 5378 3151 5424 consentaneum
3169 5370 3259 5435 sit,
3284 5370 3497 5424 illorum
3526 5378 3752 5425 sentcn-

2139 5443 2225 5494 tizr.
2255 5440 2413 5494 facile
2439 5440 2863 5495 subscribemus.

2211 5512 2292 5584 (ιζ)
2330 5510 2417 5563 Vis
2436 5511 2647 5584 ibimus.
2680 5512 2814 5580 Quis
2835 5515 2955 5568 heic
2983 5528 3088 5566 non
3112 5511 3290 5567 videat
3316 5512 3496 5567 latinis
3524 5512 3753 5569 auribus

2134 5595 2187 5638 et
2218 5582 2475 5637 mnum.
2498 5594 2709 5637 ornatui
2744 5600 2915 5653 usque
2930 5600 2999 5639 eo
3028 5585 3167 5638 male
3194 5585 3499 5638 ennsultum
3526 5594 3754 5646 esse.nt

2133 5656 2173 5708 si
2205 5656 2323 5725 quis
2349 5664 2625 5726 auctorem
2672 5656 2721 5708 in
2752 5655 2840 5723 jus
2873 5667 3049 5718 vocet,
3080 5670 3406 5726 causamque
3449 5654 3594 5726 laxate
3616 5656 3752 5726 lati-

2136 5742 2218 5780 na:
2250 5726 2445 5797 linguas
2485 5725 2782 5797 maiestatis
2826 5727 3009 5782 dicere
3044 5725 3357 5796 compellat,
3404 5742 3509 5782 non
3552 5725 3753 5793 injuria

2140 5808 2226 5852 aut
2253 5795 2458 5854 temere
2487 5795 2539 5853 id
2565 5797 2759 5853 fecisse
2787 5798 3066 5853 videatur?
