3950 6360
219 313 318 370 535

1401 314 1465 370 IN
1501 309 1978 371 APOCALYPSIN
2017 314 2081 372 Β.
2108 315 2407 375 JOANNIS.

3454 324 3562 380 554

225 425 452 484 Joannes
473 429 734 487 reddidit
766 446 781 484 :
818 429 920 485 sed
942 431 1057 500 quia
1085 429 1215 485 dicit
1241 443 1300 485 se
1324 430 1649 500 scripturum
1681 429 1843 486 fuisse
1867 428 1922 489 A
1947 438 2073 485 runt
2125 447 2246 488 eum
2269 475 2285 501 ,
2336 443 2394 489 ut
2447 443 2507 491 et
2570 435 2685 505 ipse
2750 438 3116 493 testimonium
3166 440 3557 496 conscriberet.

231 534 421 592 quanta
464 523 652 580 locuta
707 525 951 580 fuissent
993 524 1260 590 tonitrua.
1301 524 1352 580 id
1389 533 1473 580 est
1495 540 1853 597 quaecumque

234 614 283 670 in
311 614 488 671 Veteri
539 617 914 675 Testamento
956 629 1108 674 erant
1153 619 1379 674 obscura
1410 618 1727 689 praedicata,
1758 632 1852 674 ve-

237 715 373 762 tatur
395 723 459 765 ea
485 709 738 766 scribere
768 730 784 765 :
820 708 919 766 sed
946 709 1249 786 relinquere
1269 726 1332 766 ea
1357 711 1589 782 signata,
1617 710 1742 782 quia
1769 715 1854 765 est

237 800 548 872 Apostolus,
595 818 699 859 nec
742 802 1028 874 oportebat
1069 805 1298 874 gratiam
1339 804 1614 875 sequentis
1651 801 1850 875 gradus

235 882 287 952 in
317 900 492 969 primo
517 900 803 958 collocari.
839 899 1090 972 Tempus,
1121 901 1313 973 inquit,
1347 919 1509 973 prope
1532 911 1606 956 est
1633 900 1848 972 (Apoc.,

233 1010 271 1062 ι,
299 996 367 1060 3;
395 1011 533 1061 χχιι,
567 995 680 1069 10).
711 996 958 1070 Apostoli
986 998 1128 1053 enim
1160 997 1468 1063 virtutibus,
1499 997 1690 1068 signis,
1724 1011 1850 1068 por-

237 1089 398 1145 tentis
429 1103 494 1144 ac
524 1089 870 1160 magnalibus
907 1089 1063 1145 factis
1098 1089 1344 1145 vicerunt
1385 1088 1848 1146 incredulitatem.

235 1179 366 1237 Post
404 1180 529 1235 illos
551 1180 664 1252 jam
692 1181 899 1237 eisdem
939 1182 1328 1238 consummatis
1370 1181 1633 1238 Ecclesiis
1662 1183 1850 1237 datum

235 1283 320 1330 est
347 1274 605 1331 solatium
637 1275 1076 1349 propheticarum
1109 1276 1502 1350 scripturarum
1534 1286 1654 1346 post
1685 1277 1850 1333 inter-

234 1367 628 1439 pretandarum
672 1385 686 1422 :
728 1379 854 1440 post
900 1369 1318 1440 interpretantes
1369 1371 1664 1441 prophetas
1717 1371 1848 1427 dixi.

234 1463 326 1518 Ait
368 1463 518 1519 enim
563 1464 898 1536 Apostolus:
929 1463 1000 1518 Et
1042 1449 1213 1535 posuit
1260 1465 1465 1534 quidem
1511 1466 1567 1520 in
1615 1464 1853 1520 Ecclesia

234 1558 462 1628 primum
491 1558 756 1628 apostolos
776 1601 794 1626 ,
830 1557 1056 1613 secundo
1085 1546 1365 1630 prophetas
1384 1601 1399 1622 ,
1439 1558 1588 1613 tertio
1617 1558 1853 1614 doctores

235 1648 282 1721 (Ι
309 1649 457 1717 Cor.,
494 1667 590 1717 xu,
621 1648 740 1722 28),
769 1658 823 1708 et
859 1649 1087 1722 reliqua.
1141 1649 1210 1706 Et
1256 1650 1364 1706 alio
1403 1650 1525 1706 loco
1558 1651 1632 1705 ait
1664 1668 1677 1704 :
1708 1649 1848 1706 Pro-

235 1742 408 1814 phetas
438 1743 542 1798 duo
564 1741 648 1796 vel
690 1751 790 1798 tres
829 1743 1024 1810 dicant,
1056 1753 1103 1798 et
1143 1743 1314 1798 ceteri
1351 1743 1603 1805 azstiment
1633 1743 1677 1815 (l
1701 1741 1846 1813 Cor.,

1956 522 2258 580 Mensuram
2291 537 2469 581 autem
2505 527 2689 598 templi
2734 527 2829 583 Dei
2851 528 2958 601 (l),
2991 530 3302 588 mandatum
3348 531 3563 587 Domini

1957 621 2149 687 nostri,
2175 621 2388 676 Patrem
2419 622 2667 678 conﬁteri
2699 624 3129 693 omnipotentem
3159 640 3277 681 esse
3308 625 3560 689 dicimus,

1955 718 2011 765 et
2036 710 2194 782 hujus
2221 711 2391 768 ﬁlium
2431 712 2704 769 Christum
2753 726 2877 771 ante
2902 716 3166 788 originem
3210 717 3394 772 smcnli
3423 718 3566 787 apud

1955 801 2172 860 Patrem
2202 805 2441 874 genitum
2463 847 2479 872 ,
2511 806 2786 863 hominem
2815 808 3014 865 factum
3058 811 3111 864 in
3139 812 3318 866 anima
3344 827 3470 866 vera
3511 819 3570 866 ct

1956 913 2151 966 carne,
2183 911 2408 971 utraque
2434 902 2651 958 miseria
2681 912 2737 958 et
2764 914 2938 960 morte
2963 904 3173 960 devicta
3191 947 3205 971 ,
3233 915 3287 960 et
3319 904 3372 959 in
3399 905 3569 961 coelos

1956 1006 2077 1045 cum
2126 1007 2355 1064 corpore
2399 1009 2428 1047 a
2471 994 2631 1051 Patre
2677 1006 2957 1067 receptum
3005 996 3261 1053 eﬂudisse
3307 997 3567 1068 Spiritum

1956 1097 2229 1153 sanctum,
2263 1086 2467 1143 donum
2499 1098 2554 1144 et
2586 1090 2780 1161 pignus
2805 1091 3231 1146 immortalitatis
3260 1109 3272 1145 :
3305 1091 3449 1146 ltnnc
3479 1107 3575 1161 per

1955 1177 2250 1248 prophetas
2276 1180 2648 1250 praedicatum,
2684 1181 2826 1238 hunc
2854 1197 2950 1253 per
2982 1183 3154 1254 legem
3178 1185 3568 1255 conscriptum,

1957 1271 2102 1328 hunc
2147 1289 2269 1329 esse
2317 1289 2537 1329 manum
2590 1274 2706 1342 Dei,
2759 1286 2812 1331 et
2859 1274 3094 1332 Verbum
3135 1276 3313 1332 Patris
3342 1292 3406 1332 ex
3439 1277 3574 1341 Deo,

1956 1379 2054 1434 per
2090 1366 2271 1422 omnia
2319 1366 2604 1423 Dominum
2633 1378 2690 1424 et
2714 1369 3054 1426 conditorem
3097 1370 3246 1425 orbis
3280 1387 3292 1424 :
3329 1371 3446 1425 haec
3493 1378 3579 1426 est

1954 1458 2166 1515 arundo
2221 1467 2276 1515 et
2321 1476 2574 1517 mensura
2625 1460 2752 1518 ﬁdei
2802 1482 2817 1518 :
2864 1472 2920 1519 et
2968 1478 3130 1520 nemo
3182 1463 3375 1520 adorat
3424 1480 3575 1519 aram

1956 1561 2223 1618 sanctam,
2257 1551 2359 1608 nisi
2392 1553 2484 1625 qui
2513 1554 2654 1608 hanc
2686 1553 2849 1610 ﬁdem
2875 1555 3188 1612 conﬁtetur.

2032 1642 2088 1697 2.
2117 1644 2324 1699 Atrium
2352 1645 2490 1716 quod
2516 1656 2590 1701 est
2613 1639 2922 1703 intrinsecus
2948 1649 3145 1720 templi,
3176 1650 3390 1705 exclude
3412 1655 3577 1722 foras.

1957 1734 2097 1791 Aula
2141 1737 2338 1792 atrium
2381 1737 2601 1806 dicitur,
2633 1754 2802 1796 vacua
2845 1741 2988 1797 inter
3026 1742 3263 1813 parietes
3310 1759 3446 1799 ara:
3481 1747 3582 1802 hos

237 1852 391 1904 xxxv,
425 1836 543 1906 29).
565 1836 636 1892 Et
649 1837 725 1891 ait
753 1854 767 1890 :
801 1835 984 1891 Omnis
1011 1838 1197 1892 mulier
1222 1854 1379 1892 orans
1402 1837 1482 1893 uel
1509 1838 1846 1911 prophetam,

1982 1827 2100 1883 ales
2120 1843 2227 1884 non
2258 1831 2598 1886 necessarios
2627 1832 2748 1901 ejici
2771 1831 2934 1902 jussit
2956 1831 3024 1888 de
3053 1833 3316 1890 Ecclesia.

239 1933 436 1988 detecto
478 1930 669 1999 capite,
716 1931 955 2000 deturpat
978 1939 1132 2000 caput
1170 1947 1322 1984 suum
1357 1930 1425 2002 (l,
1469 1907 1722 1998 Gor.,x1.
1771 1907 1849 2004 5i.

239 2023 377 2080 Cum
416 2031 602 2082 autem
647 2021 825 2107 dicat,
873 2023 1136 2093 propheta:
1164 2024 1268 2077 duo
1307 2024 1387 2078 vel
1423 2033 1524 2079 tres
1561 2025 1768 2091 dicant,
1808 2034 1857 2079 et

242 2117 411 2171 ceteri
447 2117 736 2182 cstiment,
791 2131 898 2170 non
946 2114 1016 2171 de
1067 2115 1330 2172 catholica
1388 2116 1674 2188 prophetia
1727 2117 1858 2172 dicit

244 2206 483 2263 inaudita
510 2215 566 2261 et
593 2206 886 2277 incognita,
919 2207 1014 2263 sed
1042 2216 1095 2262 et
1121 2207 1408 2278 praedicata
1429 2220 1484 2264 ct
1514 2219 1640 2264 nota
1671 2227 1686 2264 :
1713 2211 1858 2265 acsti-

245 2309 394 2358 ment
427 2311 613 2357 autem
637 2309 818 2356 utrum
863 2315 934 2357 ne
977 2301 1351 2372 interpretatio
1377 2318 1498 2359 cum
1536 2302 1860 2360 testimoniis

248 2403 514 2467 congruat
567 2393 820 2449 dictionis
873 2394 1227 2464 prophetica.
1284 2397 1511 2453 Constat
1567 2412 1698 2469 ergo
1756 2399 1860 2454 hoc

250 2487 440 2546 Joanni
489 2503 599 2544 non
638 2485 809 2543 fuisse
847 2489 1214 2544 necessarium
1255 2489 1523 2561 superiori
1551 2491 1751 2546 virtute
1774 2506 1862 2546 ar-

251 2590 430 2647 mato;
488 2597 616 2637 cum
661 2592 860 2651 corpus
903 2580 1107 2637 Christi
1154 2597 1275 2653 quae
1305 2591 1390 2638 est
1437 2583 1702 2650 Ecclesia,
1749 2585 1862 2639 suis

253 2674 510 2732 membris
536 2684 812 2745 ornatum,
841 2691 938 2732 suo
968 2675 1091 2732 loco
1120 2676 1451 2748 respondere
1479 2677 1693 2735 debeat.

321 2766 414 2823 10.
439 2767 632 2838 Accepi
663 2766 850 2822 librum
877 2767 940 2822 de
970 2784 1128 2822 manu
1161 2761 1365 2841 Angeli,
1390 2781 1439 2825 et
1465 2770 1666 2825 comedi
1689 2769 1858 2825 illum.

254 2858 519 2931 Accipere
560 2859 758 2915 librum
787 2869 842 2917 et
875 2861 1199 2930 comedere,
1227 2863 1540 2920 ostensione
1575 2864 1676 2919 sibi
1722 2863 1861 2920 facta

255 2953 532 3010 memoriae
563 2961 648 3009 est
674 2952 954 3010 mandare.

328 3045 400 3100 Et
423 3057 533 3101 erat
558 3047 612 3101 in
633 3062 722 3100 ore
741 3063 850 3101 meo
873 3061 1132 3118 tamquam
1155 3050 1256 3102 mel
1281 3048 1470 3102 dulcis.
1499 3046 1722 3103 Dulcem
1745 3061 1866 3103 esse

257 3139 313 3197 in
338 3155 434 3196 ore
456 3139 861 3212 praedicationis
886 3149 970 3198 est
995 3139 1201 3196 fructus
1231 3140 1524 3212 loquentis,
1556 3149 1612 3196 et
1640 3139 1866 3196 audien-

2028 1919 2169 1974 Data
2195 1930 2270 1976 est
2299 1922 2491 1976 calcari
2533 1939 2565 1975 a
2603 1925 2856 1995 gentibus.
2894 1924 3009 1982 Hoc
3051 1936 3167 1994 est,
3199 1927 3360 1999 hujus
3390 1930 3581 1986 mundi

1959 2013 2289 2078 hominibus,
2338 2023 2396 2070 ιιι
2437 2030 2468 2069 a
2509 2016 2760 2086 gentibus
2788 2017 2877 2071 vel
2909 2032 3032 2073 cum
3072 2021 3326 2091 gentibus
3358 2023 3581 2078 concul-

1960 2113 2133 2160 cetur.
2165 2104 2368 2161 Deinde
2396 2108 2593 2178 repetit
2627 2106 2697 2165 de
2736 2109 3015 2166 novissimi
3045 2113 3309 2184 temporis
3342 2114 3496 2170 ruina
3530 2125 3587 2172 ct

1961 2199 2196 2267 excidio,
2232 2209 2287 2256 et
2317 2201 2390 2256 ait
2421 2219 2433 2255 :

2036 2292 2092 2347 5.
2122 2291 2390 2348 Civitatem
2411 2305 2643 2351 sanctam
2664 2297 2936 2354 calcabunt
2957 2300 3215 2356 mensibus
3238 2304 3588 2376 quadraginta

1964 2383 2164 2441 duobus
2197 2403 2216 2441 :
2244 2396 2291 2441 et
2316 2387 2448 2443 dabo
2479 2389 2680 2445 duobus
2729 2391 2937 2446 testibus
2973 2393 3120 2459 meis,
3155 2403 3203 2450 et
3231 2396 3590 2464 prwdicabunt

1965 2476 2145 2533 diebus
2175 2480 2315 2535 mille
2346 2482 2578 2538 ducentis
2617 2486 2907 2556 sexaginta,
2949 2488 3125 2541 amicti
3151 2489 3354 2545 ciliciis.
3391 2490 3446 2546 ld
3480 2501 3583 2558 est,

1966 2570 2263 2628 triennium
2305 2582 2360 2629 et
2399 2591 2618 2633 menses
2649 2592 2745 2633 sex
2777 2593 2791 2632 :
2823 2579 2941 2635 haec
2967 2579 3178 2637 faciunt
3203 2598 3421 2641 menses
3451 2603 3584 2656 qna-

1967 2661 2212 2736 draginta
2265 2666 2394 2722 duo.
2446 2667 2543 2724 Est
2595 2685 2726 2743 ergo
2775 2670 2993 2726 illorum
3049 2674 3368 2743 prtedicatio
3424 2677 3566 2733 trien

1966 2758 2117 2814 nium
2145 2767 2200 2816 et
2224 2750 2442 2819 menses
2483 2778 2601 2832 sex,
2643 2775 2698 2821 et
2735 2781 2964 2837 regnum
3010 2768 3319 2825 antichristi
3359 2771 3590 2829 alterum

1970 2862 2204 2910 tantum.

2041 2948 2097 3003 5.
2131 2949 2195 3003 Si
2218 2951 2332 3019 quis
2367 2951 2582 3006 voluerit
2613 2969 2698 3007 eos
2735 2953 2945 3022 (cedere,
2986 2955 3122 3028 ignis
3157 2959 3391 3030 procedit
3421 2977 3486 3015 ea:
3506 2975 3595 3016 orc

1968 3040 2228 3110 ipsorum,
2274 3053 2322 3098 et
2367 3045 2588 3100 comedit
2634 3047 2868 3102 inimicos
2903 3064 3101 3104 eorum.
3145 3049 3224 3107 De
3267 3068 3365 3109 ore
3411 3064 3594 3110 autem

1973 3137 2194 3194 illorum
2222 3141 2609 3212 prophetarum
2639 3143 2790 3198 exire
2810 3143 2988 3214 ignem
3011 3154 3200 3201 contra
3227 3147 3592 3215 adversarios,

256 3233 405 3289 tibus
436 3232 784 3289 dulcissimus
803 3274 819 3301 ,
855 3233 951 3290 sed
980 3244 1035 3291 et
1077 3234 1495 3305 praedicantibus
1520 3244 1574 3290 et
1605 3247 1863 3305 perseve-
1890 3229 1938 3294 C
1969 3243 2300 3305 potestatem
2325 3234 2479 3292 verbi
2504 3235 2656 3291 dicit.
2690 3236 2894 3292 Omnes
2924 3241 3070 3294 enim
3098 3240 3292 3311 plagas,
3326 3251 3597 3314 quotquot

256 3329 506 3386 rantibus
531 3329 585 3384 in
606 3328 874 3387 mandatis
895 3343 993 3400 per
1019 3330 1325 3400 passionem
1357 3329 1751 3385 amarissimus.

333 3423 422 3478 ll.
456 3422 524 3477 Bt
545 3422 669 3477 dicit
697 3423 823 3476 mihi
857 3439 876 3477 :
903 3431 1105 3493 oportet
1135 3434 1183 3477 te
1215 3422 1401 3477 iterum
1422 3423 1728 3494 prapltetare
1769 3438 1866 3492 po-

259 3515 436 3589 pulis,
480 3523 527 3568 et
571 3514 794 3586 linguis,
825 3523 874 3568 et
900 3514 1164 3587 gentibus,
1194 3523 1244 3569 et
1270 3513 1475 3586 regibus
1519 3514 1718 3570 multis.
1753 3513 1868 3568 Hoc

259 3609 412 3675 dicit,
439 3618 726 3679 propterea
756 3606 900 3678 quod
929 3606 1146 3678 quando
1165 3605 1285 3662 haec
1304 3606 1543 3663 Joannes
1564 3605 1720 3673 vidit,
1749 3613 1870 3661 erat

259 3702 317 3759 in
347 3703 522 3758 insula
551 3702 808 3759 Pathmos
837 3702 890 3757 in
923 3701 1146 3758 metallo
1189 3702 1477 3757 damnatus
1504 3716 1536 3756 a
1563 3700 1869 3756 Domitiano

261 3796 499 3853 Caesare.
529 3795 606 3852 lbi
638 3810 771 3868 ergo
794 3795 929 3853 vidit
966 3795 1353 3869 Apocalypsin.
1383 3796 1452 3851 Et
1478 3810 1600 3851 cum
1636 3794 1748 3865 jam
1778 3808 1868 3849 se-

260 3889 386 3946 nior
410 3898 624 3962 putaret
651 3905 710 3946 se
748 3905 850 3963 per
881 3889 1191 3962 passionem
1221 3897 1568 3958 accepturum
1597 3885 1871 3956 receptio-

261 3998 410 4046 nem,
438 3982 728 4040 interfecto
758 3984 1086 4051 Domitiano,
1115 3984 1295 4041 omnia
1320 3982 1522 4053 judicia
1549 3981 1668 4052 ejus
1697 3980 1870 4036 soluta

260 4087 408 4133 sunt.
440 4077 508 4132 Et
531 4075 775 4133 Joannes
799 4075 870 4133 de
895 4076 1112 4133 metallo
1131 4075 1414 4142 dimissus,
1445 4076 1523 4131 sic
1550 4082 1736 4145 postea
1761 4083 1872 4128 tra-

263 4171 395 4228 didit
439 4171 582 4227 hanc
619 4171 869 4228 eamdem
918 4186 1077 4242 quam
1118 4179 1406 4244 acceperat
1441 4185 1472 4225 a
1513 4170 1626 4224 Deo
1663 4167 1877 4237 Apoca-

262 4265 457 4338 lypsin.
509 4263 628 4324 Hoc
677 4272 762 4323 est
806 4277 936 4335 ergo
983 4263 1128 4334 quod
1156 4264 1272 4318 ait:
1304 4262 1531 4335 Oportet
1575 4270 1630 4317 te
1677 4261 1876 4316 iterum

264 4358 560 4429 praedicare
586 4355 846 4418 omnibus
878 4355 1129 4427 gentibus
1159 4371 1174 4408 :
1203 4356 1329 4426 quia
1369 4355 1550 4412 cernis
1597 4355 1877 4424 insurgere

263 4451 560 4508 antichristi
599 4449 822 4514 turbas,
865 4457 921 4505 et
954 4457 1148 4505 contra
1189 4447 1320 4504 istas
1359 4455 1580 4504 statura:
1619 4455 1780 4515 sunt,
1822 4453 1879 4503 et

261 4543 437 4616 gladio
461 4545 798 4603 alterutrum
823 4552 951 4600 sunt
973 4557 1203 4600 casurae.

873 4696 941 4736 Εκ
980 4695 1172 4736 CAPIT!
1211 4696 1285 4736 XI.

333 4823 386 4880 i.
415 4822 484 4881 Et
513 4831 726 4879 ostensa
753 4830 827 4886 est
850 4821 977 4889 mihi
1003 4821 1203 4876 arundo
1223 4820 1407 4881 similis
1426 4820 1606 4892 uirgte,
1637 4828 1684 4874 et
1710 4820 1878 4874 stabat

268 4918 474 4987 angelus
497 4918 678 4971 dicens
701 4932 722 4969 :
744 4913 934 4988 Surge,
961 4925 1007 4970 et
1033 4916 1210 4970 metire
1229 4915 1475 4985 templum
1497 4913 1592 4969 Dei
1617 4924 1667 4970 et
1688 4914 1872 4979 altare,

271 5016 318 5060 et
356 5024 442 5063 eos
492 5009 580 5077 qui
635 5007 859 5062 adorant
902 5007 956 5061 in
984 5006 1097 5062 illo.
1151 5005 1384 5068 Ostensa
1426 5007 1636 5062 arundo
1675 5007 1877 5064 similis

272 5103 430 5175 virga
460 5123 475 5159 :
505 5104 628 5160 haec
653 5104 771 5174 ipsa
799 5111 883 5158 est
911 5101 1285 5174 Apocalypsis,
1316 5117 1478 5173 quam
1509 5112 1696 5173 postea
1725 5103 1881 5158 exhi-

274 5195 386 5253 buit
433 5197 694 5258 Ecclesiis
726 5217 740 5252 :
770 5211 898 5254 nam
944 5205 1000 5251 et
1051 5195 1401 5268 Evangelium
1451 5195 1707 5267 perfectae
1756 5195 1884 5251 ﬁdei

275 5301 470 5346 nostra:
503 5291 694 5346 salutis
717 5305 921 5350 causa:
954 5296 1139 5359 postea
1171 5288 1405 5360 scripsit.
1434 5288 1567 5345 Cum
1602 5289 1747 5346 enim
1793 5305 1882 5347 es-

277 5391 394 5448 sent
433 5382 753 5440 Valentinus
798 5391 856 5456 et
899 5380 1223 5450 Cerinthus,
1266 5391 1321 5438 et
1363 5381 1572 5447 Ehion,
1620 5394 1674 5438 et
1701 5384 1887 5440 caeteri

277 5474 470 5530 schola:
486 5483 688 5532 satana:
712 5474 900 5531 diﬂ‘usi
917 5489 1016 5545 per
1030 5474 1241 5544 orbem,
1253 5485 1620 5530 convenerunt
1645 5477 1712 5530 ad
1736 5476 1886 5532 illum

279 5564 347 5623 de
391 5566 626 5628 ﬁnitimis
667 5567 970 5643 provinciis
1007 5583 1197 5625 omnes
1235 5568 1498 5640 episcopi,
1532 5577 1588 5625 ct
1612 5570 1887 5639 compule-

1970 3330 2165 3386 l‘uturae
2212 3337 2358 3394 sunt,
2411 3329 2479 3385 ab
2521 3329 2731 3400 angelis
2777 3345 2966 3387 eorum
3008 3333 3062 3387 in
3105 3347 3239 3390 voce
3285 3336 3590 3392 mittentur.

1970 3421 2122 3478 Multi
2168 3431 2380 3494 putant,
2425 3438 2547 3479 cum
2595 3422 2713 3479 Elia
2758 3423 3015 3480 Elisazum
3048 3441 3189 3494 esse,
3224 3437 3316 3482 aut
3353 3427 3538 3484 Mosen
3577 3449 3593 3486 :

1971 3513 2068 3571 sed
2093 3515 2309 3586 utrique
2337 3515 2540 3571 mortui
2563 3524 2710 3572 sunt.
2744 3516 2879 3572 Elite
2904 3527 3089 3574 autem
3120 3534 3270 3575 mors
3302 3535 3410 3574 non
3445 3520 3595 3576 inve-

1973 3608 2140 3675 nitur,
2188 3622 2285 3679 per
2326 3622 2488 3677 quem
2534 3623 2728 3664 omnes
2776 3617 2990 3664 veteres
3040 3609 3212 3665 nostri
3257 3610 3596 3668 tradiderunt

1975 3716 2099 3758 esse
2147 3702 2302 3757 illum
2343 3699 2657 3758 Jeremiam.
2690 3701 2823 3757 Nam
2867 3711 2922 3757 et
2963 3702 3141 3773 ipsum
3189 3703 3409 3760 verbum
3449 3706 3595 3776 quod

1974 3795 2177 3852 factum
2206 3804 2289 3852 est
2317 3795 2385 3852 ad
2413 3812 2538 3853 eum
2578 3795 2900 3854 testiﬁcatur
2926 3797 2977 3852 ei
3005 3796 3195 3853 dicens
3228 3815 3241 3853 :
3278 3796 3598 3870 Priusquam

1976 3896 2024 3942 te
2070 3889 2347 3960 figurarem
2390 3889 2446 3942 in
2484 3898 2677 3954 ventre,
2722 3888 2935 3960 cognovi
2982 3899 3050 3956 te,
3095 3899 3144 3946 et
3189 3890 3487 3962 priusquam
3532 3893 3597 3947 de

1975 3981 2128 4035 vulva
2153 3982 2473 4053 procederes.
2516 3981 2840 4049 sancti/icavi
2869 3991 2936 4049 te,
2968 3990 3015 4035 et
3043 3983 3351 4053 prophetam
3379 3985 3434 4039 in
3470 4003 3596 4058 gen-

1980 4073 2111 4128 tibus
2142 4075 2289 4146 posui
2317 4085 2364 4128 te
2386 4073 2547 4145 (Jer.,
2575 4092 2612 4136 ι.
2643 4075 2724 4145 5).
2756 4074 2814 4128 In
2840 4073 3095 4145 gentibus
3120 4085 3299 4132 autem
3329 4079 3597 4149 propheta

1978 4182 2088 4223 non
2123 4168 2261 4222 fuit:
2287 4177 2344 4224 et
2372 4168 2496 4224 ideo
2521 4168 2746 4225 verbum
2795 4169 2884 4224 Dei
2924 4184 3113 4236 verax,
3162 4185 3387 4228 necesse
3432 4173 3597 4231 habet

1980 4259 2124 4332 quod
2157 4259 2410 4331 promisit
2445 4259 2728 4326 exhibere,
2762 4269 2821 4315 nt
2850 4261 2902 4315 in
2931 4261 3183 4332 gentibus
3209 4263 3279 4318 sit
3307 4264 3593 4334 pr0pheta.

2050 4356 2108 4410 4.
2141 4353 2214 4408 Hi
2239 4364 2356 4410 sunt
2377 4355 2480 4410 duo
2500 4355 2812 4410 candelabra
2832 4356 2888 4409 in
2911 4367 3186 4427 conspectu
3209 4355 3424 4413 Domini
3447 4368 3597 4416 terra:

1980 4454 2191 4502 stantes.
2227 4445 2354 4501 Hcce
2384 4446 2492 4502 duo
2521 4446 2844 4503 candelabra
2873 4455 2929 4502 et
2955 4445 3090 4502 duas
3115 4447 3286 4503 olivas
3314 4449 3436 4506 ideo
3463 4452 3598 4509 dixit

1982 4550 2040 4597 et
2065 4540 2368 4606 admonuit,
2403 4542 2532 4596 utsi
2564 4540 2693 4595 alibi
2723 4540 2911 4611 legens
2950 4556 3057 4596 non
3101 4542 3444 4612 intellexisti,
3474 4545 3597 4602 heic

1898 4633 1953 4693 D
1979 4635 2271 4707 intelligas.
2299 4633 2358 4690 In
2402 4634 2660 4692 Zacharia
2701 4635 2868 4700 enim,
2899 4650 3006 4691 uno
3036 4650 3102 4690 ex
3132 4635 3418 4694 duodecim
3466 4655 3594 4710 pro-

1981 4728 2180 4800 phetis,
2227 4727 2298 4783 ita
2343 4730 2604 4799 scriptum
2651 4736 2735 4783 est
2766 4743 2786 4780 :
2821 4725 2894 4781 Hi
2928 4735 3047 4782 sunt
3087 4728 3204 4783 duae
3241 4729 3389 4785 oliva:
3415 4741 3462 4784 et
3491 4732 3596 4787 duo

1980 4822 2291 4878 candelabra
2343 4823 2430 4893 qui
2485 4823 2540 4875 in
2593 4831 2869 4892 conspectu
2921 4819 3131 4875 Domini
3188 4831 3337 4877 terra:
3390 4823 3598 4879 adstant

1983 4915 2194 4990 (Zaclt.,
2224 4931 2296 4983 tv,
2330 4913 2422 4987 Μ)
2454 4932 2467 4968 :
2497 4913 2548 4968 id
2577 4923 2693 4980 est,
2739 4922 2866 4968 sunt
2911 4912 2963 4968 in
3012 4913 3281 4984 paradiso.
3319 4917 3447 4972 Item
3489 4920 3596 4976 alio

1981 5025 2165 5066 sensu.
2202 5010 2258 5064 In
2292 5017 2585 5079 conSpectu
2619 5007 2833 5063 Domini
2872 5018 3028 5061 terra:
3066 5007 3372 5066 adstantis:
3405 5011 3455 5065 id
3486 5025 3592 5079 est,

1985 5103 2037 5158 in
2069 5116 2364 5175 conspectu
2393 5102 2718 5159 antichristi.
2745 5103 2853 5160 llos
2877 5118 3007 5174 ergo
3035 5112 3250 5174 oportet
3273 5105 3504 5161 interﬁci
3526 5108 3595 5164 ab

1987 5200 2326 5255 antichristo.

2060 5292 2115 5347 7.
2150 5291 2214 5346 Et
2256 5294 2414 5347 bestia
2458 5308 2572 5359 quia
2619 5291 2848 5347 ascendit
2877 5292 2940 5345 de
2975 5292 3174 5363 abysso.
3224 5291 3352 5349 Post
3398 5293 3596 5350 multas

1988 5385 2171 5457 plagas
2201 5385 2400 5440 saeculo
2447 5385 2713 5453 expletas,
2757 5385 2809 5438 in
2842 5385 2948 5439 line
2979 5383 3107 5439 dicit
3145 5385 3455 5441 ascendisse
3496 5386 3595 5441 be-

1990 5479 2147 5534 stiam
2187 5477 2254 5532 de
2282 5478 2498 5549 abysso.
2534 5476 2610 5532 De
2655 5477 2852 5548 abysso
2882 5485 3070 5531 autem
3114 5476 3256 5546 quod
3303 5491 3595 5532 ascensura

1991 5573 2088 5640 sit,
2137 5571 2319 5626 multis
2360 5569 2682 5628 testimoniis
2719 5580 2804 5628 est
2839 5571 3247 5641 comprobatum
3281 5588 3295 5624 :
3325 5570 3401 5624 ait
3447 5570 3594 5625 enim

1636 5684 2205 5748 COMMENTARIUS.

344 5801 420 5880 (l)
448 5806 754 5869 llensuram
785 5812 967 5880 autem
997 5803 1173 5880 templi
1197 5801 1316 5880 _D_ei.
1348 5803 1592 5880 Proquo
1615 5803 1668 5860 in
1696 5819 1887 5880 manu-

262 5873 457 5960 κήρω
503 5884 814 5960 legebatur
861 5875 964 5947 ﬁlii
1020 5873 1137 5932 Dei.
1197 5874 1309 5934 Nos
1358 5873 1518 5935 illud'
1543 5879 1888 5945 mutavimus,

1999 5808 2142 5878 quod
2168 5810 2326 5881 plane
2348 5809 2628 5869 videretur
2659 5807 2904 5882 Apostoli
2930 5808 3112 5866 verbis
3137 5819 3336 5876 repugn
