3918 6380
390 359 493 416 δδδ

1608 358 1664 412 ὃ.
1713 355 2056 414 νιατυιιιλι
2094 353 2384 413 δειιυιιιλ

3591 356 3698 412 ’556

374 481 428 535 in
463 495 604 534 xxxi
654 495 774 549 cap.
831 476 1080 534 Ezechiel
1125 497 1137 532 :
1182 474 1316 531 Ecce
1361 477 1550 540 Assur,
1596 489 1866 545 cupressus
1920 475 1971 528 in
2001 482 2054 541 Α
2079 488 2268 526 corona
2313 471 2581 526 stellarum
2620 469 2890 524 duodecim
2915 486 2934 523 :
2968 477 3013 525 et
3058 469 3112 524 in
3148 480 3295 524 utero
3336 469 3545 534 habens,
3579 471 3696 524 clu-

386 585 556 629 monte
603 573 787 628 Liboni
829 573 1066 647 (Ecce/1.,
1110 589 1264 637 xm,
1316 572 1396 637 3).
1441 573 1611 626 Assur
1651 571 1983 641 deprimens,

381 682 674 738 cupressus
701 667 973 731 excelsus,
1001 681 1249 721 ramosus
1269 705 1283 729 ,
1318 663 1369 719 id
1400 672 1484 719 est
1518 663 1746 734 populus
1786 663 1986 717 multus

376 756 435 812 in
483 769 664 813 monte
693 757 917 825 Libano,
967 758 1020 812 in
1050 771 1214 826 regno
1251 769 1538 826 regnorum
1579 755 1629 810 id
1674 764 1757 810 est
1785 754 1984 809 Roma-

380 866 597 906 uorum.
624 849 918 907 Formosus
938 857 1118 904 autem
1150 847 1294 919 quod
1316 847 1390 902 ait
1418 847 1468 901 in
1498 847 1852 918 germinibus.
1873 844 1985 900 for-

377 953 485 998 tem
517 943 646 999 dicit
674 945 728 998 in
766 942 1113 1000 exercitibus.
1143 941 1316 1012 Aqua,
1349 940 1542 1011 inquit,
1575 941 1777 995 nutriet
1806 938 1979 1006 illum,

375 1037 430 1091 id
454 1048 558 1102 est,
591 1037 755 1092 multa
785 1035 948 1091 millia
982 1035 1258 1090 hominum
1288 1049 1407 1104 qua:
1428 1033 1668 1104 subjecta
1699 1042 1858 1088 erunt
1879 1030 1978 1086 illi.

376 1132 444 1186 Et
470 1131 697 1202 abyssus
724 1131 871 1186 auxit
901 1130 1076 1194 illum,
1107 1129 1159 1184 id
1187 1137 1272 1185 est
1295 1129 1561 1184 eructavit
1589 1143 1739 1184 eum.
1770 1127 1904 1182 Nam
1925 1134 1982 1182 et

372 1224 562 1279 Esaias
607 1238 744 1294 pene
787 1221 980 1278 iisdem
1027 1222 1208 1278 verbis
1250 1221 1508 1293 loquitur.
1553 1220 1742 1277 Fuisse
1791 1230 1976 1276 autem

368 1332 490 1372 cum
525 1316 576 1370 in
607 1331 775 1386 regno
804 1316 1173 1372 Romanorum
1195 1357 1208 1380 ,
1243 1325 1296 1370 et
1340 1316 1507 1372 fuisse
1534 1317 1675 1370 inter
1696 1314 1937 1369 Caesares
1956 1356 1970 1376 ,

369 1417 427 1462 et
459 1407 656 1464 Paulus
686 1409 964 1479 apostolus
993 1415 1363 1473 contestatur;
1395 1409 1470 1462 ait
1497 1410 1639 1463 enim
1662 1406 1730 1462 ad
1752 1405 1977 1460 Thessa-

365 1501 716 1558 lonicenses:
755 1501 855 1569 Qui
899 1517 1032 1555 nunc
1074 1510 1226 1567 tenet,
1280 1510 1468 1566 teneat,
1509 1500 1668 1555 donec
1712 1500 1775 1553 de
1807 1499 1974 1553 medio

366 1600 572 1663 [iat;et
614 1607 734 1651 tunc
759 1595 1025 1666 apparebit
1054 1595 1276 1664 iniquus,
1315 1595 1404 1649 ille
1437 1596 1583 1665 cujus
1620 1604 1693 1648 est
1730 1595 1975 1647 adventus

367 1690 647 1744 secundum
675 1690 950 1759 efﬁcaciam
985 1688 1201 1745 Salano:
1225 1688 1385 1758 signis
1413 1696 1460 1741 et
1488 1686 1734 1755 portentis
1762 1683 1972 1739 menda-

363 1781 503 1836 cibus
530 1780 618 1851 (Il,
659 1781 863 1839 Tltess..
895 1798 954 1849 ll,
980 1783 1046 1847 7,_
1063 1781 1139 1852 8).
1173 1781 1242 1836 Et
1273 1792 1330 1835 ut
1357 1780 1560 1835 scirent
1595 1777 1745 1832 illum
1775 1785 1969 1832 ventu-

2097 582 2262 632 mana,
2295 565 2607 634 parturiens,
2636 573 2684 617 et
2710 573 2960 618 tormenta
2986 564 3240 620 sustinens
3266 574 3322 618 ut
3350 569 3542 635 pariat.
3575 561 3697 619 Mu-

2088 659 2191 715 lier
2218 660 2412 714 amicta
2449 657 2599 723 sole,
2642 666 2697 714 et
2721 658 2904 713 lunam
2946 659 3047 713 sub
3076 657 3244 730 pedes
3288 671 3418 713 suos
3451 659 3693 722 habens,

2087 767 2452 823 coronamque
2480 753 2534 806 in
2559 753 2735 823 capite
2760 763 2978 825 gestans
3000 754 3280 810 stellarum
3312 752 3621 818 duodecim,
3641 761 3700 810 et

2089 849 2390 918 parturiens
2439 849 2491 904 in
2538 849 2813 906 doloribus
2855 853 3001 918 suis,
3050 851 3269 924 antiqua
3319 851 3564 908 Ecclesia
3610 861 3701 908 est

2087 948 2298 1010 patrum
2329 949 2384 993 et
2421 939 2804 1012 prophetarum
2825 983 2841 1009 ,
2869 950 2924 996 et
2961 949 3306 1008 sanctorum,
3338 953 3394 999 et
3418 943 3697 1014 apostolo-

2085 1046 2241 1098 rum;
2268 1047 2389 1102 qua:
2414 1031 2646 1104 gemitus
2689 1043 2744 1090 et
2784 1044 3052 1091 tormenta
3081 1035 3339 1093 desiderii
3371 1036 3453 1092 sui
3481 1035 3695 1104 habuit,

2084 1137 2363 1194 usquequo
2409 1123 2642 1181 fructum
2692 1142 2759 1182 ex
2802 1127 2961 1198 plebe
3010 1143 3103 1184 sua
3145 1130 3439 1184 secundum
3470 1143 3694 1184 carnem

2080 1215 2209 1270 oltm
2242 1215 2567 1286 promissum
2596 1217 2696 1273 sibi
2731 1220 2939 1276 videret
2965 1221 3241 1277 Christum
3276 1237 3345 1279 ex
3374 1223 3486 1293 ipsa
3516 1231 3685 1294 gente

2081 1323 2280 1381 corpus
2308 1311 2635 1383 sumpsisse.
2666 1311 2797 1370 Sole
2839 1324 3021 1371 autem
3065 1315 3284 1381 amicta,
3320 1332 3472 1387 spem
3505 1333 3696 1372 resur-

2080 1403 2335 1460 rectionis
2367 1404 2658 1478 signiticat,
2691 1417 2748 1463 et
2775 1406 3005 1478 gloriam
3037 1408 3508 1479 repromissionis.
3541 1409 3695 1465 Luna

2079 1511 2209 1552 vero
2238 1511 2426 1552 casum
2467 1510 2785 1555 sanctorum
2826 1515 3122 1572 corporum
3157 1518 3224 1557 ex
3266 1501 3452 1557 debito
3475 1503 3692 1569 mortis,

2077 1588 2220 1658 quod
2248 1587 2485 1646 deficere
2516 1606 2807 1663 numquam
2836 1601 3036 1664 potest.
3067 1591 3201 1648 Nam
3232 1592 3693 1664 quemadmodum

2077 1683 2337 1738 minuitur
2365 1685 2495 1751 vita,
2523 1684 2603 1740 sic
2635 1695 2690 1741 ct
2722 1696 2973 1758 augetur.
3009 1685 3121 1741 Nec
3162 1687 3218 1740 in
3251 1697 3424 1742 totum
3454 1687 3692 1743 extincta

2075 1785 2158 1832 est
2185 1792 2310 1847 spes
2331 1777 2751 1848 dormientium,
2780 1787 2840 1836 ut
2865 1780 3087 1852 quidam
3116 1789 3326 1852 putant,
3356 1783 3453 1838 sed
3487 1781 3694 1837 habent

366 1891 506 1939 rum,
539 1874 629 1946 qui
674 1882 799 1929 tunc
827 1884 944 1930 erat
987 1875 1259 1943 princeps,
1300 1872 1498 1942 adjecit
1528 1889 1544 1926 :
1576 1873 1834 1926 Arcanum
1855 1873 1972 1942 jam
2001 1879 2049 1940 Β
2078 1872 2129 1927 iu
2173 1873 2416 1929 tenebris
2455 1874 2633 1931 lucem
2662 1876 2806 1930 sicut
2833 1875 2981 1930 luna.
3027 1874 3242 1932 Corona
3286 1884 3469 1932 autem
3501 1874 3694 1931 stella-

363 1970 576 2025 malitia:
617 1970 825 2023 molitur
867 1967 1056 2035 (Ibid,
1099 1968 1157 2037 9)
1199 1985 1212 2021 :
1261 1965 1314 2021 id
1355 1976 1472 2032 est,
1514 1965 1773 2020 malitiam
1812 1980 1970 2036 quam

360 2061 604 2118 facturus
625 2069 728 2126 est,
754 2076 952 2116 arcane
979 2061 1223 2124 molitur,
1249 2058 1346 2114 sed
1369 2073 1476 2112 non
1505 2073 1600 2113 sua
1626 2058 1845 2119 virtute.
1874 2072 1972 2113 nec

365 2154 531 2224 patris
552 2156 657 2217 sui,
686 2154 999 2220 suscitatur,
1024 2153 1118 2209 sed
1142 2153 1294 2224 jussu
1325 2152 1445 2215 Dei.
1473 2167 1576 2223 qua
1600 2150 1669 2207 de
1696 2166 1755 2207 re
1774 2147 1972 2206 Paulus

362 2247 555 2303 iisdem
586 2247 718 2301 dicit
744 2265 757 2299 :
783 2245 987 2300 Idcirco
1017 2247 1258 2315 quoniam
1288 2261 1391 2299 non
1420 2253 1716 2310 receperunt
1745 2259 1970 2297 amorem

368 2339 481 2406 Dei,
514 2340 668 2392 mittet
696 2341 766 2393 eis
797 2340 1035 2408 spiritum
1057 2339 1245 2392 erroris
1279 2346 1335 2390 ut
1369 2352 1542 2390 omnes
1565 2340 1971 2406 persuadeantur

365 2434 648 2497 mendacio,
690 2433 775 2503 qui
820 2449 922 2486 non
964 2441 1082 2486 sunt
1121 2430 1349 2500 persuasi
1386 2428 1594 2482 ueritate
1623 2427 1809 2500 (lbid.,
1850 2427 1964 2499 10).

359 2525 426 2578 Ει
460 2525 643 2580 Esaias
669 2525 780 2578 ait:
809 2521 1192 2580 Sustinentibus
1229 2519 1335 2575 illis
1378 2519 1561 2587 lucem,
1593 2521 1809 2575 tenebra:
1842 2529 1968 2574 orta:

359 2627 476 2670 sunt
509 2617 610 2670 illis
661 2613 836 2688 (Esa.,
883 2630 992 2681 ux,
1024 2615 1102 2684 9).
1133 2613 1244 2668 Hos
1283 2628 1416 2684 ergo
1458 2612 1751 2683 prophetas
1778 2615 1845 2668 ab
1874 2627 1968 2668 eo-

357 2710 478 2765 dem
521 2709 748 2765 interﬁci
794 2708 1100 2764 manifestat
1127 2707 1504 2779 Apocalypsis,
1546 2717 1603 2762 et
1641 2715 1830 2778 quarta
1878 2706 1965 2762 die

360 2818 660 2873 resurgere,
694 2817 763 2857 ne
793 2802 912 2869 quis
934 2800 1157 2872 aequalis
1191 2800 1303 2856 Deo
1335 2800 1664 2855 inveniatur.

431 2895 486 2949 8.
537 2891 602 2948 Et
639 2895 882 2964 jacebunt
927 2909 1145 2963 corpora
1194 2908 1368 2946 eorum
1420 2893 1474 2945 in
1524 2893 1705 2963 plateis
1750 2893 1964 2947 civitatis

355 3004 559 3059 magna:
587 3005 701 3056 qua:
726 2997 937 3043 uocatur
970 2986 1308 3057 spiritualiter
1334 2986 1564 3040 Sodoma
1594 2996 1640 3039 et
1675 2985 1958 3057 ngyptus.

353 3079 603 3137 Sodoma’
638 3089 819 3134 autem
875 3089 932 3135 et
985 3078 1274 3149 [Egyptum
1326 3077 1456 3132 dicit
1509 3077 1960 3146 Hierosolymam,

355 3188 604 3230 acervum
667 3171 850 3242 populi
910 3171 1273 3239 persecutoris
1328 3168 1598 3222 eﬂ‘ectam.
1671 3168 1966 3238 Diligenter

2077 1981 2199 2021 rum
2241 1966 2534 2024 duodecim
2573 1969 2801 2025 chorum
2843 1979 3054 2040 patrum
3088 1969 3360 2038 signiﬁcat
3388 1967 3691 2026 secundum

2075 2059 2259 2113 carnis
2298 2059 2668 2130 nativitatem,
2713 2077 2783 2117 ex
2812 2059 3009 2133 quibus
3048 2070 3166 2118 erat
3191 2060 3441 2119 Christus
3465 2076 3690 2120 carnem

2085 2161 2425 2221 sumpturus.

2143 2267 2199 2322 5.
2228 2265 2297 2321 Ει
2342 2268 2506 2322 visum
2526 2278 2599 2324 est
2642 2270 2790 2324 aliud
2825 2270 3034 2342 signum
3073 2271 3130 2326 in
3158 2273 3286 2328 calo
3313 2289 3332 2329 :
3364 2271 3497 2331 Ecce
3524 2273 3688 2331 draco

2071 2358 2258 2414 rubens
2282 2359 2476 2415 habens
2501 2363 2679 2432 capita
2702 2372 2918 2434 septem.
2957 2363 3114 2431 Quod
3146 2374 3330 2422 autem
3365 2367 3514 2423 illum
3551 2367 3689 2424 dicit

2071 2452 2277 2508 coloris
2319 2468 2443 2508 esse
2487 2454 2665 2522 rubei,
2702 2455 2756 2511 id
2799 2466 2885 2512 est
2931 2457 3198 2524 coccinei,
3247 2460 3430 2530 Operis
3473 2459 3686 2517 fructus

2071 2548 2235 2600 talem
2266 2545 2417 2602 dedit
2441 2547 2491 2602 ei
2532 2549 2795 2605 colorem.
2828 2549 2912 2606 Ab
2934 2551 3089 2606 initio
3120 2554 3266 2608 enim
3313 2552 3417 2609 fuit
3455 2556 3534 2627 (ut
3570 2555 3683 2612 Do-

2070 2639 2248 2694 minus
2270 2639 2370 2712 ait)
2401 2641 2705 2712 homicida,
2740 2654 2796 2700 et
2821 2659 2986 2701 omne
3028 2662 3199 2717 genus
3236 2646 3530 2704 humanum
3567 2665 3681 2708 non

2071 2741 2178 2788 tam
2199 2732 2384 2790 debito
2414 2737 2626 2804 mortis,
2662 2752 2850 2793 verum
2892 2740 3057 2794 etiam
3085 2741 3253 2796 variis
3279 2740 3478 2812 gladiis
3510 2743 3680 2799 obiti-

2069 2827 2277 2898 busque
2308 2832 2603 2900 oppressit.
2640 2831 2862 2901 Septem
2889 2834 3088 2904 capita,
3133 2845 3346 2905 septem
3374 2852 3528 2908 reges
3566 2837 3681 2894 Ro-

2069 2937 2352 2977 manorum
2377 2939 2443 2979 ex
2475 2923 2670 2994 quibus
2706 2933 2762 2981 et
2789 2925 3148 2982 antichristus
3187 2938 3292 2995 est,
3329 2939 3388 2983 ut
3419 2931 3472 2984 in
3508 2927 3679 3000 priori

2067 3012 2324 3070 diximus.

2138 3132 2208 3185 Et
2241 3148 2434 3188 cornua
2461 3134 2652 3189 decem.
2683 3135 2879 3192 Decem
2899 3151 3072 3208 ,reges
3099 3137 3156 3192 in
3187 3137 3484 3195 novissimo
3516 3145 3668 3194 tem-

351 3227 481 3338 erng
510 3277 562 3322 et
590 3227 712 3321 cum
740 3227 951 3320 summa
996 3263 1360 3320 sollicitudine
1402 3264 1554 3332 sequi
1597 3227 1809 3334 oportet
1841 3279 1964 3334 pro-
1990 3273 2033 3336 ί]
2068 3242 2199 3338 pote
2233 3227 2343 3338 ξφ
2384 3229 2606 3338 θθῗάθξη
2645 3230 2900 3338 δξθίξζυξ
2929 3231 3139 3338 melli“
3178 3231 3249 3287 ibi
3278 3231 3672 3338 _"ac‘_alfi_m"s'

351 3359 622 3432 pheticam
652 3357 1114 3428 praedicationem,
1140 3365 1195 3410 et
1220 3354 1528 3425 intelligere
1555 3357 1696 3425 quod
1729 3356 1962 3426 Spiritus

351 3468 420 3506 ex
469 3451 630 3506 Patre
674 3461 729 3505 et
779 3449 1058 3520 praedicat,
1103 3457 1155 3502 et
1203 3447 1692 3518 praeposterat(l);
1741 3457 1796 3503 et
1837 3464 1959 3503 cum

358 3543 707 3615 prmeurrerit
737 3560 904 3615 usque
932 3542 1000 3598 ad
1041 3541 1414 3608 novissimum,
1458 3557 1670 3596 rursum
1717 3554 1958 3612 tempora

350 3643 630 3711 superiora
661 3641 876 3710 repetit.
909 3638 975 3692 Et
999 3636 1140 3708 quod
1175 3637 1410 3690 facturus
1432 3646 1513 3690 est
1535 3635 1726 3701 semel,
1752 3635 1959 3706 aliquo-

349 3737 450 3790 ties
477 3734 629 3805 quasi
671 3734 868 3786 factum
906 3729 1184 3786 ostendit:
1219 3728 1360 3799 quod
1403 3730 1502 3783 nisi
1544 3731 1810 3799 intelligas
1853 3731 1954 3783 ali-

346 3831 561 3900 quoties
584 3836 642 3882 ut
668 3826 890 3891 factum,
921 3823 1203 3893 aliquoties
1239 3831 1296 3875 ut
1323 3821 1580 3890 futurum,
1613 3825 1662 3877 in
1693 3824 1951 3894 grandem

344 3922 630 3994 caliginem
698 3918 924 3975 incides.
982 3916 1126 3986 Ergo
1187 3915 1560 3985 interpretatio
1611 3916 1948 3987 sequentium

345 4016 613 4072 dictorum
645 4013 697 4068 in
723 4027 786 4067 ea
815 4009 1154 4074 monstravit,
1180 4020 1240 4062 ut
1271 4023 1378 4063 non
1399 4007 1532 4064 ordo
1560 4007 1827 4075 lectionis,
1853 4009 1948 4066 sed

343 4107 611 4165 orationis
641 4105 990 4175 intelligatur.

427 4204 509 4258 19.
545 4201 612 4254 Ει
647 4211 881 4270 apertum
917 4206 992 4251 est
1036 4196 1280 4266 templum
1307 4195 1405 4250 Dei
1447 4197 1586 4267 quod
1615 4206 1687 4252 est
1719 4199 1770 4252 in
1800 4201 1945 4254 male.

345 4294 630 4363 'l‘emplum
678 4301 923 4362 apertum
967 4289 1327 4344 manifestatio
1373 4300 1457 4345 est
1497 4291 1706 4346 Domini
1755 4294 1944 4347 nostri.

343 4389 628 4457 Templum
654 4386 798 4441 enim
837 4385 930 4439 Dei
961 4383 1127 4438 Filius
1166 4393 1271 4449 est,
1302 4384 1444 4438 sicut
1475 4385 1590 4453 ipse
1615 4387 1689 4439 ait
1716 4403 1728 4440 :
1759 4385 1949 4441 Soluite

343 4481 591 4548 templum
614 4481 729 4542 hoc,
759 4486 805 4530 et
830 4477 884 4530 in
910 4474 1070 4529 tribus
1098 4473 1274 4529 diebus
1301 4476 1554 4528 suscitabo
1583 4477 1712 4530 illud
1743 4476 1945 4547 (Joan.,

348 4590 404 4640 ll,
439 4573 525 4635 l9,
554 4570 646 4632 20,
675 4568 792 4641 21).
827 4569 891 4622 Et
935 4568 1236 4624 dicentibus
1279 4567 1502 4632 .Iudzcis,
1535 4571 1877 4640 quadraginta
1904 4580 1950 4624 et

2138 3323 2192 3376 4.
2225 3318 2295 3374 Et
2332 3323 2499 3375 cauda
2526 3325 2640 3394 ejus
2671 3324 2889 3378 habebat
2928 3325 3129 3380 tertiam
3173 3335 3368 3394 partem
3405 3325 3675 3380 stellarum

2066 3414 2199 3478 caeli,
2230 3423 2277 3467 et
2316 3414 2453 3468 misit
2489 3414 2608 3469 illas
2636 3417 2691 3470 in
2727 3426 2914 3470 terram
2969 3416 3124 3484 Quod
3161 3427 3341 3473 autem
3373 3418 3508 3473 dicit
3539 3417 3670 3472 dra-

2065 3507 2214 3562 conis
2237 3505 2464 3561 caudam
2489 3509 2719 3563 traxisse
2742 3510 2956 3563 tertiam
2981 3519 3190 3579 partem
3212 3509 3491 3565 stellarum
3515 3509 3668 3575 cceli,

2064 3598 2307 3654 bifariam
2356 3598 2460 3655 hoc
2494 3599 2662 3670 accipi
2703 3610 2913 3670 potest;
2956 3603 3110 3658 multi
3147 3603 3293 3658 enim
3333 3603 3670 3659 arbitrantur

2064 3691 2276 3746 tertiam
2307 3704 2518 3764 partem
2558 3694 2838 3751 hominum
2867 3696 3207 3752 credentium
3236 3713 3400 3768 posse
3429 3713 3552 3754 eum
3579 3713 3670 3754 se-

2061 3785 2281 3842 ducere.
2310 3787 2418 3843 Sed
2458 3789 2604 3859 quod
2645 3790 2826 3846 verius
2864 3790 3094 3862 intelligi
3123 3791 3322 3848 debeat
3351 3792 3666 3864 angelorum

2059 3879 2159 3934 sibi
2186 3880 2526 3936 subditorum
2555 3897 2680 3938 eum
2716 3882 2895 3940 adhuc
2927 3886 3182 3956 princeps
3216 3897 3383 3953 esset,
3413 3902 3538 3942 cum
3561 3888 3667 3943 de-

2056 3972 2342 4029 scenderet
2394 3973 2784 4032 constitutione
2838 3991 2969 4043 sua,
3031 3979 3247 4034 tertiam
3304 3991 3515 4048 partem
3568 3995 3666 4036 se-

2055 4065 2315 4122 duxisse:
2356 4083 2486 4139 ergo
2532 4069 2676 4136 quod
2722 4071 2973 4142 superius
3020 4072 3338 4130 dicebamus
3380 4074 3457 4129 ait
3509 4075 3664 4147 Apo-

2053 4159 2307 4231 calypsis.

2130 4272 2194 4327 Et
2223 4273 2380 4328 draco
2409 4278 2544 4330 stetit
2572 4277 2627 4330 in
2665 4287 2943 4346 conspectu
2981 4279 3213 4336 mulieris
3247 4296 3361 4352 quas
3385 4281 3663 4354 incipiebat

2055 4382 2254 4434 parere,
2283 4377 2338 4420 ut
2367 4384 2480 4422 cum
2510 4369 2805 4440 peperisset,
2838 4370 3005 4440 ﬁlium
3031 4374 3144 4444 ejus
3173 4373 3457 4430 devoraret.
3487 4377 3661 4432 Draco

2053 4459 2203 4512 rul‘us
2239 4468 2387 4514 stans
2429 4471 2483 4517 et
2525 4471 2814 4532 exoptans,
2861 4473 2920 4518 ut
2955 4479 3080 4519 cum
3121 4467 3420 4536 peperisset
3461 4467 3656 4536 lilium,

2053 4550 2340 4608 devoraret
2369 4569 2514 4621 eum,
2542 4555 2788 4611 diabolus
2813 4567 2914 4622 est,
2943 4557 3182 4628 Angelus
3209 4558 3393 4630 refuga
3424 4560 3654 4627 srilicet,

341 4682 431 4720 sex
458 4665 605 4718 annis
630 4664 944 4730 a'diﬁcutum
972 4672 1044 4714 est
1075 4661 1317 4730 templum
1341 4660 1482 4714 istud
1503 4678 1520 4726 ;
1543 4661 1648 4727 ille,
1668 4663 1744 4716 ait
1771 4661 1948 4717 Evan-

2075 4647 2144 4716 ιιιὶ
2181 4646 2460 4702 hominum
2503 4650 2742 4705 omnium
2773 4651 3046 4706 interitum
3080 4668 3176 4723 per
3212 4664 3442 4709 mortem
3467 4671 3654 4726 arqua-

341 4759 551 4829 gelista,
577 4756 770 4810 dicebat
802 4754 864 4807 de
886 4754 1074 4822 templo
1103 4753 1330 4823 corporis
1356 4753 1456 4806 sui.

414 4854 482 4907 Et
512 4856 618 4905 visa
661 4862 733 4905 est
778 4867 899 4903 arca
938 4848 1221 4902 testamenti
1259 4846 1467 4901 Domini
1498 4848 1550 4901 in
1581 4851 1770 4919 templo
1809 4852 1942 4920 ejus.

341 4946 618 5018 Evangelii
667 4943 975 5014 praedicatio
1018 4952 1071 4996 et
1121 4941 1446 5012 indulgentia
1497 4943 1844 5010 delictorum,
1891 4956 1946 5000 et

338 5043 521 5097 munia
569 5040 707 5095 dona
750 5054 1102 5108 qmccumquc
1145 5053 1267 5091 cum
1310 5036 1405 5090 illo
1447 5037 1809 5106 advenerunt,
1852 5040 1940 5094 illa

338 5138 467 5194 dicit
496 5133 825 5207 apparuisse.

929 5289 994 5326 EX
1033 5287 1223 5327 ΕΔΡΙΤΕ
1262 5286 1359 5326 XII.

411 5418 464 5479 1,
492 5417 544 5469 ὲ.
581 5412 644 5468 Ει
672 5415 869 5483 signum
914 5413 1109 5484 grande
1153 5412 1316 5465 visum
1345 5420 1416 5465 est
1455 5411 1506 5463 in
1551 5413 1674 5468 coelo
1696 5430 1714 5465 :
1747 5412 1937 5468 Mulier

336 5511 520 5566 amicta
559 5509 686 5572 sole,
717 5517 762 5560 et
794 5507 918 5559 [una
947 5504 1036 5561 sub
1066 5505 1276 5574 pedibus
1308 5505 1439 5572 ejus,
1467 5515 1513 5558 et
1542 5506 1593 5559 in
1623 5509 1788 5576 capite
1825 5509 1936 5578 ejus

2056 4739 2163 4794 lem
2199 4755 2322 4795 esse
2356 4741 2676 4810 opinabatur
2705 4762 2720 4798 :
2752 4744 2848 4800 sed
2896 4746 2985 4816 qui
3018 4746 3086 4801 de
3116 4747 3325 4803 semine
3355 4757 3513 4804 natus
3543 4765 3653 4805 non

2053 4843 2199 4898 erat,
2248 4833 2376 4887 nihil
2420 4835 2578 4889 morti
2621 4835 2885 4903 debebat,
2933 4849 3156 4909 propter
3200 4841 3345 4910 quod
3385 4840 3654 4900 devorare

2053 4941 2174 4980 eum
2209 4941 2314 4980 non
2341 4927 2532 4997 potuit,
2563 4927 2615 4984 id
2642 4938 2726 4984 est
2754 4930 2806 4984 in
2835 4942 3009 4985 morte
3044 4932 3319 5000 detinere,
3344 4949 3468 4990 nam
3491 4938 3652 4993 tertia

2049 5017 2138 5073 die
2156 5020 2468 5074 resurrexit.
2494 5020 2730 5092 Denique
2743 5033 2794 5077 et
2814 5024 3123 5094 priusquam
3149 5036 3425 5096 pateretur
3439 5040 3652 5087 tentare

2050 5128 2170 5166 eum
2193 5115 2419 5169 accessit
2441 5123 2712 5187 tamquam
2742 5116 3010 5174 hominem
3042 5136 3056 5172 :
3087 5120 3181 5175 sed
3207 5137 3328 5175 eum
3354 5139 3458 5177 non
3493 5125 3651 5180 inve-

2047 5208 2216 5262 uisset
2263 5209 2410 5263 illum
2467 5225 2588 5266 esse
2635 5227 2796 5282 quem
2847 5211 3088 5281 putabat,
3134 5213 3388 5270 discessit
3435 5216 3506 5271 ab
3553 5218 3649 5274 illo

2046 5316 2216 5372 usque
2241 5311 2307 5356 ad
2341 5314 2586 5374 tempus;
2616 5305 2758 5362 unde
2787 5304 2908 5361 beic
2933 5306 3132 5362 dicitur
3159 5324 3174 5360 :

2114 5418 2168 5472 5.
2205 5417 2271 5470 Et
2309 5421 2502 5490 peperit
2532 5420 2695 5490 [ilium
2716 5422 2803 5491 qui
2842 5422 3025 5492 incipit
3053 5438 3226 5494 regere
3255 5439 3427 5479 omnes
3469 5436 3646 5497 gentes

2040 5510 2091 5563 in
2112 5512 2258 5582 virga
2277 5511 2463 5580 ferrea.
2491 5511 2651 5584 Virga
2674 5513 2868 5582 ferrea,
2894 5514 3102 5585 gladius
3121 5525 3206 5572 est
3225 5520 3639 5587 persecutionis.

1685 5645 2251 5704 COMMENTARIUS.

408 5789 485 5858 tl)
511 5787 873 5857 l’rwposterat.
905 5783 1004 5838 Pro
1027 5791 1360 5854 praepostero
1378 5785 1569 5858 ordine
1592 5785 1776 5852 utitur,
1797 5803 1919 5857 pro-

334 5856 506 5934 prtam
533 5858 743 5918 illorum
777 5866 1105 5928 temporum,
1141 5865 1195 5912 et
1232 5870 1344 5912 suae
1372 5856 1602 5914 fortasse
1630 5856 1919 5915 etiamna~

2035 5788 2194 5845 tionis
2220 5806 2374 5847 usum
2409 5792 2663 5864 laquendi
2686 5806 2924 5852 secutus.
