3918 6354
230 385 334 443 εει

1394 388 1460 444 ΙΝ
1499 386 1979 446 ΑΡοεΑιιιΡειΝ
2017 388 2079 445 Β.
2119 389 2423 447 JOANNIS.

3457 394 3561 449 358

314 499 502 559 Omnes
526 504 637 559 uidi
682 505 963 561 recessisse
988 504 1051 560 de
1085 504 1211 559 locis
1251 506 1377 560 suis.
1412 502 1526 561 Hoc
1566 513 1673 572 est,
1719 503 1847 560 boni
1874 505 1929 567 Α
1955 506 2139 575 perdo.
2166 506 2414 576 Regnum
2446 503 2591 560 illius
2632 504 2892 574 temporis
2935 502 3287 572 Antichristi,
3320 519 3443 561 cum
3475 524 3566 562 va-

245 596 604 653 movebuulur
629 597 1072 668 persecutionem
1099 596 1384 669 fugientes.

326 687 390 745 Et
418 689 555 758 ﬁlius
583 699 772 760 raptus
799 699 877 744 est
921 689 988 744 ad
1024 687 1191 743 Deum
1229 698 1276 743 et
1316 688 1385 742 ad
1431 688 1675 743 thronum
1719 689 1852 756 eius.

247 784 480 855 Raptum
518 782 587 839 ad
611 784 812 839 solium
856 783 951 838 Dei
973 792 1028 838 et
1054 798 1151 839 nos
1178 782 1407 853 legimus
1447 784 1500 836 in
1544 784 1694 837 Actis
1719 797 1855 852 apo-

245 879 540 944 stolorum,
601 878 1065 949 quemadmodum
1117 879 1344 950 loquens
1396 893 1519 933 cum
1573 877 1854 950 discipulis

243 981 433 1043 raptus
459 979 543 1027 est
568 972 620 1026 in
651 971 846 1027 cmlos.

322 1064 374 1120 6.
420 1063 611 1119 Mulier
632 1075 806 1119 autem
842 1066 974 1136 fugit
998 1065 1051 1119 in
1086 1064 1449 1130 solitudinem;
1476 1074 1525 1119 et
1558 1064 1696 1119 datis
1732 1072 1853 1119 sunt

244 1160 329 1215 illi
358 1159 477 1215 dure
504 1160 605 1214 alae
632 1160 822 1230 aquila
845 1175 1063 1231 magne.
1101 1159 1371 1214 Auxilium
1401 1159 1610 1214 alarum
1643 1173 1852 1229 magum

242 1254 464 1326 aquilae,
492 1253 694 1311 donum
723 1255 931 1311 scilicet
952 1255 1357 1327 prophetarum.
1383 1256 1681 1313 Ecclesiam
1705 1257 1851 1312 illam

239 1348 565 1405 catholicam
596 1365 665 1404 ex
700 1364 805 1420 qua
852 1349 903 1403 in
949 1350 1246 1405 novissimo
1294 1358 1541 1423 tempore
1575 1350 1849 1406 creditura

238 1450 371 1497 sunt
396 1452 613 1499 centum
645 1442 998 1514 quadraginta
1020 1452 1253 1513 quatuor
1275 1442 1442 1498 millia
1472 1441 1756 1498 hominum
1782 1443 1851 1498 ad

239 1538 683 1608 praedicationem
707 1537 875 1602 Elite;
904 1538 997 1593 sed
1022 1547 1074 1593 et
1095 1546 1351 1593 caeterum
1375 1538 1635 1608 p0pulum
1663 1538 1850 1592 vivum

235 1629 473 1686 inveniri
514 1631 566 1686 in
608 1630 846 1686 adventu
891 1630 1125 1695 Domini,
1156 1630 1281 1686 heic
1306 1630 1457 1686 dicit.
1487 1631 1557 1686 Et
1591 1631 1851 1688 Dominus

233 1722 292 1779 in
326 1723 621 1793 Evangelia
645 1724 719 1779 ait
749 1743 763 1779 :
794 1724 937 1779 Tunc
967 1727 1055 1794 qui
1081 1725 1136 1778 in
1160 1722 1351 1778 Iudaea
1382 1735 1535 1791 sunt,
1567 1727 1770 1797 fugiant
1796 1728 1855 1781 in

236 1827 432 1874 montes
474 1817 655 1891 (Luc.,
692 1834 804 1882 ιιι,
849 1817 948 1888 21)
984 1836 997 1871 :
1028 1816 1083 1873 id
1112 1827 1233 1883 est,
1281 1826 1548 1887 quotquot
1577 1817 1630 1873 in
1658 1817 1850 1873 Iudaaa

1961 601 2154 656 rietate
2178 601 2420 671 gentium
2448 609 2501 656 et
2530 598 2785 671 populum
2808 600 3180 666 commixtum,
3206 600 3484 671 significat.

2031 693 2087 748 2.
2127 691 2293 749 Pedes
2323 695 2434 763 ejus
2466 704 2727 764 tamquam
2751 694 2878 748 ursi.
2908 692 3088 748 Fortis
3118 703 3173 748 et
3201 696 3566 765 spurcissimtc

1958 787 2146 844 bestia:
2174 805 2187 840 :
2223 787 2407 856 pedes,
2442 787 2611 843 duces
2636 787 2755 859 ejus
2782 787 3290 858 intelligendi~sunt.

2032 879 2099 934 Et
2136 897 2192 935 os
2217 881 2328 950 ejus
2357 889 2616 950 tamquam
2646 881 2861 934 leonem.
2908 879 2961 935 Id
3009 892 3121 947 εει,
3148 881 3214 935 ad
3243 881 3562 953 sanguinem

1958 982 2225 1028 armatum
2255 988 2318 1029 os
2354 973 2505 1044 ejus,
2529 962 2707 1044 jussio
2740 973 2887 1028 illius
2913 982 3028 1039 est,
3060 984 3113 1028 et
3143 974 3321 1045 lingua
3351 990 3472 1045 quae
3500 974 3568 1029 ad

1958 1067 2185 1121 nihilum
2220 1066 2366 1121 aliud
2407 1080 2724 1137 processura
2755 1073 2841 1122 est
2860 1107 2877 1134 ,
2906 1065 3010 1122 nisi
3035 1065 3103 1120 ad
3132 1068 3453 1136 sanguinem
3482 1066 3567 1123 ef-

1959 1156 2314 1214 fundendum.

2029 1266 2161 1319 xvu,
2200 1250 2254 1304 9.
2289 1249 2498 1322 Septem
2542 1244 2711 1322 capita
2756 1248 2949 1322 sdptem
2989 1261 3185 1306 montes
3221 1263 3338 1306 sunt
3374 1250 3477 1325 (1),
3514 1253 3567 1306 in

1956 1341 2139 1413 quibus
2168 1343 2353 1397 mulier
2373 1343 2532 1397 sedet.
2562 1341 2618 1397 Id
2649 1350 2753 1407 est,
2780 1343 2991 1398 civitas
3012 1343 3277 1399 ROtnana.

2032 1434 2120 1490 10.
2156 1433 2225 1487 Et
2257 1451 2401 1507 reges
2434 1448 2628 1505 septem
2661 1444 2778 1490 sunt
2801 1451 2819 1490 :
2842 1436 3064 1508 quinque
3096 1437 3410 1499 ceciderunt.
3434 1454 3569 1494 unus

1956 1538 2065 1593 est,
2095 1539 2144 1583 et
2172 1530 2307 1585 alius
2343 1530 2574 1584 nondum
2614 1532 2780 1594 venit;
2802 1542 2848 1584 et
2878 1547 2994 1585 cum
3024 1533 3241 1599 venerit,
3272 1533 3407 1587 brevi
3436 1543 3569 1587 tem-

1958 1640 2083 1693 pore
2134 1625 2230 1679 erit
2279 1622 2380 1696 (2).
2420 1625 2650 1701 Intelligi
2689 1633 2907 1695 oportet
2947 1634 3162 1695 tempus
3208 1642 3315 1696 quo
3365 1628 3568 1695 scripta

1959 1719 2312 1790 Apocalypsis
2341 1718 2485 1774 edita
2509 1728 2594 1774 est
2624 1737 2637 1773 :
2669 1721 2925 1791 quoniam
2952 1729 3081 1775 tunc
3106 1730 3224 1776 erat
3251 1721 3431 1776 Caesar
3457 1720 3566 1775 Do-

1958 1811 2251 1875 mitianus;
2284 1823 2412 1867 ante
2443 1812 2592 1867 illum
2624 1823 2805 1868 autem
2835 1813 3008 1869 fuerat
3032 1814 3185 1869 Titus
3214 1812 3380 1869 frater
3401 1815 3569 1879 illius,

237 1911 441 1967 fuerint
469 1910 717 1977 collecti,
751 1920 879 1966 eant
913 1912 981 1965 ad
1015 1910 1166 1965 illum
1198 1910 1378 1966 locum
1407 1924 1566 1980 quem
1597 1920 1847 1982 paratum
1879 1904 1927 1963 B
1955 1916 2010 1961 et
2046 1904 2439 1974 Vespasianus,
2478 1905 2651 1972 Otho,
2691 1905 2943 1962 Vitellius
2980 1916 3036 1963 et
3072 1906 3261 1963 Galba.
3310 1906 3402 1962 Isti
3441 1921 3570 1963 sunt

233 2004 464 2069 habent,
493 2014 548 2060 et
577 2004 885 2060 nutriantur
927 2003 997 2059 ibi
1042 2003 1330 2059 triennium
1356 2012 1411 2058 et
1437 2017 1657 2059 menses
1694 2018 1789 2058 sex
1815 2020 1844 2058 a

236 2098 375 2154 facie
400 2098 622 2153 diaboli.

306 2193 395 2247 u.
423 2192 537 2247 Alte
561 2192 680 2247 dare
706 2208 931 2265 magnis.
966 2192 1085 2247 Duo
1110 2201 1238 2247 sunt
1262 2193 1543 2265 prophetae
1565 2237 1579 2261 ,
1608 2192 1757 2252 Elias
1790 2204 1845 2251 et

237 2288 326 2358 qui
356 2302 480 2343 cum
509 2289 600 2342 illo
626 2288 783 2343 fuerit
812 2287 1094 2360 propheta.

302 2380 391 2435 15.
418 2379 488 2435 Et
503 2382 671 2435 emisit
692 2398 899 2451 serpens
919 2398 984 2437 ex
1003 2398 1092 2437 ore
1112 2399 1205 2438 suo
1233 2394 1347 2454 post
1368 2385 1634 2440 mulierem
1654 2402 1841 2459 aquam

230 2478 365 2531 velut
389 2478 605 2547 ﬂumen,
631 2487 685 2531 ut
712 2494 826 2531 eam
852 2494 909 2532 eo
936 2479 1151 2547 ﬂumine
1169 2479 1414 2548 auferret.
1440 2481 1649 2551 Aquam
1676 2496 1838 2551 quam

236 2569 416 2625 emisit
439 2570 508 2625 de
534 2585 633 2625 ore
677 2584 777 2625 suo
815 2586 1075 2641 serpens,
1113 2571 1267 2642 jussu
1312 2585 1412 2628 suo
1440 2572 1701 2643 populum
1750 2576 1838 2645 qui

238 2672 592 2735 persequatur
618 2678 761 2732 eam,
793 2664 1075 2733 signiﬁcat.

300 2754 391 2812 16.
426 2756 495 2811 Et
535 2757 735 2824 adjuvit
765 2757 1024 2813 mulierem
1053 2765 1211 2823 terra,
1256 2767 1304 2812 et
1344 2761 1549 2828 aperuit
1578 2777 1634 2815 os
1660 2778 1834 2829 suum,

231 2859 280 2905 et
305 2848 566 2904 absorbuit
586 2850 720 2904 illud
738 2853 932 2921 flumen
960 2853 1099 2923 quod
1135 2854 1291 2907 draco
1322 2855 1488 2907 emisit
1515 2872 1578 2909 ea:
1603 2872 1693 2910 ore
1719 2872 1833 2911 suo.

232 2944 525 3013 Aperuisse
554 2957 615 2999 os
641 2960 798 3000 suum
832 2956 1054 3012 terram,
1087 2958 1141 3002 et
1171 2949 1466 3005 devorasse
1492 2966 1683 3020 aquas,
1711 2953 1833 3006 viu-

223 3034 421 3097 dictam
456 3036 525 3093 de
565 3040 921 3109 prtesentibus
962 3041 1293 3097 manifestat.
1331 3043 1480 3099 Hanc
1514 3046 1677 3115 igitur
1708 3048 1837 3102 licet

225 3130 611 3197 parturientem
635 3130 919 3200 significet,
953 3142 1135 3199 postea
1169 3145 1323 3204 partu
1355 3136 1503 3191 edito
1536 3136 1833 3208 fugientem

222 3220 487 3285 ostendit;
516 3222 641 3291 quia
673 3237 779 3278 non
809 3239 917 3278 uno
947 3234 1191 3297 tempore
1223 3238 1453 3300 utraque
1479 3242 1606 3285 sunt
1637 3230 1780 3288 facta
1815 3249 1829 3286 :

1953 2000 2191 2070 quinque
2218 2001 2305 2067 qui
2338 2000 2673 2056 ceciderunt.
2705 1999 2850 2057 Unus
2879 2010 3074 2067 exstat,
3097 2002 3201 2057 sub
3226 2017 3336 2072 quo
3362 2004 3561 2073 scripta

1952 2104 2033 2147 est
2063 2092 2453 2164 Apocalypsis,
2488 2092 2824 2147 Domitianus
2866 2094 3092 2149 scilicet.
3142 2095 3289 2150 Alius
3328 2096 3556 2150 nondum

1949 2188 2114 2250 venit,
2137 2185 2368 2242 Nervam
2394 2186 2527 2241 dicit
2550 2205 2564 2240 :
2590 2198 2637 2242 et
2664 2204 2781 2241 enm
2804 2189 3015 2256 venerit,
3039 2187 3176 2243 brevi
3200 2198 3425 2259 tempore
3445 2192 3562 2254 erit,

1948 2280 2228 2336 biennium
2257 2281 2401 2335 enim
2435 2296 2544 2335 non
2576 2281 2848 2351 implevit.

2027 2374 2114 2427 11.
2153 2371 2221 2426 Et
2250 2372 2407 2427 bestia
2436 2390 2591 2444 quam
2621 2375 2795 2429 vidisti
2816 2416 2832 2442 ,
2862 2376 2924 2431 de
2951 2386 3141 2447 septem
3169 2388 3261 2432 est.
3294 2378 3561 2447 Quoniam

1946 2476 2072 2521 ante
2100 2466 2232 2520 istos
2262 2482 2449 2537 reges,
2482 2466 2623 2523 Nero
2653 2471 2919 2539 regnavit.

2020 2558 2092 2613 Et
2128 2572 2305 2614 octava
2336 2570 2428 2614 est.
2463 2560 2553 2615 Ait
2580 2561 2741 2617 modo
2774 2561 2893 2635 (3):
2928 2578 3051 2618 cum
3100 2564 3188 2618 illa
3234 2563 3559 2630 advenerit,

1945 2662 2199 2723 computa
2238 2654 2417 2709 locum
2459 2665 2709 2710 octavum
2733 2698 2747 2722 ,
2776 2658 3030 2727 quoniam
3073 2658 3126 2713 in
3172 2657 3266 2714 illo
3305 2669 3391 2716 est
3427 2674 3560 2717 con—

1944 2747 2236 2801 summatio
2252 2789 2267 2811 ,
2307 2746 2529 2817 adjecit.

2015 2838 2086 2893 Et
2111 2841 2164 2893 in
2191 2840 2454 2893 interitum
2480 2842 2650 2895 vadet.
2675 2840 2809 2896 Nam
2848 2841 3037 2897 decem
3077 2842 3255 2914 Reges
3278 2845 3558 2915 accepisse

1942 2934 2183 3004 regalem
2229 2944 2589 3002 potestatem,
2632 2949 2753 2988 cum
2806 2935 2897 2989 ille
2940 2937 3169 2990 moverit
3197 2937 3265 2991 ab
3285 2935 3544 3002 Oriente,

1936 3026 2040 3079 ait:
2070 3025 2309 3080 Mittetur
2335 3025 2404 3080 ab
2436 3027 2568 3080 urbe
2596 3026 2765 3079 Roma
2797 3043 2919 3081 cum
2952 3029 3285 3085 exercitibus
3313 3032 3447 3085 suis.
3482 3030 3556 3087 Et

1939 3132 2139 3172 cornua
2169 3115 2358 3171 decem
2396 3127 2452 3171 et
2489 3117 2679 3173 decem
2716 3118 3019 3173 diademata
3060 3120 3255 3176 Daniel
3294 3122 3551 3179 ostendit.

1941 3208 2008 3263 Et
2047 3209 2149 3263 tria
2194 3207 2458 3263 eradicari
2500 3208 2568 3263 de
2611 3209 2909 3279 prioribus,
2944 3210 3047 3265 hoc
3083 3222 3199 3275 est,
3232 3223 3344 3269 tres
3388 3213 3556 3271 duces

221 3312 469 3368 Christus
487 3314 631 3369 enim
672 3316 814 3385 quod
856 3325 1013 3372 "ams
1040 3329 1125 3374 es,
1166 3319 1401 3387 scimus;
1448 3324 1543 3378 sed
1575 3332 1822 3395 tempora
1848 3307 1893 3369 C
1928 3301 2231 3395 primarius
2264 3300 2334 3355 ab
2372 3301 2713 3357 Antichristo
2759 3301 3008 3358 interﬁci.
3061 3300 3303 3361 Caeteros
3345 3314 3555 3378 septem

223 3401 623 3473 futercessisse,
651 3417 711 3463 ut
744 3409 833 3465 illa
856 3408 1098 3481 aufugiat
1120 3427 1148 3465 a
1177 3410 1317 3469 facie
1339 3418 1635 3486 serpentis,
1660 3418 1840 3474 adhuc

248 3510 427 3555 actum
453 3518 559 3557 non
588 3517 729 3559 esse.
766 3504 972 3560 Deinde
995 3506 1072 3561 ait
1101 3525 1114 3561 :

291 3595 341 3646 7-
352 3594 407 3649 9.
428 3592 646 3650 Factum
660 3607 733 3650 est
749 3597 985 3667 praelium
998 3600 1051 3652 in
1066 3599 1191 3654 calo
1208 3601 1467 3657 :blichael
1481 3616 1528 3659 et
1544 3606 1716 3677 angeli
1726 3608 1839 3677 ejus

224 3690 519 3758 pugnabant
547 3706 665 3743 cum
693 3692 927 3760 dracone,
955 3703 999 3747 et
1013 3692 1171 3748 draco
1194 3694 1460 3761 proeliatus
1490 3709 1563 3753 est
1583 3710 1630 3753 et
1664 3703 1838 3771 angeli

220 3786 330 3853 ejus
348 3800 368 3838 :
387 3792 436 3839 et
462 3801 563 3840 non
582 3787 871 3851 valuerunt,
900 3805 992 3843 nec
1013 3792 1244 3844 inventus
1260 3791 1401 3846 locus
1417 3809 1588 3847 eorum
1610 3796 1836 3865 amplius

218 3881 269 3932 in
292 3876 435 3931 creto.
452 3874 521 3931 Et
542 3880 803 3950 projectus
824 3881 1065 3934 estdraco
1096 3884 1183 3936 ille
1211 3900 1675 3956 magnus,serpens
1701 3893 1836 3943 anti-

216 3988 340 4040 quus
355 3988 372 4029 :
390 3973 645 4042 profectus
656 3985 729 4028 est
746 3975 798 4027 in
818 3983 1025 4029 terram.
1044 3975 1158 4031 Hoc
1172 3978 1475 4034 estinitium
1496 3981 1831 4039 Antichristi.

219 4075 339 4119 ante
365 4073 543 4119 tamen
566 4074 781 4136 oportet
808 4067 1103 4136 pra‘dicare
1127 4068 1322 4135 Eliam,
1342 4080 1398 4126 et
1419 4075 1564 4141 pacis
1587 4084 1832 4147 tempora

216 4171 361 4238 esse;
385 4173 449 4211 ac
477 4168 667 4227 postea
690 4162 1083 4216 consummatis
1107 4163 1342 4219 triennio
1361 4178 1415 4220 et
1435 4180 1529 4222 sex
1554 4169 1831 4227 mensibus

217 4246 264 4303 ‘n
290 4250 675 4320 praedicatione
709 4252 869 4317 Elite,
902 4253 1060 4308 etiam
1088 4254 1278 4324 jactari
1318 4274 1439 4314 eum
1469 4260 1536 4315 de
1578 4261 1720 4318 caelo
1742 4263 1831 4318 ubi

218 4343 459 4400 habuerat
477 4354 807 4414 potestatem
821 4346 1149 4404 ascendendi
1168 4366 1337 4421 usque
1354 4352 1420 4406 ad
1438 4353 1569 4408 illud
1595 4364 1825 4427 tempus:

214 4450 261 4491 et
286 4439 509 4509 angelos
548 4438 769 4509 refugas
804 4440 1105 4509 universos,
1136 4443 1215 4497 sic
1239 4455 1296 4498 et
1316 4444 1728 4516 Antichristum,
1759 4451 1830 4507 de

212 4530 412 4587 inferno
426 4532 712 4596 suscitari.
731 4534 925 4588 Paulus
938 4537 1216 4604 apostolus
1230 4538 1307 4593 ait
1322 4556 1334 4594 :
1352 4538 1475 4595 Nisi
1486 4543 1627 4612 prius
1639 4546 1829 4600 venerit

212 4625 463 4691 discessio,
484 4636 535 4680 et
554 4629 859 4697 apparuerit
876 4630 1025 4684 homo
1052 4633 1263 4702 peccati,
1294 4635 1435 4703 ﬁlius
1456 4637 1760 4708 perditionis
1782 4654 1828 4697 et

1945 3395 2076 3449 dare
2106 3393 2180 3448 illi
2220 3393 2484 3450 honorem
2505 3436 2522 3460 ,
2561 3404 2617 3449 et
2660 3395 2979 3463 consilium,
3012 3408 3067 3451 et
3100 3407 3451 3469 potestatem,
3485 3400 3556 3455 de

1944 3488 2137 3560 quibus
2165 3489 2242 3543 ait
2269 3506 2284 3543 :

2016 3581 2104 3637 16.
2137 3580 2213 3635 Hi
2241 3581 2413 3636 odient
2448 3582 2792 3653 meretricem,
2827 3585 3002 3638 urbem
3027 3584 3249 3652 scilicet,
3278 3596 3325 3639 et
3365 3602 3545 3640 carnes

1942 3679 2058 3749 ejus
2092 3678 2387 3732 combureret
2422 3678 2551 3748 igni.
2588 3676 2763 3733 Unum
2802 3687 2980 3734 autem
3010 3678 3077 3733 de
3104 3678 3371 3749 capitibus
3397 3682 3550 3749 quasi

1942 3774 2182 3829 occisum
2214 3772 2267 3826 in
2299 3780 2561 3838 mortem,
2592 3782 2647 3827 et
2670 3772 2879 3843 plagam
2908 3773 3099 3827 mortis
3127 3772 3246 3842 ejus
3277 3782 3543 3840 curatam,

1942 3866 2215 3923 Neronem
2237 3866 2389 3922 dicit.
2416 3864 2640 3921 Constat
2665 3867 2829 3932 enim,
2863 3866 2990 3921 dum
3020 3866 3397 3937 insequeretur
3421 3880 3545 3921 eum

1941 3960 2211 4029 equitatus
2237 3959 2435 4013 missus
2476 3973 2506 4011 a
2544 3968 2766 4025 senatu,
2798 3959 2971 4028 ipsum
3014 3958 3115 4014 sibi
3152 3958 3330 4029 gulam
3371 3960 3542 4013 succi-

1938 4054 2104 4109 disse.
2123 4053 2275 4108 Hunc
2288 4067 2419 4123 ergo
2434 4054 2750 4107 suscitatam
2767 4055 2905 4108 Deus
2918 4054 3092 4108 mittet
3106 4068 3285 4123 regem
3302 4054 3541 4125 dignum,

1937 4146 2031 4202 sed
2054 4145 2271 4216 dignum
2283 4144 2499 4216 qualem
2514 4144 3034 4201 merueruutludrci.
3053 4146 3377 4217 thuoniam
3394 4146 3543 4201 aliud

1937 4253 2131 4293 noluen
2157 4236 2438 4292 habiturus
2463 4250 2580 4305 εει,
2610 4238 2753 4292 aliud
2785 4240 2948 4293 etiam
2979 4240 3319 4294 inStituturus
3341 4282 3354 4304 ,
3380 4247 3436 4293 ut
3460 4240 3540 4294 sic

1935 4349 2057 4389 eum
2091 4343 2362 4405 tamquam
2388 4333 2663 4390 Christum
2693 4336 2967 4406 excipiant
2997 4335 3191 4402 Judtei,
3231 4336 3307 4390 ait
3350 4335 3537 4390 Daniel

1934 4427 2133 4501 (Dan.,
2168 4445 2253 4497 χι,
2278 4427 2380 4500 57)
2401 4472 2415 4495 ,
2440 4430 2721 4486 Desideria
2752 4431 3037 4487 mulierum
3068 4446 3173 4486 non
3210 4441 3541 4502 cognoscet,

1932 4537 2053 4578 cum
2073 4523 2219 4594 prius
2233 4522 2395 4579 fuerit
2417 4524 2835 4595 impurissimus,
2851 4526 3124 4583 etnullum
3142 4526 3307 4581 Deum
3324 4536 3538 4596 patrum

1930 4631 2152 4674 suorum
2184 4628 2492 4689 cognoscet.
2523 4618 2639 4673 Non
2669 4622 2813 4676 euim
2846 4620 3107 4676 seducere
3133 4621 3329 4691 poterit
3365 4636 3539 4691 popu-

211 4724 552 4790 admmhg
590 4724 689 4794 qui
718 4724 984 4780 ,εειευανίι
1009 4743 1164 4798 super
1188 4745 1337 4785 omne
1362 4733 1501 4804 quod
1530 4735 1826 4793 nomine,"
1849 4723 1903 4788 1)
1929 4709 2038 4765 lum
2079 4711 2539 4780 circumcisionis,
2574 4713 2675 4768 nisi
2704 4714 2840 4785 legis
2867 4714 2937 4768 sit
2967 4713 3259 4783 judicator.
3294 4713 3538 4786 Denique

216 4812 368 4883 Deus,
402 4816 663 4885 autquod
691 4818 877 4873 colitur
907 4818 981 4891 (II
1013 4820 1219 4889 Thess.,
1249 4838 1318 4890 ιι,
1350 4825 1405 4891 5,
1437 4827 1489 4881 4.
1513 4824 1558 4898 ).

781 4949 851 4987 ει
888 4949 1084 4991 CAPIT!)
1124 4952 1236 4992 XIII.

1925 4813 1980 4858 et
2009 4816 2229 4859 sanctos
2258 4819 2367 4860 non
2394 4804 2465 4861 ad
2488 4805 2631 4861 idola
2662 4807 2886 4862 colenda
2917 4816 3264 4862 revocaturus
3295 4815 3410 4873 est,
3435 4810 3535 4865 sed

1918 4898 1987 4953 ad
2017 4902 2482 4958 circumcisionem
2512 4903 2932 4975 suscipiendam,
2960 4913 3015 4959 et
3042 4904 3087 4958 si
3129 4892 3263 4973 q'uos
3293 4905 3536 4975 potuerit

1916 4994 2212 5062 seducere;
2251 4997 2323 5052 ita
2370 4998 2513 5053 enim
2561 4998 2722 5054 faciet
2766 4999 2900 5063 sibi,
2946 5008 3001 5053 ut
3048 4997 3295 5053 Christus
3334 4998 3404 5054 ab
3446 4999 3529 5055 eis

280 5071 326 5124 l.
376 5068 443 5126 Et
488 5072 594 5127 vidi
644 5072 709 5126 de
755 5075 887 5129 mari
929 5077 1282 5132 ascendentem
1329 5077 1541 5137 bestiam
1594 5084 1811 5140 similem
1912 5089 2235 5161 appelletur.
2284 5091 2361 5147 De
2401 5090 2616 5149 inferno
2665 5101 2845 5149 autem
2887 5092 2970 5163 (4)
3012 5092 3162 5147 ἰΙΙιιιιι
3208 5105 3525 5162 resurgere.

1581 5218 2144 5285 COMMENTARIUS.

281 5346 593 5426 (I)ASeptem
636 5349 813 5419 capita
841 5357 1030 5418 septem
1060 5360 1410 5426 montessunt.
1448 5352 1562 5410 Hoc
1590 5372 1656 5412 ex
1685 5372 1804 5426 cap.

218 5420 415 5495 "159.
436 5430 706 5495 smnptum
737 5430 843 5487 est,
874 5436 1040 5495 usque
1066 5437 1155 5489 eo,
1185 5422 1273 5478 ubi
1302 5427 1493 5479 iterum
1527 5429 1689 5484 verba
1715 5420 1798 5495 t3,

214 5491 388 5566 capitis
440 5493 619 5566 incipit
669 5494 1041 5563 interpretari.
1069 5509 1189 5549 cum
1236 5495 1345 5563 ait,
1376 5495 1636 5555 Numerus
1672 5491 1807 5556 enim

212 5562 416 5641 flaminis
437 5576 507 5641 est
534 5562 555 5618 ἔ
578 5582 704 5641 quae
743 5566 922 5641 uerba
949 5576 1158 5621 mutare
1186 5562 1453 5623 noluimus
1479 5570 1550 5624 ob
1580 5572 1630 5626 id
1661 5576 1803 5641 quod

213 5633 455 5709 interpres
491 5633 608 5709 ipse
642 5638 783 5694 dicit
828 5636 1086 5706 Spiritum
1136 5651 1381 5695 sanctum
1433 5658 1537 5696 non
1586 5633 1805 5702 servare

211 5706 469 5786 yerborum
487 5706 767 5788 ordinem,
781 5710 883 5788 sed
902 5724 930 5762 a
952 5712 1237 5780 postremis
1261 5712 1525 5769 interdum
1543 5716 1607 5770 ad
1625 5719 1802 5788 .prima

206 5781 576 5854 interpretanda
611 5781 882 5841 transire.

258 5855 329 5935 (2)
368 5860 480 5918 Hoc
498 5870 899 5935 εκνεςιρε-ιικζιι,
923 5865 1199 5935 sumptum
1228 5865 1329 5913 est,
1356 5856 1527 5935 qm"

245 5927 317 6006 (ὅ)
341 5936 429 5994 Ait
456 5934 643 5991 modo.
676 5927 791 5986 Hic
828 5927 975 5985 locus
1004 5927 1091 5986 me
1132 5928 1225 5984 diu
1268 5931 1455 6001 torsit,
1495 5947 1616 5988 cum
1663 5933 1804 5992 foede

1917 5362 1937 5431 (
1959 5363 2010 5415 ni
2038 5362 2225 5437 fallor)
2251 5377 2540 5437 corruptus
2564 5379 2709 5425 esset
2738 5388 2751 5422 :
2782 5385 2905 5425 eum
2932 5380 3109 5426 tamen
3136 5370 3407 5436 corrigere
3431 5386 3523 5427 co-

1914 5446 2070 5505 natus
2120 5452 2274 5501 sum,
2314 5440 2454 5505 quod
2499 5456 2566 5494 an
2633 5452 2954 5497 consecutus
3008 5444 3144 5505 sim,
3200 5443 3522 5498 eruditiores

1913 5504 2163 5582 homines
2185 5504 2526 5577 jttditiabuut.
2554 5510 2612 5566 In
2670 5516 3034 5582 manuscripto
3082 5504 3151 5566 ita
3201 5513 3517 5582 legebatur:

1912 5577 1997 5654 Ait
2019 5580 2312 5654 modorum
2342 5582 2431 5635 ille
2456 5584 2737 5648 advenerit,
2768 5577 3005 5654 amputas
3026 5586 3137 5637 loco
3165 5577 3357 5641 octdvo.
3388 5600 3517 5652 qna—

1910 5649 2047 5701 uiam
2070 5654 2122 5704 in
2144 5650 2235 5705 illa
2258 5663 2329 5707 est
2351 5657 2738 5708 Consummatio.
2767 5649 2968 5709 Octavo
2997 5656 3114 5709 loco
3142 5649 3514 5709 auticltristum

1914 5734 2198 5777 venturum
2227 5724 2383 5787 dicit;
2417 5742 2539 5779 nam
2568 5726 2843 5781 octonario
2872 5741 3096 5781 numero
3129 5725 3382 5793 perfectio
3412 5724 3512 5778 dc-

1909 5792 2169 5861 siguatur,
2199 5810 2320 5849 Cum
2350 5798 2535 5851 mundi
2566 5799 2687 5850 linis
2713 5797 3009 5859 advenerit,
3035 5797 3156 5851 ideo
3180 5795 3319 5849 addit
3349 5814 3359 5847 :
3386 5810 3510 5862 quo-

1911 5864 2050 5918 niam
2079 5868 2132 5919 in
2159 5867 2251 5922 illo
2277 5880 2349 5920 est
2369 5869 2759 5923 consummatio.

1984 5936 2066 6009 (4)
2092 5936 2244 5996 Nunc
2274 5941 2413 5997 redit
2441 5940 2507 5996 ad
2538 5956 2656 6013 cap.
2690 5954 2802 5995 xui.
2832 5938 3003 5996 GALL.
