3918 6360
367 354 471 408 ῖιᾶἧ

1520 349 1608 404 DE
1649 344 1987 405 MAGNETE
2026 343 2483 400 PRESBYTERO

3562 340 3667 397 3M

378 453 568 520 ligatus
607 463 690 506 est
727 453 997 509 diabolus.
1053 452 1152 518 Qui
1183 466 1312 506 vero
1342 451 1483 504 vitiis
1531 460 1587 504 et
1627 447 1966 518 dogmatibus
1994 447 2044 504 Λ
2075 479 2104 516 η
2135 478 2261 519 vera
2291 463 2397 518 ﬁde
2425 463 2643 518 dissolvi
2675 472 2994 532 ροιυειηηης
3029 473 3309 533 propter“
3336 476 3468 516 auro
3509 476 3665 516 mu“,

378 545 756 600 luereticorum
799 545 1036 600 irretitus
1065 554 1182 605 est,
1222 544 1273 596 in
1307 557 1374 597 eo
1413 542 1622 596 solutus
1658 549 1742 594 est
1786 537 1970 593 diabo-

374 637 478 692 lus.
508 637 614 693 Sed
644 639 764 707 quia
793 638 1074 706 completis
1108 636 1250 692 mille
1282 635 1437 690 annis
1462 634 1586 689 dicit
1629 648 1751 687 eum
1797 632 1966 695 solvi,

376 742 431 784 et
471 730 739 797 completo
771 731 1130 801 perfectormu
1176 740 1481 783 sanctorum
1512 741 1736 780 numero
1767 726 1818 779 in
1850 723 1964 793 qui-

368 824 467 879 bus
514 840 745 895 corpore
772 835 827 879 et
851 824 1012 880 corde
1045 824 1364 895 virginitatis
1389 822 1552 877 decus
1579 832 1661 876 est
1685 820 1835 889 regni
1872 819 1967 873 ad-

366 918 617 973 veniendi
650 917 728 989 (ι)
751 917 1097 972 abominandi
1129 917 1395 976 adventu.
1426 914 1577 969 multi
1603 913 1670 968 ab
1691 928 1756 968 eo
1778 927 1965 967 amore

368 1022 710 1068 terrenorum
759 1012 962 1066 seducti
1009 1009 1520 1080 supplantabuntur,
1553 1016 1607 1063 et
1643 1007 1804 1061 simul
1838 1021 1962 1062 cum

363 1120 431 1158 eo
455 1105 671 1174 igneum
710 1104 1086 1174 ingrediantur
1115 1115 1384 1173 stagnum.

435 1198 588 1252 8-10.
628 1197 690 1250 lit
734 1198 1073 1251 ascenderunt
1111 1214 1266 1265 super
1317 1206 1468 1250 terra:
1510 1195 1869 1260 latitudinem,
1913 1205 1961 1248 et

361 1292 627 1344 cinxerunt
677 1301 849 1345 castra
899 1301 1227 1352 sanctorum,
1277 1300 1324 1342 et
1369 1289 1607 1342 dilectam
1659 1289 1955 1341 civitatem:

359 1394 407 1435 at
443 1383 699 1435 descendit
750 1384 884 1453 ignis
937 1384 1000 1436 de
1051 1383 1178 1436 caelo
1215 1399 1247 1434 a
1287 1379 1424 1445 Deo,
1484 1391 1530 1434 et
1585 1380 1804 1433 comedit
1833 1395 1958 1444 eos;

359 1485 408 1526 et
464 1475 699 1528 diabolus
748 1479 834 1544 qui
884 1475 1153 1529 sedacebat
1205 1492 1320 1539 eos,
1377 1475 1560 1528 missus
1619 1483 1692 1526 est
1749 1475 1803 1526 in
1851 1483 1958 1527 sta-

358 1585 514 1637 gnum
541 1570 673 1637 ignis
720 1579 765 1621 et
793 1569 1090 1638 sulphuris,
1121 1568 1207 1622 ubi
1249 1577 1296 1622 el
1338 1568 1494 1621 bestia
1545 1575 1589 1621 et
1633 1567 1955 1637 pseudopro-

356 1661 510 1728 plieta
535 1661 898 1713 cruciabuntur
924 1662 1006 1713 die
1032 1675 1094 1712 ac
1130 1672 1275 1713 nocte
1313 1659 1367 1711 in
1393 1659 1583 1712 saecula
1622 1657 1951 1713 steculomm.

2074 554 2145 608 do
2183 555 2494 620 sociantur,
2535 569 2603 609 ex
2627 554 2822 624 quibus
2867 556 3009 625 regis
3055 555 3232 624 magni
3267 553 3457 610 civitas
3495 553 3663 610 deco-

2073 659 2242 704 ratur.
2275 650 2471 704 Platea:
2513 663 2642 703 vero
2677 663 2867 704 eorum
2897 647 3189 704 ostendunt
3231 647 3393 702 corda
3436 649 3504 704 ab
3545 663 3665 702 om-

2073 744 2229 797 nibus
2255 741 2508 796 mundata
2541 743 2822 809 sordibus,
2855 743 3135 811 perstiicua
3179 741 3297 796 luce
3323 740 3520 812 fulgida
3542 783 3559 808 ,
3607 752 3667 798 ut.

2073 836 2264 890 merito
2304 836 2355 889 in
2411 835 2478 888 iis
2535 835 2840 891 deambulet
2896 835 3174 890 Dominus.
3224 833 3451 888 Flumen
3501 833 3661 901 vitaz,

2071 926 2360 997 Spiritualis
2415 927 2679 983 doctrinae
2749 943 2844 997 per
2897 938 3107 983 utentes
3163 926 3395 981 fidelium
3441 940 3666 982 currere

2069 1019 2328 1088 gratiam,
2371 1030 2426 1075 et
2461 1021 2772 1090 multiplicia
2816 1019 3044 1074 odorum
3068 1020 3403 1091 germinasse
3437 1018 3664 1073 virentia

2067 1110 2294 1164 ostendit
2367 1111 2592 1181 Liguum
2624 1114 2744 1167 vitae
2788 1127 2855 1167 ex
2895 1121 3121 1182 utraque
3161 1113 3312 1183 ripa,
3352 1108 3552 1166 Christi
3579 1127 3666 1168 se-

2064 1201 2300 1256 cundum
2331 1217 2549 1257 carnem
2589 1203 2825 1258 ostendit
2868 1203 3195 1267 adventum;
3238 1204 3329 1273 qui
3357 1206 3425 1258 ab
3446 1217 3557 1258 uno
3597 1203 3663 1258 li-

2064 1309 2169 1362 gno
2213 1294 2389 1348 crucis
2435 1295 2596 1347 vitam
2643 1294 3019 1361 suscipientes,
3066 1293 3291 1363 populos
3339 1293 3478 1348 fame
3533 1308 3667 1348 con-

2063 1394 2305 1454 Sumptus
2365 1384 2511 1439 verbi
2564 1385 2654 1438 Dei
2698 1385 3081 1454 praedicatione
3131 1385 3366 1438 satiavit.
3435 1385 3502 1440 Et
3538 1385 3662 1454 quia

2063 1477 2191 1531 dicit
2223 1479 2274 1531 in
2314 1478 2530 1532 civitate
2572 1478 2743 1532 solem
2789 1493 2896 1532 non
2923 1493 3046 1532 esse
3101 1477 3469 1531 necessarium
3493 1518 3508 1541 ,
3551 1477 3663 1532 evi-

2062 1568 2261 1624 denter
2292 1569 2528 1624 ostendit
2570 1580 2875 1624 creatorem
2911 1571 3092 1624 lumen
3127 1568 3529 1623 immaculatum
3562 1567 3662 1623 ful-

2059 1676 2191 1730 gere
2213 1662 2264 1715 in
2291 1650 2473 1716 medio
2499 1661 2618 1731 ejus
2637 1704 2652 1728 ,
2680 1661 2836 1731 cujus
2857 1661 3202 1730 splendorem
3227 1660 3407 1716 nullus
3427 1661 3664 1732 potuerit

356 1754 470 1809 Iloc
527 1755 636 1824 jam
713 1754 780 1808 ad
833 1754 1096 1828 judicium
1169 1753 1521 1807 novissimum
1587 1753 1856 1823 pertinet,
1909 1765 1964 1810 et
1996 1759 2042 1818 B
2067 1769 2260 1810 sensus
2283 1755 2519 1824 cogitare
2545 1770 2644 1809 nec
2669 1755 2847 1825 lingua
2875 1753 3316 1824 proloqui.Quod
3338 1769 3404 1808 ex
3433 1761 3664 1823 quatuor

350 1861 478 1920 post
522 1852 792 1905 modicum
845 1850 1005 1905 tellus
1049 1849 1258 1905 reddita
1298 1859 1382 1904 est
1414 1858 1637 1914 saneta,
1671 1850 1855 1920 utique
1901 1851 1954 1904 in

351 1958 459 2013 qua
504 1943 707 1998 dudum
737 1946 1059 2013 quieveram
1105 1958 1337 2014 corpora
1380 1942 1619 2013 virginea
1657 1957 1819 1996 :cum
1851 1944 1952 1996 im-

348 2039 564 2092 mortali
607 2054 733 2108 rege
773 2050 1035 2093 aeternum
1069 2039 1368 2108 suscipient
1405 2052 1667 2106 regnum,
1714 2037 1806 2106 qui
1846 2050 1950 2092 non

347 2131 524 2185 solum
557 2146 785 2200 corpore
809 2132 1045 2200 virgines
1066 2173 1080 2196 ,
1117 2131 1212 2186 sed
1243 2141 1297 2185 et
1333 2132 1515 2200 lingua
1542 2141 1595 2184 et
1624 2129 1951 2200 cogitatione

345 2225 551 2295 pariter
595 2225 979 2278 inviolabiliter
1008 2240 1068 2279 se
1113 2240 1140 2276 a
1201 2224 1437 2294 nequitia
1488 2232 1800 2277 tutaverunt
1832 2218 1944 2296 (2),

344 2334 484 2388 quos
549 2318 917 2374 exsultaturos
969 2333 1090 2372 eum
1139 2320 1292 2388 Agno
1344 2319 1682 2374 demonstrat
1738 2331 1950 2387 perma-

347 2429 502 2469 IICI‘C.

783 2501 851 2540 EX
892 2501 1081 2540 CAPITE
1134 2501 1221 2538 XXI
1272 2501 1339 2539 ET
1382 2500 1515 2538 XXII.

423 2596 510 2653 16.
567 2595 632 2650 Et
681 2598 857 2651 civitas
908 2599 962 2652 in
1026 2599 1224 2668 quadra
1273 2597 1440 2667 posita
1490 2606 1583 2652 est.
1661 2596 1948 2651 Civitatem

338 2703 499 2758 quam
541 2689 670 2745 dicit
719 2690 1066 2760 quadratam,
1119 2705 1252 2744 auro
1298 2700 1351 2745 et
1397 2689 1655 2760 pretiosis
1699 2691 1946 2759 resplen-

337 2783 470 2837 dere
501 2783 769 2851 lapidibus
792 2828 807 2848 ,
855 2796 909 2839 et
937 2785 1171 2854 plateam
1210 2793 1448 2838 sanctam
1470 2826 1485 2849 ,
1515 2794 1569 2840 et
1617 2784 1816 2838 flumen
1849 2799 1947 2854 per

350 2874 586 2929 medium
612 2917 626 2937 ,
657 2887 710 2930 et
754 2877 953 2946 lignum
1004 2879 1131 2931 vita}
1154 2892 1218 2930 ex
1267 2885 1492 2947 utraque
1536 2887 1688 2946 parte
1742 2875 1946 2932 faciens

342 2970 555 3024 fruetus
603 2971 891 3025 duodecim
941 2988 1037 3041 per
1082 2971 1369 3026 duodecim
1415 2988 1668 3033 menses.
1719 2981 1775 3026 et
1816 2973 1947 3027 solis

345 3062 526 3117 lumen
572 3063 644 3117 ibi
701 3079 806 3116 non
855 3078 1015 3129 esse,
1067 3067 1191 3133 quia
1237 3066 1420 3135 Agnus
1453 3075 1533 3118 est
1579 3066 1666 3119 lux
1702 3065 1848 3134 ejus;
1894 3074 1948 3118 et

2063 1846 2307 1916 partibus
2352 1855 2534 1915 portas
2562 1844 2691 1900 dicit
2734 1857 2915 1900 ternas
2941 1859 3061 1900 esse
3104 1847 3306 1916 positas
3332 1861 3400 1900 ex
3434 1844 3662 1914 singulis

2060 1941 2408 2010 margaritis,
2458 1949 2687 2010 quatuor
2724 1940 2958 1995 arbitror
2999 1955 3122 1996 esse
3168 1942 3423 2008 virtutes,
3465 1940 3660 1995 videli-

2055 2041 2140 2087 cet
2172 2033 2530 2101 prudentiam,
2576 2032 2961 2098 fortitudinem,
3001 2034 3286 2103 justitiam,
3340 2044 3656 2105 temperan-

2059 2127 2225 2190 tiam,
2280 2141 2398 2197 quae
2464 2127 2691 2180 invicem
2745 2126 2847 2182 sibi
2905 2126 3132 2184 haerent.
3186 2129 3253 2182 Et
3295 2127 3420 2182 dum
3471 2139 3657 2182 mutuo

2058 2221 2394 2286 miscentur,
2442 2219 2830 2275 duodenarium
2865 2219 3105 2276 efﬁciunt
3135 2237 3438 2277 numerum.
3462 2221 3656 2278 Portas

2056 2328 2186 2368 vero
2215 2313 2501 2368 duodecim
2525 2356 2539 2380 ,
2592 2314 2973 2383 Apostolorum
3014 2331 3135 2371 esse
3157 2317 3446 2370 credimus
3467 2332 3654 2373 nume-

2055 2422 2174 2460 rum
2197 2450 2210 2473 ,
2247 2407 2337 2475 qui
2369 2409 2419 2459 iu
2450 2418 2680 2476 quatuor
2724 2408 3009 2463 virtutibus
3039 2419 3096 2463 ut
3140 2411 3390 2479 pretiosa:
3434 2426 3652 2480 marga-

2055 2500 2170 2553 ritzn
2209 2500 2566 2570 fulgentibus,
2598 2502 2736 2555 inter
2779 2513 2996 2556 sanctos
3041 2502 3218 2557 lumen
3247 2503 3511 2557 doctrinae
3539 2518 3652 2558 sua:

2056 2596 2472 2650 manil’estantes
2519 2595 2788 2649 civitatem
2839 2595 3114 2651 C(elestem
3161 2597 3367 2666 ingredi
3409 2596 3646 2664 faciunt;

2058 2700 2114 2744 ut
2168 2691 2235 2746 de
2289 2692 2701 2745 conversatione
2758 2705 2987 2756 eorum,
3057 2691 3370 2761 angelorum
3433 2691 3649 2747 laetetur

2056 2785 2275 2840 chorus.
2323 2783 2439 2839 Non
2485 2800 2642 2854 posse
2680 2795 2857 2840 autem
2886 2786 3060 2840 claudi
3105 2797 3286 2856 portas
3313 2831 3326 2853 ,
3367 2789 3647 2845 evidenter

2056 2877 2354 2932 ostenditur
2383 2877 2528 2930 nulla
2569 2876 3049 2933 contradicentium
3091 2889 3407 2948 tempestate
3436 2890 3647 2950 aposto-

2056 2972 2227 3025 lorum
2276 2970 2577 3026 doctrinam
2628 2974 2862 3041 separari
2928 2988 2956 3025 a
3032 2974 3380 3039 rectitudine,
3433 2975 3642 3031 etiamsi

2057 3065 2248 3119 ﬂuctus
2285 3067 2523 3135 gentium
2546 3107 2559 3129 ,
2593 3074 2649 3119 et
2687 3065 3064 3120 haereticorum
3108 3082 3258 3120 vana:
3307 3068 3641 3136 superstitio-

250 3136 254 3138 ,
336 3165 520 3222 portas
548 3155 666 3225 ejus
697 3155 764 3210 de
788 3156 1012 3225 singulis
1046 3157 1352 3225 margaritis
1372 3197 1389 3222 ,
1424 3166 1606 3211 ternas
1652 3166 1837 3223 portas
1873 3171 1939 3210 ex
1967 3174 2012 3237 ρ
2054 3173 2148 3211 nes
2179 3167 2365 3211 contra
2414 3155 2574 3211 ﬁdem
2602 3172 2788 3211 eorum
2816 3173 2998 3212 veram
3025 3159 3421 3213 insurrexerint
3444 3177 3457 3212 :
3483 3174 3641 3229 supe-

333 3259 566 3318 quatuor
624 3251 901 3318 partibus,
951 3260 1003 3304 et
1052 3250 1224 3303 claudi
1268 3266 1378 3304 non
1419 3265 1600 3319 posse.
1653 3250 1938 3308 Civitatem

333 3343 551 3412 inquam
588 3344 898 3412 quadratam
933 3354 1238 3398 sanctorum
1263 3345 1553 3398 adunatam
1595 3345 1806 3398 turbam
1844 3361 1936 3400 os-

331 3434 547 3498 tendit,
582 3437 634 3490 in
664 3437 855 3505 quibus
887 3439 1033 3491 nullo
1077 3438 1237 3491 modo
1279 3439 1413 3493 ﬁdes
1437 3439 1700 3493 fluctuare
1739 3441 1930 3504 potuit.

328 3524 478 3580 Sicut
508 3527 620 3582 Noe
654 3529 962 3599 praecipitur
1005 3529 1172 3598 (Gen.
1218 3547 1300 3593 γι,
1339 3530 1481 3601 14),
1514 3541 1570 3584 ιιι
1609 3546 1674 3585 ex
1702 3533 1935 3600 quadra-

328 3620 400 3672 tis
429 3620 587 3690 lignis
631 3620 833 3676 faceret
864 3639 1079 3684 arcam,
1115 3640 1232 3690 qum
1262 3624 1445 3678 diluvii
1478 3635 1658 3694 posset
1697 3626 1932 3694 impetus

324 3712 510 3779 ferre,
561 3717 830 3786 pretiosos
875 3717 1082 3786 lapides
1111 3720 1198 3786 qui
1246 3718 1510 3775 ﬂuctuare
1547 3734 1655 3774 non
1700 3730 1932 3790 possunt

328 3809 383 3861 in
419 3809 798 3878 persecutione
826 3820 1042 3864 sanctos
1073 3812 1216 3865 viros
1246 3813 1516 3878 ostendit,
1545 3815 1631 3882 qui
1667 3829 1763 3868 nec
1790 3823 1924 3868 lem-

329 3909 539 3971 pestate
572 3913 979 3973 persecutorum
1030 3907 1274 3969 moveri,
1319 3921 1418 3961 nec
1461 3907 1665 3978 impetu
1725 3908 1917 3976 pluvia:

2045 3253 2180 3316 rati,
2246 3260 2300 3306 ut
2349 3265 2552 3320 spuma:
2597 3251 2981 3314 dissolventur.
3025 3255 3146 3322 quia
3195 3263 3342 3321 petra
3389 3251 3639 3308 Christus

2042 3355 2124 3398 est
2150 3385 2163 3406 ,
2196 3358 2224 3395 a
2276 3357 2382 3413 quo
2411 3353 2464 3396 et
2509 3358 2602 3411 per
2629 3359 2786 3412 quem
2825 3343 3068 3398 Ecclesia
3097 3344 3372 3399 fundatur.
3400 3344 3640 3415 Ideoque

2044 3435 2199 3490 nullis
2245 3435 2496 3490 ﬂuctibus
2558 3436 2938 3490 insanientium
2989 3436 3268 3491 hominum
3323 3446 3633 3508 superatur.

2039 3529 2184 3598 Ergo
2213 3527 2464 3583 audiendi
2497 3543 2602 3582 non
2641 3540 2767 3582 sunt
2805 3529 2895 3597 qui
2937 3529 3083 3583 mille
3117 3545 3380 3584 annorum
3409 3545 3634 3600 regnum

2039 3633 2312 3679 terrenum
2352 3638 2472 3678 esse
2518 3621 2872 3687 corfirmant,
2912 3625 3003 3694 qui
3052 3640 3172 3678 cum
3219 3621 3477 3679 Cerintho
3525 3625 3637 3679 ba:-

2035 3717 2206 3770 retico
2242 3715 2497 3769 sentiunt.
2546 3713 2678 3768 Nam
2708 3731 2932 3785 regnum
2979 3715 3178 3772 Christi
3208 3734 3350 3772 nunc
3381 3729 3463 3772 est
3489 3734 3633 3772 sem-

2032 3812 2300 3880 piternum
2343 3809 2394 3862 in
2442 3809 2680 3874 sanctis,
2729 3825 2852 3865 cum
2897 3809 3056 3864 fuerit
3102 3812 3270 3880 gloria
3297 3821 3419 3882 post
3446 3827 3629 3868 resur-

2026 3904 2322 3960 rectionem
2354 3901 2696 3958 manil‘estata
2731 3913 3064 3958 sanctorum.

1690 4039 2249 4099 COMMENTARIUS.

320 4163 349 4224 a
395 4151 672 4224 preposito
728 4151 917 4224 deduci
970 4153 1233 4219 religione
1295 4157 1652 4224 proltiberer,
1696 4159 1924 4212 libenter

325 4222 395 4273 ita
424 4223 780 4277 restituisseut
808 4223 996 4306 {Mille
1019 4242 1273 4310 annorum
1291 4222 1502 4297 regnum
1533 4230 1753 4282 arbitror
1775 4240 1921 4285 (eter-

321 4307 445 4344 mtm
482 4308 622 4351 esse,
670 4305 760 4346 aut
799 4302 843 4347 si
893 4312 992 4348 non
1026 4302 1098 4349 ita
1143 4302 1463 4353 sentiendum
1493 4311 1600 4361 est.
1635 4310 1737 4356 etc.

2029 4170 2196 4230 quam»
2222 4154 2445 4230 minime
2489 4170 2702 4224 possem
2743 4157 3094 4215 declinarem.
3151 4161 3262 4230 Ego
3303 4165 3353 4216 in
3386 4163 3470 4218 bis
3521 4181 3627 4220 an-

2029 4227 2404 4310 notationibus
2446 4243 2567 4297 qum
2619 4239 2732 4283 tuto
2768 4232 3042 4311 castigare
3088 4227 3271 4311 potui,
3324 4235 3463 4289 bona
3521 4237 3628 4292 fide

2027 4305 2255 4371 praestiti
2289 4314 2314 4371 :7
2346 4312 2523 4367 neque
2547 4315 2695 4371 sum,
2736 4305 2780 4354 si
2807 4305 2928 4369 quis
2955 4305 3265 4371 opinionem
3301 4321 3474 4360 meam
3522 4310 3627 4361 im-

397 4364 480 4444 (1)
529 4365 868 4419 Adveniendi.
928 4366 1175 4433 Venturi,
1224 4387 1321 4426 seu
1367 4372 1693 4437 adveniente,
1726 4374 1918 4444 ορῑηοιι
1943 4371 1995 4433 Ι)
2024 4364 2380 4440 probaverit,
2411 4364 2689 4424 c'ontinuo’
2718 4364 3210 4444 illiﬂ'succensurus
3232 4421 3246 4441 ,
3279 4386 3485 4431 tantum
3529 4381 3625 4434 ille

315 4434 420 4503 legi
472 4447 750 4494 oportere.

373 4504 468 4586 .(2)
500 4505 842 4586 Tutaverunt.
875 4510 1168 4586 Proututati
1211 4525 1330 4586 sunt
1370 4517 1601 4585 positum
1647 4533 1768 4572 esse
1797 4519 1912 4574 exi-

315 4577 502 4630 stimo.
551 4577 661 4632 Nos
715 4596 834 4634 cum
889 4583 1164 4638 meliorem
1214 4577 1500 4642 lectionem
1549 4605 1655 4642 non
1687 4588 1914 4646 habere-

315 4664 436 4730 mus
458 4690 485 4731 ,ο
505 4665 664 4730 quam
710 4653 779 4731 ἰιι⁸
808 4654 981 4731 veteri
1030 4658 1323 4731 exemplari
1361 4659 1694 4723 invenimus,
1749 4663 1910 4717 etiam

310 4725 359 4772 si
417 4725 637 4800 titinime
694 4726 848 4778 nobis
882 4725 988 4800 illa
1038 4728 1388 4796 probaretur,
1449 4733 1803 4800 reliquimus,
1854 4745 1910 4788 ut

310 4789 642 4874 eruditiores
663 4805 755 4848 aut
776 4789 1152 4874 conjecturam
1173 4789 1407 4855 nostram
1442 4789 1746 4874 reciperent
1767 4789 1802 4870 ,’
1817 4815 1911 4861 aut

314 4860 494 4944 locum
521 4862 620 4944 ipsi
643 4880 739 4919 suo
763 4860 984 4922 arbitrio
1010 4870 1340 4944 inquinatum
1363 4860 1710 4944 castiga'rent.
1735 4860 1910 4931 O'bsoé

302 4930 416 4985 Icta
477 4935 640 4988 verba
695 4948 903 4994 mutare
958 4940 1142 5006 nolui,
1202 4954 1258 4996 ut
1328 4946 1396 4997 ab
1434 4930 1656 5016 aniiquo
1720 4930 1908 5004 codice

2020 4443 2298 4515 meliorem
2327 4443 2721 4515 certioremque
2746 4443 2967 4508 afferat;
3006 4456 3170 4515 quam
3215 4457 3418 4504 tantum
3465 4454 3628 4508 abest

2019 4521 2074 4566 ut
2102 4513 2339 4581 rejicizuu
2362 4556 2376 4577 ,
2412 4523 2468 4566 ut
2491 4513 2733 4581 ejusdem
2764 4531 2850 4570 me
2872 4513 3219 4572 defensorem
3261 4521 3360 4572 Sim
3407 4523 3623 4578 sincere

2018 4583 2366 4652 professurus
2399 4603 2411 4637 :
2447 4585 2666 4640 libellus
2686 4596 2836 4641 certe
2883 4589 2954 4642 ita
3010 4590 3149 4644 male
3178 4606 3204 4643 a
3249 4591 3486 4647 librariis
3522 4611 3616 4650 ac-

2015 4667 2205 4734 ceptus
2252 4665 2372 4713 est.
2433 4665 2490 4709 ut
2535 4658 2624 4734 vix
2673 4659 2836 4734 omni
2868 4659 3145 4729 diligentia
3201 4662 3406 4718 restitui
3454 4680 3618 4734 posse

2016 4729 2294 4800 videretur
2329 4743 2340 4780 :
2375 4743 2481 4800 quo
2529 4726 2618 4790 fit.
2668 4741 2724 4782 ut
2769 4726 3266 4800 minus—culpandi
3319 4726 3526 4799 simus,
3570 4741 3617 4794 si

2013 4799 2377 4876 conjecturam
2414 4799 2607 4876 alicubi
2652 4801 2939 4876 maluimus
2991 4799 3144 4874 sequi
3171 4848 3184 4869 ,
3229 4823 3391 4876 quam
3422 4818 3620 4865 conta-

2017 4870 2204 4924 minati
2231 4870 2558 4940 exemplaris
2587 4873 2980 4928 auctoritatem.

334 5049 3610 5102 ___________________________________

716 5129 954 5252 DE
1070 5133 1931 5266 MAGNETE

2043 5147 3194 5281 PRESBYTERO

878 5353 1314 5483 ΝθΤΙΤΙΑ
1395 5359 1939 5495 HISTOBICA

2072 5365 2264 5497 CUM
2350 5372 3003 5519 FRAGMENTO.

1476 5571 1568 5626 EX
1617 5574 1674 5632 Ι).
1721 5575 2009 5634 LUMPER
2054 5580 2444 5637 DESUMPTA.

822 5701 1111 5744 Αιτιουιῠε
1153 5699 1361 5745 PRIMUS.

799 5776 929 5848 Ejus
962 5777 1088 5834 Vita:
1114 5780 1387 5853 Synopsis.

371 5860 584 5934 Magnes
618 5869 702 5936 qui
741 5880 788 5925 et
829 5869 1089 5928 Macarius
1123 5872 1333 5946 Magnes
1353 5919 1367 5943 ,
1399 5892 1499 5946 quo
1530 5887 1754 5950 tempore
1783 5881 1891 5937 cla-

1992 5696 2114 5750 ruit.
2160 5697 2435 5768 Presbyter
2476 5698 2980 5772 Hierosolymitanus
3021 5706 3180 5777 fuisse
3220 5708 3459 5766 traditur.
3517 5715 3598 5770 An

1993 5791 2147 5844 etiam
2182 5789 2507 5862 Episcopus?
2532 5823 2598 5832 --
2623 5794 2838 5865 Magnes
2856 5837 2870 5858 ,
2902 5796 3015 5852 sive
3043 5797 3315 5867 Magnetes
3335 5844 3349 5866 ,
3384 5806 3466 5858 vel
3500 5820 3599 5877 po-

1997 5885 2103 5939 titts
2142 5884 2404 5942 Macarius
2444 5884 2689 5957 Magnes,
2735 5887 3014 5946 desinente
3055 5891 3259 5950 saeculo
3299 5897 3467 5953 tertio
3521 5901 3596 5955 tio
