3918 6348
206 379 308 433 3:5

1557 375 1829 430 NOTITIA
1870 374 2248 430 HISTOHMZA.

3431 376 3536 431 366

209 494 377 548 ruisse
408 492 792 547 existimatur.
833 493 904 547 lta
936 491 1146 563 quidem
1185 505 1296 563 prae
1329 491 1537 546 caeteris
1579 491 1829 544 doctissi-
1865 490 2054 549 Anius
2095 489 2198 560 (1).
2245 488 2528 561 Complura
2570 507 2700 546 vero
2740 492 3055 548 earumdem
3095 491 3534 564 Apocriticorum

213 601 332 640 mus
353 585 768 653 Tillemontius,
825 587 916 657 qui
967 588 1033 642 de
1079 589 1179 641 isto
1226 586 1476 642 Ecclcsim
1529 586 1822 654 scriptore,

219 679 428 734 obscuri
476 681 719 734 numinis
767 680 923 747 licet,
974 681 1247 750 ipsiusque
1294 681 1593 735 litterarum
1635 694 1825 734 monu-

221 774 412 829 mentis
447 775 581 827 satis
619 775 911 844 diligenter
944 773 1190 827 edisserit
1225 771 1329 846 (1).
1375 772 1692 828 Gniliclmus
1732 787 1827 825 au-

223 876 326 922 tem
381 864 596 922 Civeus
650 884 756 921 non
815 868 986 921 solum
1041 867 1274 920 auctoris
1328 875 1539 921 :ctatem
1598 865 1826 919 antehac

225 962 614 1031 incompertam
641 1005 657 1029 ,
691 960 788 1016 sed
816 977 922 1031 quo
951 961 1110 1015 etiam
1157 961 1470 1016 charactere
1509 960 1670 1014 fuerit
1700 959 1827 1014 insi-

225 1054 484 1124 signitus,
533 1054 803 1123 expiscari
854 1054 955 1108 sibi
1000 1053 1213 1108 demum
1263 1053 1476 1109 licuisse
1523 1056 1823 1123 profitetur.

228 1148 314 1201 Sic
343 1147 489 1201 enim
523 1147 613 1201 ille
643 1145 753 1217 (9.):
787 1145 1084 1200 Germanus
1115 1144 1415 1215 patriarcha
1454 1147 1823 1202 Constantino-

228 1241 497 1310 politanus
528 1240 582 1294 in
619 1240 931 1309 Dogmatico
968 1239 1033 1292 ad
1079 1238 1390 1293 Anthimum
1431 1256 1532 1293 ms.
1576 1245 1713 1308 apud
1753 1240 1824 1295 cl.

227 1333 450 1386 Galcuin
474 1375 490 1395 ,
524 1331 613 1385 ubi
645 1331 712 1386 de
742 1331 951 1400 synodo
989 1332 1302 1387 antiocheua
1339 1333 1593 1388 adversus
1635 1331 1826 1388 Samo-

227 1437 472 1480 satenum
516 1426 661 1495 agit,
706 1425 820 1480 haec
861 1425 1042 1482 habet.
1086 1425 1408 1492 lntererant,
1451 1426 1652 1496 inquit,
1695 1424 1828 1480 Con-

226 1523 346 1575 cilio
368 1520 712 1576 Autioclieno
733 1530 918 1576 contra
948 1521 1164 1575 Paulum
1193 1521 1598 1577 Samosatenum
1621 1518 1826 1589 Gri-go-

225 1615 338 1668 rius
367 1613 801 1685 Thaumaturgus
825 1658 840 1678 ,
873 1614 975 1669 Leo
1005 1613 1271 1669 Tarsensis
1302 1613 1620 1684 (legendum
1648 1613 1828 1682 judice

226 1705 404 1762 Cavea
431 1711 607 1770 Eis-ao;
635 1725 732 1778 pro
761 1723 931 1773 Λεων,
965 1710 1064 1764 levi
1096 1708 1414 1772 mutatione,
1450 1709 1494 1762 is
1531 1708 1674 1763 enim
1713 1718 1830 1762 erat

227 1801 330 1856 hoc
361 1812 606 1872 tempore
636 1804 894 1857 tarsensis
923 1804 1234 1872 episcopus,
1267 1802 1340 1856 uti
1386 1800 1586 1857 diserte
1631 1801 1831 1856 habent

1933 587 2360 656 ἀποσπασμάτια
2377 595 2563 640 extare
2594 597 2889 642 noscuntur
2915 587 2968 640 in
2992 584 3281 656 Nicephori
3305 583 3535 656 patriar-

1931 679 2048 731 clue
2098 677 2658 746 constatttitiopolitani
2708 678 2849 732 libris
2894 678 3250 732 Antirrheticis
3291 675 3534 731 adversus

1933 770 2333 834 lcmiomacltos;
2360 787 2477 839 quae
2510 772 2728 827 ineunte
2757 772 2859 828 hoc
2884 777 3084 828 saeculo
3111 773 3190 827 vir
3216 772 3397 827 clarus
3423 772 3537 827 An-

1931 866 2132 918 selmus
2163 863 2460 918 Bandurius
2488 863 2782 920 monachus
2811 865 3046 937 et-abbas
3065 863 3440 920 benedictintts
3466 878 3535 919 ex

1931 957 2089 1026 regiis
2121 955 2394 1012 codicibus
2433 957 2729 1025 descripta,
2776 956 2891 1012 fere
2929 973 2957 1009 a
2991 971 3051 1012 se
3090 957 3143 1010 in
3175 955 3349 1011 lucem
3380 954 3534 1011 emit-

1930 1050 2090 1104 tenda
2121 1050 2249 1104 viris
2281 1049 2506 1104 eruditis
2550 1059 2829 1120 receperat
2872 1047 2990 1120 (2):
3035 1047 3231 1104 additis
3271 1058 3538 1119 praeterea

1933 1143 2202 1198 nonnullis
2250 1143 2566 1213 fragmentis
2613 1144 2990 1199 commentarii
3033 1143 3274 1212 ejusdem
3321 1142 3540 1199 Macarii

1930 1237 2186 1307 Magnetis
2212 1237 2263 1291 in
2291 1237 2538 1292 Genesiin
2562 1278 2576 1302 ,
2609 1253 2674 1294 ex
2700 1253 2801 1293 ms.
2831 1237 3019 1294 codice
3045 1235 3398 1294 ottoboniano
3428 1235 3529 1293 de-

1932 1331 2182 1400 sumptis.

2001 1425 2226 1493 Jamque
2264 1437 2418 1480 antea
2461 1426 2730 1495 integrum
2791 1424 2987 1480 libruut
3039 1435 3420 1496 excerptorum
3467 1438 3537 1480 ex

1931 1517 2207 1586 scriptoris
2249 1517 2416 1572 nostri
2456 1516 2764 1586 apocriticis
2811 1516 3091 1571 detexerat
3138 1516 3537 1572 eruditissimus

1932 1609 2164 1665 Joannes
2202 1611 2455 1665 Bovinius
2503 1611 2556 1664 in
2595 1610 2880 1680 Nicephori
2924 1608 3302 1666 Antirrheticis
3345 1610 3540 1665 inscri-

1934 1714 2124 1774 ptum:
2171 1704 2234 1758 de
2263 1703 2591 1770 Testimoniis
2631 1703 2850 1758 Macarii
2892 1701 3172 1777 Magnetis,
3217 1703 3292 1760 uti
3320 1704 3550 1776 ipsemet

1935 1807 2161 1852 testatur
2189 1798 2294 1868 (5).

227 1894 516 1955 Eusebius,
541 1894 824 1965 Syncellus
845 1905 899 1949 et
923 1893 1280 1967 Nicepliorus)
1304 1892 1563 1949 Maximus
1589 1893 1829 1948 Bostren-
1861 1895 1907 1954 B
2006 1890 2140 1944 Dum
2185 1905 2313 1944 vero
2357 1891 2423 1944 ah
2472 1889 2552 1944 his
2600 1890 2895 1945 duumviris
2934 1890 3235 1961 evulganda
3277 1887 3544 1959 ejusmodi

226 1988 312 2050 sis,
339 1993 427 2041 καὶ
452 1987 818 2062 Ἰεροσολύμων
844 1989 1040 2061 Μάγνης
1064 2009 1142 2047 τις
1166 1989 1328 2064 ἱερεὺς
1355 1990 1441 2041 καὶ
1467 1996 1556 2048 τῆς
1583 1989 1833 2062 ἡμετέρας

230 2077 595 2138 Καππαδοκίας
622 2080 938 2155 Φιρμὺιανὸς
965 2080 1294 2152 ὁθαμὰσιος.
1318 2078 1658 2144 Tlteotecmts,
1686 2079 1833 2132 ΡΙιο-

227 2174 396 2237 tinus,
441 2169 754 2234 Marcellus,
792 2183 897 2225 etc.
933 2171 1134 2225 Claruit
1187 2173 1346 2242 igitur
1375 2188 1516 2226 anno
1546 2171 1654 2229 9.65
1676 2215 1688 2238 ,
1727 2188 1834 2244 quo

231 2261 410 2318 habita
438 2273 523 2318 est
553 2264 813 2317 adversus
844 2264 1064 2318 Paulum
1097 2264 1395 2319 Antiochia!
1426 2265 1697 2335 synodus;
1730 2265 1835 2320 sal-

231 2367 335 2412 tem
359 2372 506 2411 anno
534 2371 643 2411 uno
670 2357 911 2411 alterove
940 2357 1203 2427 sequenti.
1235 2357 1529 2427 Episcopos
1558 2357 1699 2412 enim
1734 2358 1834 2414 hac

240 2450 525 2504 occasione
556 2453 691 2504 κατά
720 2453 897 2526 καιρὸν
927 2449 1176 2526 διαφόρως
1207 2454 1292 2504 καὶ
1320 2451 1556 2512 πολλάκις
1586 2451 1636 2504 in
1671 2465 1832 2504 unum

224 2543 412 2596 coiisse
453 2540 620 2596 refert
649 2541 918 2596 EuSehius
949 2542 1040 2596 lib.
1076 2559 1178 2608 vn,
1211 2558 1332 2612 cap.
1375 2541 1446 2596 28
1469 2585 1486 2609 ,
1529 2544 1706 2612 quod,
1753 2542 1834 2598 vel

223 2634 289 2689 de
317 2634 546 2688 diversis
568 2634 790 2706 synodis
809 2636 888 2689 vel
913 2634 1216 2689 dediversis
1234 2635 1688 2706 ejusdemsynodi
1710 2652 1828 2691 ses-

224 2727 460 2782 si0nibns
491 2727 893 2796 intelligendum
925 2736 1025 2782 est.
1049 2728 1316 2798 Quidquid
1341 2731 1429 2794 sit,
1480 2730 1564 2784 vix
1614 2730 1682 2785 dc
1725 2730 1829 2785 alia

226 2821 450 2892 synodo,
497 2837 657 2889 quam
704 2838 825 2891 quat
867 2835 1008 2875 anno
1047 2821 1174 2887 265,
1231 2821 1406 2876 habita
1455 2834 1568 2887 est,
1615 2823 1834 2891 intelligi

227 2923 396 2978 potest
436 2912 762 2976 Germanus,
791 2928 911 2967 cum
963 2913 1063 2968 hoc
1107 2914 1320 2969 circiter
1363 2930 1504 2968 anno
1545 2913 1833 2984 Gregorius

225 3003 654 3074 Thaumaturgus
674 3005 874 3060 obiisse
892 3005 1099 3060 dicitur.
1121 3007 1254 3060 Cum
1276 3007 1432 3076 igitur
1449 3008 1700 3063 sacerdos
1721 3007 1833 3062 fue-

224 3098 284 3152 rit
305 3097 817 3169 liierosolymitauus
839 3097 1054 3167 Magnes
1077 3109 1278 3161 noster,
1329 3097 1677 3168 Hymenaeum
1720 3101 1833 3169 epi—

222 3209 439 3264 scopum
457 3209 613 3248 suum
637 3208 703 3248 eo
721 3192 1005 3248 comitatus
1031 3202 1131 3246 est.
1157 3191 1347 3248 Plures
1366 3194 1508 3246 enim
1532 3193 1832 3264 presbyteri

1939 1983 2171 2053 pretiosa
2215 1983 2492 2052 scriptoris
2536 1984 2882 2038 vetustissimi
2934 1993 3282 2038 monumenta
3329 1982 3546 2038 solliciti

1939 2074 2388 2144 exspectabamus
2407 2117 2420 2139 ,
2453 2089 2602 2144 spem
2635 2076 2761 2130 fecit
2789 2075 3045 2144 deinceps
3074 2075 3298 2146 Magnus
3327 2073 3551 2130 Crusius

1939 2167 2019 2239 (4)
2070 2184 2165 2221 nos
2211 2167 2280 2221 ab
2319 2183 2377 2223 se
2429 2166 2645 2222 tandem
2690 2167 2878 2223 eadem
2928 2177 3183 2238 excerpta
3235 2167 3550 2238 propediem

1939 2262 2106 2318 fuisse
2147 2272 2500 2333 accepturos,
2535 2278 2654 2332 qua:
2689 2263 2943 2318 nimirum
2985 2279 3108 2317 cum
3147 2277 3213 2318 eo
3249 2263 3552 2319 communi-

1942 2362 2079 2413 carit
2119 2360 2348 2429 ispemet
2389 2357 2668 2412 Bovinius.
2712 2357 2883 2412 Petita
2926 2366 3053 2412 sunt
3092 2372 3188 2422 ea,
3233 2358 3440 2429 inquit,
3482 2372 3552 2413 ex

1940 2450 2068 2505 libro
2109 2468 2156 2505 tv
2185 2453 2620 2523 Apocriticorum,
2653 2451 2740 2504 ubi
2771 2462 2960 2505 auctor
2984 2451 3051 2505 ad
3081 2452 3364 2508 veritatem
3419 2451 3552 2508 reli-

1937 2541 2114 2611 gionis
2145 2543 2458 2597 christiana:
2497 2543 2877 2598 stabiliendam
2923 2544 3189 2614 imprimis
3219 2545 3328 2615 agit
3358 2554 3546 2600 contra

1939 2650 2172 2706 grzecum
2220 2636 2510 2707 quemdam
2570 2636 2992 2706 philosophum;
3046 2637 3437 2708 spcciatimque
3483 2639 3553 2696 de

1941 2728 2252 2783 monarchia
2283 2727 2463 2784 divina
2483 2771 2498 2796 ,
2521 2731 2879 2799 ejusdemque
2903 2729 3190 2798 majestate
3213 2740 3404 2785 contra
3437 2730 3554 2786 ido-

1938 2822 2208 2876 lolatriam
2255 2824 2532 2891 gentilium
2579 2822 2838 2892 disputat.
2897 2822 3231 2893 Subditque:
3275 2823 3553 2881 Accedent

1939 2911 2065 2967 huic
2115 2915 2266 2980 operi
2319 2915 2480 2969 etiam
2529 2914 2832 2983 fragmenta
2877 2915 3254 2970 commentarii
3304 2917 3550 2988 ejusdem

1938 3003 2159 3059 Macarii
2199 3005 2462 3076 Magnetis
2504 3008 2556 3060 in
2598 3005 2891 3070 Genesim;
2940 3008 2991 3060 in
3033 3008 3228 3078 quibus
3257 3008 3326 3064 de
3358 3010 3548 3067 Adami

1940 3099 2217 3152 creatione
2239 3139 2255 3164 ,
2289 3097 2356 3152 de
2388 3100 2768 3154 benedictione
2793 3100 2900 3155 diei
2931 3100 3175 3169 septimze
3195 3142 3211 3167 ,
3243 3101 3311 3156 de
3342 3102 3550 3172 planta.

1941 3190 2089 3246 tione
2120 3190 2266 3245 horti
2295 3190 2444 3244 Eden
2470 3235 2482 3257 ,
2513 3191 2581 3246 de
2615 3193 2963 3262 impositione
3003 3193 3280 3249 nominum
3323 3196 3549 3266 singulis

221 3287 497 3342 etdiaconi
523 3287 882 3342 huicc0ucilio
905 3285 1274 3342 interfuerunt.
1303 3287 1584 3359 llucusque
1603 3288 1832 3344 Caveus.
1863 3291 1908 3354 C
1943 3279 2236 3339 bestiaruni
2268 3288 2556 3356 generibus
2588 3285 2654 3339 ab
2695 3288 2902 3342 Adamo
2948 3287 3085 3342 facta
3106 3332 3119 3353 ,
3164 3287 3230 3343 de
3274 3290 3546 3360 adjutorio

289 3379 364 3433 De
390 3382 555 3450 ipsius
579 3380 835 3450 Magnetis
857 3380 1140 3434 litterarum
1161 3383 1518 3436 monumentis.
1537 3411 1608 3421 —
1623 3381 1822 3438 Verum

220 3474 280 3528 ad
312 3475 743 3546 presbyteralem
774 3473 1034 3544 Magnetis
1063 3475 1376 3546 dignitatem
1409 3476 1550 3546 quod
1593 3477 1821 3544 attinet,

221 3567 620 3622 observandum
651 3581 772 3620 cum
806 3566 1168 3633 Tillcmontio,
1201 3569 1320 3638 ejus
1352 3584 1546 3623 nomen
1577 3568 1824 3639 Episcopi

223 3661 368 3715 titulo
400 3661 572 3715 fuisse
604 3669 957 3728 prienotatum
996 3662 1317 3739 (ἱεράρχης)
1353 3663 1403 3716 in
1435 3663 1614 3730 operis
1642 3678 1824 3718 exem-

217 3755 344 3824 plari
378 3755 446 3809 ab
479 3770 545 3808 eo
576 3755 772 3809 litteris
799 3756 1096 3825 consignati
1117 3798 1134 3821 ,
1165 3756 1308 3827 quod
1339 3757 1437 3811 sub
1465 3758 1676 3812 initium
1717 3775 1822 3814 sa:-

217 3849 316 3903 culi
343 3849 471 3902 noni
500 3848 600 3902 fuit
623 3847 893 3903 detectum
919 3849 987 3903 ab
1009 3848 1345 3913 orthodoxis,
1372 3850 1464 3918 qui
1490 3865 1610 3905 cum
1637 3851 1823 3908 lcono-

218 3943 415 3998 machis
446 3942 823 3998 decertabant.
857 3942 1051 3997 Narrat
1081 3942 1304 3998 Photius
1336 3942 1446 4016 (5).
1479 3945 1551 3998 uti
1593 3945 1824 4000 advertit

218 4037 540 4108 Lequienius
567 4037 650 4108 (4)
698 4038 836 4090 inter
879 4037 1178 4102 Praasules,
1224 4038 1313 4109 qui
1351 4038 1612 4094 adversus
1653 4038 1822 4112 Chry-

219 4141 513 4185 sostomum
560 4130 613 4182 in
655 4128 877 4202 Synodo
917 4129 982 4184 ad
1014 4130 1283 4198 Quercum
1322 4129 1681 4188 Chalcedonis
1728 4147 1821 4187 su-

219 4224 461 4277 burbium
513 4237 858 4283 convenere,
914 4223 1184 4278 adstitisse
1258 4239 1471 4295 quoque
1526 4223 1821 4281 Macarium

213 4316 490 4388 Magnesiae
518 4359 536 4381 ,
576 4318 693 4371 sive
740 4316 1042 4386 Magnetum
1094 4317 1413 4387 Episcnpum
1445 4362 1470 4395 ,ν
1514 4318 1819 4375 delatorem

215 4411 551 4473 Heraclidm,
611 4427 770 4481 quem
839 4413 1065 4480 ipsemet
1131 4410 1552 4483 Chrysosmmus
1620 4414 1819 4485 Ephesi

219 4503 543 4574 Episcopum
572 4513 872 4557 creaverat.
909 4504 1042 4558 lliuc
1071 4505 1297 4560 fortasse
1326 4506 1436 4560 sive
1469 4506 1678 4572 fraude,
1709 4513 1822 4564 sive

221 4601 514 4670 ignorantia
539 4643 552 4662 ,
585 4598 826 4670 Episcopi
856 4599 1066 4654 titulum
1094 4598 1362 4656 addiderit
1388 4599 1641 4656 librarius
1662 4645 1677 4670 ,
1707 4601 1818 4656 Ma-

221 4697 387 4764 gnetis
419 4695 732 4750 vetustioris
760 4709 895 4764 opus
911 4695 1239 4750 exscribens.

283 4787 425 4843 Libri
473 4804 506 4840 ν
555 4786 966 4856 Responsionum
1008 4788 1250 4843 adversm
1293 4788 1664 4844 Thcosthencm
1699 4790 1815 4845 Da-

215 4881 435 4935 σιαπωί
463 4895 572 4934 avo
601 4879 1108 4934 notissimi.——Utut
1144 4893 1258 4946 est,
1300 4883 1514 4951 scripsit
1555 4883 1818 4940 Macarius

216 4971 428 5043 Magnes
460 4971 626 5025 libros
659 4986 690 5024 ν
713 4971 1070 5047 Ἀποκριτικῶν
1092 5014 1105 5035 ,
1138 4989 1232 5028 seu
1273 4974 1684 5042 responsionum
1719 4976 1814 5031 ad-

217 5079 402 5119 versus
431 5063 840 5120 Theosthcnem
882 5065 1150 5119 ethnicum
1173 5109 1188 5127 ,
1232 5066 1579 5136 Evangelium
1615 5069 1819 5124 calum-

218 5156 474 5212 niantem.
525 5159 701 5227 Atque
745 5156 842 5210 hos
885 5157 1100 5226 quidem
1143 5157 1309 5211 libros
1344 5159 1659 5215 Dauiasceni
1701 5177 1818 5217 :evo

219 5251 377 5308 fuisse
407 5253 720 5306 notissimos
742 5294 755 5316 ,
800 5251 1076 5306 annotavit
1115 5249 1276 5306 modo
1307 5251 1553 5307 laudatus
1583 5252 1818 5324 Lequie-

287 5442 363 5511 (1)
387 5438 722 5511 Tillemont.,
755 5436 1108 5511 Memoir._sett
1139 5436 1279 5493 Hist.
1309 5439 1396 5493 des
1419 5436 1658 5506 Emper.,
1685 5449 1814 5496 tom.

223 5509 304 5575 iv,‘
319 5526 431 5582 pag.
458 5510 656 5566 508-’51
676 5511 721 5574 l,
747 5511 881 5582 dans
906 5509 1075 5566 laWie
1095 5512 1162 5566 de
1182 5511 1498 5566 Constantio
1529 5513 1576 5566 le
1597 5511 1777 5566 Grand
1799 5556 1814 5580 ,

223 5585 363 5635 artic.
395 5581 558 5646 scut,
592 5583 727 5637 cdit.
766 5581 1021 5645 Bruxell.,
1052 5598 1174 5654 pag.
1207 5584 1306 5638 127
1334 5594 1387 5638 et
1414 5597 1566 5654 seqq.

288 5655 363 5721 (2)
391 5655 551 5718 Cave,
582 5654 719 5710 (list.
749 5656 992 5713 litterar..
1015 5657 1082 5708 ad
1105 5672 1195 5709 an.
1219 5655 1342 5720 265,
1379 5667 1506 5710 tom.
1532 5672 1580 5718 ι,
1606 5670 1657 5724 p.
1688 5655 1810 5711 156.

288 5726 363 5794 (3)
393 5726 541 5782 Phot.
577 5726 715 5782 Bibl.
751 5725 884 5781 Cod.
918 5741 1022 5780 th.

289 5798 642 5869 (5)1.equien.
672 5797 770 5854 0r.
803 5798 1001 5869 Christ.
1031 5809 1161 5852 tom.
1190 5814 1256 5862 tt,
1293 5815 1409 5869 pag.
1440 5799 1566 5853 698.
1594 5797 1673 5852 Ne
1699 5813 1818 5852 ver-

230 5871 390 5925 hulum
417 5868 516 5930 hoc
545 5875 598 5928 in
635 5875 763 5927 loco
792 5871 862 5925 de
891 5868 1135 5940 Magnete
1164 5868 1434 5930 tit-currit.
1467 5871 1598 5927 falsa
1631 5871 1816 5926 citalio

225 5940 476 6003 (lallandii.
508 5945 620 6004 Sed
653 5944 778 5999 haec
809 5941 1072 5998 habentur
1102 5943 1154 5997 in
1186 5941 1321 5998 Nota
1351 5941 1456 6017 (ὅ).

1931 3378 2150 3433 feminae
2181 3378 2247 3432 ab
2280 3380 2396 3446 ipso
2427 3378 2538 3433 Deo
2570 3380 2850 3445 instituto,
2882 3381 2950 3435 de
2977 3382 3294 3439 seductione
3323 3400 3546 3456 serpen-

1931 3472 2034 3535 tis,
2083 3482 2136 3525 et
2185 3473 2335 3540 lapsu
2386 3475 2681 3542 primorum
2733 3485 3053 3544 parentum,
3095 3488 3150 3532 et
3190 3479 3430 3550 denique
3471 3480 3542 3537 de

1931 3564 2126 3618 tunicis
2161 3563 2400 3633 pelliceis
2428 3579 2454 3616 a
2489 3565 2600 3618 Deo
2633 3565 2940 3621 fabrefactis
2971 3568 3278 3624 disseritur.
3326 3571 3543 3628 Hucus-

1928 3671 2033 3726 que
2060 3656 2131 3710 cl.
2159 3655 2412 3711 Crusius.
2475 3657 2691 3713 Utinam
2726 3675 2856 3714 vero
2897 3661 2981 3717 vel
3025 3663 3296 3734 integrum
3326 3665 3541 3722 Macarii

1929 3750 2191 3821 Magnetis
2221 3751 2658 3820 Apocriticorum
2688 3769 2825 3823 opus
2848 3797 2862 3820 ,
2895 3756 2982 3809 vel
3024 3758 3218 3813 saltem
3260 3759 3404 3816 illius
3443 3775 3543 3816 ex-

1928 3856 2114 3917 cerpta
2133 3888 2146 3911 ,
2173 3847 2378 3902 (iuncis
2399 3846 2689 3918 latiuisque
2715 3848 2911 3904 litteris
2932 3851 3224 3922 aliquando
3252 3856 3540 3924 prodeant.

2001 3939 2370 4012 Fragmentum
2420 3939 2677 4012 Magnetis
2713 3942 2775 3996 de
2808 3941 3136 3998 Eucharistia
3174 3947 3296 4000 olim
3331 3966 3362 4002 a
3407 3948 3542 4003 Tur-

1927 4037 2073 4089 riauo
2107 4036 2298 4089 editum
2328 4053 2359 4089 a
2392 4034 2671 4090 Gullandio
2703 4038 2885 4091 iterum
2915 4039 3226 4110 evulgatum.
3256 4071 3327 4080 -——
3356 4044 3534 4114 Atque

1928 4132 2198 4201 integrum
2231 4145 2364 4184 sane
2396 4130 2524 4184 illud
2558 4144 2694 4199 opus
2721 4145 2832 4200 pra:
2859 4131 3107 4186 manilius
3139 4132 3392 4190 habuisse
3420 4151 3542 4206 per-

1929 4226 2143 4280 hibetur
2172 4224 2493 4280 Franciscus
2520 4223 2820 4280 Turrianus
2844 4243 2856 4280 :
2887 4240 2955 4280 ex
2984 4240 3050 4281 eo
3075 4226 3340 4297 siquidem
3371 4230 3539 4286 multa

1929 4321 2126 4390 passim
2162 4319 2450 4386 delibavit,
2485 4318 2681 4389 quibus
2709 4319 2972 4374 adversus
3003 4332 3295 4376 nevatorcs
3327 4338 3537 4380 summa

1927 4412 2055 4468 ﬁdei
2096 4415 2274 4484 capita
2318 4423 2700 4484 propugnaret.
2745 4414 3024 4483 imprimis
3082 4425 3260 4470 autem
3306 4433 3371 4472 eo
3411 4434 3540 4476 usus

1925 4518 2008 4563 est
2037 4509 2118 4563 vir
2148 4508 2340 4562 doctus
2374 4509 2426 4562 in
2463 4517 2692 4562 tractatu
2724 4508 2786 4560 de
2814 4509 3138 4562 sanctissima
3170 4507 3537 4582 Eucharistia;

1925 4619 2085 4673 quem
2118 4600 2355 4671 vulgavit
2379 4600 2639 4654 adversus
2663 4599 2932 4654 Andream
2960 4599 3226 4656 Volanum
3252 4603 3537 4674 Polonum,

1848 4695 2132 4754 DCalviui
2186 4694 2545 4764 discipulum;
2597 4694 2686 4748 tibi
2734 4694 3220 4752 luculentissimum
3275 4697 3539 4770 Magnetis

1926 4791 2291 4847 testimonium
2337 4787 2544 4859 profert
2585 4788 2653 4842 de
2693 4789 2826 4844 reali
2870 4794 3157 4860 praesentia
3208 4794 3453 4861 corporis
3483 4806 3540 4852 et

1922 4886 2199 4958 sanguinis
2225 4884 2424 4941 Christi
2453 4886 2504 4939 in
2543 4895 2883 4940 sacramento
2905 4885 3266 4942 eucharistico
3289 4887 3493 4946 Altaris
3516 4934 3533 4960 ,

1920 4998 1989 5037 ex
2021 4982 2138 5052 ejus
2169 4981 2307 5035 libro
2335 4995 2391 5034 tu
2423 4980 2856 5048 Apocriticorum
2885 4980 3253 5052 desumptum.

1995 5076 2165 5145 Quem
2196 5073 2410 5144 quidem
2444 5073 2622 5128 locum
2653 5089 2715 5129 ex
2751 5074 2922 5142 prima
2953 5074 3096 5129 illius
3125 5083 3391 5131 tractatus
3422 5080 3535 5133 edi-

1925 5172 2071 5226 tione
2110 5168 2393 5223 ﬂorentina
2435 5182 2578 5222 anno
2611 5167 2752 5224 1575
2784 5167 3116 5239 descriptum
3149 5170 3530 5227 excudendum

1923 5263 2130 5320 curavit
2156 5262 2457 5316 indefessus
2482 5261 2725 5316 Andreas
2752 5261 3068 5318 Gallandius
3098 5266 3149 5318 in
3182 5264 3532 5325 Bibliotheca:

1924 5357 2177 5413 Veterum
2209 5356 2429 5410 Patrum
2477 5365 2624 5409 tomo
2654 5371 2709 5409 tit
2732 5396 2746 5418 ,
2779 5371 2807 5408 a
2862 5371 2980 5426 pag.
3013 5356 3334 5424 541-542,
3362 5368 3416 5413 et
3444 5375 3531 5414 re-

1920 5464 2005 5509 cte
2032 5453 2283 5523 quidem;
2317 5465 2440 5504 nam
2470 5448 2638 5505 editio
2669 5450 2981 5520 parisiensis
3024 5453 3151 5507 anni
3185 5453 3348 5519 1577,
3385 5454 3529 5510 unde

1995 5657 2074 5727 (1)
2103 5655 2258 5727 Tom.
2294 5670 2339 5718 ι,
2376 5667 2495 5727 pag.
2529 5652 2654 5727 27],
2697 5666 2920 5727 operum
2953 5651 3008 5706 S.
3045 5651 3525 5727 DamascenitLe—

1918 5724 2077 5799 quien
2107 5728 2158 5799 in
2188 5726 2306 5779 Not.
2335 5724 2560 5799 adpppﬂ.
2588 5724 2899 5777 Damasceni
2921 5765 2935 5784 ,
2964 5733 3093 5775 tom.
3127 5741 3173 5788 ι,
3192 5725 3483 5799 ρειαί-271.

1993 5800 2070 5866 (‘3)
2106 5798 2339 5856 Fabric.,
2372 5793 2484 5848 Bib.
2520 5794 2708 5866 (ἲν-(ες.)
2739 5803 2868 5866 tom.
2901 5810 2952 5857 v,
2987 5810 3107 5866 pag.
3142 5793 3412 5852 641-683.

1994 5864 2075 5945 (ὅ)
2103 5869 2392 5945 Bovin.,jn
2422 5875 2532 5921 not.
2652 5864 2939 5945 Niceplior.
2970 5864 3284 5945 Gregoram.
3313 5885 3364 5939 p.
3393 5869 3522 5925 794.

1991 5934 2070 6009 (4)
2099 5941 2281 6006 Crus.,
2313 5937 2529 5993 Dissert.
2563 5934 2802 6008 Epistol.,
2837 5935 2864 6007 §
2896 5953 2965 6004 tt,
2998 5934 3117 6010 pag.
3147 5941 3302 5994 8-11.
