3918 6338
211 419 313 475 549

1172 411 1263 468 DE
1302 408 1603 468 ABNOBIO
1641 407 1829 465 AFRO
1869 404 2144 464 NOTlTlA
2181 402 2567 463 HISTORICA.

3450 403 3552 457 350

215 527 432 600 stupida
461 535 659 585 mente
681 526 880 600 nugati
907 535 1052 592 sunt,
1077 523 1172 582 sed
1212 524 1392 596 potius
1415 538 1542 579 vere
1567 537 1764 594 corpus
1785 531 1840 578 et
1865 524 1918 582 Λ
1942 521 2032 592 qui
2061 520 2192 575 illud
2217 520 2421 584 vinum,
2453 519 2912 574 immortalitatem
2954 521 3360 574 intemereratae
3407 517 3550 573 divi-

224 623 443 693 sanguis
472 617 713 677 Christi.
745 640 768 674 s
802 619 986 691 Pergit
1005 617 1177 674 adhuc
1198 614 1594 688 philosophari:
1627 614 1842 684 «Quan-

230 713 522 788 doquidem
555 728 715 780 vero,
758 731 781 766 s
817 711 1013 783 inquit,
1037 724 1232 780 corpus
1257 724 1323 764 ex
1367 718 1508 763 terra
1548 707 1749 772 existit,
1778 722 1841 760 ex

229 818 371 864 terra
386 816 573 862 autem
599 804 766 878 panis
807 813 861 859 et
881 804 1068 858 vinum
1090 818 1106 868 ;
1132 799 1409 873 quomodo
1441 817 1546 854 non
1577 812 1659 854 εει
1701 798 1840 853 alius

231 915 392 956 ausus
420 898 607 955 dicere
638 914 653 951 :
685 896 822 951 Caro
851 913 964 950 mea
1008 911 1119 950 vere
1147 903 1220 948 est
1258 894 1420 959 cibus,
1452 892 1660 963 sanguis
1703 908 1843 944 naeus

231 1010 342 1049 sere
367 1002 441 1048 est
463 1001 618 1062 potus
640 988 852 1062 (Joau.,
881 1004 956 1054 vr,
990 985 1123 1059 56)?
1145 984 1370 1056 Nempe,
1400 985 1522 1056 quia
1551 984 1730 1039 nullus
1757 992 1839 1038 est

239 1095 457 1142 creator
486 1093 671 1148 terrae,
701 1081 807 1136 nisi
831 1080 919 1135 hic
950 1096 962 1133 :
987 1079 1186 1134 nullius
1211 1086 1296 1133 est
1315 1085 1582 1139 creatura,
1603 1075 1705 1128 nisi
1724 1073 1845 1128 Filii

235 1180 350 1236 Dei.
381 1176 597 1233 Idcirco
626 1175 799 1232 dixit:
835 1173 952 1229 Hoc
980 1183 1052 1228 est
1081 1189 1266 1244 corpus
1289 1187 1456 1225 meum
1480 1187 1500 1226 .'
1529 1185 1648 1225 mea
1676 1168 1841 1235 enim,

233 1281 288 1329 et
319 1287 430 1327 non
451 1270 702 1336 alterius,
724 1277 808 1324 est
831 1277 1079 1324 creatura
1105 1275 1285 1322 terrae.
1321 1265 1520 1321 Omnes
1549 1264 1693 1320 enim
1721 1271 1840 1334 post

241 1374 445 1420 terram
468 1363 638 1434 geniti
660 1370 806 1425 sunt,
831 1373 1028 1430 corpus
1045 1375 1073 1412 a
1100 1374 1188 1414 me
1217 1356 1542 1426 accipientes
1564 1373 1579 1422 ;
1601 1370 1700 1425 ego
1720 1369 1846 1409 vero

233 1469 363 1512 ante
405 1466 630 1523 terram,
663 1468 694 1508 a
721 1453 870 1508 nullo
900 1452 1037 1507 hanc
1066 1451 1376 1521 accipiens:
1410 1464 1476 1504 ex
1503 1448 1601 1502 hac
1622 1462 1840 1517 corpus,

241 1549 296 1604 id
323 1560 432 1616 est,
465 1563 536 1603 ex
585 1561 704 1601 mea
730 1555 978 1600 creatura
1008 1543 1212 1614 accepi,
1243 1557 1462 1598 sumens
1489 1555 1727 1596 carnem.
1761 1537 1844 1593 Ex

243 1658 369 1699 meo
418 1642 584 1714 igitur
628 1654 874 1712 pr0pono
898 1639 1053 1694 vobis
1091 1637 1381 1693 charisma.
1411 1634 1490 1690 Ex
1523 1644 1665 1689 terra
1693 1633 1845 1688 vobis

236 1737 392 1809 panis
427 1735 499 1792 ad
525 1734 780 1792 alendum
807 1733 1052 1790 exstitit:
1085 1741 1227 1788 terra
1258 1745 1389 1785 vero
1431 1738 1675 1784 creatura
1725 1741 1844 1782 mea

235 1841 318 1887 est
361 1845 477 1886 :ex
503 1840 645 1884 terra
675 1828 925 1883 similiter
973 1826 1178 1882 exstitit
1222 1837 1440 1894 corpus,
1492 1832 1547 1876 et
1578 1822 1692 1874 haec
1722 1833 1843 1873 mea

236 1937 438 1978 massa.
495 1921 578 1977 Ex
609 1922 808 1977 unione
859 1919 1045 1990 igitur,
1092 1931 1197 1987 qua
1230 1915 1412 1969 unitus
1455 1927 1597 1975 sum,
1628 1919 1845 1966 sanctus

237 2030 357 2070 cum
390 2024 638 2082 terreno,
662 2011 733 2068 do
757 2026 949 2083 panem
978 2019 1034 2065 et
1059 2009 1269 2074 vinum,
1287 2005 1482 2077 iubens
1502 2018 1623 2060 esse
1650 2015 1846 2071 corpus

250 2122 430 2163 meum
463 2115 520 2162 et
558 2101 896 2175 sanguinem.
937 2122 955 2156 ι

304 2199 394 2256 III.
428 2183 678 2254 «Etenim
692 2198 736 2251 si
757 2196 1050 2262 Abraham,
1067 2202 1160 2248 aut
1177 2192 1314 2247 alius
1327 2191 1593 2262 quispiam
1609 2205 1675 2246 ex
1687 2187 1846 2259 justis

236 2306 297 2347 ac
340 2291 547 2347 sanctis
586 2289 856 2345 dixisset:
891 2287 1024 2342 Caro
1053 2302 1166 2340 mea
1231 2295 1302 2338 est
1356 2282 1514 2349 cibus,
1561 2292 1608 2335 et
1634 2280 1845 2352 sanguis

235 2401 374 2440 meus
405 2392 583 2455 potus,
609 2382 766 2437 valde
795 2380 1016 2436 mentiri
1053 2391 1219 2434 ausus
1249 2385 1416 2443 esset,
1448 2386 1539 2431 aut
1583 2375 1630 2430 si
1673 2375 1844 2430 dixis-

237 2489 339 2547 set,
364 2480 467 2534 hoc
492 2488 567 2533 est
588 2493 778 2553 corpus
826 2490 1019 2540 meum,
1061 2474 1143 2528 hic
1173 2482 1247 2528 est
1272 2472 1480 2543 sanguis
1510 2486 1655 2525 uicus
1685 2485 1706 2522 :
1737 2483 1844 2523 non

235 2575 377 2629 enim
411 2571 518 2626 hoc
540 2570 736 2643 ipsius,
760 2567 860 2624 sed
889 2567 1112 2623 alterius
1135 2576 1281 2622 esset
1309 2564 1636 2648 substantia,
1669 2575 1846 2632 neque

235 2663 558 2720 manducata
585 2663 753 2716 vitam
784 2657 1234 2715 manducantibus
1257 2657 1544 2730 praeberet.
1564 2652 1843 2726 Siquidem

236 2757 378 2830 quod
405 2770 515 2813 non
546 2755 712 2811 habet
738 2753 965 2809 verbum
990 2753 1184 2809 vivens
1202 2752 1408 2807 unitum
1437 2766 1561 2806 cum
1594 2763 1845 2820 corpore,

237 2851 375 2925 quod
406 2849 508 2906 fuit
540 2858 849 2912 terrenum,
887 2845 954 2901 ad
983 2855 1242 2902 :eternam
1274 2846 1436 2899 vitam
1486 2843 1711 2900 edentes
1741 2856 1848 2895 non

236 2943 552 3000 adduceret.
582 2941 833 2996 Christus
861 2953 992 3009 ergo
1019 2939 1293 3009 proprium
1323 2951 1522 3005 corpus
1551 2945 1606 2990 et
1633 2933 1852 3004 sangui-

242 3053 362 3094 nem
399 3035 553 3092 dedit
595 3033 971 3100 credentibus,
1000 3032 1246 3089 immisso
1271 3031 1353 3086 eis
1376 3030 1525 3084 vitali
1558 3030 1851 3100 pharmaco

1947 613 2129 668 uitatis
2183 611 2519 681 participanti
2580 611 2822 665 tribntmt
2866 611 3089 671 αὐτόθεν,
3119 608 3173 664 id
3209 618 3315 676 est,
3347 624 3380 664 e
3423 623 3547 678 suo,
3617 671 3620 674 ,

1947 705 2058 758 sive
2082 719 2150 760 ex
2177 718 2236 759 se
2259 703 2423 773 ipsis;
2453 711 2506 758 et
2532 718 2626 773 per
2651 717 2771 757 eam
2798 701 2865 756 ad
2894 702 3230 756 mansionem
3259 702 3550 771 incorrup-

1945 799 2146 854 tibilem
2196 797 2460 852 creatoris
2510 796 2797 852 reducunt.
2848 795 2990 850 Caro
3043 796 3188 849 enim
3247 793 3550 850 Salvatoris

1948 889 2264 944 manducata
2288 903 2394 943 non
2414 889 2778 958 corrumpitur
2803 887 2879 960 (l)
2903 901 3003 941 nec
3029 885 3250 956 sanguis
3281 885 3367 941 hic
3396 894 3550 956 pota-

1950 994 2038 1039 tus
2065 984 2404 1038 consumitur
2433 1001 2447 1037 :
2473 983 2598 1054 quin
2643 982 2818 1052 potius
2844 982 2935 1051 qui
2979 979 3125 1048 edit,
3155 979 3222 1035 ad
3253 980 3552 1035 incremen-

1952 1087 2062 1131 tum
2115 1076 2305 1130 virium
2361 1077 2545 1139 venit;
2588 1073 2676 1145 qui
2730 1087 2860 1128 vero
2905 1073 3101 1136 editur,
3158 1071 3401 1126 consumi
3442 1085 3551 1126 non

1951 1179 2127 1240 potest
2152 1188 2163 1223 :
2197 1170 2321 1240 quia
2359 1169 2537 1224 omnis
2577 1168 2922 1239 consumptio
2951 1164 3163 1222 ratione
3188 1165 3422 1238 quadam
3450 1179 3547 1221 na-

1948 1272 2080 1318 tum
2106 1273 2328 1334 cognata
2351 1273 2453 1319 est.
2491 1281 2510 1314 ο

2024 1357 2139 1412 Hoc
2180 1358 2358 1427 ipsum
2389 1355 2748 1427 fragmentum
2799 1356 3103 1413 indefessus
3127 1365 3182 1411 et
3206 1354 3553 1411 doctissimus

1946 1451 2008 1506 D.
2043 1450 2201 1506 Pater
2233 1449 2545 1505 Dominicus
2579 1449 2948 1506 Schrammius
2979 1450 3030 1504 in
3062 1459 3208 1505 tomo
3252 1465 3303 1504 Vt
3345 1449 3552 1519 Analy-

1949 1546 2022 1601 sis
2057 1559 2284 1615 operum
2330 1545 2429 1600 SS.
2488 1556 2700 1613 patrum
2744 1555 2800 1601 et
2849 1546 3174 1616 scriptorum
3218 1543 3553 1601 ecclesiasti-

1948 1654 2134 1694 eorum
2162 1641 2300 1712 typis
2329 1640 2659 1711 Angustanis
2693 1640 2854 1703 1⁵184,
2881 1657 2910 1695 a
2938 1657 3060 1710 pag.
3085 1639 3358 1706 418-420,
3386 1639 3552 1694 reim-

1951 1732 2110 1804 primi
2143 1733 2388 1812 curavit,
2431 1722 2650 1787 omissis
2691 1742 2870 1787 tamen
2902 1731 3274 1787 Gallandianis
3319 1732 3462 1785 notis
3486 1745 3554 1785 ex

1874 1843 1924 1902 Β
1953 1826 2176 1895 Allatio,
2205 1826 2465 1881 Zacharia
2512 1823 2757 1882 Cretensi
2787 1835 2843 1882 et
2880 1825 3175 1897 chuienio
3198 1825 3552 1896 depromptis.

1951 1917 2222 1975 Caeterum
2253 1920 2550 1988 optandum
2595 1930 2761 1982 esset,
2795 1930 2852 1973 ut
2881 1919 3148 1991 integrum
3195 1919 3414 1975 Macarii
3447 1918 3557 1972 Ma-

1951 2013 2127 2083 gnetis
2157 2012 2566 2084 Apocriticorum
2587 2027 2722 2084 opus
2751 2012 2949 2083 publici
2975 2011 3267 2082 aliquando
3289 2011 3427 2082 juris
3455 2010 3554 2066 tie-

1951 2114 2067 2174 ret;
2102 2105 2430 2175 Sperandnm
2459 2105 2656 2175 quippe
2685 2115 2850 2170 esset,
2881 2121 2946 2161 ex
2991 2104 3275 2175 scriptoris
3299 2102 3557 2158 vetustis-

1951 2197 2073 2252 simi
2116 2195 2456 2252 documentis
2506 2197 2631 2254 lidei
2671 2196 2989 2252 orthodoxa:
3038 2206 3198 2268 atque
3247 2194 3555 2266 disciplinae

1951 2290 2332 2346 ecclesiasticae
2408 2290 2582 2346 lucem
2639 2307 2888 2362 magnam
2964 2291 3080 2346 fore
3128 2289 3553 2345 adiundeudam.

1954 2383 2148 2454 Elapso
2182 2383 2435 2455 equidem
2461 2386 2663 2440 sacculo
2710 2386 2779 2442 cl.
2807 2385 3125 2441 Alhertinus
3180 2394 3236 2439 et
3287 2383 3392 2438 hoc
3419 2398 3556 2454 opus

1949 2477 2243 2546 vellicavit,
2279 2477 2557 2550 ipsiusque
2604 2480 2842 2534 auctoris
2893 2489 3110 2534 aalatem
3167 2487 3220 2534 et
3269 2477 3557 2534 veritatem

1948 2573 2217 2629 inliciatus
2249 2582 2332 2628 est
2357 2572 2438 2648 (2)
2471 2574 2555 2629 his
2581 2575 2763 2630 verbis
2790 2593 2803 2628 :
2847 2592 2865 2626 ι
2908 2573 3116 2636 Verum,
3143 2571 3336 2640 inquit,
3366 2569 3433 2625 ad
3463 2584 3560 2640 po-

1949 2667 2136 2737 pulum
2156 2667 2426 2738 phaleras.
2447 2669 2579 2735 Quis
2607 2669 2752 2724 enim
2779 2677 3044 2733 veterum,
3076 2668 3240 2721 immo
3259 2665 3422 2720 etiam
3454 2678 3543 2718 re-

1955 2761 2254 2818 centiorum
2282 2777 2374 2831 per
2401 2777 2598 2818 novem
2628 2770 2721 2817 aut
2746 2762 2937 2817 decem
2961 2763 3157 2818 saecula
3181 2760 3439 2832 Magnetis
3463 2758 3562 2811 hu-

1951 2853 2059 2924 jus,
2092 2855 2172 2910 vel
2220 2855 2397 2927 quoad
2438 2874 2638 2914 nomen
2686 2867 2890 2912 tantum
2937 2856 3281 2913 meminerit?
3313 2853 3562 2910 Fictitius

1956 2963 2181 3017 prorsus
2210 2960 2401 3006 auctor
2427 2963 2528 3020 est,
2565 2963 2658 3008 aut
2703 2953 2897 3006 saltem
2938 2965 3113 3005 novus
3153 2948 3349 3018 aliquis
3374 2962 3437 3002 ac
3463 2963 3564 3001 nu-

1957 3057 2121 3113 perus
2148 3042 2449 3111 Graculus,
2481 3044 2634 3114 cujus
2674 3045 3001 3113 scriptorum
3043 3041 3314 3096 certitudo
3345 3047 3453 3092 tota
3480 3048 3564 3093 est

235 3132 550 3189 divinitatis.
585 3127 796 3185 Deinde
849 3127 1160 3197 subjungit:
1191 3123 1376 3203 Ἀρτον
1402 3130 1525 3199 γοῦν
1569 3123 1724 3198 λέγων
1761 3127 1845 3180 τήν

1961 3150 2132 3206 penes
2152 3134 2475 3190 Turrianum
2501 3136 2676 3206 exigui
2699 3134 2888 3204 judicii
2919 3134 3115 3199 virum,
3145 3132 3378 3201 ﬁdeique
3410 3130 3564 3186 valde

236 3230 403 3305 σάρκα
433 3229 524 3282 καί
552 3221 681 3281 οἶνον
731 3224 790 3278 τὸ
840 3218 989 3295 αἷμα,
1041 3217 1340 3275 ἐπαίδευσεν
1386 3219 1522 3289 ἡμᾶς
1561 3214 1773 3288 εὐλόγως
1803 3214 1855 3266 ἐκ

233 3329 323 3391 γῆς
347 3313 478 3374 εἶναι
508 3317 568 3372 τὸ
594 3324 771 3386 σῶμα.
808 3308 864 3368 ld
897 3322 980 3368 est
1014 3331 1026 3366 :
1059 3327 1182 3366 cum
1226 3310 1384 3381 igitur
1410 3324 1551 3374 eam,
1580 3325 1699 3378 qua:
1725 3324 1855 3363 caro

234 3421 336 3478 est,
363 3418 531 3466 vocat
549 3423 774 3480 panem,
795 3415 850 3460 et
871 3420 1016 3468 eum,
1041 3406 1131 3475 qui
1161 3404 1404 3474 sanguis,
1433 3411 1591 3457 vocat
1615 3403 1801 3455 vinum
1834 3418 1849 3466 ;

235 3502 418 3559 docuit
446 3515 551 3557 nos
581 3497 979 3556 convenienter
1003 3496 1222 3561 rationi,
1242 3509 1307 3551 ex
1331 3504 1476 3550 terra
1501 3508 1624 3550 esse
1651 3507 1850 3562 corpus

231 3595 481 3651 similiter
506 3603 563 3648 et
591 3607 814 3662 panem,
851 3598 906 3646 et
936 3590 1094 3645 unius
1137 3588 1354 3659 generis
1404 3585 1761 3642 substantiam
1790 3585 1846 3640 in

237 3701 464 3757 corpore
496 3693 554 3741 et
581 3698 745 3755 pane.

301 3779 390 3836 Ν.
416 3799 437 3832 ι
470 3776 745 3835 Caeterum
791 3777 945 3849 panis
971 3773 1274 3832 communis
1310 3768 1378 3828 ex
1408 3781 1572 3828 terrae
1620 3774 1836 3830 cultura

235 3874 570 3939 elaboratus,
587 3871 692 3926 etsi
720 3885 848 3926 caro
879 3869 1123 3941 quaedam
1156 3879 1312 3923 terrm
1339 3876 1442 3932 est,
1474 3875 1651 3921 tamen
1677 3867 1841 3920 vitam

236 3977 498 4022 πίει-πεπυ
529 3963 778 4037 praebere
815 3979 921 4018 non
947 3961 1228 4033 promittit,
1253 3959 1348 4015 sed
1389 3959 1555 4015 breve
1593 3959 1842 4014 solatium

235 4058 614 4132 pmbentibus
639 4057 849 4116 tribuit.
873 4055 982 4110 cito
1006 4070 1072 4109 eo
1102 4053 1340 4109 extincto
1368 4052 1487 4106 sine
1514 4051 1698 4106 divino
1727 4049 1842 4120 Spi-

237 4151 366 4208 ritu.
410 4150 582 4207 Panis
613 4163 751 4204 vero
785 4149 836 4201 in
873 4148 1027 4203 beata
1055 4143 1259 4200 Christi
1309 4153 1452 4200 terra
1480 4145 1675 4200 virtute
1704 4144 1843 4199 divi-

237 4247 421 4302 nitatis
473 4244 642 4300 unita:
683 4242 984 4306 confectus,
1017 4240 1132 4297 solo
1175 4249 1337 4311 gustu
1383 4239 1843 4293 immortalitatem

241 4338 446 4394 homini
476 4336 655 4392 affert.
685 4333 942 4407 Mysticus
970 4332 1115 4389 enim
1164 4331 1319 4403 panis
1348 4345 1472 4386 cum
1504 4328 1841 4386 benedictio-

237 4447 359 4489 nem
386 4431 560 4502 patris
585 4429 782 4485 habeat
825 4427 1263 4499 inseparabilem,
1295 4424 1441 4481 illam
1468 4425 1609 4492 dico,
1636 4442 1758 4496 qua:
1790 4426 1842 4480 in

238 4538 470 4595 corpore
507 4532 566 4578 et
583 4521 852 4592 sanguine
881 4519 999 4590 ejus
1029 4519 1165 4575 facta
1189 4527 1294 4583 est,
1322 4519 1438 4573 uuit
1467 4515 1844 4573 comedentem

239 4631 440 4688 corpus
465 4613 693 4680 Christi,
737 4629 970 4684 eumque
1011 4612 1251 4668 membra
1289 4610 1487 4666 Christi
1541 4609 1725 4665 efﬁcit.
1780 4610 1849 4667 Ut

239 4712 383 4768 enim
408 4712 606 4766 charta
635 4711 767 4777 vim,
795 4723 955 4780 quam
988 4723 1082 4778 per
1108 4707 1316 4762 litteras
1344 4707 1584 4778 magistri
1617 4706 1850 4776 accepit,

241 4801 512 4874 discipulo
531 4800 722 4868 tradit,
744 4810 799 4855 et
821 4816 916 4870 per
935 4815 1055 4855 eam
1073 4815 1196 4855 cum
1225 4800 1484 4871 magistro
1513 4801 1662 4854 illum
1686 4800 1804 4855 unit
1834 4819 1846 4854 :

239 4899 316 4955 sic
342 4911 546 4969 corpus
592 4895 739 4967 quod
769 4893 860 4950 ille
902 4893 1055 4965 panis
1089 4893 1349 4966 mysticus
1389 4903 1492 4962 est,
1524 4903 1579 4951 et
1608 4897 1849 4968 sanguis,

2991 5066 3418 5114 ,.EIiE-E
3425 5075 3517 5122 —._i|

2145 5111 3492 5127 Μ-ρ-ῄ,

1048 5217 1294 5342 DE
1364 5209 2193 5347 ARNOBIO
2251 5217 2755 5348 AFRO

1962 3239 2248 3300 suspectae.
2277 3229 2346 3284 Et
2390 3229 2589 3285 audent
2637 3229 2931 3283 adversarii
2975 3227 3179 3296 absque
3235 3222 3563 3280 verecundia

1959 3319 2223 3393 ejusmodi
2250 3323 2566 3393 quisquilias
2590 3337 2688 3396 pro
2715 3333 2957 3377 veterum
2983 3319 3351 3374 monumentis
3377 3319 3429 3371 in
3450 3332 3566 3372 mc-

1954 3413 2102 3468 dinm
2153 3413 2440 3470 adducere.
2475 3414 2616 3470 Proh
2670 3415 2763 3469 Dei
2812 3428 2974 3484 atque
3005 3415 3279 3467 hominum
3313 3413 3496 3467 tidem.
3539 3431 3559 3464 ι

1954 3505 2156 3561 Verum
2187 3523 2346 3579 quam
2388 3508 2738 3563 temerarium
2779 3506 2942 3562 fuerit
2970 3506 3239 3560 Albertiui
3275 3507 3375 3559 hac
3403 3505 3470 3558 de
3501 3520 3565 3559 re

1947 3599 2236 3671 judicium,
2269 3611 2324 3657 et
2359 3604 2652 3674 perdoctus
2694 3601 2902 3657 Caveas
2927 3601 3204 3666 observat,
3238 3609 3293 3656 et
3333 3615 3402 3655 ex
3429 3598 3563 3655 linc-

1948 3708 2116 3765 usque
2146 3693 2302 3750 dictis
2325 3695 2537 3751 abunde
2557 3704 2766 3751 constat
2798 3693 2900 3766 (5).

2021 3894 2100 3968 (l)
2121 3895 2254 3951 Cara
2272 3898 2405 3951 enim
2422 3896 2683 3953 Saluatori
2698 3899 3054 3953 smanducata.
3074 3898 3260 3968 Grmca
3279 3898 3438 3968 hujus
3459 3899 3562 3956 loci

1950 3965 2428 4040 cuilibetAllatius
2484 3973 2534 4023 in
2579 3970 2806 4025 Exercit.
2839 3980 3015 4026 contra
3070 3965 3474 4040 Creygtltorium,
3506 3990 3558 4040 p.

1951 4037 2239 4119 $93195“
2267 4042 2398 4119 σάρξ
2421 4049 2511 4119 ro?
2542 4051 2770 4119 Σωτῆρος
2796 4044 3088 4119 spem-oximi;
3129 4037 3380 4116 φθέίρεται
3400 4084 3414 4108 ,
3446 4037 3565 4100 οὕὲε

1951 4111 2318 4200 ἑξράλίστίεται
2339 4110 2405 4200 ’ξὸ
2449 4110 2576 4186 αἷμα
2602 4110 3034 4200 «mitiusve-mdia?"
3066 4113 3092 4167 ὁ
3119 4110 3328 4188 apok-Ioni
3359 4118 3448 4200 μὲν
3494 4120 3568 4178 εἰς

1952 4179 2164 4259 ᾳῇξησξιν
2193 4187 2336 4259 θείων
2360 4179 2621 4259 δυπέάμεων
2651 4179 2874 4259 αἷρεταυ
2908 4186 2966 4241 τὸ
2993 4183 3048 4240 δὲ
3079 4179 3401 4259 moribunda
3427 4190 3569 4242 ἐστιν

1950 4251 2287 4332 ἀδαπὰνῃτρν.
2321 4251 2498 4315 ἐπειδῆ
2535 4265 2641 4318 τοῖς
2686 4251 3012 4332 ἇδαπανήτρυ
3054 4251 3262 4328 φῦσεώέ
3298 4259 3430 4332 λόγῳ
3469 4264 3569 4314 τινὶ

1951 4329 2193 4406 (mensus;
2206 4329 2448 4451 ὑπακοιῆιεί
2462 4332 2543 4399 mi
2557 4333 2876 4407 αχὼριστον.
2909 4347 2926 4378 t
2943 4329 3124 4402 Neque
3144 4344 3270 4383 vero
3303 4329 3428 4382 catt)
3448 4329 3572 4385 Sal-

1954 4407 2159 4451 vatoris
2208 4414 2330 4451 man
2411 4409 2528 4451 cata
2575 4404 2961 4451 corrumnitur-
2989 4403 3165 4451 nenue
3195 4403 3415 4451 sanguis
3470 4417 3564 4451 no-

1954 4403 2159 4452 vatoris
2208 4403 2528 4453 manducata
2575 4403 2961 4470 corruu'tpitur,
2989 4403 3165 4469 neque
3195 4403 3415 4470 sanguis
3470 4417 3564 4469 po-

1868 4474 1922 4533 1)
1952 4475 2090 4541 tatus
2119 4471 2453 4524 consumitur
2483 4487 2496 4523 :
2528 4471 2623 4525 sed
2646 4473 2737 4541 qui
2764 4472 2893 4535 edit,
2919 4471 3116 4525 divinis
3147 4472 3438 4526 virtutibus
3467 4487 3562 4525 au-

1950 4539 2153 4614 gescit;
2184 4541 2326 4614 quod
2359 4557 2488 4596 vero
2520 4539 2719 4608 editur,
2751 4545 2998 4597 consumi
3031 4558 3136 4596 non
3168 4553 3347 4613 potest
3374 4561 3387 4594 :
3421 4558 3563 4612 quo-

1953 4611 2100 4684 niam
2147 4611 2223 4667 rei
2255 4614 2657 4684 consutnptibili
2710 4628 2921 4684 natura:
2967 4611 3263 4684 cognatum
3291 4615 3560 4684 quodam-

1953 4682 2114 4758 modo
2144 4690 2249 4750 est,
2280 4681 2502 4758 minime
2531 4685 2599 4740 ab
2622 4702 2685 4742 ea
2712 4681 3055 4758 separaliilef
3081 4706 3098 4739 ι
3130 4681 3333 4740 Eadem
3363 4701 3430 4739 ex
3459 4685 3560 4740 Al-

1956 4755 2093 4827 latio
2111 4758 2306 4824 repetit
2327 4755 2675 4826 Lequienius,
2711 4755 2815 4814 loc.
2842 4759 2960 4825 cit,
2991 4775 3042 4827 p.
3072 4758 3202 4813 275.

2027 4825 2403 4899 (‘2).tlbertin.,
2427 4825 2496 4883 de
2513 4828 2754 4884 Sacram.
2777 4825 3104 4898 Euclmrist.,
3132 4831 3224 4885 lib.
3257 4843 3314 4895 lt,
3349 4843 3403 4899 p.
3424 4828 3558 4885 400.

2029 4896 2109 4970 (5)
2137 4896 2299 4969 Cave,
2329 4897 2468 4955 Hist.
2500 4902 2683 4971 (tuen,
2713 4912 2750 4956 t.
2785 4919 2824 4970 ι,
2858 4902 2981 4957 155.

924 5440 1728 5559 ΝΟΤῙΤῙΔ
1821 5440 2885 5563 Πιετοιιιαλ.

1737 5636 2088 5700 SYNOPSIS.

314 5785 352 5842 l.
390 5786 642 5842 Arnobius
674 5782 850 5841 Sicca:
875 5780 930 5836 in
966 5780 1145 5852 Africa
1172 5782 1345 5836 rhetor
1370 5782 1545 5836 clarus
1591 5778 1683 5835 sub
1715 5777 1856 5834 Dio-

251 5879 466 5938 cletiano.
510 5878 764 5937 Ethnici:
811 5873 1160 5946 superstitioni
1205 5874 1447 5931 addictus
1471 5917 1487 5946 ,
1520 5873 1766 5931 divinitus
1793 5875 1864 5930 ad

244 5974 556 6036 christianum
593 5971 911 6042 religionem
935 5977 1166 6025 vocatur.

2040 5779 2106 5836 ll.
2147 5779 2312 5839 Locus
2339 5781 2756 5853 hicrongmianus
2784 5781 2848 5837 de
2874 5781 3101 5836 Arnobio
3128 5780 3454 5852 expenditur.

2051 5961 2146 6020 Ill.
2191 5960 2306 6031 Quo
2330 5971 2553 6032 tempore
2582 5959 2737 6016 libros
2776 5974 2852 6018 vn
2878 5961 3120 6018 adversus
3145 5969 3313 6029 gentes
3350 5958 3576 6015 conscri~
