3918 6350
355 375 454 431 πω

1662 376 1751 433 DE
1790 373 2097 434 AHNOBIO
2133 378 2323 437 AFRO

3560 381 3672 441 352

354 490 536 563 pserit,
584 490 880 563 inquiritur.
916 490 985 546 Id
1024 508 1141 547 vero
1188 492 1461 562 contigisse
1501 508 1638 547 anno
1667 508 1818 549 ceetv
1866 504 1957 548 an!
1984 498 2031 554 Α
2057 494 2393 555 ('cnstantini
2427 498 2742 566 vicennalia,
2776 500 2890 571 ipse
2920 499 3289 573 Hieronymus
3319 503 3506 559 statim
3530 503 3669 558 sub-

353 584 664 656 insequente,
698 601 762 639 ea:
782 587 895 656 ipso
918 597 1127 641 auctore
1153 585 1452 641 ostenditur.

424 678 515 733 IV.
561 680 746 750 Operis
774 681 1045 735 arnobiani
1086 683 1303 752 pretium
1342 683 1631 752 exponitur.
1674 682 1847 739 Multo
1873 684 1955 738 lu-

352 773 604 828 culentius
646 774 903 828 ethnicam
944 775 1350 843 superstitionem
1392 776 1754 846 impugnans,
1799 792 1955 847 quam

352 866 690 920 christianum
714 868 970 920 veritatem
1000 865 1233 919 docuisse
1261 874 1438 920 auctor
1464 868 1808 923 existimatur.

425 957 491 1013 ν.
556 957 635 1013 De
678 958 946 1029 praecipuis
994 959 1161 1029 aperis
1219 958 1544 1013 editionibus.
1616 957 1953 1014 Prcstantior

351 1052 855 1125 Lugduno-Batava,
901 1068 1014 1123 qua:
1061 1063 1230 1107 tamen
1269 1054 1425 1108 navis
1472 1053 1767 1124 tuendisque
1812 1054 1951 1107 haud

350 1157 507 1203 caret.
540 1145 676 1213 Quid
695 1161 865 1215 operte
890 1146 943 1201 in
968 1156 1195 1201 nostram
1227 1146 1584 1200 adornandum
1610 1147 1873 1202 collatum.

420 1330 461 1386 1.
492 1330 755 1388 Discimus
781 1332 847 1385 ab
875 1330 1205 1403 Hieronymo
1224 1329 1490 1402 (Hieron.,
1516 1334 1579 1387 de
1607 1329 1716 1385 Vir.
1734 1330 1947 1395 illustr.,

348 1440 467 1495 cap.
498 1425 712 1495 Lxxu),
749 1426 1045 1479 Arnobium
1091 1425 1279 1499 Siccae,
1316 1440 1436 1497 qua:
1462 1424 1656 1481 Africa
1694 1422 1951 1479 mediter-

345 1532 526 1572 raneae
554 1518 683 1571 urbs
710 1526 825 1572 erat
846 1558 859 1581 ,
890 1516 990 1571 sub
1019 1516 1354 1572 Diocletiano
1395 1516 1634 1587 principe
1675 1514 1949 1571 ﬂorentis-

347 1610 484 1665 sime
511 1609 833 1665 rhetoricam
859 1610 1111 1667 docuisse
1141 1630 1153 1666 :
1181 1626 1287 1683 quo
1316 1611 1530 1682 quidem
1560 1619 1803 1681 tempore
1834 1611 1951 1666 ido—

349 1703 524 1759 lorum
554 1702 720 1759 cultui
752 1718 809 1759 se
841 1703 1006 1759 luisse
1034 1703 1306 1759 addictum
1336 1704 1565 1775 ipsemet
1590 1704 1838 1774 deplorat
1866 1704 1950 1763 his

349 1796 567 1851 verbis:
602 1816 621 1847 ι
660 1796 991 1863 Venerabar,
1023 1812 1058 1852 o
1086 1799 1321 1858 accitas,
1354 1812 1527 1866 nuper
1564 1797 1945 1855 simulacra....

349 1885 501 1942 Nunc
528 1886 752 1943 doctore
791 1887 1257 1959 tanto'(Christo)
1289 1889 1342 1943 in
1376 1889 1488 1943 vias
1520 1888 1759 1944 veritatis
1791 1889 1952 1945 indu-

348 1990 489 2044 ctus,
520 1981 701 2035 omnia
727 1980 827 2035 ista
862 1998 982 2050 qua:
1012 1983 1139 2043 sint.
1171 1982 1285 2037 scio
1310 2001 1323 2037 :
1346 1983 1504 2053 digna
1530 1983 1597 2039 de
1624 1982 1800 2053 dignis
1829 1999 1953 2040 sen-

350 2074 428 2130 tio
459 2074 698 2147 (Arnob.,
727 2076 845 2129 adu.
876 2074 1050 2141 Gent.,
1086 2076 1175 2130 lib.
1204 2094 1253 2144 1,
1281 2094 1398 2149 cap.
1435 2079 1548 2149 15).
1593 2098 1612 2130 ι
1672 2078 1953 2148 Quomodo

353 2178 535 2224 autem
564 2168 823 2226 acciderit
852 2180 906 2224 ut
931 2168 1295 2225 Christianam
1323 2171 1637 2241 religionem
1670 2174 1955 2242 amplecte-

353 2270 523 2329 retur,
555 2261 694 2318 idem
736 2262 1094 2334 Hieronymus
1131 2264 1254 2319 alibi
1286 2265 1365 2319 sic
1395 2264 1594 2320 tradit:
1626 2282 1645 2315 ι
1683 2268 1953 2322 Arnobius

354 2354 541 2411 rhetor
569 2356 747 2411 clarus
775 2357 830 2411 in
872 2358 1121 2414 Africa...
1145 2401 1161 2425 ,
1202 2375 1322 2414 cum
1364 2361 1415 2415 in
1444 2361 1661 2416 civitate
1691 2361 1859 2417 Siccae
1885 2364 1953 2419 ad

354 2446 768 2505 declamandum
796 2450 1022 2521 juvenes
1052 2452 1312 2519 erudiret,
1338 2463 1391 2508 et
1411 2452 1586 2508 adhuc
1614 2456 1859 2512 ethnicus
1886 2458 1953 2513 ad

353 2542 727 2599 credulitatem
775 2545 1001 2602 somniis
1042 2548 1483 2614 compelleretur,
1517 2564 1691 2619 neque
1736 2550 1807 2605 ab
1834 2554 1953 2624 epi-

355 2650 521 2707 scopo
554 2637 871 2707 impetraret
901 2637 1062 2693 ﬁdem
1090 2655 1250 2710 quam
1282 2655 1497 2710 semper
1522 2642 1951 2714 impngnaverat,

357 2732 693 2787 elucubravit
735 2732 996 2789 adversus
1039 2736 1317 2805 pristinam
1359 2737 1675 2808 religionem
1711 2738 1954 2794 luculen-

358 2824 595 2880 tissimos
625 2825 823 2893 libros;
850 2837 904 2883 et
928 2828 1140 2884 tandem
1165 2830 1309 2885 velut
1334 2830 1652 2901 quibusdam
1680 2832 1957 2889 obsidibus

360 2916 577 2987 pietatis
607 2918 781 2973 ltedus
808 2920 1111 2987 impetravit
1143 2916 1410 2992 (Hierom,
1443 2906 1495 2976 in
1526 2924 1714 2978 Chron.
1739 2928 1807 2979 ad
1832 2942 1957 2981 ann.

361 3024 683 3072 uucccxun,
718 3027 836 3081 pag.
873 3012 1024 3082 181).
1058 3012 1233 3068 Tanto
1280 3015 1437 3085 igitur
1480 3015 1681 3073 lumine
1729 3018 1961 3075 donatus

361 3100 455 3157 fuit
484 3104 772 3167 Arnobius,
802 3104 927 3173 quin
949 3113 1003 3160 et
1024 3106 1248 3161 somniis
1266 3107 1522 3165 divinitus
1545 3110 1800 3167 immissis
1825 3112 1963 3168 adeo

1984 1848 2030 1906 B

2059 590 2174 644 dit:
2205 610 2223 643 ι
2266 591 2379 646 Huc
2408 605 2573 663 usque
2621 593 2899 649 historiam
2943 595 3130 651 scribit
3162 594 3430 651 Eusebius
3450 638 3466 663 ,
3499 596 3670 651 Pam-

2060 683 2188 753 pltili
2230 686 2480 757 martyris
2538 686 2973 754 contubernalis,
3006 688 3091 743 cui
3141 702 3241 744 nos
3283 688 3385 744 ista
3422 690 3669 761 subjeci-

2059 792 2198 831 mus.
2230 797 2249 829 r
2272 777 2406 832 Tum
2429 781 2768 837 continenter
2787 798 2803 837 :
2822 781 3099 849 Arnobius,
3124 782 3318 853 inquit,
3339 783 3531 849 rhetor,
3554 794 3669 840 etc.

2057 869 2136 925 Ne
2154 871 2315 941 igitur
2340 869 2553 927 Eusebii
2581 874 2817 929 narratio
2836 874 3271 946 abrumperetur,
3297 876 3664 949 Hieronymus

2056 964 2219 1018 verba
2247 963 2317 1018 de
2342 964 2603 1029 Arnobio,
2635 967 2789 1035 cujus
2815 966 2957 1021 nulla
2980 968 3182 1023 mentio
3207 968 3348 1039 apud
3379 952 3525 1023 illum
3548 969 3671 1039 epi—

2056 1071 2277 1127 scopum
2303 1058 2702 1122 ctesariensem.
2732 1060 3103 1131 superioribus
3132 1061 3453 1118 Eusebianis
3482 1061 3665 1119 suﬁc-

2052 1149 2186 1204 ccrit
2228 1168 2241 1203 :
2283 1164 2404 1205 cum
2448 1150 2558 1220 jam
2609 1159 2789 1221 postea
2840 1168 2993 1207 snam
3032 1152 3101 1207 de
3152 1152 3343 1207 eodem
3385 1154 3664 1224 scriptore

2057 1243 2375 1298 sententiam
2409 1246 2459 1299 in
2488 1246 2706 1316 proprio
2732 1228 2795 1299 de
2827 1244 2960 1301 Viris
2988 1246 3272 1301 illustribus
3292 1260 3459 1318 Opere
3481 1244 3655 1304 mani-

2059 1334 2251 1391 festum
2284 1337 2531 1394 ediderit.

2126 1428 2214 1483 Ill.
2257 1428 2372 1484 Jam
2405 1445 2533 1486 vero
2583 1431 2801 1501 propius
2835 1430 3252 1502 inspiciendum,
3295 1445 3403 1503 quo
3435 1430 3667 1488 demum

2058 1529 2305 1590 tempore
2336 1522 2601 1579 Arnobius
2632 1523 2797 1579 libros
2822 1538 2894 1579 vn
2923 1523 3181 1579 adversus
3207 1534 3394 1594 gentes
3424 1524 3671 1580 conscri-

2056 1615 2241 1683 pserit.
2276 1615 2329 1669 In
2361 1616 2479 1685 ejus
2513 1617 2691 1686 itaque
2732 1631 2899 1687 opere
2927 1626 3035 1671 tres
3084 1616 3388 1672 notationes
3432 1630 3661 1684 compa-

2056 1716 2192 1768 rent,
2216 1722 2440 1777 quarum
2463 1706 2581 1761 duae
2601 1706 3013 1779 chronologica',
3038 1705 3191 1763 tertia
3212 1722 3341 1762 vero
3363 1707 3616 1762 historica
3648 1724 3664 1769 ;

2056 1817 2121 1856 ex
2150 1801 2346 1871 quibus
2366 1800 2508 1872 quod
2529 1802 2840 1872 quaerimus,
2869 1799 3078 1855 deliniri
3100 1843 3116 1868 ,
3146 1809 3433 1871 utcumque
3454 1800 3657 1855 valeat.

2060 1892 2125 1948 Et
2174 1894 2405 1964 primum
2430 1893 2648 1964 quidem
2690 1894 2768 1949 sic
2811 1893 3053 1964 loquitur
3092 1902 3321 1948 auctor:
3357 1911 3376 1945 ι
3409 1892 3663 1948 Trecenti

2060 1998 2183 2045 sunt
2208 1989 2332 2043 anni
2360 1987 2550 2056 ferme,
2583 1988 2758 2042 minus
2787 1988 2869 2042 vel
2900 1988 3019 2057 plus
3047 1986 3271 2058 aliquid,
3303 2002 3371 2044 ex
3398 2002 3507 2058 quo
3548 2002 3667 2043 cm-

2061 2082 2235 2152 pimus
2276 2095 2397 2136 esse
2426 2078 2735 2146 christiani,
2767 2088 2823 2134 et
2853 2089 3115 2135 terrarum
3146 2080 3198 2134 in
3230 2081 3367 2135 orbe
3391 2078 3604 2135 censeri
3637 2099 3657 2131 ι

2060 2174 2299 2247 (Arnob.,
2328 2175 2419 2230 lib.
2448 2175 2599 2229 lado.
2634 2172 2808 2242 Gent.,
2831 2191 2949 2243 cap.
2980 2173 3059 2246 6).
3105 2173 3205 2231 Ubi
3256 2174 3483 2231 trecenti
3509 2174 3663 2240 anni,

2060 2279 2117 2323 ut
2146 2284 2266 2323 cum
2292 2268 2564 2323 Dodwello
2590 2268 2871 2335 loquamur
2894 2266 3128 2340 (Dodw.,
3154 2267 3373 2324 Dissert.
3399 2284 3437 2324 ιι
3486 2267 3661 2332 Iren.,

2063 2360 2090 2433 §
2124 2362 2215 2427 56,
2265 2379 2384 2432 pag.
2420 2361 2583 2429 197),
2618 2360 2663 2415 si
2691 2375 2718 2413 a
2752 2376 2861 2416 ιιιι
2887 2360 3109 2433 Augusti
3146 2375 3248 2433 pro
3278 2361 3489 2417 illorum
3524 2373 3664 2418 tem-

2060 2474 2251 2528 porum
2292 2456 2637 2525 chronologia
2679 2466 3055 2527 supputentur,
3084 2455 3335 2513 desinent
3368 2457 3423 2511 in
3458 2471 3664 2512 annum

2060 2564 2183 2603 mra:
2238 2549 2472 2619 vulgaris
2496 2563 2745 2603 ccxcvtu.
2780 2547 3044 2617 Deinceps
3074 2562 3203 2602 vero
3234 2548 3537 2604 Arnobiana
3566 2549 3666 2603 ist—

2062 2642 2177 2696 htec
2204 2641 2359 2695 nobis
2380 2649 2667 2696 occurrunt
2692 2658 2705 2695 :
2738 2659 2756 2692 ι
2787 2638 2983 2695 dilatis
3004 2640 3138 2695 urbs
3165 2639 3335 2695 Roma
3360 2640 3513 2709 cujus
3538 2654 3666 2696 esse

2064 2737 2115 2791 in
2144 2735 2426 2791 annalibus
2464 2734 2751 2789 indicitur?
2780 2734 2967 2803 Annos
3008 2733 3153 2788 ducit
3196 2734 3579 2805 quinquaginta
3610 2743 3669 2788 et

2063 2831 2225 2893 mille,
2248 2839 2339 2883 aut
2367 2844 2474 2883 non
2495 2829 2719 2881 multum
2746 2826 2814 2880 ab
2845 2827 3115 2881 hismiuus
3141 2845 3159 2877 ι
3185 2826 3427 2898 (Arnob.,
3461 2825 3550 2880 lib.
3580 2842 3617 2880 ll
3645 2870 3661 2895 ,

2064 2940 2180 2993 cap.
2210 2923 2325 2992 54).
2359 2923 2515 2976 Αιιηο
2540 2930 2717 2975 autem
2768 2919 2931 2976 Urbis
2979 2919 3211 2975 condita
3261 2935 3335 2974 ιιι.
3380 2919 3530 2989 juxta
3562 2935 3667 2991 pu-

2074 3018 2330 3071 tationem
2360 3015 2736 3070 varr0nianam
2779 3012 3072 3084 reapondet
3101 3028 3224 3067 terte
3254 3012 3491 3082 vulgaris
3518 3027 3668 3066 anno

2067 3124 2278 3165 ccxcvu
2303 3112 2455 3177 juxta
2482 3107 2823 3179 capitolinam
2849 3121 2977 3159 vero
2999 3104 3184 3159 incidit
3207 3106 3259 3159 in
3282 3119 3480 3159 annum
3506 3102 3668 3159 Chri-

360 3196 662 3268 perculsus,
688 3206 745 3251 ut
769 3198 1047 3267 pristinam
1071 3199 1401 3269 impietatem
1424 3202 1649 3271 ejurarit
1669 3220 1962 3276 verumque
1988 3194 2033 3257 C
2067 3206 2134 3260 sti
2161 3218 2405 3267 ccxcvtn,
2442 3211 2499 3255 ut
2538 3200 2759 3271 proinde
2802 3200 2905 3254 huc
2941 3214 3109 3270 usque
3147 3197 3262 3253 fere
3290 3199 3391 3253 sibi
3438 3213 3669 3254 concors

362 3290 455 3347 Dei
484 3292 688 3347 cultum
734 3292 895 3348 fuerit
933 3294 1233 3365 amplexus.
1271 3296 1434 3352 Docet
1476 3300 1622 3353 enim
1654 3302 1744 3357 ille
1766 3344 1779 3367 ,
1808 3299 1965 3357 Chri-

364 3394 504 3442 stum
538 3406 559 3439 r
588 3402 693 3443 non
718 3403 815 3459 per
840 3404 973 3443 vana
1001 3390 1289 3458 insomnia,
1314 3390 1409 3446 sed
1428 3406 1526 3462 per
1552 3408 1699 3463 purae
1725 3399 1962 3465 speciem

363 3483 721 3554 simplicitatis
750 3500 1012 3555 apparere
1041 3486 1286 3558 (Arnob.,
1316 3487 1434 3541 adv.
1465 3486 1637 3552 (ient,
1660 3490 1748 3544 lib.
1781 3508 1818 3559 ι,
1844 3508 1962 3561 cap.

364 3568 516 3641 1m),
562 3570 737 3626 adhuc
777 3586 876 3627 suo
920 3582 1163 3643 tempore
1199 3577 1868 3646 consuevisse:expertus
1910 3578 1963 3632 id

364 3662 640 3728 nimirum,
671 3662 845 3735 inquit
872 3664 1200 3731 Dodwellns,
1235 3667 1461 3736 ipsemet
1490 3667 1707 3737 scripsit
1733 3679 1958 3724 auctor:

366 3764 423 3809 ut
449 3758 731 3826 propterea
757 3772 882 3811 vere
904 3758 1099 3813 dixerit
1125 3774 1186 3814 se
1208 3759 1277 3815 ab
1304 3760 1419 3828 ipso
1440 3759 1657 3816 Christo
1689 3782 1707 3813 ι
1738 3762 1963 3819 doctore

368 3856 516 3902 tanto
544 3848 595 3902 in
629 3848 741 3902 vias
770 3850 1014 3904 veritatis
1056 3848 1220 3905 fuisse
1266 3852 1540 3908 inductum
1575 3852 1807 3923 (Dodto.,
1839 3854 1963 3911 Dis-

366 3951 487 3995 sert.
541 3940 687 3995 Iren.
720 3958 777 4005 n,
807 3942 835 4013 §
876 3942 965 4009 57,
1019 3960 1144 4014 pag.
1179 3944 1327 4017 199).
1368 3964 1386 3997 ι
1417 3946 1551 4013 Quid
1584 3957 1763 4005 autem
1818 3959 1967 4011 post-

368 4037 469 4090 hac
498 4036 669 4106 egerit
695 4034 999 4101 Arnobius,
1029 4051 1204 4107 quove
1230 4052 1373 4093 anno
1398 4054 1429 4093 e
1472 4040 1607 4095 vivis
1636 4044 1961 4110 excesserit,

368 4129 525 4199 plane
559 4129 948 4199 incompertum
978 4129 1260 4185 habemus.

442 4224 504 4279 Il.
546 4224 731 4295 Neque
758 4239 888 4279 vero
907 4240 977 4279 ex
1007 4224 1320 4295 Hieronymi
1349 4224 1527 4280 verbis
1550 4225 1711 4281 modo
1731 4228 1967 4285 recitatis

370 4319 653 4389 quisquam
685 4327 895 4387 arguat,
929 4318 993 4373 ad
1027 4334 1225 4373 annum
1274 4318 1463 4374 saltem
1504 4320 1776 4385 cccxxvr‘,
1805 4322 1966 4378 vitam

372 4412 699 4482 produxisse
714 4421 987 4466 auctorem
1011 4422 1276 4475 nostrum,
1294 4423 1578 4481 propterea
1600 4413 1807 4469 scilicet
1826 4415 1967 4483 quod

372 4506 461 4559 illa
510 4504 753 4573 proxime
798 4506 1072 4575 scripserit
1119 4516 1336 4561 sanctus
1384 4506 1581 4561 Doctor
1626 4518 1747 4577 post
1790 4518 1969 4564 notata

2070 3298 2313 3352 videatur
2342 3304 2548 3350 auctor.
2579 3294 2647 3349 At
2673 3309 2795 3348 cum
2821 3294 2999 3364 priore
3029 3292 3081 3346 in
3123 3292 3241 3347 loco
3272 3290 3467 3358 addat,
3498 3293 3671 3347 minus

2070 3392 2147 3445 vel
2174 3391 2287 3459 plus
2318 3388 2542 3457 aliquid;
2576 3387 2625 3440 in
2659 3386 2955 3456 posteriore
2983 3394 3185 3447 autem,
3203 3394 3291 3437 aut
3319 3401 3421 3439 non
3449 3387 3671 3439 multum

2069 3485 2133 3537 ab
2161 3486 2239 3539 his
2256 3484 2423 3537 minus
2450 3500 2467 3535 :
2486 3484 2607 3537 hinc
2629 3481 2891 3536 dubitatio
2914 3480 3206 3545 suboritur,
3230 3493 3355 3534 num
3380 3478 3671 3551 utrobique

2067 3578 2299 3633 Calculos
2328 3584 2573 3631 accurate
2606 3576 2860 3645 posuerit.

2141 3672 2452 3728 Posthabito
2474 3671 2651 3741 itaque
2675 3681 2898 3741 utroque
2914 3669 3228 3724 charactere
3256 3667 3667 3737 chronologico,

2068 3768 2134 3823 ad
2148 3768 2311 3823 alium
2331 3766 2643 3821 historicum
2667 3765 2753 3835 qui
2768 3765 2965 3820 certior
2983 3778 3105 3819 esse
3128 3762 3356 3829 videtur,
3381 3772 3670 3835 propterea

2071 3860 2475 3918 recurrendnm.
2506 3858 2594 3914 Sic
2624 3858 2783 3928 igitur
2813 3858 3151 3927 prosequitur
3168 3865 3391 3911 auctor:
3424 3873 3444 3907 ι
3474 3854 3671 3910 Nostra

2069 3956 2282 4027 quidem
2314 3954 2511 4022 scripta
2540 3967 2637 4005 cur
2663 3950 2873 4020 ignibus
2901 3957 3216 4004 meruerunt
3240 3947 3391 4001 dari?
3431 3962 3531 4001 cur
3564 3948 3671 4000 im-

2073 4048 2301 4102 maniter
2344 4044 2716 4101 conventicula
2764 4043 2901 4097 dirui
2934 4040 3069 4114 (ld.,
3130 4042 3219 4095 lib.
3251 4056 3323 4108 tv,
3364 4056 3483 4110 cap.
3537 4038 3671 4109 18)?

2071 4126 2202 4209 Quae
2252 4155 2382 4194 sane
2440 4138 2600 4192 verba
2646 4136 2923 4205 scripserit
2973 4136 3245 4189 Arnobius
3298 4142 3418 4203 post
3469 4148 3670 4187 annum

2070 4250 2248 4300 CCClIl,
2268 4248 2375 4303 quo
2392 4231 2701 4287 Diocletiani
2728 4230 3035 4300 persecutio
3051 4230 3243 4283 saevire
3266 4227 3452 4297 carpit.
3478 4246 3496 4278 ι
3519 4225 3672 4281 Tunc

2071 4329 2212 4383 enim
2240 4368 2255 4393 ,
2308 4324 2475 4396 inquit
2507 4324 2806 4386 Eusebius,
2869 4320 3037 4375 λεύει
3086 4338 3262 4375 sacras
3296 4319 3413 4376 solo
3465 4321 3673 4387 aequari

2071 4436 2135 4476 ac
2166 4420 2402 4476 funditus
2444 4418 2702 4483 subverti,
2734 4433 2908 4471 sacros
2944 4417 3232 4469 divinarum
3278 4413 3675 4485 Scripturarum

2076 4515 2230 4570 libros
2262 4516 2314 4570 in
2349 4514 2525 4569 medio
2556 4513 2672 4569 loro
2702 4511 3034 4567 concremari
3060 4554 3076 4577 ,
3104 4509 3277 4565 oculis
3304 4509 3502 4564 nostris
3534 4508 3675 4562 vidi-

372 4596 708 4652 Constantini
738 4596 1035 4651 vicennalia
1055 4639 1070 4664 ,
1100 4598 1291 4653 eodem
1319 4598 1515 4654 Christi
1556 4615 1701 4655 anno
1738 4616 1969 4657 cccxxvr
1996 4596 2048 4657 D
2076 4624 2195 4663 mus
2220 4608 2455 4682 (Euseb.,
2490 4607 2627 4662 Hist.
2666 4608 2871 4670 eccles.,
2901 4606 3086 4660 lib.vm
3110 4646 3125 4668 ,
3153 4621 3269 4677 cap.
3316 4603 3396 4675 8).
3441 4622 3459 4655 ι
3498 4604 3674 4673 Atque

374 4689 642 4747 celebrata
670 4708 682 4744 :
710 4688 971 4759 siquidem
1003 4706 1072 4745 ex
1104 4691 1293 4747 iisdem
1324 4692 1503 4747 verbis
1536 4693 1972 4766 Hieronymianis

373 4785 735 4856 colligendum
762 4794 927 4848 esset,
962 4801 1029 4841 eo
1060 4786 1176 4852 ipso
1203 4802 1342 4841 anno
1363 4802 1686 4843 conversum
1714 4790 1879 4844 fuisse
1904 4789 1971 4844 ad

374 4878 574 4933 Christi
608 4879 765 4934 ﬁdem
810 4880 1113 4937 Arnobium
1138 4922 1153 4945 ,
1192 4880 1430 4951 adeoque
1478 4882 1635 4952 paulo
1678 4892 1805 4938 ante
1844 4898 1971 4939 suos

376 4972 762 5041 conscripsisse
792 4972 958 5028 libros
975 4974 1235 5029 adversus
1256 4985 1461 5044 gentes,
1490 4976 1683 5044 quibus
1708 4977 1839 5031 velut
1859 4980 1974 5049 qui-

376 5061 591 5116 busdam
619 5063 874 5117 obsidibus
919 5064 1121 5134 pietatis
1151 5065 1317 5136 [rudus
1344 5067 1659 5137 impetrarit:
1684 5082 1805 5122 cum
1842 5083 1973 5124 cou-

379 5167 459 5212 tra
492 5156 833 5213 manifestum
866 5158 935 5213 sit
966 5174 1034 5213 ex
1063 5159 1252 5215 eodem
1283 5159 1548 5227 Arnobio,
1582 5172 1637 5216 ut
1667 5178 1788 5217 mox
1821 5164 1967 5218 vide.

378 5250 574 5313 bimus,
606 5264 779 5317 neque
818 5250 1048 5305 obscure
1088 5262 1349 5321 praeterea
1381 5268 1446 5306 ex
1492 5254 1607 5322 ipso
1646 5254 1974 5326 Hieronymo

377 5352 633 5411 appareat
670 5340 891 5413 (Hieron
923 5386 937 5406 ,
969 5346 1031 5398 de
1065 5344 1176 5399 Vir.
1212 5346 1313 5409 ill.,
1346 5346 1446 5399 loc.
1492 5348 1607 5415 cit.)
1630 5389 1644 5409 ,
1676 5363 1769 5402 eos
1808 5349 1974 5405 libros

380 5436 674 5505 imperante
708 5436 1034 5493 Diocletiano
1062 5438 1226 5495 fuisse
1270 5442 1339 5494 ab
1379 5450 1598 5498 auctore
1625 5443 1969 5513 perscriplos.

378 5526 495 5595 Quo
527 5527 683 5594 igitur
711 5528 1066 5601 Hieronymus
1088 5533 1187 5587 sibi
1211 5542 1443 5595 constet.
1469 5534 1860 5590 observandum
1890 5536 1972 5589 in-

380 5631 542 5676 tercst
572 5637 691 5674 cum
725 5623 838 5675 viro
865 5624 1178 5679 doctissimo
1214 5625 1461 5695 (Nourr.,
1491 5626 1687 5695 Appar.
1732 5628 1799 5680 ad
1826 5626 1969 5682 Bibl.

380 5724 602 5784 patrum,
635 5725 756 5769 tom.
801 5733 859 5782 ιι,
906 5736 1023 5790 pag.
1060 5719 1235 5789 283),
1268 5735 1333 5775 eo
1380 5720 1632 5775 Cbronici
1684 5720 1973 5778 Eusebiani

384 5811 499 5862 loco
529 5822 632 5861 non
664 5808 928 5867 indicasse
957 5828 1135 5867 veram
1176 5812 1395 5869 Arnobii
1438 5824 1650 5870 aetatem
1696 5814 1971 5870 doctorem

387 5909 697 5959 maximum.
728 5902 859 5960 Nam
892 5904 945 5960 in
973 5903 1243 5963 Chronico
1269 5918 1388 5979 post
1418 5916 1601 5963 notata
1630 5908 1698 5964 ab
1737 5907 1973 5965 Eusebio

2076 4700 2215 4755 hanc
2241 4701 2506 4755 veriorem
2549 4700 2871 4756 sententiam
2901 4698 2969 4753 de
3002 4708 3243 4767 tempore
3268 4710 3375 4767 quo
3402 4694 3677 4750 scribebat

2076 4795 2381 4860 Arnobius,
2432 4797 2635 4864 primus
2677 4794 2914 4848 omnium
2962 4792 3245 4861 amplexus
3288 4800 3369 4845 est
3410 4787 3677 4842 Baronius

2076 4886 2321 4957 (Raram,
2350 4887 2419 4939 ad
2445 4904 2565 4938 amt.
2596 4885 2721 4949 δίη,
2755 4886 2782 4956 §
2818 4884 2906 4954 17)
2931 4926 2945 4949 ,
2976 4898 3135 4953 quem
3178 4882 3373 4935 deinde
3423 4890 3551 4934 sunt
3588 4894 3676 4934 as-

2076 4980 2263 5034 sectati
2312 4978 2615 5033 Dodwellus
2645 4976 2889 5044 (Dodw.,
2925 4976 3023 5029 loc.
3066 4972 3189 5046 cit.)
3210 5016 3227 5040 ,
3258 4973 3453 5044 Pagius
3483 4969 3673 5042 (Pag.,

2077 5074 2145 5125 ad
2174 5088 2295 5125 ann.
2324 5070 2462 5133 502,
2494 5069 2520 5140 §
2554 5069 2655 5139 15)
2687 5069 2903 5139 aliique.
2953 5068 3074 5122 licet
3114 5082 3231 5122 eam
3274 5065 3678 5136 quodammodo

2079 5165 2349 5220 inﬁrmare
2373 5178 2656 5233 aggressus
2686 5162 2755 5215 sit
2791 5160 3168 5216 Tillemontius
3194 5157 3448 5232 (Tillem.,
3482 5157 3671 5225 Mem,

2079 5270 2202 5313 tom.
2231 5275 2303 5323 tv,
2338 5275 2458 5328 pag.
2490 5255 2616 5322 767,
2647 5253 2799 5330 not.).
2830 5255 3085 5324 Quamvis
3114 5266 3296 5309 autem
3339 5254 3391 5309 in
3426 5253 3530 5308 hoc
3574 5270 3675 5324 po-

2079 5360 2283 5404 stremo
2310 5350 2429 5403 loco
2457 5350 2655 5403 certius
2687 5349 2829 5418 loqui
2860 5347 3107 5402 videatur
3131 5347 3421 5413 Arnobius,
3452 5363 3558 5401 non
3591 5358 3677 5403 est

2080 5452 2259 5497 tamen
2289 5458 2384 5496 cur
2414 5441 2563 5495 illum
2590 5455 2907 5496 censeamus
2938 5456 3061 5495 cum
3093 5440 3364 5495 nonnullis
3394 5440 3523 5493 viris
3545 5456 3676 5495 eru-

2078 5533 2225 5599 ditis,
2260 5534 2310 5587 in
2344 5535 2455 5588 suis
2488 5533 2709 5603 reliquis
2754 5534 3117 5603 putationibus
3144 5532 3282 5586 haud
3321 5532 3423 5586 sibi
3452 5543 3676 5588 consta-

2078 5642 2156 5682 re.
2184 5626 2368 5696 Neque
2408 5626 2549 5679 enim
2596 5625 2811 5681 demum
2845 5642 2953 5681 uno
2996 5625 3186 5679 calami
3226 5624 3389 5679 ductu
3434 5625 3678 5696 integros

2078 5729 2288 5789 septem
2316 5733 2442 5771 suos
2474 5717 2643 5771 libros
2674 5719 2976 5775 exaraverit
3004 5729 3211 5772 auctor.
3242 5718 3504 5787 Adeoque
3538 5718 3678 5773 duos

2080 5816 2286 5885 priores
2327 5815 2663 5884 perscribens
2684 5855 2698 5880 ,
2728 5830 2897 5871 annos
2940 5815 3095 5872 Urbis
3135 5813 3367 5869 conditae
3396 5812 3673 5885 primum;

2077 5907 2272 5962 deinde
2300 5923 2428 5961 vero
2457 5922 2628 5963 annos
2658 5922 2782 5961 aera:
2810 5907 3137 5967 christianos.
3171 5906 3288 5976 plus
3315 5905 3514 5975 aliquid
3538 5947 3552 5970 ,
3583 5918 3673 5961 aut
