3918 6352
194 345 290 402 555

1488 345 1693 406 NUTIT
1697 348 1767 404 1A
1807 346 2193 406 HISTORICA.

3419 347 3490 404 55
3502 351 3525 406 i-

190 471 280 510 non
315 455 483 510 multo
530 455 718 511 minus
758 456 930 528 probe
969 458 1164 527 putarit
1187 471 1201 509 :
1225 456 1493 514 accedens
1533 469 1715 515 autem
1748 461 1813 515 ad
1846 463 1897 522 Α
1924 471 2102 517 autem
2133 460 2302 518 editio
2324 460 2814 532 Lugdunocllatava
2845 461 3068 536 reliquis
3089 464 3370 519 enimvero
3389 478 3528 536 prae-

193 547 372 604 librum
401 564 484 611 tv,
511 566 630 622 quo
655 558 916 607 tervebat
937 549 1252 606 diocletiana
1307 562 1631 621 persecutio,
1663 570 1731 607 no
1752 554 1814 608 tis

197 640 511 698 certioribus
536 643 866 714 scriptionis
893 659 1005 698 sua:
1051 651 1261 713 tempus
1305 643 1457 699 nobis
1489 643 1808 713 prodiderit.

203 733 398 802 Quibus
427 736 666 806 positis,
699 752 854 792 anno
894 735 1109 792 demum
1140 751 1319 802 CCCIV,
1363 747 1453 792 aut
1487 738 1624 792 forte
1667 736 1816 792 inse-

201 834 413 897 quente,
441 826 726 900 integrum
756 843 914 885 suum
942 843 1080 900 opus
1108 829 1381 885 Arnobius
1413 829 1706 900 perfecisse
1733 831 1811 883 vi-

204 917 372 974 detur.

273 1008 362 1067 ιν.
405 1010 567 1068 Nunc
607 1027 744 1068 vero
791 1012 861 1068 de
901 1013 1082 1085 operis
1119 1013 1416 1070 Arnobiani
1451 1014 1624 1085 pretio
1672 1014 1815 1084 loqui

210 1103 382 1174 placet
419 1120 548 1161 cum
581 1105 701 1160 viro
731 1105 946 1162 erudito
968 1149 984 1173 ,
1017 1106 1070 1161 in
1107 1104 1248 1162 hanc
1276 1106 1449 1163 ferme
1486 1106 1813 1163 sententiam

207 1195 541 1254 cdisserente
567 1220 582 1254 :
613 1216 632 1250 ι
670 1196 990 1254 Recoudittc
1035 1197 1140 1254 hoc
1183 1198 1463 1268 sapientia:
1502 1207 1817 1270 promptua-

208 1289 344 1344 rium
387 1305 500 1362 quo
550 1290 740 1346 insana
783 1290 1025 1362 gentium
1075 1289 1266 1362 religio
1312 1290 1642 1362 exploditur,
1688 1305 1814 1346 vera

208 1382 582 1450 conﬁrmatur,
614 1382 763 1438 omni
796 1383 953 1439 laude
995 1381 1171 1454 majus
1199 1394 1305 1440 est.
1335 1385 1469 1451 Quis
1509 1384 1653 1440 enim
1696 1383 1812 1439 elo-

209 1474 441 1544 quentia
464 1489 684 1542 nervos,
708 1475 974 1530 rationum
999 1474 1258 1546 pondera,
1284 1475 1576 1546 exquisitas
1599 1485 1817 1531 senten-

212 1567 309 1621 tias
333 1581 460 1622 eum
489 1566 779 1637 pervolvit,
813 1582 921 1622 non
943 1565 1206 1637 abripitur
1234 1568 1286 1622 in
1313 1583 1556 1623 amorem
1592 1577 1648 1624 et
1677 1567 1818 1622 desi-

215 1658 422 1714 derium
443 1659 578 1714 tanti
598 1659 874 1715 auctoris?
895 1657 1104 1731 Ubique
1125 1660 1422 1732 triumphat
1441 1660 1819 1715 ﬂorentissima

1923 556 2152 609 stantior
2189 554 2312 624 jure
2360 554 2658 622 habeatur,
2712 555 2852 611 haud
2899 558 3080 626 paucis
3130 567 3308 613 tamen
3361 558 3531 613 mevis

1924 647 2321 718 typothetarutn
2351 647 2482 701 vitio
2510 647 2739 712 laborat,
2765 651 2894 717 quin
2923 658 2978 704 et
3027 648 3222 706 alicubi
3253 650 3419 706 verba
3447 649 3531 705 in-

1925 750 2072 812 tegra
2101 742 2310 811 penitus
2340 742 2538 795 omissa
2563 744 2617 795 in
2638 757 2700 797 ea
2728 741 3140 813 deprehendas;
3172 743 3370 815 quibus
3405 759 3533 816 pro-

1926 832 2050 888 inde
2081 833 2292 890 mendis
2321 833 2551 904 aliisque
2593 832 2770 890 adhuc
2808 834 3144 904 gravioribus
3169 845 3379 900 scatet,
3411 851 3532 907 quae

1923 927 2069 982 illam
2096 927 2371 995 expressit
2402 928 2743 997 parisiensis.

1995 1018 2230 1074 Ductore
2253 1020 2432 1090 itaque
2451 1019 2792 1090 potiSsimum
2816 1019 3064 1094 Nourryo
3087 1036 3139 1075 ν.
3163 1021 3238 1077 cl.
3262 1022 3353 1091 qui
3379 1022 3535 1078 libris

1921 1111 2233 1166 arnobianis
2257 1111 2627 1168 emaculandis
2668 1112 3109 1186 illustraudisque
3155 1129 3337 1184 operte
3364 1115 3537 1186 pluri-

1922 1219 2068 1258 mum
2100 1203 2332 1260 contulit
2360 1203 2618 1274 (Nourr.,
2651 1207 2853 1276 Appar.
2884 1208 2954 1261 ad
2978 1206 3118 1264 Bibl.
3146 1220 3373 1279 patrum,
3407 1219 3534 1266 tom.

1921 1309 1995 1361 ιι,
2028 1312 2150 1366 pag.
2184 1295 2457 1365 257-570)
2487 1337 2504 1362 ,
2543 1296 2767 1352 editioni
2811 1312 3010 1355 nostra:
3050 1301 3416 1371 perpoliendzc
3457 1302 3540 1356 in-

1929 1388 2236 1454 cubuimus,
2267 1389 2646 1446 selectiuribus
2670 1391 3010 1448 eruditorum
3045 1395 3187 1448 notis
3217 1394 3284 1450 ad
3309 1395 3539 1451 Arnobii

1924 1490 2126 1537 textum
2177 1483 2439 1552 imprimis
2466 1470 2861 1540 emendandum
2912 1489 3280 1557 comparatis,
3332 1497 3545 1546 nostras

1923 1577 2344 1648 qualescumque
2377 1577 2703 1634 intexentes.
2759 1578 2964 1637 Deinde
2989 1597 3098 1651 quo
3121 1583 3360 1638 auctoris
3383 1582 3545 1639 lectio

1932 1668 2114 1722 utilior
2139 1668 2192 1722 in
2223 1677 2498 1738 posterum
2528 1670 2892 1741 comingeret,
2921 1673 3190 1742 simulque
3218 1674 3437 1730 tmdium
3460 1675 3543 1731 le-

215 1749 327 1820 ejus
352 1750 545 1814 dictio.
591 1760 754 1823 atque
801 1751 901 1823 ipsi
929 1752 1069 1808 adeo
1103 1753 1338 1824 gentiles
1381 1769 1480 1809 suo
1505 1753 1824 1825 jugulantur
1857 1783 1904 1843 Β
1932 1767 2141 1814 ctorum
2192 1774 2255 1814 ac
2301 1759 2540 1815 laborem
2589 1762 2950 1819 allevaremus
2974 1806 2989 1832 ,
3023 1765 3352 1821 arnobianos
3381 1767 3547 1824 libros

219 1843 419 1912 gladio.
447 1841 703 1898 Calamus
726 1842 819 1899 ille
843 1844 1006 1900 simul
1036 1861 1228 1902 omnes
1260 1855 1504 1903 tacentes
1531 1847 1817 1917 gentilium

220 1935 347 1992 deos
377 1935 637 2007 perfodit,
667 1936 920 1993 confecit.
951 1936 1151 2004 Verbo,
1180 1937 1455 1994 Arnobius
1483 1938 1613 1994 Afer
1633 1938 1812 1994 adver-

227 2047 313 2084 sus
327 2039 543 2101 gentes,
561 2029 826 2086 abstrusa:
846 2029 1166 2087 eruditionis
1180 2042 1391 2098 auctor,
1410 2031 1822 2098 subtilis,diser-

226 2131 325 2190 tus,
358 2124 580 2194 ingenio
605 2134 662 2180 et
701 2123 949 2180 facundia
980 2135 1242 2196 praestans
1262 2168 1279 2194 ,
1308 2126 1619 2183 ethnicismi
1645 2127 1831 2184 debel-

227 2213 359 2270 lator
389 2214 719 2292 fortissimus
755 2234 776 2267 ι
820 2213 1064 2288 (Prtefat.
1110 2216 1180 2270 ad
1229 2217 1450 2287 Arnob.,
1495 2218 1614 2274 edit.
1657 2217 1833 2292 Lugd.

226 2305 362 2372 Bal.,
392 2305 583 2375 1651).
618 2307 743 2364 Haec
774 2306 888 2364 ille.

293 2399 750 2470 Quandoquidem
781 2416 912 2458 vero
932 2402 1202 2460 Arnobius
1228 2403 1283 2460 in
1304 2405 1418 2462 suis
1447 2415 1659 2477 septem
1682 2407 1836 2464 libris

229 2493 634 2550 conscribendis
663 2493 865 2565 duplex
886 2495 988 2551 sibi
1021 2511 1250 2567 pensum
1280 2498 1671 2555 absolvendum
1707 2516 1834 2572 pro-

231 2588 490 2655 posuerit,
523 2585 781 2642 nimirum
835 2595 893 2642 ut
930 2598 985 2642 et
1033 2587 1224 2644 falsam
1252 2590 1536 2661 gentilium
1567 2601 1626 2647 et
1651 2608 1833 2648 veram

232 2681 652 2736 christianorum
683 2694 806 2737 esse
846 2679 1166 2752 religionem
1201 2683 1480 2749 evinceret
1507 2702 1520 2737 :
1552 2685 1724 2740 multo
1753 2685 1838 2740 lu-

235 2773 500 2830 culentius
541 2773 776 2829 etbnica:
827 2774 1228 2844 superstitionis
1272 2775 1604 2846 impietatem
1664 2781 1840 2849 impu-

1931 1851 2021 1922 qui
2053 1853 2315 1909 hactenus
2338 1854 2630 1923 coniuncto
2656 1857 3079 1927 contiuuatoque
3126 1875 3382 1916 sermone
3411 1875 3541 1930 pro-

1933 1945 2173 2012 dierunt,
2205 1961 2351 2003 nunc
2377 1948 2611 2018 primum
2641 1951 2695 2004 in
2723 1951 2898 2021 capita
2928 1967 3026 2006 seu
3055 1953 3331 2008 sectiones
3359 1953 3547 2009 distri-

1936 2036 2187 2104 buimus;
2234 2054 2462 2106 quarum
2499 2041 2764 2112 analysim
2798 2052 3060 2111 praeterea
3099 2043 3153 2098 in
3182 2043 3359 2100 indice
3389 2043 3551 2115 operi

1938 2129 2150 2200 adjecto
2175 2131 2526 2201 subjecimus.
2548 2164 2618 2174 ——
2642 2134 2914 2190 Hactenus
2939 2136 3276 2194 Gallandius.
3304 2138 3411 2194 Sed
3433 2143 3547 2208 jam

1904 2260 1910 2268 η
1940 2223 2008 2280 de
2028 2225 2251 2296 singulis
2270 2224 2596 2282 editionibus
2614 2243 2736 2283 cum
2761 2230 3197 2286 Schmnuemann
3249 2229 3550 2286 videamus.

2413 2404 2633 2446 δέεαι]ιο
2663 2405 2861 2446 DECIIO
2888 2405 3085 2447 SEXTO.

2746 2527 2905 2583 1545.

2021 2677 2206 2734 Roma:
2232 2678 2371 2751 apud
2400 2680 2592 2737 Franc.
2622 2681 2954 2739 Priscianen.
2973 2683 3374 2751 Florentinum,
3394 2685 3551 2742 in-l".

1945 2770 2160 2826 Αγηοὸἱί
2191 2769 2619 2840 Disputatiouum
2642 2776 2885 2830 adversus
2916 2788 3088 2848 gentes
3111 2777 3228 2831 libri
3258 2787 3394 2846 octo,
3425 2795 3561 2833 nunc

241 2880 453 2936 «ἐπειδη,
495 2880 659 2938 quam
691 2863 1002 2922 christiana
1045 2865 1167 2923 ﬁdei
1211 2867 1493 2924 veritatem
1537 2869 1846 2926 ostendisse
1947 2866 2173 2934 primum
2200 2867 2253 2920 in
2280 2867 2445 2921 lucem
2495 2868 2637 2921 editi.
2670 2900 2737 2913 -σ-
2765 2867 2821 2923 [tl
2853 2870 2964 2926 line
2991 2889 3002 2925 :
3029 2870 3216 2928 Romae
3263 2872 3318 2928 in
3355 2873 3564 2931 aedibus

238 2963 380 3018 visus
403 2971 512 3018 est.
538 2959 677 3016 ﬂinc
723 2969 944 3015 sanctus
970 2960 1332 3032 Hieronymus
1358 2978 1372 3015 :
1403 2980 1420 3012 ι
1449 2962 1588 3034 Ego,
1620 2981 1640 3015 ι
1674 2962 1849 3034 inquit
1949 2958 2226 3014 Francisci
2256 2959 2674 3028 Priscianeusis,
2705 2979 2911 3018 non".

241 3056 506 3128 (Βίωνι,
541 3057 692 3127 epist.
726 3071 858 3124 tht,
885 3057 957 3110 al.
989 3071 1170 3124 Lxxw,
1209 3057 1280 3110 ad
1327 3055 1645 3127 TranquilL,
1685 3057 1712 3128 §
1741 3057 1776 3110 Ξ
1798 3058 1843 3129 ),

248 3172 267 3205 σ
298 3152 582 3223 Origenem
611 3161 836 3222 propter
863 3150 1224 3207 eruditionem
1250 3151 1332 3206 sic
1360 3150 1633 3206 interdum
1661 3151 1845 3221 legen-

243 3247 366 3303 dum
411 3253 670 3310 arbitror,
723 3245 997 3316 quomodo
1054 3244 1444 3303 Tertullianum
1471 3289 1486 3312 ,
1535 3245 1798 3301 Novatum
1826 3288 1842 3315 ,

246 3339 568 3405 Arnobium,
598 3336 995 3408 Apollinarium
1024 3345 1080 3394 et
1107 3329 1399 3393 nonnullos
1445 3337 1850 3393 ecclesiasticos

243 3435 557 3505 scriptores,
587 3447 797 3505 graecos
825 3432 1026 3501 pariter
1051 3441 1107 3488 et
1135 3432 1366 3498 latinos;
1396 3441 1453 3488 ut
1480 3431 1617 3487 bona
1658 3447 1848 3487 eorum

245 3528 530 3598 eligamus,
553 3527 898 3595 vitemusque
920 3524 1213 3590 contraria,
1240 3524 1392 3594 juxta
1421 3525 1743 3594 Apostolum
1770 3525 1852 3579 di-

247 3631 494 3678 centem:
551 3617 742 3673 Omnia
773 3617 1020 3688 probate;
1061 3616 1197 3688 quod
1241 3616 1428 3670 bonum
1477 3626 1570 3682 est,
1622 3624 1781 3670 tenete
1811 3613 1856 3687 (l

258 3715 458 3784 Τήρεω,
488 3732 544 3782 v,
575 3713 691 3787 2i).
733 3731 752 3765 ι
786 3713 1048 3768 thterum
1082 3727 1187 3765 non
1210 3711 1345 3766 adeo
1374 3711 1709 3780 incomperta
1738 3709 1857 3764 fue-

251 3818 372 3864 runt
419 3806 667 3864 Arnobio
709 3803 1020 3861 christianaa
1067 3803 1345 3873 religionis
1383 3803 1640 3875 mysteria
1670 3844 1682 3867 ,
1729 3801 1857 3873 quin

251 3913 393 3955 recte
418 3900 490 3955 de
518 3898 749 3954 summis
781 3896 902 3952 fidei
933 3895 1202 3967 capitibus
1227 3894 1552 3966 disputarit;
1583 3905 1640 3950 ut
1669 3897 1860 3951 adver-

252 4009 341 4048 sus
371 3991 666 4048 nonnullos
688 3989 1015 4045 morosiores
1037 3989 1286 4044 homines
1311 3989 1609 4044 luculenter
1629 3988 1858 4043 demon-

249 4095 490 4141 strarunt
529 4085 632 4139 viri
668 4082 998 4150 doctissimi,
1042 4080 1322 4153 Nourryus
1362 4079 1610 4152 (Nourr.,
1647 4081 1846 4151 Appar.

251 4179 315 4232 ad
343 4177 484 4232 Bibl.
518 4186 744 4247 patrum,
779 4184 902 4229 tom.
935 4191 992 4240 ιι,
1027 4192 1147 4246 pag.
1170 4174 1299 4240 290,
1330 4172 1439 4229 9.96
1469 4185 1515 4227 et
1541 4173 1676 4244 seq.)
1699 4214 1713 4238 ,
1748 4172 1858 4227 Ma-

251 4285 415 4326 nnus
439 4269 462 4344 (
489 4268 726 4332 Marem,
757 4266 930 4321 Divin.
964 4265 1048 4320 Β-
1067 4265 1144 4322 N.
1175 4266 1233 4322 .I.
1271 4265 1356 4333 (3.,
1390 4266 1478 4320 lib.
1509 4282 1568 4321 tu
1589 4308 1604 4329 .
1637 4283 1752 4336 cap.
1803 4266 1858 4329 4.

253 4364 363 4432 §5,
408 4373 458 4416 et
509 4362 599 4416 lib.
648 4377 722 4428 Iv,
755 4377 870 4431 cap.
917 4357 1010 4426 22,
1043 4359 1071 4430 §
1099 4360 1166 4424 1,
1221 4376 1343 4432 pag.
1376 4358 1511 4424 326,
1543 4356 1721 4428 551),
1772 4357 1860 4411 alii

254 4472 390 4528 quos
422 4455 656 4528 proinde
684 4455 971 4511 consulere
1001 4469 1180 4524 operte
1203 4453 1432 4524 pretium
1463 4453 1639 4506 fuerit.

2022 3051 2282 3122 Princeps
2302 3054 2417 3108 haec
2448 3053 2674 3109 Arnobii
2697 3054 2865 3110 editio
2890 3055 3121 3112 debetur
3145 3056 3346 3113 Fausto
3370 3059 3564 3116 Sabato

2023 3100 2047 3105 _
2070 3100 2280 3122 ---Ἦν
2303 3100 2417 3108 --.η
2448 3100 2674 3109 ,-.-.-.,..
2699 3100 2863 3110 --.ην
2891 3100 3111 3112 νην...
3149 3100 3169 3112 .
3191 3100 3345 3113 ...μην
3370 3100 3563 3116 ψη...

1873 3100 1919 3163 C
1953 3140 2231 3209 Brixiano,
2250 3143 2593 3200 bibliotheca:
2615 3147 2872 3202 vaticana:
2895 3157 3022 3203 tunc
3045 3150 3306 3219 temporis
3319 3152 3563 3217 custode.

1955 3233 2176 3292 homine
2207 3236 2422 3292 erudito
2452 3246 2508 3293 et
2538 3237 2733 3310 insigni
2761 3239 3027 3312 imprimis
3054 3243 3448 3308 versilicutore,
3475 3245 3565 3313 qui

1961 3326 2250 3385 Francisco
2291 3330 2334 3395 l,
2367 3331 2647 3387 Gallorum
2698 3333 2846 3404 regi,
2887 3350 3006 3390 eam
3037 3336 3314 3409 inscripsit
3339 3339 3567 3409 epistola

1965 3420 2081 3475 Ilala
2124 3422 2314 3478 Roma:
2358 3433 2413 3479 et
2469 3424 2599 3480 bibl.
2650 3426 2921 3496 palatina,
2974 3427 3191 3485 kalend.
3242 3433 3569 3503 septembris

1964 3530 2182 3570 beun.
2215 3515 2293 3571 Ex
2325 3515 2427 3571 bac
2456 3519 2711 3573 nonnulla
2742 3520 2983 3578 delibare
3021 3525 3073 3578 in
3124 3523 3386 3580 lectorum
3419 3538 3570 3581 com-

1964 3608 2183 3662 modum
2231 3610 2400 3678 juvat.
2450 3611 2818 3667 Intelleximus
2875 3615 3016 3669 enim
3062 3631 3092 3670 a
3138 3617 3320 3672 multis
3349 3618 3566 3688 quidem

1965 3700 2031 3756 de
2047 3701 2145 3756 hac
2165 3701 2400 3758 editione
2418 3704 2580 3758 verba
2607 3720 2727 3760 esse
2749 3704 2908 3772 facta,
2925 3707 3094 3775 ipsam
3114 3717 3295 3764 autem
3313 3712 3571 3780 paucissi-

1965 3794 2068 3849 mis
2108 3804 2313 3849 tantum
2347 3795 2540 3863 visam,
2563 3797 2706 3866 quod
2737 3800 2902 3853 variis
2946 3799 3143 3869 passim
3177 3804 3453 3857 erroribus
3475 3820 3571 3858 an-

1966 3905 2083 3945 sam
2111 3888 2280 3945 dedit.
2314 3889 2675 3961 Prtecipuum,
2713 3891 2855 3962 quod
2884 3894 3137 3963 cuiquam
3161 3896 3571 3952 animadversa-

1969 3983 2116 4041 tione
2145 3984 2365 4054 dignum
2425 3984 2594 4040 videri
2645 3986 2832 4054 possit,
2864 3987 3106 4056 profecto
3146 3988 3249 4043 hoc
3293 3999 3396 4056 est,
3429 3992 3572 4062 quod

1960 4080 2082 4150 jure
2107 4079 2226 4133 belli
2274 4096 2419 4133 suum
2471 4097 2576 4135 esse
2620 4080 2904 4134 Arnobium
2957 4080 3108 4145 dicit,
3138 4099 3286 4152 quem
3316 4085 3524 4141 scilicet
3548 4105 3576 4142 e

1968 4174 2137 4226 media
2190 4171 2420 4227 barbarie
2461 4189 2565 4227 non
2612 4174 2722 4227 sine
2747 4174 3014 4241 dispendio
3044 4183 3099 4230 et
3123 4175 3437 4233 discrimine
3469 4179 3576 4232 eri-

1976 4267 2162 4337 puerit.
2190 4266 2322 4333 Qum
2372 4267 2416 4321 si
2449 4268 2707 4322 attentius
2738 4267 3030 4338 aliquando
3075 4271 3378 4341 perpendas
3419 4283 3473 4328 et
3511 4289 3574 4328 ea

1971 4359 2134 4414 simul
2183 4361 2441 4414 memoria
2469 4371 2844 4432 reputes,qu:n
2873 4362 2940 4416 de
2971 4363 3080 4416 vita
3107 4363 3378 4434 rebusque
3405 4369 3575 4423 nostri

1974 4449 2166 4505 tradita
2211 4451 2459 4521 legimus,
2490 4451 2542 4506 id
2573 4453 2800 4508 innuere
2828 4453 2965 4507 velle
2993 4453 3224 4522 videtur,
3261 4472 3321 4511 se
3352 4458 3579 4514 Arnobii

327 4550 395 4605 γ.
441 4551 552 4607 Sed
593 4560 649 4605 ut
673 4549 740 4604 de
769 4559 990 4604 auctore
1029 4548 1246 4603 demum
1290 4547 1515 4617 ejusque
1540 4560 1705 4616 opere
1735 4561 1856 4600 ser-
1890 4544 1942 4604 D
1971 4544 2441 4614 aliquemcutnque
2491 4544 2730 4612 unicum,
2775 4557 2836 4601 ut
2880 4557 3068 4617 postea
3123 4551 3390 4618 apparuit,
3425 4553 3575 4607 codi~

261 4661 476 4701 toonem
505 4646 933 4713 concludamus,
964 4659 1028 4699 ex
1061 4659 1166 4698 uno
1195 4643 1484 4714 superstite
1533 4657 1636 4696 ms.
1678 4642 1864 4698 codice

259 4740 612 4796 bibliotheca:
638 4739 922 4802 vaticantc,
951 4739 1276 4810 octingentis
1303 4746 1355 4793 et
1384 4737 1618 4808 amplius
1666 4735 1866 4790 abhinc

262 4833 421 4890 annis
451 4834 687 4904 eleganti
719 4835 1038 4888 charactere
1068 4842 1330 4895 exaruto;
1362 4833 1452 4901 qui
1483 4838 1668 4900 postea
1695 4828 1747 4882 in
1779 4844 1866 4883 re-

261 4930 408 4996 giam
437 4925 822 4981 bibliothecam
853 4924 1211 4995 parisiensem
1241 4924 1482 4992 transiit,
1510 4923 1656 4978 curis
1687 4922 1869 4976 Fausti

264 5018 443 5075 Saluti
474 5018 673 5088 prodiit
699 5019 879 5089 operis
901 5019 1194 5073 Arnohiani
1225 5019 1473 5088 princeps
1505 5033 1727 5072 romana
1757 5016 1873 5071 edi-

270 5111 344 5166 tio
376 5126 521 5166 anno
554 5111 716 5167 1542.
747 5110 896 5166 Hanc
925 5126 1054 5166 vero
1082 5109 1341 5165 insecuta:
1369 5117 1493 5164 sunt
1523 5109 1831 5179 complures
1855 5149 1871 5175 ,

267 5205 513 5260 virorum
546 5205 909 5272 eruditorum,
941 5202 1176 5271 Canteri,
1202 5203 1385 5260 Ursini
1409 5247 1423 5270 ,
1451 5203 1834 5259 Elmenhorstii
1856 5243 1871 5269 ,

274 5297 603 5363 Stewecltii,
667 5296 891 5352 lleraldi
959 5296 1302 5367 aliorumque
1360 5296 1540 5351 studio
1604 5297 1874 5366 expolitm.

273 5391 528 5447 Omnium
570 5390 1014 5447 emendatissima
1060 5390 1419 5454 existimatur,
1472 5405 1591 5460 quae
1636 5389 1878 5461 Lugduni

279 5486 600 5542 Batavorum
620 5529 636 5554 ,
668 5500 814 5540 anno
846 5484 1014 5552 1651,
1048 5501 1117 5540 ex
1147 5485 1464 5540 recensione
1501 5485 1598 5538 viri
1639 5485 1881 5539 celeber—

279 5583 398 5636 rimi
425 5583 674 5653 evulgata
703 5588 810 5642 est,
842 5579 1068 5649 adjectis
1093 5589 1350 5649 praeterea
1384 5578 1610 5648 integris
1639 5578 1878 5631 omnium

281 5676 686 5732 commentariis
713 5693 724 5728 :
751 5672 820 5727 ad
851 5687 1008 5741 quam
1039 5671 1382 5742 postmodum
1409 5679 1596 5727 exacta
1623 5668 1721 5725 fuit
1747 5669 1885 5740 pari-

282 5770 468 5826 sicnsis
495 5769 621 5827 anni
672 5765 837 5823 1686.
885 5763 1079 5819 Priorii
1111 5775 1166 5821 et
1210 5764 1428 5820 selectis
1469 5764 1696 5818 aliorum
1745 5761 1888 5816 notis

286 5863 545 5933 adornata,
599 5862 974 5938 operibusque
1018 5859 1273 5932 Cypriani
1317 5859 1579 5930 subjecta.
1627 5857 1888 5925 Quamvis

1974 4653 2092 4693 cem
2120 4638 2174 4693 in
2207 4638 2370 4696 terris
2399 4639 2643 4706 remotis,
2675 4639 2814 4696 forte
2858 4641 2910 4694 in
2941 4643 3267 4710 germanicis
3295 4645 3376 4699 vel
3405 4644 3578 4717 belgi«

1973 4731 2051 4785 cis
2077 4732 2189 4785 oris
2211 4731 2636 4801 deprehendisse
2663 4748 2725 4786 ac
2753 4732 2804 4786 in
2826 4733 3126 4788 vaticauam
3155 4735 3282 4790 bibl.
3310 4737 3576 4793 intulisse.

1976 4821 2110 4878 Nam
2142 4823 2283 4892 quod
2321 4823 2386 4878 ad
2415 4825 2640 4894 primam
2675 4824 2835 4895 hujus
2855 4826 3183 4896 conjectura:
3212 4839 3417 4898 partem
3459 4835 3583 4888 atti-

1975 4927 2087 4980 net,
2120 4916 2318 4985 smpius
2348 4916 2400 4970 in
2438 4918 2721 4972 versiculis
2747 4919 2860 4973 suis
2887 4921 3104 4989 populos
3134 4932 3298 4976 truces
3324 4933 3370 4976 el
3421 4925 3579 4993 feros,

1976 5012 2294 5081 mediamque
2319 5011 2605 5066 barbariem
2621 5024 2827 5084 crepat,
2850 5015 2992 5069 unde
3010 5032 3221 5072 summo
3247 5033 3368 5073 cum
3394 5018 3586 5075 discri-

1981 5105 2128 5158 mine
2154 5101 2406 5159 etlabore
2427 5116 2480 5158 et
2498 5103 2610 5159 suis
2628 5104 2763 5160 adeo
2779 5107 3082 5176 sumptibus
3097 5109 3310 5165 codices
3332 5112 3586 5182 antiquos

1981 5197 2306 5267 protulerit,
2357 5213 2584 5268 quorum
2636 5199 3092 5269 exquirendorum
3138 5219 3298 5258 causa
3346 5221 3374 5259 a
3404 5205 3585 5263 Leone

1983 5308 2118 5362 papa
2146 5302 2200 5347 et
2241 5292 2356 5363 ejus
2407 5294 2664 5365 deinceps
2715 5298 3121 5354 successmibus
3173 5303 3369 5357 missus
3421 5315 3584 5361 esset.

1986 5387 2248 5443 Eumdem
2270 5389 2521 5443 autemiu
2552 5390 2851 5445 vaticanam
2878 5394 2944 5448 ab
2977 5409 3043 5449 eo
3075 5395 3241 5452 fuisse
3269 5400 3586 5469 repositum,

1989 5489 2100 5534 tum
2130 5478 2315 5543 ofﬁcii,
2342 5479 2486 5550 quod
2519 5482 2617 5551 ipsi
2667 5484 3040 5552 incumbebat,
3077 5489 3315 5544 rationes
3336 5493 3586 5557 suadent,

1990 5582 2100 5625 tum
2129 5588 2258 5627 vero
2287 5574 2559 5645 expressis
2587 5574 2755 5628 Fulvii
2791 5576 2991 5645 Ursini,
3018 5580 3187 5648 ipsius
3218 5599 3434 5654 quoque
3482 5589 3588 5639 Ar-

1993 5665 2135 5718 nobii
2189 5663 2449 5731 editoris,
2495 5667 2693 5730 verbis,
2724 5669 2951 5738 epistola
2983 5682 3108 5727 ante
3152 5690 3432 5732 romanam
3460 5679 3565 5733 alte

1993 5774 2107 5812 ram
2139 5758 2206 5813 ad
2251 5757 2570 5831 Gregorium
2603 5759 2722 5819 Xlll
2777 5761 3120 5821 dedicatione
3152 5767 3430 5838 inspersis,
3461 5788 3594 5827 ροη-

1996 5856 2256 5920 lit-matur,
2278 5855 2474 5924 quibus
2505 5855 2801 5911 Arnobium
2833 5857 3066 5926 primum
3115 5877 3146 5918 c
3174 5864 3427 5920 vaticana
3457 5866 3592 5922 bibl.
