3918 6344
384 298 490 354 535

1710 297 1801 354 DE
1837 295 2140 354 ABNOBIO
2168 293 2354 354 Δι’Βο

3572 301 3680 358 556

379 413 431 466 in
465 413 637 468 lucem
665 411 927 482 prodiisse
975 420 1228 469 testatur.
1256 411 1372 468 Jam
1404 412 1502 466 fuit
1548 412 1834 481 aliquando
1859 410 1969 466 Lu-
1997 414 2044 472 A
2081 412 2384 471 afﬁrmatur
2416 415 2468 471 in
2496 414 2787 488 privilegio
2814 429 2844 471 a
2871 412 3041 472 Paulo
3090 415 3176 483 Ill,
3212 416 3312 487 ipsi
3340 430 3603 474 concesso
3629 426 3684 473 et

377 501 553 556 dovici
596 501 869 558 Carrionis
918 505 1032 558 haec
1085 504 1267 573 opinio
1296 501 1397 573 (l).
1451 503 1690 557 omnium
1721 503 1976 572 deinceps

375 592 657 648 doctorum
704 593 981 649 hominum
1031 610 1252 650 assensu
1305 593 1675 664 comprobata,
1731 593 1973 649 codicem

379 684 623 752 Arnubii,
643 685 804 756 quiin
829 686 1150 742 bibliotheca
1173 686 1317 756 regia
1346 684 1632 754 parisiensi
1657 695 1827 751 extat,
1852 702 1973 741 eum

376 776 548 844 ipsum
578 791 720 841 esse,
749 793 816 832 ex
859 793 966 846 quo
1020 777 1265 832 Sabinum
1295 793 1419 831 eum
1467 776 1570 830 luci
1616 777 1788 842 daret,
1814 777 1972 847 quod,

381 888 497 942 qua:
517 873 583 926 sit
607 872 660 925 in
689 888 902 926 romana
928 871 1094 941 prima
1125 870 1372 924 librorum
1399 870 1608 924 illorum
1633 869 1974 938 publicatione

376 966 685 1036 paginarum
731 966 923 1034 aliquot
948 967 1004 1018 in
1032 965 1258 1018 alienum
1281 966 1447 1018 locum
1473 965 1829 1034 transpasitio,
1862 975 1976 1019 tan-

374 1057 489 1110 dem
517 1057 613 1110 hoc
642 1056 694 1109 in
722 1054 848 1109 libro
877 1072 983 1110 esse
1043 1066 1258 1110 constet.
1294 1055 1453 1112 Unde
1479 1058 1784 1127 suspicatur
1827 1057 1974 1112 codi-

371 1165 487 1204 cem
519 1149 659 1204 hunc
703 1164 806 1204 una
834 1164 958 1204 cum
985 1159 1134 1205 textu
1166 1151 1306 1220 typis
1335 1165 1430 1221 per
1455 1151 1878 1208 Priscianensem
1906 1166 1971 1205 ex

371 1242 572 1311 scripto
600 1241 887 1297 Francisco
933 1241 1175 1297 oblatum
1205 1241 1395 1298 fuisse.
1428 1243 1582 1312 Quod
1607 1245 1653 1300 si
1690 1253 1837 1300 recte
1882 1243 1974 1298 ille

371 1336 673 1405 conjecisse
696 1336 964 1405 putandus
995 1346 1098 1400 est,
1127 1347 1183 1390 ut
1206 1337 1485 1407 probabile
1520 1339 1588 1393 sit
1612 1353 1825 1410 quoque
1839 1336 1966 1403 hoc,

370 1429 514 1498 quod
540 1428 764 1483 alterius
797 1444 1034 1484 romanae
1068 1437 1286 1485 curator
1313 1428 1472 1485 Fulv.
1495 1429 1720 1486 Ursinus
1743 1430 1967 1496 codicis,

369 1539 476 1594 quo
510 1532 777 1589 uteretur,
806 1525 1136 1580 mentionem
1171 1525 1370 1581 nullam
1398 1525 1529 1580 facit
1561 1543 1575 1590 ;
1604 1525 1757 1596 jussu
1788 1525 1968 1596 ponti-

371 1619 484 1674 licis
516 1619 669 1674 Pauli
691 1619 759 1674 ΙΙΙ
797 1619 902 1675 hoc
929 1619 1125 1675 factum
1165 1635 1284 1676 esse
1343 1627 1572 1689 oportet.
1605 1617 1764 1675 Certe
1792 1619 1961 1675 codex

2081 507 2284 578 aliquot
2311 524 2338 562 a
2370 509 2554 564 limine
2599 508 2808 580 paginis
2835 508 3123 580 impresso,
3167 510 3219 564 in
3249 526 3355 580 quo
3387 509 3683 583 typotheta

2081 615 2266 656 errore
2294 602 2506 668 accidit,
2557 611 2615 657 ut
2654 603 2782 658 anni
2824 613 2948 658 nota
2993 601 3129 658 falso
3167 618 3354 658 noun
3400 603 3524 660 loco
3571 619 3684 660 mt

2085 692 2447 765 (Ponti/ionius
2479 693 2636 750 Pauli
2664 712 2802 751 anno
2823 697 3025 767 octavo)
3053 696 3472 752 cxscriberetur.
3504 696 3677 766 Hujus

2081 785 2334 840 editionis
2373 787 2705 857 exemplaria
2757 787 2879 853 tria,
2911 803 3076 843 unum
3128 803 3249 842 cum
3279 788 3680 844 emendationi—

2081 878 2179 932 bus
2207 889 2264 933 et
2291 879 2456 934 variis
2486 880 2804 935 lectionibus
2848 895 3010 935 manu
3037 879 3154 936 Jac.
3189 879 3554 952 Dalechampii
3582 897 3682 938 ex—

2077 973 2259 1035 aratis,
2288 971 2515 1028 alterum
2561 989 2683 1030 cum
2734 974 2880 1030 notis
2928 984 2981 1030 et
3009 975 3532 1031 emendationibusa
3561 976 3677 1032 Nic.

2077 1061 2308 1133 Rigahio
2335 1067 2642 1139 exscriptis,
2671 1066 2889 1123 tertium
2938 1070 3061 1122 cum
3103 1066 3368 1139 glossario
3405 1066 3679 1126 Francisci

2076 1153 2271 1212 Pithoei
2300 1167 2355 1213 et
2383 1157 2561 1214 indice
2587 1173 2768 1215 rerum
2813 1167 2871 1216 et
2915 1159 3224 1224 verborum,
3271 1175 3484 1218 necnon
3519 1163 3682 1219 resti-

2077 1250 2372 1306 tutionihus
2415 1260 2472 1307 et
2512 1251 2842 1323 conjecturis
2913 1251 3295 1325 marginalibus
3337 1253 3422 1310 Jo.
3472 1253 3673 1311 Passe-

2074 1343 2195 1398 ratii
2241 1357 2374 1401 mss.
2406 1355 2592 1401 extant
2622 1346 2674 1400 in
2726 1345 2976 1402 biblioth.
3017 1345 3162 1419 regia
3189 1347 3495 1418 parisiensi.
3538 1346 3678 1406 Vide

2075 1432 2212 1502 Cat.,
2237 1443 2276 1492 t.
2307 1452 2346 1506 ι,
2377 1452 2432 1508 p.
2463 1437 2590 1494 567.

2791 1577 2952 1635 ιδιδ.

371 1718 552 1783 regius
581 1728 650 1767 ex
695 1713 841 1768 omni
875 1712 998 1768 inde
1045 1721 1291 1781 tempore
1337 1725 1435 1781 pro
1465 1711 1622 1766 unico
1649 1711 1879 1775 habitus,
1912 1719 1969 1766 et
1995 1725 2045 1786 Β
2146 1712 2402 1770 Basilem.
2462 1711 2603 1783 apud
2653 1711 3018 1779 Frobenium,
3069 1711 3236 1782 in-8",
3263 1713 3476 1769 Αγηοὸἱὶ
3518 1710 3674 1785 Disp.

370 1813 642 1874 tamquam
666 1806 933 1860 tutissima
953 1807 1168 1861 criticcs
1194 1806 1502 1861 arnobianae
1534 1806 1741 1878 regula,
1775 1805 1970 1877 dignus

364 1898 650 1967 judicatus
675 1906 776 1964 est,
802 1897 892 1966 qui
930 1899 1130 1952 iterum
1163 1909 1335 1969 atque
1366 1898 1560 1954 iterum
1592 1915 1620 1951 a
1654 1899 1781 1952 viris
1800 1897 1970 1952 doctis

371 2005 734 2050 excuteretur.
767 1995 872 2050 Sed
916 1995 980 2050 ad
1014 1995 1269 2050 Sabmum
1305 1994 1607 2050 redeamus.
1636 1993 1686 2050 ls
1714 1994 1876 2065 igitur
1897 1993 1970 2048 ita

368 2089 651 2159 epistolam
717 2091 1162 2160 nuncupatoriam
1215 2090 1546 2144 exorditur:
1597 2109 1617 2141 s
1649 2089 1967 2145 Jamdudum

370 2185 632 2238 bonarum
662 2181 859 2237 artium
889 2180 1120 2235 studiosi
1147 2222 1159 2244 ,
1185 2180 1276 2250 qui
1303 2195 1390 2235 me
1417 2195 1522 2234 non
1555 2180 1763 2250 vulgari
1787 2195 1970 2235 amore

369 2286 789 2348 prosequuntur,
819 2273 1152 2343 qnotidiunis
1197 2288 1260 2327 ex
1273 2272 1722 2343 postulationibus
1751 2281 1806 2327 et
1835 2287 1970 2342 pene

367 2370 613 2425 convicio
662 2367 1004 2430 infestarunt,
1033 2367 1175 2437 quod
1208 2382 1328 2420 cum
1378 2365 1555 2420 studio
1587 2365 1887 2421 litterarum
1916 2373 1972 2421 et

367 2461 670 2517 credulitati
712 2469 911 2514 nostrae
952 2459 1149 2513 divinae
1192 2457 1474 2528 suffragari
1525 2471 1748 2526 possem
1792 2467 1845 2512 et
1873 2456 1969 2511 de-

368 2557 574 2618 berem,
606 2554 657 2608 in
686 2552 801 2608 dies
846 2566 1025 2607 moras
1073 2549 1242 2606 moris
1265 2560 1664 2604 connecterem.
1697 2548 1754 2603 lu
1806 2563 1968 2604 causa

367 2660 503 2714 erat,
533 2646 675 2717 quod
705 2645 998 2701 Arnobium
1029 2644 1268 2714 pristinae
1299 2641 1963 2714 religionis—eversorem

367 2743 759 2813 supprimerem
805 2748 859 2793 et
889 2737 1020 2792 mihi
1074 2736 1424 2792 vindicarem.
1459 2734 1658 2790 Contra
1703 2751 1802 2806 ego
1831 2734 1968 2790 infe-

368 2838 552 2889 rcbam
602 2836 773 2902 ipsum
827 2831 991 2885 variis
1030 2839 1084 2885 et
1132 2828 1517 2899 multiplicibus
1569 2827 1776 2883 mendis
1806 2838 1968 2899 atque

368 2929 644 2984 erroribus
673 2926 1109 2992 refertissimum,
1141 2933 1195 2979 et
1225 2924 1450 2978 multum
1483 2931 1743 2977 mutatum
1781 2923 1848 2978 ab
1874 2923 1967 2979 illo

365 3030 455 3093 qui
501 3022 676 3077 fuerat
706 3019 977 3091 quondam
1002 3033 1095 3072 ora
1127 3017 1408 3072 doctorum
1438 3016 1713 3072 hominum
1755 3015 1966 3072 subter-

365 3116 550 3186 fugere
572 3125 627 3169 cl
653 3113 853 3169 rubore
902 3109 1158 3166 sull‘undi.
1190 3110 1324 3163 Tum
1356 3108 1720 3164 illi—omnem
1747 3123 1964 3179 operam

367 3219 420 3263 et
475 3207 711 3262 studium
762 3207 813 3259 in
863 3219 1024 3259 unum
1058 3203 1443 3258 convenientes
1495 3202 1968 3268 adhibuere,ut—

368 3304 578 3370 integer
605 3309 660 3354 et
703 3295 1106 3352 abstersus—in
1139 3293 1411 3365 publicum
1455 3293 1693 3363 prodiret
1725 3303 1819 3348 :et
1844 3294 1965 3364 quia

370 3396 488 3464 ejus
517 3393 724 3448 curatio
756 3394 806 3446 in
840 3391 1058 3462 longum
1099 3388 1518 3460 protrahebatur
1545 3387 1788 3460 (difficile
1820 3388 1964 3442 enim

364 3497 481 3542 erat
525 3486 723 3543 multos
771 3485 999 3540 diversis
1029 3482 1259 3554 negotiis
1314 3481 1636 3552 praepeditus
1680 3481 1748 3535 ad
1776 3480 1963 3536 horam

364 3582 736 3654 pra'scriptam
763 3579 1003 3635 invenire
1028 3576 1442 3647 etconveuire),
1468 3574 1811 3645 Hieronymus
1834 3573 1966 3629 Fer-

363 3677 532 3731 rarius
576 3684 631 3731 et
673 3673 984 3728 Franciscus
1013 3669 1413 3736 Priscianensis,
1441 3669 1541 3723 viri
1567 3668 1863 3724 doctissimi
1911 3677 1968 3725 et

364 3771 567 3842 ingenii
604 3778 658 3824 et
687 3766 876 3839 judicii
925 3762 1409 3835 perspicacissimi,
1461 3761 1764 3816 emendandi
1793 3771 1840 3816 et
1867 3764 1964 3816 im-

366 3863 620 3936 primendi
660 3859 954 3916 Arnobium
1004 3855 1340 3929 provinciam
1381 3866 1776 3927 susceperunt;
1807 3865 1862 3910 et
1891 3856 1963 3910 ita

365 3956 596 4011 feliciter
621 3962 746 4009 sunt
785 3951 1041 4018 assecuti,
1071 3959 1130 4004 ut
1156 3950 1309 4004 illum
1336 3964 1365 4004 a
1389 3949 1551 4004 variis
1573 3959 1628 4005 et
1646 3949 1961 4006 enormibus

363 4051 509 4104 vitiis
565 4056 728 4118 atque
769 4045 1046 4101 erroribus
1099 4028 1431 4097 vindicarint
1473 4058 1488 4094 :
1536 4050 1647 4097 tum
1706 4041 1966 4113 eleganti-

366 4146 465 4200 hus
494 4154 547 4200 et
576 4139 956 4214 pulcherrimis
981 4136 1122 4210 typis
1147 4136 1472 4207 impressum
1501 4134 1554 4190 in
1586 4135 1816 4190 stadium
1842 4150 1967 4209 pro-

364 4238 657 4302 duxerint,
689 4249 777 4290 me
807 4245 936 4289 vero
976 4245 1007 4285 a
1050 4229 1333 4285 calumniis
1377 4235 1432 4283 et
1476 4227 1738 4283 moleStiis
1790 4229 1968 4284 ahsol-

364 4329 565 4384 verint.
619 4345 638 4379 ι
671 4324 801 4380 Haec
851 4322 959 4378 ille.
1013 4320 1093 4397 Es
1143 4319 1339 4391 quibus
1394 4317 1554 4374 facile
1599 4319 1967 4391 unusquisque

2075 1806 2316 1860 adversus
2345 1815 2514 1877 gentes
2542 1805 2657 1860 libri
2687 1822 2778 1861 vm
2800 1847 2815 1871 ,
2846 1823 2980 1860 nunc
3008 1805 3212 1861 demum
3255 1807 3328 1862 sic
3373 1807 3600 1862 πίνακί
3621 1815 3680 1862 ut

2076 1898 2138 1950 ab
2168 1898 2378 1952 eruditis
2405 1899 2516 1953 sine
2539 1897 2649 1952 ulla
2687 1896 3023 1967 offensatione
3051 1909 3099 1954 et
3127 1916 3243 1954 cum
3282 1900 3476 1971 majore
3503 1899 3679 1955 lectio-

2076 1992 2155 2046 nis
2196 2007 2365 2061 aperte
2393 1993 2554 2062 pretio
2580 1993 2814 2064 cognosci
2859 1992 3074 2062 possint.
3125 1991 3346 2048 Accessit
3398 1992 3556 2047 index
3592 2008 3681 2046 eo-

2075 2098 2210 2146 rmn,
2235 2097 2350 2153 qua:
2383 2091 2563 2136 natatu
2609 2083 2766 2154 digna
2795 2091 2932 2137 sunt.
2984 2082 3368 2154 Sigismundus
3420 2081 3680 2140 Gelenius

2078 2173 2128 2226 in
2155 2175 2381 2244 epistola
2414 2175 2804 2246 nuncupatoria
2833 2175 2902 2229 ad
2929 2173 3232 2230 Gilbertum
3256 2173 3560 2247 Cognatum
3587 2191 3680 2231 ca-

2076 2267 2328 2321 nonicum
2352 2278 2783 2332 nazoretensem,
2809 2275 3092 2338 postquam
3122 2267 3577 2338 comparationem
3592 2266 3678 2322 in.

2071 2369 2156 2415 ter
2184 2358 2530 2416 Lactantium
2555 2370 2609 2416 ct
2638 2361 2936 2417 Arnobium
2967 2350 3312 2417 instituerat:
3351 2378 3370 2412 ι
3399 2359 3507 2416 Sed
3533 2360 3678 2418 hanc

2075 2467 2386 2519 censuram,
2421 2454 2618 2525 pergit,
2650 2455 2854 2510 criticis
2902 2454 3279 2525 relinquimus,
3330 2454 3488 2511 nobis
3543 2453 3681 2512 nihil

2074 2549 2401 2618 sumpsimus
2447 2550 2547 2603 nisi
2574 2548 2937 2619 castigationis
2979 2547 3242 2604 laborem.
3284 2547 3418 2604 Nam
3448 2549 3678 2606 Romani

2075 2649 2133 2694 ut
2181 2641 2433 2698 candoris
2480 2643 2534 2697 in
2586 2641 3055 2709 communicando,
3091 2643 3144 2698 in
3174 2642 3590 2700 transcribendo
3614 2643 3678 2698 fl-

2070 2734 2157 2789 dci
2186 2735 2397 2792 laudem
2422 2747 2795 2806 promerentur
2816 2781 2831 2804 ,
2864 2737 2936 2791 ita
2978 2737 3160 2808 negari
3189 2752 3298 2791 non
3354 2744 3530 2806 potest
3553 2737 3680 2792 nul-

2071 2827 2179 2882 lum
2210 2843 2306 2884 eos
2355 2828 2666 2884 adhibuisse
2695 2829 2748 2882 in
2780 2827 3022 2899 legendis
3049 2829 3244 2898 priscis
3269 2827 3679 2885 characteribus

2070 2922 2422 2978 exercitatum
2463 2940 2478 2976 :
2521 2936 2630 2993 quo
2659 2921 2961 2990 saepissime
2992 2919 3190 2976 factum
3215 2929 3321 2987 est,
3349 2931 3407 2976 ut
3433 2937 3539 2976 non
3563 2931 3679 2978 tam

2073 3017 2341 3072 sinceram
2372 3016 2687 3081 lectionem,
2719 3030 2880 3086 quam
2908 3014 3028 3086 ejus
3059 3013 3282 3087 vestigia
3310 3009 3675 3084 prodiderint,

2075 3125 2169 3179 per
2197 3124 2316 3180 quae
2344 3110 2438 3163 vix
2463 3108 2790 3180 pedetentim
2840 3107 2906 3164 ad
2931 3111 3212 3164 veritatem
3242 3107 3475 3164 evadere
3497 3106 3680 3179 pomi-

2071 3217 2211 3258 mus.
2247 3202 2523 3259 Fateberis
2550 3218 2648 3259 nos
2674 3219 2783 3258 non
2811 3220 2948 3259 vana
2973 3203 3203 3274 jactare,
3232 3198 3278 3256 Si
3311 3203 3365 3257 in
3393 3217 3502 3257 uno
3531 3215 3676 3273 quo-

2072 3295 2152 3350 vis
2184 3295 2435 3352 ternione
2476 3299 2771 3366 periculum
2813 3297 2990 3353 facere
3040 3296 3295 3364 libuerit;
3323 3304 3511 3352 nostra
3553 3294 3677 3352 haec

2070 3387 2239 3443 editio
2269 3388 2477 3459 planior
2494 3389 2564 3444 sit
2587 3405 2654 3444 an
2688 3390 2774 3445 illa
2804 3390 2996 3445 altera.
3027 3389 3124 3445 Est
3167 3390 3311 3445 enim
3341 3390 3532 3461 ingens
3560 3387 3680 3444 dis-

2071 3483 2278 3538 crimen
2309 3491 2365 3538 et
2396 3492 2654 3553 quantum
2699 3497 2808 3539 non
2854 3482 3014 3540 facile
3053 3484 3246 3541 credas
3293 3484 3399 3541 nisi
3430 3485 3517 3541 illa
3549 3500 3677 3557 per-

2071 3585 2301 3647 gustata.
2332 3597 2351 3629 »
2381 3607 2454 3618 --
2478 3575 2684 3634 Praeter
2729 3578 2959 3634 indicem
2989 3579 3042 3635 in
3091 3580 3246 3636 titulo
3276 3579 3548 3636 laudatum
3575 3595 3675 3636 ac-

2071 3671 2232 3726 cessit
2279 3672 2440 3728 etiam
2486 3671 2753 3728 indiculus
2800 3683 3083 3731 auctorum
3109 3673 3177 3730 ab
3207 3672 3452 3731 Arnobio
3480 3673 3678 3732 lauda-

2070 3774 2270 3823 torum.

2792 3880 2953 3938 i560.

2142 4017 2388 4087 Basileze,
2418 4019 2560 4090 apud
2588 4019 2808 4078 Hieron.
2845 4021 3105 4091 Froben.,
3137 4025 3304 4094 in-8',
3346 4024 3419 4081 D.
3453 4023 3676 4082 Arnobii

2069 4109 2184 4179 Afri
2233 4113 2586 4166 commentarii
2635 4115 2688 4168 in
2732 4131 2905 4171 omnes
2949 4117 3195 4186 psalmos,
3224 4132 3291 4172 es:
3316 4117 3676 4174 emendatione

2069 4203 2323 4260 Desiderii
2349 4205 2580 4263 Erasini.
2617 4210 2873 4264 Accedunt
2912 4212 3140 4281 ejusdem
3168 4211 3383 4266 Arnobii
3421 4211 3540 4266 libri
3569 4227 3676 4270 vus

2068 4298 2486 4370 Disputationum
2528 4302 2770 4358 adversus
2819 4314 3009 4375 gentes,
3057 4322 3120 4360 ea:
3167 4306 3460 4362 recensione
3498 4306 3676 4379 Sigis-

366 4435 696 4492 componere
725 4425 924 4488 potest,
951 4393 1070 4485 qum
1118 4413 1329 4469 diversa
1374 4421 1430 4469 et
1477 4411 1581 4467 sibi
1611 4413 1962 4482 repugnantia

2077 4394 2247 4448 mundi
2277 4393 2494 4455 Gelenii.
2524 4393 2637 4452 Cat.
2664 4396 2727 4453 de
2747 4397 2799 4453 la
2819 4397 2956 4453 Bibl.
2990 4397 3150 4471 Roy.,
3180 4407 3220 4455 t.
3256 4415 3296 4469 ι,
3323 4416 3379 4472 p.
3409 4399 3538 4458 367.

364 4516 563 4588 passim
598 4529 626 4568 a
674 4510 905 4568 diversis
934 4510 1129 4578 scripta
1169 4507 1237 4562 de
1269 4505 1369 4562 bac
1423 4505 1660 4562 editione
1704 4505 1960 4572 inveniet,

364 4612 664 4683 quibusque
694 4603 1005 4662 refellendis
1031 4615 1250 4672 Operam
1303 4615 1502 4657 navare
1543 4616 1646 4657 nec
1673 4611 1831 4656 vacat
1857 4616 1957 4657 nec

365 4705 532 4758 lubet.
584 4700 699 4754 [loc
751 4696 1050 4760 addamus,
1093 4691 1383 4749 editionem
1438 4692 1578 4747 hanc
1618 4703 1866 4764 typorum
1913 4702 1967 4749 et

365 4801 564 4857 charta:
591 4793 854 4865 elegantia
883 4805 1004 4847 esse
1034 4784 1546 4859 splendidissimam.
1569 4787 1724 4845 Unde
1742 4790 1964 4848 omnino

365 4893 624 4949 miramur
638 4903 756 4943 cum
776 4894 1066 4955 purpurato
1089 4879 1284 4935 Brixia:
1311 4880 1554 4936 litteratzc
1571 4893 1788 4938 auctore
1815 4882 1875 4957 (t.
1903 4900 1960 4949 ιι,

362 5004 417 5059 p.
454 4981 580 5055 19‘2)
608 5024 621 5048 ,
652 4978 922 5035 hominem
951 4977 1035 5032 cui
1066 4974 1142 5029 nil
1169 4974 1500 5044 frequentius
1531 4974 1581 5029 in
1611 4991 1725 5042 ore,
1759 4993 1917 5046 quam
1944 4996 1958 5034 :

363 5080 616 5149 Langueo
630 5082 683 5128 et
697 5068 1234 5142 esurio(2),sumptus
1247 5067 1313 5121 ad
1332 5081 1416 5120 am
1424 5065 1564 5138 plam
1583 5081 1698 5121 eam
1717 5069 1962 5124 nitidam-

365 5191 469 5247 que
491 5171 780 5228 editionem
800 5165 1139 5238 suppeditare
1162 5162 1427 5236 potuisse.
1453 5161 1566 5216 lluc
1598 5163 1738 5217 enim
1758 5163 1962 5220 diserte

447 5355 525 5426 (l)
555 5352 612 5426 In
654 5348 968 5426 emendate,
994 5346 1142 5426 lib.)
1166 5387 1180 5408 ,
1210 5359 1268 5426 _t_:.
1300 5344 1354 5407 9,
1376 5343 1467 5426 fol.
1623 5347 1948 5426 ed._Paris.,

365 5415 547 5491 4535',
596 5425 756 5479 iri-4°.
809 5422 938 5489 Quae
994 5419 1045 5472 iu
1100 5417 1458 5491 Scaligeranis
1489 5415 1604 5490 (ed.
1635 5433 1663 5473 a
1693 5415 1951 5491 Colugne,

366 5487 726 5570 Militia-8°,
760 5510 812 5564 p.
836 5487 933 5562 ’55)
967 5504 1127 5558 super
1167 5487 1269 5541 huc
1295 5487 1518 5570 ᾼτηυϋὶἰ
1547 5491 1736 5570 codice
1770 5487 1956 5562 legun-

365 5583 477 5638 tur,
511 5586 572 5625 ca
607 5569 1182 5639 optiinusauctorpec
1210 5569 1420 5639 curiose
1459 5569 1590 5639 satis
1618 5574 1956 5639 commenta-

363 5655 447 5698 tus
465 5629 754 5703 'csse,'nec
783 5637 872 5708 qui
901 5629 1259 5708 describeret.
1289 5642 1435 5708 recte
1463 5632 1657 5708 legisse
1686 5635 1918 5708 videtur.

440 5713 519 5786 (2)
548 5709 678 5786 Yide
717 5702 978 5782 quotquot
1004 5703 1094 5760 ille
1123 5719 1193 5758 cx
1220 5702 1690 5774 cpigrammatibus
1734 5707 1952 5778 protulit

364 5783 628 5855 exempla.

2795 4530 2954 4586 i580.

2141 4662 2378 4729 Parisiis,
2433 4664 2573 4734 apud
2615 4667 2776 4723 Mich.
2821 4668 3116 4738 lulianum,
3147 4671 3402 4730 in-l'olio:
3440 4691 3462 4728 ι
3491 4674 3667 4732 Δηιο-

2069 4756 2138 4809 bii
2164 4757 2281 4811 libri
2310 4767 2425 4812 octo
2445 4775 2476 4812 a
2505 4759 2838 4829 Sigismundo
2876 4762 3085 4821 Gelenio
3121 4767 3365 4836 primum,
3384 4769 3502 4825 dein
3529 4788 3562 4825 a
3590 4771 3663 4828 R.

2067 4847 2346 4904 Laurentio
2397 4852 2746 4923 castigatiores
2785 4858 2954 4911 emissi
2984 4901 2999 4924 ,
3051 4877 3165 4915 cum
3216 4860 3553 4922 Ter-tulliano.
3594 4867 3668 4922 Β.

2068 4943 2227 5000 Laur.
2259 4944 2327 5000 de
2355 4945 2400 5000 la
2431 4946 2615 5002 Barre.
2640 4947 2912 5021 Praecipua
2945 4951 3103 5024 hujus
3133 4956 3388 5013 editionis
3418 4959 3518 5015 dos
3542 4971 3672 5018 sunt

2066 5046 2381 5107 argumenta
2429 5039 2716 5112 unicuique
2760 5042 2898 5100 libro
2944 5045 3186 5115 praefixa,
3219 5050 3534 5122 marginalia
3563 5053 3668 5109 de-

2068 5130 2213 5197 inde,
2260 5141 2312 5187 et
2341 5131 2500 5188 index
2544 5149 2725 5190 rerum
2785 5140 3240 5196 memorabilium.
3283 5142 3399 5212 Qua
3455 5147 3670 5207 ratione

2073 5232 2274 5279 textum
2311 5224 2701 5293 reformaverit,
2735 5243 2854 5284 cum
2889 5231 3003 5300 ipse
3049 5232 3209 5302 plane
3234 5235 3409 5303 sileat,
3443 5238 3544 5293 nisi
3576 5255 3670 5296 se—

2070 5317 2196 5372 dulo
2231 5322 2628 5389 comparaveris
2682 5339 2804 5379 cum
2830 5323 3148 5395 Geleniana,
3177 5327 3265 5382 vix
3296 5328 3464 5386 dicas.
3492 5330 3669 5394 Scho-

2068 5411 2136 5467 lia
2160 5423 2340 5471 autem
2371 5414 2540 5471 textui
2570 5415 2808 5488 subjecta
2838 5435 2945 5475 non
2968 5422 3148 5493 magni
3173 5429 3301 5479 sunt
3327 5425 3506 5496 pretii.

2813 5552 2974 5610 1582.

2141 5687 2468 5760 Antucrpiae,
2518 5706 2586 5746 ex
2631 5689 2845 5750 ofﬁcina
2885 5693 3087 5751 Christ.
3137 5694 3368 5756 Plautini
3400 5717 3414 5755 :
3445 5701 3664 5760 Arnobii.

2067 5779 2137 5835 1).
2175 5783 2414 5840 adversus
2457 5792 2627 5856 gentes
2651 5784 2768 5841 libri
2793 5799 3002 5858 septem,
3033 5791 3278 5862 recogniti
3301 5801 3349 5848 et
3377 5798 3535 5852 aucti.
3578 5795 3663 5853 Ea
