3918 6356
196 336 289 389 3.37
1480 326 1669 384 ΝΟΤΠ
1684 323 1750 384 ΙᾹ
1794 325 2180 384 ιιιετυμιω.
3369 314 3476 373 558

204 450 476 503 bibliotheca
515 447 778 502 Theodori
819 443 1026 501 Cameri
1055 442 1394 516 ultrajectini,
1429 445 1574 514 cujus
1618 445 1766 497 etiam
1803 445 1851 503 Α
1884 442 1988 496 illis
2029 441 2357 511 temporibus
2394 447 2720 507 potuerunt,
2764 436 2996 492 infinitas
3026 448 3192 506 prope
3240 436 3477 488 maculas

201 554 319 593 uoltt‘
341 541 547 611 adjecta:
567 549 705 592 sunt.
1879 553 1942 589 ex
1975 553 2041 590 eo
2069 536 2331 604 scriptore
2383 534 2718 588 sustulissent
2769 531 2847 600 (l)
2878 542 3044 585 totum
3087 532 3242 598 plane
3284 545 3478 597 corpus

261 633 382 684 tium
435 648 585 701 :eqne
639 647 704 685 ac
757 630 1012 686 Gelenius
1058 629 1333 684 codicibus
1389 627 1766 695 manuscriptis
1878 643 1976 680 suo
2004 628 2160 680 ιιὶωῐὶ
2193 627 2477 681 restituere
2505 626 2879 694 nequiverunt.
2908 624 3086 693 Itaque
3117 622 3304 676 Romze
3333 620 3478 675 edito

201 727 486 789 destitutus,
535 725 655 779 solo
706 725 919 794 ingenio
962 722 1240 778 nitendum
1289 721 1386 775 sibi
1446 720 1767 790 intelligeret
1873 718 1983 786 jam
2011 717 2167 780 libro,
2195 725 2250 770 ct
2280 717 2328 770 in
2356 731 2551 770 manus
2584 716 2857 769 hominum
2882 716 3219 783 pervulgato,
3241 711 3479 783 aggressi

201 817 461 880 (lanterns,
494 828 700 887 partem
733 816 840 870 lide
869 814 1072 869 romani
1123 813 1326 868 codicis
1361 813 1636 880 (editionis
1664 810 1768 881 pri-
1879 820 2038 872 sunt,
2084 826 2190 862 non
2222 809 2334 863 ltali
2369 819 2607 870 tantmn,
2638 809 2725 878 qui
2761 818 2886 861 tunc
2915 805 3164 876 permulti
3209 816 3260 858 et
3299 799 3481 871 indicii

207 919 311 976 mre)
339 925 492 978 quem
523 909 590 962 ad
628 911 799 963 instar
829 924 928 962 ms.
979 905 1077 961 sibi
1128 906 1289 960 fuisse
1315 915 1366 959 et
1397 905 1648 974 pra-clara
1679 919 1772 957 vc-
1877 914 1930 957 et
1971 903 2165 973 ingenii
2193 904 2439 956 acumine
2469 903 2730 955 llorobant
2764 920 2775 954 :
2811 901 2906 955 sed
2950 898 3285 967 Transalpini
3318 897 3480 951 etiam

208 1002 314 1056 teris
351 1002 642 1068 Scriptura:
675 1002 897 1072 vestigia
954 1000 1285 1054 continuisse
1317 996 1615 1060 contendit,
1649 1011 1772 1066 par—
1879 998 2123 1052 hmnines
2178 998 2474 1051 Arnobium
2528 996 2762 1050 adhibita
2803 995 3145 1065 diligentiore
3185 1007 3313 1046 cura
3358 1007 3484 1061 per-

207 1096 285 1148 titn
327 1096 480 1149 etiam
509 1095 810 1151 Clementis
853 1093 1222 1158 Alexandrini,
1252 1111 1280 1147 a
1326 1107 1433 1162 quo
1471 1092 1638 1145 multa
1668 1105 1769 1144 no-
1878 1095 2064 1161 polire.
2099 1093 2282 1161 Atque
2311 1105 2375 1144 ex
2403 1091 2547 1146 Italis
2574 1089 2818 1159 quidem,
2853 1099 2904 1142 ut
2935 1088 3155 1157 reliquis
3205 1087 3487 1140 nominan-

203 1198 349 1241 strum
392 1187 454 1242 ιιι]
496 1188 662 1242 verba
691 1187 1059 1256 desumpsissc
1087 1185 1412 1251 ostenditur,
1442 1183 1643 1238 auxilio
1671 1182 1765 1236 llll'
1881 1192 1963 1244 dis
1990 1188 2438 1261 superscdcamm
2459 1228 2472 1250 ν
2498 1198 2634 1238 unus
2657 1182 2887 1236 maxime
2913 1221 2927 1245 ,
2949 1180 3194 1249 idemque
3226 1188 3345 1248 μοει
3372 1179 3488 1231 γυι-

205 1291 293 1342 lus.
322 1281 572 1351 quidquid
625 1282 924 1352 praestitum
970 1291 1074 1345 est,
1125 1281 1224 1336 hac
1276 1279 1512 1334 editione
1565 1276 1766 1331 effecit.
1883 1293 2062 1353 gatum
2081 1280 2357 1350 exemplar
2382 1279 2608 1349 primus,
2641 1275 2877 1331 Joannes
2901 1274 3135 1344 Baptista
3165 1270 3490 1342 Sighicellns

210 1393 225 1422 σ
251 1374 414 1429 Nullas
462 1386 666 1438 autem,
718 1375 909 1446 inquit,
951 1373 1310 1444 conjecturas,
1341 1372 1584 1442 quamvis
1616 1385 1776 1426 veras
1882 1377 2237 1432 Bononiensis
2262 1417 2275 1437 ,
2320 1373 2409 1443 qui
2438 1380 2622 1443 postea
2672 1371 2959 1440 episcopus
3000 1365 3302 1421 faventinus
3333 1381 3362 1417 a
3394 1363 3489 1419 Pio

203 1477 248 1521 ct
265 1476 425 1521 certas
449 1469 616 1522 textui
640 1468 984 1533 inscruimus,
1013 1465 1108 1521 sed
1136 1465 1393 1537 quidquid
1422 1482 1450 1518 a
1480 1463 1639 1518 nobis
1665 1479 1779 1516 mu-
1882 1472 1971 1526 ιγ,
2001 1471 2056 1525 Ρ,
2090 1470 2156 1524 Μ,
2193 1469 2362 1523 factus
2389 1477 2464 1520 est
2490 1507 2506 1531 ,
2539 1463 2703 1518 multa
2737 1477 2894 1528 sane,
2921 1476 3040 1531 qua:
3071 1477 3176 1514 non
3215 1459 3490 1528 vulgarem

209 1571 354 1614 talum
381 1572 431 1616 et
455 1562 695 1616 additum
727 1562 847 1625 fuit,
879 1560 1195 1614 auctoritate
1225 1569 1279 1614 et
1307 1559 1412 1612 title
1451 1556 1659 1611 romani
1685 1572 1778 1610 co-
1884 1564 2273 1623 eruditionem,
2308 1575 2406 1615 nec
2436 1558 2710 1615 mediocre
2741 1555 3040 1626 ingenium,
3071 1552 3491 1617 desiderabant,

208 1652 326 1707 dicis
362 1653 551 1706 factum
582 1665 682 1707 est.
720 1652 919 1707 Verum
949 1651 1038 1705 ubi
1068 1651 1281 1716 melius,
1307 1649 1447 1720 quod
1481 1648 1774 1702 substitue-
1886 1662 1937 1714 in
1968 1659 2069 1714 hoc
2086 1658 2352 1727 scriptore
2377 1652 2646 1716 correxit,
2672 1649 2900 1704 restituit
2933 1662 2996 1701 ac
3023 1661 3189 1716 prope
3211 1645 3494 1716 desperata

203 1748 370 1809 rimus,
399 1763 500 1800 non
533 1748 888 1812 habebamus,
920 1746 1084 1800 ευθειῑί
1114 1760 1300 1798 sumus
1337 1744 1634 1798 lcctionetn
1664 1740 1775 1796 GC-
1816 1795 1860 1813 ῃ
1888 1753 2114 1806 sanavit.
2151 1749 2255 1804 Sed
2302 1748 2429 1800 dum
2479 1745 2670 1800 Cinna:
2699 1741 2983 1813 Smyrnam
3034 1739 3308 1803 imitatus,
3360 1752 3500 1791 ιιῃη..

203 1839 312 1893 lenii
368 1839 476 1911 (qui
539 1840 764 1893 nimium
820 1848 1075 1909 quantum
1126 1836 1225 1890 sibi
1293 1837 1344 1890 in
1414 1835 1515 1890 hoc
1560 1846 1781 1888 auctore
1813 1830 1861 1856 ”
1889 1859 2080 1914 quam,
2141 1852 2199 1896 ut
2228 1842 2408 1904 aiunt,
2448 1855 2664 1893 manum
2693 1835 2760 1889 de
2795 1833 3009 1900 talmla,
3039 1830 3279 1898 nihilque
3322 1831 3499 1884 minus

204 1931 516 1985 etuettdando
543 1930 770 1984 indulsit
793 1931 954 1982 homo
982 1928 1220 1998 alioquin
1250 1927 1595 1981 doctissimus
1625 1935 1680 1979 et
1708 1924 1776 1978 de
1887 1953 2043 2007 quam
2064 1936 2130 1990 (ιο
2150 1933 2528 2004 ρρῃνιιιῧτιηάίε
2549 1930 3018 1987 emendationiblts
3037 1928 3317 1998 cogitaret,
3340 1940 3499 1981 Suum

207 2038 256 2076 ΓΡ
281 2025 520 2076 “nummi
551 2024 760 2092 οβῐίιηε
785 2020 1054 2091 meritus):
1087 2020 1330 2090 ‘luanulis
1377 2019 1648 2074 ίηιθΐάυηι
1683 2017 1780 2069 Ῐθίο
1891 2029 2103 2083 interim
2134 2026 2389 2082 Germani
2419 2025 2704 2080 ediderunt
2731 2021 3053 2077 Arnobium.
3091 2020 3145 2074 ln
3186 2036 3291 2090 quo
3317 2020 3362 2072 si
3405 2033 3501 2089 pro

203 2130 300 2168 sani
325 2125 375 2170 et
407 2116 515 2170 veri
548 2115 793 2186 vestigiis
842 2113 1025 2184 procul
1077 2124 1357 2168 remotam.
1393 2111 1460 2165 Et
1500 2109 1786 2181 quamplu—

1938 2123 2143 2176 mnibus
2171 2124 2284 2175 suis
2315 2121 2366 2172 in
2397 2119 2673 2172 Romanos
2697 2116 2899 2170 salibus
2917 2123 2974 2170 et
2993 2111 3285 2177 conviciis,
3310 2111 3502 2166 eadem

205 2212 336 2264 rimis
379 2211 428 2264 in
480 2211 620 2266 locis
668 2209 834 2280 (quod
878 2208 1173 2278 prirliscine
1220 2205 1507 2276 dixerim),
1557 2202 1784 2258 subdola

1938 2219 1990 2271 lSl
2042 2215 2146 2271 tide
2178 2217 2228 2270 in
2273 2213 2683 2270 transcribenth
2736 2212 3068 2283 exemplari,
3119 2209 3420 2278 cadentque
3451 2208 3504 2261 in

205 2303 327 2357 ίυίυε
353 2313 404 2357 ει
430 2302 738 2357 θάυίῑεΐίηίλ
769 2302 1002 2356 meum“?
1031 2300 1250 2370 Πύθεω,
1282 2313 1465 2352 νενίηιι
1510 2312 1573 2350 ac
1593 2295 1782 2365 genui'
1892 2309 2234 2365 emendando
2266 2307 2528 2378 religione
2553 2349 2567 2371 ,
2601 2321 2702 2375 qua
2738 2306 2962 2361 Romani
2994 2304 3074 2358 usi
3114 2312 3270 2368 sunt,
3307 2301 3503 2357 versati

205 2414 310 2452 llillll
340 2398 661 2468 scripturum
686 2396 1044 2466 reposuimus.
1086 2415 1104 2448 ι
1133 2394 1347 2449 Utinam
1376 2407 1504 2448 vero
1527 2402 1778 2448 CVCﬂlUlll
1895 2411 2108 2469 essent,
2148 2403 2407 2471 majurcm
2440 2402 2556 2455 sine
2581 2400 2743 2454 dubii)
2782 2399 3006 2470 gratiam
3035 2412 3064 2451 θ
3094 2396 3353 2452 studiosis
3388 2410 3508 2451 om-

207 2492 461 2546 habuisset
510 2491 659 2562 quod
692 2491 761 2545 de
792 2491 977 2543 futuro
997 2504 1097 2543 suo
1125 2490 1176 2543 in
1208 2488 1349 2542 hunc
1375 2497 1648 2541 auctorem
1678 2497 1792 2540 stu-
1898 2496 2058 2549 mbos
2089 2494 2355 2548 iniissem,
2388 2492 2542 2547 Nunc
2571 2503 2750 2545 autem
2773 2533 2789 2558 ,
2833 2491 2959 2545 dum
2999 2489 3320 2562 quodlibet,
3365 2489 3510 2558 quod

204 2584 280 2638 dio
305 2585 570 2654 polliciltts
606 2593 725 2637 erat
754 2582 859 2656 (1),
893 2599 951 2636 se
981 2582 1374 2650 amplissimum
1406 2583 1455 2634 itt
1490 2578 1788 2634 Arnobium
1899 2587 1997 2656 ipsi
2028 2595 2340 2655 corruptum
2373 2587 2661 2653 opinamur
2709 2598 2806 2652 pro
2839 2581 2990 2636 libilu
3031 2595 3130 2636 suo
3179 2590 3234 2635 el.
3284 2580 3511 2636 arbilriu

202 2679 631 2732 commentarium
679 2677 1089 2730 adornaturun‘i.
1140 2674 1350 2728 Nemini
1393 2672 1635 2742 profecto
1677 2671 1794 2725 Sal-
1899 2677 2178 2739 addendo,
2229 2675 2499 2739 tollendo,
2533 2675 2860 2735 mutando,,
2915 2685 2972 2728 ut.
3008 2674 3241 2744 aliquem
3292 2689 3513 2730 sensum

204 2772 404 2824 niasiani
429 2771 768 2825 desiderium
820 2769 1008 2822 luisset
1046 2767 1360 2822 excitatum.
1391 2766 1520 2819 Nam
1553 2780 1688 2834 quas
1739 2765 1794 2817 in
1900 2773 2147 2832 eliciant,
2177 2771 2449 2837 corrigere
2482 2769 2581 2822 sibi
2617 2767 2695 2821 fas
2721 2782 2840 2822 esse
2872 2779 3089 2836 putant,
3125 2777 3230 2820 tam
3259 2767 3425 2820 n‘iulta
3457 2767 3510 2820 in

205 2865 432 2931 przcsenti
487 2863 701 2918 addidit
749 2874 924 2924 nolaS,
958 2876 1036 2914 ea!
1089 2876 1194 2914 non
1223 2860 1323 2913 nisi
1356 2857 1795 2912 emendation!!!"
1904 2865 2145 2917 Arnobio
2178 2865 2563 2922 immutarunt,
2601 2872 2657 2914 ut
2708 2860 2927 2915 inﬁnitis
2961 2861 3089 2915 locis
3121 2877 3189 2915 ne
3229 2860 3515 2932 vestigium

204 2961 446 3012 rationem
503 2957 746 3012 reddunt
787 2967 880 3009 aut
907 2952 1202 3008 Clementis
1256 2950 1608 3008 Alexandrini
1653 2949 1788 3003 IOCiS
1903 2959 2117 3028 quidem
2164 2957 2399 3026 antiqtnc
2446 2955 2692 3009 lectionis
2736 2956 2806 3008 sit
2854 2955 3117 3009 relictum.
3154 2954 3266 3008 Hoc
3313 2954 3519 3008 incom-

203 3050 568 3118 comparandis
625 3050 946 3103 inserviunt.
999 3046 1150 3101 Haud
1190 3060 1314 3099 raro
1364 3056 1542 3097 antem
1585 3041 1652 3094 ad
1680 3039 1796 3095 Jos.

1945 3051 2122 3106 todnm
2177 3050 2365 3103 Petrus
2407 3048 2723 3102 Ciacconins
2747 3090 2761 3114 ,
2797 3048 3094 3117 Hispanus,
3128 3047 3293 3102 homo
3340 3049 3518 3118 magni

205 3144 467 3214 Scaligeri,
501 3142 771 3207 Turnebi,
799 3140 962 3208 Lipsii
989 3149 1043 3192 et
1065 3139 1256 3191 Mureti
1297 3136 1638 3204 conjecturas
1665 3133 1803 3186 Can-
1829 3165 1830 3174 η

1938 3145 2105 3213 ngenii
2150 3143 2518 3212 doctrinaeque
2549 3141 2752 3209 judicio
2789 3143 3057 3207 excultzc,
3109 3158 3230 3196 cum
3279 3142 3521 3197 animad-

207 3246 335 3292 terus
403 3247 689 3306 provocat.
747 3231 1028 3303 Inscripsit
1091 3231 1182 3285 ille
1244 3229 1540 3284 Arnobium
1595 3225 1802 3280 anCIIli
1911 3236 2163 3289 vertisset
2209 3235 2259 3288 in
2310 3233 2579 3301 Arnobio,
2634 3235 2998 3307 cmpissetque
3036 3245 3260 3290 auctore
3309 3250 3524 3289 summo

1813 1795 1861 1856 B

208 3330 405 3386 Guellio
435 3331 777 3400 Pintpontio,
809 3329 861 3382 in
900 3327 1047 3382 curia
1092 3326 1375 3397 parisiensi
1406 3325 1665 3388 senatori,
1690 3319 1806 3389 epi-

207 3428 328 3480 stola
359 3427 483 3481 data
515 3426 827 3495 Ultrajecti,
870 3422 1000 3478 idib.
1040 3421 1294 3477 novemb.
1332 3419 1495 3473 1581.
1527 3419 1808 3472 Postremo

219 3534 306 3573 ncc
329 3520 773 3589 praetereundum
797 3517 919 3577 erit,
942 3515 1086 3586 quod
1121 3516 1172 3570 in
1203 3513 1382 3584 capita
1411 3527 1508 3566 seu
1541 3510 1809 3566 sectiones

209 3625 372 3668 certas
418 3623 632 3670 textum
672 3612 853 3667 editor
908 3611 1134 3680 partitus
1184 3609 1291 3674 sit,
1343 3622 1371 3659 a
1404 3621 1510 3676 quo
1551 3605 1811 3675 prmclaro

213 3721 331 3760 sane
357 3707 611 3761 instituto
642 3705 852 3767 nescio,
881 3703 970 3772 qui
1003 3703 1205 3756 factum
1235 3701 1325 3766 sit,
1357 3707 1414 3753 ut
1442 3696 1669 3753 insecuti
1699 3696 1814 3751 edi-

213 3810 345 3856 tores
375 3816 572 3856 rursus
601 3799 916 3854 defecerint.

966 3911 1125 3966 1585.

283 4059 464 4113 ἰίηιηω
490 4099 503 4124 ,
533 4072 597 4110 ex
623 4050 975 4127 typograpbia
1008 4048 1268 4105 Dominici
1293 4048 1462 4102 Basm.
1500 4046 1677 4109 iii—4";
1722 4045 1817 4096 Ar—

217 4156 339 4207 uobii
391 4151 807 4221 disputationum
858 4145 1095 4200 adversus
1151 4153 1320 4215 gentes
1363 4140 1474 4194 libri
1508 4151 1717 4211 septem.
1751 4169 1820 4179 -ο

219 4246 290 4299 Μ.
321 4245 543 4299 Minucii
578 4241 773 4296 Felicis
804 4239 1062 4292 Octavius.
1087 4235 1331 4291 Romana
1358 4232 1521 4288 editio
1549 4231 1822 4302 posterior

221 4350 268 4392 cl
299 4338 622 4392 emenatior.

289 4432 515 4486 Dillicile
545 4441 659 4496 est,
691 4427 758 4482 de
783 4425 961 4483 Ursini
990 4439 1151 4495 opera
1177 4423 1338 4478 verba
1360 4421 1537 4476 facere
1564 4428 1618 4474 et
1645 4417 1825 4472 verbis

227 4529 385 4596 ipsius
417 4541 528 4580 non
570 4525 667 4577 uti.
703 4522 886 4592 Itaque
918 4520 1065 4574 nimii
1118 4517 1290 4572 videri
1335 4517 1629 4579 malumus,
1662 4528 1826 4584 quam

226 4624 423 4677 chartae
451 4621 785 4692 parcimonia
816 4614 1185 4681 committere,
1214 4621 1270 4666 ut
1307 4611 1445 4666 scitu
1474 4610 1693 4680 dignum
1724 4608 1828 4662 ali-

225 4718 343 4789 quid
358 4718 662 4770 omittatur.

295 4812 498 4880 Accipe
540 4822 705 4878 ergo:
737 4824 755 4856 ι
793 4801 1242 4874 Quadragesimus
1281 4801 1454 4872 agitur
1502 4813 1705 4862 annus,
1753 4797 1834 4850 in-

232 4907 372 4973 quit,
406 4920 474 4959 ex
505 4919 612 4973 quo
639 4901 761 4971 pius
792 4898 877 4952 hic
904 4901 1135 4966 scriptor
1161 4911 1192 4950 e
1219 4894 1538 4949 bibliotheca
1571 4891 1623 4946 S.
1659 4890 1719 4944 ιι.
1744 4905 1834 4943 va-

232 5001 402 5052 ticana
435 4998 486 5050 in
512 4996 689 5048 lucem
711 4991 942 5061 primum
966 4987 1194 5060 prodiit,
1221 5003 1320 5040 uou
1345 5001 1402 5039 eo
1426 5001 1527 5056 quo
1554 4985 1644 5036 diu
1674 4983 1837 5037 latue-

235 5103 310 5141 rat
338 5091 471 5154 situ,
505 5097 553 5140 et
581 5083 824 5154 squalore
846 5081 1118 5151 deformis,
1151 5079 1240 5134 sed
1279 5078 1340 5131 ab
1387 5077 1673 5130 innumeris
1715 5090 1841 5144 pene

237 5184 495 5247 sordibus,
522 5180 706 5248 quibus
723 5175 1014 5245 squalebat,
1044 5175 1309 5227 doctorum
1338 5173 1557 5225 uirorum
1587 5167 1842 5223 industria

246 5285 604 5347 perpurgatus.
635 5272 738 5338 Qui
767 5285 888 5324 cum
925 5269 1136 5338 ingenio
1158 5264 1524 5320 cternditioue
1543 5305 1559 5329 ,
1583 5271 1842 5333 quantum

325 5410 405 5474 (li
440 5409 493 5462 In
525 5400 958 5478 prml'ationehad
993 5401 1252 5456 lectorem
1270 5406 1429 5478 “ante
1455 5407 1612 5450 notas
1640 5405 1694 5478 ct_
1749 5395 1848 5476 ite-

261 5467 400 5535 rnnr
428 5482 477 5532 in
528 5467 687 5532 'notis
737 5473 802 5528 ad
859 5473 952 5526 lib.
997 5481 1229 5525 sextum.
1263 5469 1469 5536 Quanta
1526 5481 1654 5520 vero
1683 5467 1846 5534 hujus

261 5555 350 5605 illa
381 5555 540 5608 etiam
589 5557 752 5602 aetate
798 5545 936 5598 inter
985 5544 1172 5599 doctos
1203 5538 1503 5610 expectatio
1544 5538 1722 5600 fuerit,
1759 5537 1842 5592 vcl

264 5625 472 5677 Slrursii
505 5623 665 5676 verba
718 5617 1020 5674 declarent.
1052 5616 1140 5683 qui
1203 5614 1445 5667 criticum
1491 5611 1843 5683 arimbiannm

265 5697 543 5749 lectoribus
597 5691 821 5746 tradens
852 5704 864 5738 :
899 5685 1006 5740 Hui
1031 5687 1049 5736 .'
1073 5680 1288 5756 inquies
1319 5685 1471 5754 forte,
1508 5680 1698 5749 inquit,
1730 5691 1847 5756 ante

266 5767 530 5819 timuerunt
551 5768 576 5820 ?
604 5773 726 5818 ante
754 5771 802 5814 et
833 5759 1036 5829 quidem
1079 5774 1138 5812 eo
1160 5753 1384 5820 lubente,
1413 5757 1566 5829 intuta
1598 5769 1714 5829 vero
1751 5753 1847 5829 ju-

265 5844 417 5892 bcute.
450 5838 529 5892 Νι
555 5841 611 5894 iu
639 5825 860 5889 messeni
907 5846 985 5885 me
1030 5831 1135 5900 ejus
1178 5829 1361 5898 falcem
1411 5827 1652 5895 injectum
1698 5825 1852 5878 inisse

271 5913 472 5974 malique
493 5912 712 5966 dictitas.

1914 3328 2029 3383 viro
2071 3327 2305 3382 Antonio
2354 3325 2542 3380 Carala
2593 3327 2899 3392 cardinale,
2949 3342 3226 3382 sacrorum
3277 3339 3523 3383 veterum

1916 3423 2237 3489 scriptorum
2259 3419 2403 3472 omni
2430 3421 2638 3475 ratione
2681 3419 3154 3490 pei'poliendorum
3187 3421 3515 3490 percupido,

1919 3518 2216 3574 Accuratius
2241 3519 2463 3588 undique
2485 3519 2620 3572 edita
2658 3520 2721 3572 A.
2752 3519 3066 3591 exemplaria
3087 3518 3336 3575 conferre
3359 3536 3530 3590 eaque

1919 3610 2074 3664 docte
2102 3612 2302 3680 pariter
2332 3622 2385 3666 et
2412 3612 2689 3682 ingeniose
2715 3613 2987 3683 corrigere
3008 3655 3023 3681 ,
3059 3613 3358 3668 institutum
3393 3629 3530 3684 Opus

1924 3720 1990 3759 eo
2018 3704 2344 3768 deduxerat,
2377 3715 2432 3758 nt
2465 3707 2648 3760 multis
2676 3715 2731 3761 ct
2759 3705 2975 3776 quidem
3012 3707 3288 3777 prmelaris
3317 3723 3532 3763 correc-

1923 3798 2155 3852 tionibus
2178 3797 2435 3852 industria
2467 3814 2561 3853 sua
2591 3799 2916 3854 illustratum
2948 3799 3098 3855 brevi
3127 3799 3372 3855 editurus
3405 3801 3534 3857 luis-

1922 3901 2003 3946 set
2032 3893 2350 3948 Arnobium.
2382 3893 2491 3948 Sed
2517 3894 2761 3949 absoluta
2793 3893 2925 3960 fere,
2948 3892 3059 3963 jam
3091 3892 3328 3948 nondum
3351 3905 3534 3951 autem

1925 3988 2186 4058 perpolita
2208 3988 2325 4043 libri
2348 3989 2744 4056 emendatione,
2766 3991 3073 4060 importuna
3094 4000 3269 4046 morte
3291 4003 3534 4062 ereptus,

1927 4080 2137 4144 eidem,
2171 4097 2200 4133 a
2229 4096 2335 4148 quo
2378 4092 2518 4135 tetus
2548 4082 2844 4151 pendebat,
2884 4083 3190 4137 clarissimo
3222 4084 3372 4150 viro,
3408 4100 3534 4138 cor-

1929 4173 2195 4227 rcmiones
2247 4174 2583 4242 bujusmodi,
2640 4176 2683 4229 si
2731 4177 2778 4231 ei
2828 4176 3132 4245 videretur,
3185 4177 3535 4247 publicandas

1931 4278 2254 4323 testamento
2301 4267 2536 4337 reliquit.
2576 4290 2593 4321 ι
2630 4271 2726 4326 llic
2769 4273 2948 4343 itaque
2995 4272 3333 4343 perpoliendi
3380 4283 3541 4342 atque

1933 4361 2284 4432 pervulgandi
2311 4362 2640 4431 provinciam
2673 4363 2871 4420 Ursino
2893 4365 3159 4431 credidit,
3192 4365 3280 4435 qui
3315 4380 3502 4418 eorum
3523 4406 3538 4432 ,

1851 4461 1904 4520 1)
1933 4471 2068 4525 quos
2096 4457 2258 4511 modo
2285 4473 2349 4511 ex
2379 4472 2443 4511 eo
2486 4457 2910 4525 nominavimus,
2966 4458 3306 4530 aliorumque
3351 4458 3544 4513 docto-

1933 4568 2052 4607 rum
2104 4552 2381 4606 hominum
2420 4552 2929 4619 emcndationibus,
2981 4570 3098 4624 quae
3148 4555 3201 4608 in
3247 4554 3545 4610 Arnobinm

1934 4646 2095 4700 variis
2117 4645 2248 4700 locis
2263 4645 2522 4715 dispersm
2544 4645 3093 4712 circumferebantur,
3124 4647 3175 4701 in
3217 4663 3380 4701 unum
3435 4649 3551 4702 col—

1938 4738 2124 4801 lectis,
2158 4737 2548 4808 diligenterque
2588 4739 2911 4793 examinatis
2935 4783 2949 4804 ,
2988 4756 3082 4794 eas
3111 4749 3314 4794 tantum
3358 4755 3421 4794 ex
3466 4739 3549 4795 his

1940 4830 1991 4884 in
2020 4841 2219 4884 textum
2247 4832 2551 4899 recepisse,
2576 4846 2635 4886 se
2683 4830 2951 4897 afﬁrmat,
2991 4848 3112 4902 qua:
3155 4843 3209 4888 et
3256 4833 3548 4889 multorum

1938 4925 2143 4996 judicio
2174 4927 2410 4995 probatae
2454 4935 2508 4979 et
2552 4926 2669 4982 sine
2701 4927 2804 4980 ulla
2851 4935 3202 4981 controversa
3235 4942 3376 4982 verae
3419 4928 3551 4982 visa:

1949 5031 2142 5076 essent.
2173 5020 2304 5088 Qua!
2347 5022 2473 5077 item
2505 5037 2612 5077 non
2644 5023 2712 5076 ita
2745 5033 2908 5078 certae
2938 5023 3287 5090 videbantur,
3336 5034 3395 5078 ut
3438 5035 3554 5080 tuto

1947 5115 2152 5169 admitti
2180 5127 2428 5186 possent,
2461 5131 2553 5171 eas
2583 5116 2697 5170 suis
2726 5117 3008 5172 distinctas
3040 5119 3281 5174 numeris
3303 5162 3315 5184 ,
3353 5119 3406 5171 in
3440 5119 3549 5173 oris

1952 5212 2262 5284 paginarum
2331 5210 2590 5264 notandus
2630 5211 2876 5275 curavit,
2921 5212 3062 5266 notis
3099 5212 3292 5278 simul,
3346 5212 3390 5266 si
3435 5229 3555 5282 qua:

1951 5317 2101 5361 erant
2133 5304 2197 5358 ad
2225 5304 2598 5372 conjecturas,
2632 5304 3032 5361 conﬁrmandus
3052 5307 3367 5375 adscriptm,
3399 5307 3557 5361 addi-

1950 5401 2036 5453 tis.
2066 5397 2156 5450 llis
2179 5397 2428 5451 omnibus
2449 5397 2514 5452 de
2543 5411 2641 5451 suo
2682 5398 2845 5452 etiam
2881 5399 3135 5453 nonnulla
3158 5438 3173 5463 ,
3209 5399 3386 5454 obiter
3416 5398 3555 5454 inter

1946 5489 2229 5561 legendum
2277 5488 2648 5544 animadversa
2703 5489 2921 5560 adjecit.
2960 5491 3201 5560 Denique
3243 5506 3310 5547 ex
3356 5490 3554 5548 Ursino

2025 5674 2113 5743 (1)
2156 5670 2359 5740 Nempe
2406 5687 2470 5726 ex
2521 5672 2622 5726 [ide
2674 5671 2847 5726 Sabaei
2894 5671 3008 5724 lucc
3055 5667 3558 5743 scribit:C_odicem

1964 5741 2134 5815 ipsum
2174 5745 2492 5812 neutiquam
2526 5744 2777 5815 inspexit.
2804 5742 2994 5815 Taedet
3032 5751 3136 5794 tam
3187 5741 3366 5815 inepti
3395 5741 3562 5815 moris

1964 5809 2251 5879 rhetorici,
2286 5809 2450 5883 qutun
2477 5809 2666 5870 omnes
2690 5813 2848 5884 hujus
2868 5812 2964 5870 ειειυὶ
2992 5822 3237 5868 auctores
3261 5810 3372 5867 itali
3403 5809 3566 5865 allecv

1962 5898 2087 5941 ιίιιη.
