3918 6340
392 344 500 402 359

1657 345 1747 402 DE
1785 343 2088 403 ΑΒΝΟΒῙΟ
2128 345 2314 404 Αιίιο

3589 351 3693 407 5le

392 458 900 527 discimus,eodem
917 467 1338 532 penetempore,
1367 474 1473 531 quo
1501 459 1552 515 in
1580 459 1863 516 Germania
1893 476 1986 516 oc-
2017 464 2065 524 Λ
2094 460 2455 516 Ecclesiastica
2499 457 2832 527 cotom'ensis,
2879 459 2977 515 sed
3025 458 3183 517 ﬁdem
3244 461 3390 518 haud
3439 474 3695 534 prmstarc

395 561 551 608 tarus
581 553 803 609 Arnobii
838 553 978 610 liber
998 570 1098 610 suo
1123 554 1331 611 auctori
1363 556 1639 610 restitutus
1668 567 1814 615 erat.
1840 571 1988 610 eam-

390 643 516 700 dem
566 643 809 700 fraudem
861 646 1100 702 sensisse
1153 646 1406 702 Sirletum
1464 645 1711 712 cardin.;
1766 647 1988 715 ejusque

390 737 526 794 adeo
548 739 896 808 persuasione
922 738 1118 796 factum
1145 748 1256 806 est,
1289 751 1346 794 ut
1371 740 1600 809 primum
1628 743 1679 795 in
1702 739 1850 795 Italia
1876 740 1974 795 hac

391 831 627 889 editione
654 831 868 889 Minucii
914 831 1164 889 Octavius
1189 833 1460 890 ederetur.

1107 1018 1266 1076 1586.

462 1155 772 1225 Antuerpiaa
798 1154 886 1227 [ex
923 1154 1015 1210 off.
1061 1154 1264 1211 Christ.
1307 1155 1507 1225 Plant.|
1552 1156 1602 1211 in
1640 1157 1729 1222 8°;
1782 1156 1990 1211 Arnobii

385 1245 502 1300 libri
520 1258 708 1318 septem
732 1263 848 1301 cum
870 1245 1167 1303 Godescalci
1193 1247 1461 1304 Stewecltii
1482 1249 1668 1303 electis.
1708 1249 1854 1306 Hanc
1882 1252 1989 1317 pri-

385 1355 527 1393 mam
557 1339 842 1394 Steweeltii
872 1339 1166 1395 editionem
1197 1340 1312 1409 ipse
1341 1357 1447 1396 non
1474 1341 1615 1405 vidi,
1653 1357 1826 1410 neque
1870 1357 1985 1396 me-

383 1439 647 1486 moratam
679 1432 730 1486 in
759 1432 1004 1503 catalogo
1018 1432 1199 1503 aliquo
1228 1432 1440 1496 inveni,
1471 1434 1562 1487 sed
1591 1447 1850 1501 sponsore
1883 1431 1986 1486 Fa-

382 1525 818 1596 bricio(l)cito,
863 1527 947 1581 cui
996 1524 1337 1595 praefationes
1387 1525 1711 1592 Stewechii,
1760 1524 1986 1581 editioni

382 1620 508 1674 anni
547 1619 681 1676 1604
711 1621 927 1674 inserta:
973 1619 1372 1689 quodammodo
1404 1619 1562 1673 tidem
1591 1618 1771 1673 facere
1799 1616 1986 1672 viden-

383 1720 489 1768 tur.
520 1711 654 1767 Nam
683 1712 880 1783 duplex
898 1713 967 1768 ibi
994 1724 1272 1779 comparet
1301 1713 1529 1782 epistola
1559 1710 1950 1781 nuncupatoria
1969 1752 1985 1778 ,

382 1812 439 1858 et
458 1804 526 1860 ad
557 1803 814 1861 lectorem
843 1804 1160 1859 admonitio.
1192 1808 1270 1861 Ac
1293 1805 1398 1860 illis
1420 1805 1634 1876 quidem
1655 1847 1670 1869 ,
1701 1821 1820 1875 quae
1847 1805 1989 1859 elec-

382 1896 452 1952 tis
505 1897 797 1967 praemissae
850 1907 1008 1965 sunt,
1060 1914 1234 1952 annus
1285 1898 1621 1967 subscriptus
1667 1907 1750 1952 est
1800 1896 1982 1960 1586;

383 1989 610 2058 epistola
638 1999 819 2045 autem
849 1989 1180 2045 dedicatoria
1203 2032 1218 2056 ,
1259 1989 1424 2043 textui
1469 1987 1682 2058 praeﬁxa
1706 2030 1722 2056 ,
1743 1988 1866 2043 data
1906 1999 1987 2046 est

385 2080 526 2136 1587
549 2122 565 2148 ,
599 2081 844 2151 ρινωΐιιιίι)
872 2081 940 2136 ad
962 2082 1219 2137 lectorem
1245 2082 1370 2135 anni
1413 2091 1535 2135 nota
1559 2092 1741 2147 caret,
1777 2083 1870 2136 sed
1901 2083 1986 2136 di-

381 2172 456 2227 cit
485 2172 588 2240 ibi,
629 2191 647 2224 ι
689 2189 877 2243 parum
926 2174 1162 2230 abfuisse
1183 2215 1199 2240 ,
1233 2175 1360 2243 quin
1393 2175 1564 2228 electa
1588 2189 1658 2227 ex
1716 2174 1986 2243 ingeniolo

383 2280 482 2320 suo
514 2265 888 2321 tantummodo
919 2276 1074 2330 nata,
1101 2266 1338 2335 juvando
1372 2265 1641 2330 Arnobio,
1672 2277 1792 2319 ante
1842 2267 1983 2320 bien-

385 2358 526 2411 nium
552 2370 796 2412 seorsum
829 2357 1190 2427 publicasset,
1241 2373 1427 2410 verum
1471 2357 1818 2411 Franciscum
1870 2357 1984 2412 Mo-

383 2451 532 2507 dium
559 2451 913 2518 dissuasisse,
941 2451 1166 2522 ejusque
1192 2451 1330 2506 adeo
1353 2467 1515 2520 opera
1547 2451 1796 2508 allectum
1827 2469 1948 2509 esse
1967 2498 1979 2511 .

382 2556 440 2602 ut
468 2554 669 2603 textum
699 2562 914 2617 quoque
966 2547 1239 2617 corrigere
1260 2555 1315 2602 et
1353 2547 1641 2602 restituere
1665 2547 1765 2602 sibi
1821 2548 1985 2603 licue—

387 2641 477 2696 rit.
519 2660 536 2692 ι
568 2640 698 2708 Qua:
724 2655 980 2711 quorsum
1008 2639 1292 2694 referenda
1320 2640 1427 2694 sint
1447 2682 1462 2705 ,
1490 2657 1595 2694 non
1642 2643 1773 2695 satis
1807 2642 1979 2710 capio.

381 2733 582 2789 Contra
613 2733 853 2803 plerique
873 2774 887 2798 ,
911 2731 1191 2803 quibusde
1211 2732 1538 2786 eilitionibns
1567 2733 1786 2788 Arnobii
1807 2748 1987 2788 sermo

384 2825 503 2890 fuit,
529 2826 668 2880 inter
684 2841 818 2895 quos
839 2823 1282 2894 diligentissimus
1297 2823 1520 2878 Nurrius
1537 2821 1615 2895 (2)
1633 2871 1648 2895 ,
1663 2825 1731 2880 de
1754 2840 1814 2880 ea
1832 2842 1985 2895 pror-

385 2936 478 2976 sus
499 2920 682 2984 silent,
725 2928 783 2975 et
802 2933 1102 2988 repugnare
1124 2917 1356 2982 videtur,
1379 2933 1498 2987 quae
1520 2918 1740 2972 editioni
1764 2928 1984 2973 antuer-

385 3013 555 3084 piensi
596 3029 738 3067 anno
766 3013 903 3068 1604
937 3011 1154 3082 praeﬁxa
1203 3021 1284 3065 est
1339 3010 1692 3080 approbatio,
1724 3027 1828 3081 qua
1880 3026 1983 3065 non

385 3105 564 3160 denuo
594 3103 734 3175 typis
766 3102 934 3163 tradi;
961 3101 1057 3156 sed
1072 3101 1184 3171 jam
1211 3100 1427 3155 demum
1453 3099 1693 3155 mandari
1720 3101 1988 3159 Arnobius

386 3194 705 3267 dicitur(5).
737 3193 1001 3262 Quocirca
1051 3207 1376 3262 quamquam
1419 3191 1650 3246 delinire
1700 3193 1831 3247 nihil
1874 3195 1984 3262 jam

387 3290 594 3351 ausim,
653 3288 823 3342 fateor
847 3296 1023 3340 tamen
1050 3301 1136 3339 me
1182 3285 1235 3339 in
1285 3300 1404 3338 eam
1444 3287 1763 3340 sententiam
1817 3289 1953 3358 magi

387 3382 706 3454 proclivem,
741 3391 798 3435 ut
825 3387 950 3434 ante
975 3393 1174 3433 annum
1200 3376 1337 3432 1601
1372 3377 1659 3433 Stewechii
1686 3378 1982 3434 Arnobiun:

388 3491 493 3530 non
541 3473 863 3544 impressum
893 3486 1011 3526 esse
1054 3469 1251 3525 dicam.
1285 3469 1383 3524 Cui
1413 3471 1574 3524 etiam
1609 3471 1828 3525 Auberti
1883 3472 1983 3526 Mi-

388 3567 477 3622 I‘tei
505 3565 797 3620 auctoritas
824 3561 1059 3627 accedit,
1091 3562 1183 3632 qui
1227 3577 1323 3630 pro
1353 3562 1632 3629 explorato
1661 3563 1847 3618 scribit
1870 3565 1978 3636 (.l),

387 3659 608 3716 Arnobii
640 3658 804 3713 libros
833 3655 928 3711 VII
953 3671 1076 3711 cum
1107 3655 1249 3710 notis
1277 3655 1545 3710 Theodori
1575 3655 1789 3712 Cameri
1825 3658 1979 3712 Plau-

389 3753 560 3807 tinum
584 3761 638 3806 et
662 3765 783 3805 cum
825 3750 966 3804 notis
1009 3749 1241 3804 Godesc.
1275 3747 1564 3805 Stewecliii
1613 3750 1981 3821 Trognzcsium

390 3846 530 3904 1604
547 3888 564 3914 ,
597 3844 907 3916 Antuerpite
928 3844 1233 3900 excudisse.

1104 3999 1262 4056 1597.

458 4139 688 4196 Genevaa
742 4134 1032 4193 editionem
1100 4134 1313 4190 Heraldi
1370 4135 1549 4192 laudat
1594 4135 1786 4209 Magna
1845 4138 1978 4195 b’ibt.

461 4363 542 4436 (l)
570 4363 620 4416 in
653 4361 865 4436 Delectu
897 4377 1042 4436 argg.
1075 4371 1120 4413 et
1145 4359 1341 4436 syllaba
1511 4361 1838 4436 progeritate
1862 4361 1976 4436 llel.

387 4430 562 4488 christ.
593 4449 711 4503 pag,
744 4432 868 4503 226.
907 4430 1040 4485 Hinc
1066 4447 1194 4503 vero
1248 4431 1536 4503 Lipenius,
1569 4430 1702 4484 Bibl.
1750 4433 1899 4486 tlteol.
1937 4434 1976 4498 l,

389 4506 522 4568 751,
553 4501 608 4561 et
634 4501 709 4558 Μ.
737 4502 873 4558 Bibl.
903 4503 1027 4558 eccl.
1062 4501 1243 4565 Colon,
1275 4518 1327 4571 p.
1360 4501 1494 4568 623,
1529 4502 1763 4557 laudant.

463 4577 517 4648 (2
570 4582 766 4646 Appar.
797 4575 862 4628 ad
898 4574 1142 4628 Biblioth.
1175 4590 1317 4627 max.
1349 4584 1585 4627 veterum
1620 4575 1856 4628 Patrum.

463 4576 541 4720 (5i
566 4648 681 4716 Quo
712 4648 880 4720 magis
909 4644 1264 4720 viroshdoctos
1286 4646 1543 4720 excitem,
1565 4655 1634 4720 ut
1665 4646 1730 4700 de
1759 4647 1856 4720 prii

459 4649 537 4720 (5)
566 4649 681 4716 Quo
712 4649 880 4712 magis
909 4649 1049 4698 viros
1077 4649 1264 4700 doctos
1286 4649 1543 4710 excitem,
1580 4655 1634 4698 ut
1665 4649 1730 4700 de
1759 4649 1928 4715 prima
1953 4691 1966 4713 ,

385 4737 503 4792 qua:
549 4721 742 4792 dicitur
790 4715 1080 4792 Stewecliii
1105 4757 1118 4778 ,
1150 4719 1413 4792 curiosius
1438 4717 1752 4792 diSpieiant,
1794 4719 1973 4792 addita

388 4787 473 4846 hic
503 4803 618 4848 esto
647 4810 660 4842 :
698 4790 817 4844 Haec
845 4787 1054 4842 Arnobii
1076 4790 1320 4842 restitutio
1343 4829 1355 4849 .
1385 4787 1591 4842 auctore
1613 4787 1825 4842 Godesc.
1859 4791 1973 4845 Ste—

388 4864 594 4929 tvecltio,
619 4862 835 4917 multum
863 4859 1097 4913 utilitatis
1124 4861 1347 4912 studioso
1371 4859 1542 4912 lectori
1576 4860 1760 4923 afferre
1789 4873 1968 4928 potest.

386 4935 608 5006 Dignam
640 4931 1164 5006 igitur.rqua:_tgpis_
1179 4932 1476 4991 mandetur,
1512 4934 1711 5000 judico.
1745 4937 1974 4988 Antuer-

384 5002 484 5076 pia:
505 5053 518 5067 .
549 5006 618 5060 24
647 5002 866 5074 ianuarii
889 5043 904 5058 .
933 5003 1092 5057 1604.
1118 5002 1406 5076 Essemus
1443 5017 1787 5070 srrmowus,
1815 5022 1973 5059 cano-

382 5075 524 5133 nicus
551 5087 597 5131 et
621 5077 862 5145 plebanus
891 5075 1279 5144 antuerpiensis.

457 5147 537 5222 (1)
583 5149 638 5204 In
685 5145 1332 5222 notisndllieronymum
1379 5146 1707 5222 dechcles.
1747 5148 1965 5222 SS._ed.

384 5217 595 5276 Fabric.
619 5263 635 5286 ,
667 5235 807 5273 anno
839 5218 1005 5282 1718,
1042 5235 1092 5284 p.
1119 5217 1222 5272 165
1243 5259 1256 5279 ,
1290 5233 1385 5271 nec
1430 5219 1583 5273 aliter
1612 5219 1799 5272 eodvm
1851 5220 1967 5274 loco

379 5293 494 5363 ipse
520 5291 822 5363 Fabricius,
844 5290 1087 5344 similiter
1109 5289 1379 5363 Francisc.
1397 5289 1698 5363 Stwechius
1726 5290 1775 5342 in
1799 5291 1966 5363 AArthe-

380 5358 462 5420 riis
511 5362 734 5432 Belgicis
765 5362 1092 5430 (Antuerp.,
1132 5359 1302 5425 1628,
1331 5358 1574 5425 in-folio,
1618 5377 1734 5431 pag.
1788 5361 1959 5431 294),

378 5437 464 5490 ubi
493 5431 626 5490 dum
651 5434 844 5502 scripta
874 5431 1162 5487 Stewechii
1198 5441 1475 5496 recenset,
1510 5433 1822 5502 simpliciter
1863 5449 1958 5502 po-

371 5509 521 5561 suit:
580 5505 756 5559 Electa
794 5506 847 5557 in
895 5503 1209 5567 Arnobium,
1272 5507 1407 5573 typis
1457 5504 1754 5574 Trogntrsii.
1810 5506 1959 5560 Adde

373 5578 516 5648 quod
549 5579 707 5646 Casp.
753 5576 1033 5646 Sciolipius
1065 5577 1114 5629 in
1144 5578 1261 5628 Arte
1291 5577 1496 5648 critica,
1539 5578 1621 5629 ubi
1675 5577 1962 5630 Stewechii

371 5647 570 5718 scripta
623 5648 836 5712 laudat,
884 5648 1177 5702 Aruobium
1204 5659 1255 5703 et
1284 5647 1455 5702 electa
1504 5649 1554 5701 in
1585 5663 1702 5701 eum
1744 5665 1963 5716 prorsus

373 5721 600 5788 ignoret.
637 5721 714 5775 Ex
764 5719 956 5787 quibus
985 5720 1234 5774 omnibus
1263 5736 1368 5773 non
1406 5722 1522 5774 sine
1543 5720 1716 5786 aliqua
1774 5719 1963 5776 liducia

369 5792 634 5854 dixerim,
664 5791 1002 5860 praefationes
1045 5791 1162 5844 illas
1188 5792 1340 5846 annis
1384 5791 1523 5847 1586
1548 5800 1600 5846 et
1639 5790 1768 5846 1587
1804 5792 1962 5863 insig-

369 5863 506 5922 nitas
528 5863 770 5919 Fabricio
798 5863 1033 5918 fruudem
1059 5863 1260 5918 iecisse.

2091 555 2283 609 ausim.

2810 669 2969 727 1598.

2164 827 2500 897 Lugd.-Bat.
2534 843 2601 882 ex
2622 826 2714 882 oif.
2750 827 2821 881 Io.
2855 827 3124 882 Balduini.
3151 859 3223 869 -
3244 827 3318 884 lo.
3348 828 3562 884 Meursii
3585 831 3699 884 tiri-

2093 921 2229 976 tiens
2258 920 2590 975 arnobianus
2635 920 2865 975 tributus
2893 921 2944 974 in
2973 921 3141 976 libros
3177 932 3405 992 septem.
3430 921 3566 977 Item
3592 922 3697 994 Hy-

2092 1013 2378 1083 pocritieus
2392 1012 2717 1067 Minutianus
2735 1022 2788 1068 et
2802 1012 3065 1081 Excerpta
3080 1029 3182 1068 ms.
3211 1015 3342 1084 regii
3363 1013 3692 1084 parisiensis.

2092 1105 2145 1158 in
2175 1105 2330 1175 queis
2360 1105 2624 1159 Arnobius
2645 1106 2909 1160 adversus
2938 1106 3138 1160 Gentes
3189 1112 3245 1161 et
3300 1105 3565 1162 Minucius
3579 1123 3700 1162 sex-

2092 1207 2244 1253 centa
2288 1199 2515 1268 amplius
2542 1197 2692 1264 locis,
2726 1199 2813 1253 alii
2844 1198 3137 1267 scriptores
3163 1199 3310 1255 varie
3337 1201 3689 1270 castigantur.

2161 1292 2497 1362 Quamquam
2537 1292 2718 1360 negari
2758 1291 2876 1346 sine
2909 1291 3106 1346 invidia
3134 1293 3347 1362 nequit,
3378 1293 3696 1362 praeclarum

2092 1384 2288 1455 ingenii
2311 1401 2557 1451 acumen,
2585 1383 2804 1455 etquod
2832 1401 2898 1439 ex
2923 1385 3234 1441 omnimoda
3259 1385 3522 1442 doctrinte
3544 1388 3698 1457 copia

2093 1475 2328 1530 efﬂoruit
2354 1487 2408 1531 et
2433 1476 2586 1546 quasi
2616 1476 2957 1544 redundavit,
2986 1478 3087 1533 hoc
3107 1477 3497 1534 schediasmate
3523 1479 3701 1535 Meur~

2091 1568 2228 1622 siutn
2279 1568 2614 1631 ostendisse,
2657 1567 2724 1622 ad
2764 1569 3059 1624 Aruobium
3107 1580 3284 1625 tamen
3322 1581 3375 1625 et
3405 1570 3696 1627 Minucium

2095 1675 2198 1714 non
2247 1659 2414 1731 magis
2459 1659 2587 1714 illud
2633 1677 2791 1730 quam
2836 1661 2904 1715 ad
2947 1677 3162 1716 omnem
3217 1661 3590 1734 antiquitatem
3641 1674 3699 1719 et

2093 1753 2386 1824 scriptores
2429 1753 2584 1809 valde
2622 1755 2818 1809 multos
2863 1756 3130 1825 pertinere
3175 1768 3322 1812 recte
3365 1758 3697 1814 censebitur.

2020 1848 2548 1922 BQuotiescumque
2594 1847 2738 1903 enim
2787 1848 2907 1903 illos
2949 1849 3123 1920 attigit
3170 1850 3396 1906 miriﬁce
3441 1852 3698 1906 callidum

2092 1939 2404 2011 detegendis
2459 1949 2513 1996 et
2564 1941 2915 2011 persanandis
2961 1942 3274 1998 vulneribus
3322 1960 3383 1999 se
3430 1945 3696 2014 pra-buit,

2092 2035 2257 2089 multa
2289 2043 2446 2090 acute
2471 2035 2623 2101 vidit,
2649 2035 2715 2090 ad
2738 2052 2857 2105 quae
2884 2037 3191 2106 superiores
3217 2037 3454 2092 editores
3473 2038 3701 2093 omnino

2092 2127 2467 2190 excutiebant,
2489 2127 2653 2181 multa
2684 2126 2876 2182 menda
2906 2126 3176 2183 levissima
3203 2127 3411 2185 medela
3441 2130 3698 2184 sustulit:

2092 2223 2187 2277 sed
2228 2223 2397 2276 multo
2445 2222 2644 2292 largius
2685 2224 2798 2276 haec
2828 2223 3250 2295 quibuscumque
3274 2225 3394 2280 aliis
3421 2224 3701 2294 scriptori-

2092 2316 2193 2370 bus
2220 2331 2378 2387 quam
2410 2316 2650 2370 Arnobio
2671 2325 2725 2370 et
2742 2316 2972 2372 Minucio
2997 2317 3063 2372 ab
3085 2333 3150 2373 eo
3171 2329 3296 2372 sunt
3325 2320 3588 2390 praestita.
3619 2321 3700 2374 Ac

2092 2409 2257 2474 initio,
2290 2409 2481 2478 inquit,
2514 2409 2644 2462 nihil
2670 2419 2914 2464 annotare
2937 2420 3042 2463 erat
3069 2410 3326 2464 decretum
3352 2412 3448 2465 soli
3470 2412 3700 2465 auctoris

2092 2501 2370 2555 valetudini
2396 2502 2639 2556 curanda:
2664 2502 2874 2566 intento,
2909 2520 3009 2558 non
3032 2506 3173 2573 potui
3210 2515 3377 2558 tamen
3418 2505 3540 2557 mihi
3569 2516 3701 2558 tent-

2093 2613 2302 2665 perare,
2328 2598 2451 2665 quin
2480 2597 2746 2665 aliquoties
2763 2640 2776 2664 ,
2803 2599 2900 2651 loci
2930 2600 3245 2667 potissimum
3271 2601 3481 2655 alterius
3520 2617 3699 2653 emen-

2091 2689 2251 2742 dandi
2281 2690 2546 2744 occasione
2573 2691 2838 2755 invitatus,
2870 2708 3230 2758 excurrerem;
3255 2694 3306 2748 in
3348 2694 3542 2762 quibus
3569 2711 3696 2749 om-

2092 2782 2248 2836 nibus
2302 2793 2360 2836 ut
2407 2783 2543 2837 nihil
2598 2785 2757 2839 alieni
2813 2786 2912 2840 sibi
2963 2786 3258 2843 vindicaret
3307 2803 3405 2844 nec
3459 2789 3696 2844 aliorum

2091 2873 2566 2928 emendationibus
2619 2877 2949 2932 adducendis
2998 2880 3076 2934 vel
3136 2879 3327 2934 erratis
3385 2881 3698 2937 refellendis

2094 2973 2304 3036 tempus
2329 2977 2554 3034 tereret,
2587 2968 2679 3023 sed
2715 2984 2807 3022 sua
2825 2971 3135 3039 simpliciter
3158 2985 3508 3042 proponeret;
3535 2983 3698 3030 caute

2091 3076 2154 3114 ac
2177 3062 2414 3131 graviter
2440 3061 2665 3117 studuit.
2690 3062 2878 3130 Porro,
2907 3064 3159 3134 quidquid
3184 3066 3235 3119 in
3258 3067 3495 3120 Arnobio
3524 3083 3697 3136 praes-

2094 3153 2214 3214 titit,
2248 3152 2300 3206 id
2330 3169 2489 3209 omne
2511 3155 2808 3225 abingenio
2830 3171 3001 3226 neque
3023 3172 3053 3210 a
3083 3157 3234 3211 libris
3261 3159 3531 3213 veteribus
3561 3175 3695 3228 pro-

1960 3246 2056 3343 ;C
2092 3246 2288 3302 fectum
2317 3265 2439 3305 esse
2469 3251 2550 3304 vel
2593 3267 2696 3305 non
2743 3249 3031 3305 alfirmanti
3076 3263 3209 3322 puto
3250 3253 3559 3318 tribuisses,
3590 3256 3694 3310 sed

2088 3342 2371 3396 miraberis
2390 3343 2640 3409 fortasse,
2663 3355 2770 3397 tam
2814 3358 2987 3398 raram
3014 3346 3064 3398 in
3090 3345 3154 3400 iis
3191 3347 3497 3414 regionibus
3519 3348 3695 3404 fuisse

2087 3434 2376 3489 editionem
2407 3438 2633 3506 primam
2653 3478 2668 3502 ,
2698 3446 2757 3490 ut
2785 3451 2844 3491 se
2875 3447 3062 3507 optare
3104 3437 3368 3493 Meursius
3411 3441 3584 3505 dicat,
3628 3451 3696 3496 ut

2088 3529 2267 3596 plures
2296 3527 2561 3583 Canterus
2589 3528 2800 3583 romani
2827 3528 3032 3584 codicis
3059 3531 3327 3585 variantes
3381 3548 3693 3601 repraesen-

2087 3627 2272 3686 tasset,
2304 3619 2444 3690 quod
2477 3621 2625 3691 plura
2659 3621 3011 3692 investigandi
3053 3623 3392 3678 occasionem
3425 3626 3692 3694 praebitu-

2084 3727 2202 3764 rum
2250 3711 2455 3767 fuisset.
2486 3712 2639 3779 Quod
2675 3723 2956 3782 superest,
2985 3725 3329 3769 accesserunt
3367 3716 3513 3785 operi
3561 3717 3695 3773 huic

2086 3803 2398 3874 appendicis
2429 3806 2549 3859 loco
2576 3816 2812 3875 excerpta
2840 3808 3142 3878 exemplaris
3180 3809 3304 3880 regii
3351 3812 3694 3882 manuscripti

2087 3915 2150 3953 ex
2197 3899 2332 3954 libro
2372 3899 2589 3969 Iosephi
2636 3899 2913 3971 Sciligeri,
2942 3918 3102 3972 quem
3134 3903 3259 3957 olim
3306 3902 3532 3959 Lutetiae
3557 3922 3690 3962 cum

2088 3992 2234 4060 regio
2270 3991 2562 4061 exemplari
2593 3993 2960 4063 munuscripto
2989 3995 3310 4050 contulerat.
3342 3997 3573 4066 Singulis
3595 3999 3689 4069 ju-

2087 4083 2282 4141 dicium
2310 4101 2488 4150 suum,
2540 4087 2765 4142 subinde
2792 4089 2952 4142 etiam
2975 4091 3523 4145 animadversationes
3554 4109 3691 4162 pro-

2086 4176 2308 4232 lixiores
2335 4178 2597 4247 apposuit.
2626 4177 2903 4247 Universe,
2931 4181 3056 4247 uidi,
3077 4181 3268 4251 inquit,
3292 4184 3387 4236 hac
3411 4184 3691 4242 collatione

2086 4270 2237 4337 plura
2284 4271 2396 4323 loca
2439 4271 2627 4324 utiliter
2676 4272 2888 4342 augeri,
2929 4289 3066 4327 ineas
3114 4279 3434 4338 coniecturas
3487 4279 3689 4348 aliquot

2084 4362 2308 4431 probari,
2336 4381 2436 4417 non
2459 4380 2651 4433 paucas
2676 4367 2795 4418 item
2825 4383 2976 4420 novas
3007 4368 3292 4421 inveniendi
3315 4386 3494 4422 ansam
3525 4372 3637 4424 {lari
3669 4393 3684 4429 :

2081 4457 2307 4525 quamvis
2334 4474 2389 4510 re
2414 4473 2531 4512 vera
2570 4475 2917 4526 strpenumero
2946 4477 3039 4528 pro
3067 4462 3336 4529 thesauro,
3367 4480 3516 4533 quem
3563 4484 3687 4537 spe-

2081 4565 2275 4615 rarunt,
2309 4550 2550 4604 carbones
2588 4549 2888 4616 oﬂ'enderim
2910 4595 2922 4616 ,
2951 4563 2998 4606 et
3027 4571 3220 4608 merum
3249 4558 3630 4624 sterquilinium
3659 4577 3682 4615 :

566 4644 681 4722 Quo
712 4648 880 4722 magis
909 4644 1264 4722 virosudoctos
1286 4646 1543 4722 excitem,
1564 4655 1634 4722 ut
1665 4646 1730 4700 de
1759 4647 1928 4722 prima
1953 4691 1966 4713 ,
1995 4647 2049 4707 D
2075 4660 2102 4695 e
2133 4661 2232 4714 quo
2260 4653 2454 4708 tamen,
2483 4645 2581 4700 nisi
2607 4663 2686 4699 me
2712 4649 2911 4718 egregie
2944 4648 3202 4717 judicium
3243 4650 3415 4720 fallit,
3440 4653 3641 4722 aliquas
3662 4698 3678 4721 ,

2079 4749 2132 4791 ut
2151 4741 2220 4791 ita
2249 4739 2432 4804 dicam,
2466 4742 2742 4810 gentmalas
2769 4742 2938 4795 elicui.
2969 4741 3236 4798 Cmterum
3279 4745 3392 4799 lucc
3419 4758 3679 4818 excerpta

2079 4830 2329 4898 inscripta
2352 4842 2476 4887 sunt
2497 4835 2656 4889 Petro
2683 4834 2951 4890 Seriverio
2971 4838 3162 4903 amico,
3193 4849 3248 4891 ut
3275 4839 3388 4908 ipse
3407 4840 3678 4911 declarat,

2080 4923 2462 4987 dilectissimo,
2505 4928 2571 4982 de
2613 4929 2769 4998 cujus
2801 4929 3152 4997 Antieritico,
3199 4949 3319 5001 qua:
3369 4933 3677 4992 Hadrianus

2080 5015 2334 5070 Bailletus
2366 5018 2476 5089 (De
2505 5020 3018 5091 Antiscriptoribus,
3062 5034 3194 5078 tom.
3233 5041 3305 5091 ιι,
3341 5042 3461 5096 pag.
3501 5028 3673 5099 9.99),

2080 5112 2352 5166 memoriae
2424 5111 2692 5182 prodidit,
2749 5115 2943 5172 fabulis
3004 5133 3288 5173 accensere
3351 5136 3510 5175 nemo
3569 5122 3673 5178 du-

2075 5203 2224 5260 bitet.

2497 5337 2714 5377 SJECULO
2753 5338 2946 5379 DECIMO
2985 5339 3229 5379 SL’I‘TIMO.

2792 5461 2818 5514 1
2830 5460 2952 5515 605.

2145 5593 2422 5654 llanovia).
2452 5596 2596 5650 ili-8“
2619 5615 2627 5649 :
2651 5598 3016 5654 Arnobius.....
3052 5618 3163 5653 cum
3197 5615 3329 5656 notis
3354 5602 3667 5658 (it'l't'l'lllll'fll

2074 5684 2465 5752 Elmenhorstii,
2496 5689 2561 5743 ad
2595 5690 2854 5747 illustrem
2889 5694 3059 5747 virum
3092 5694 3385 5762 Juseplaum
3427 5698 3666 5769 Scalige-

2071 5795 2204 5844 rum,
2242 5782 2572 5838 eruditorum
2604 5803 2712 5840 sua:
2740 5789 2911 5841 :etatis
2939 5788 3091 5843 facile
3127 5787 3442 5862 principem.

2141 5871 2215 5926 ita
2230 5872 2510 5930 Fabricius
2541 5876 2630 5945 (in
2660 5877 2887 5943 Delectat,
2925 5896 3041 5950 pag.
3071 5880 3199 5937 2‘26)
3225 5874 3290 5950 {et
3324 5899 3383 5937 t'.\
3413 5901 3478 5939 eo
3512 5884 3660 5958 Μαια-
