3918 6354
228 384 316 438 δυι
1364 387 1636 445 ΛΙίΝΟΒΙι
1674 388 1948 444 ΝΟἸΊἹΊΑ
1991 388 2388 447 ΕυΙΤΙΟΝυΜ.

3412 393 3517 449 562

227 513 318 564 gna
359 493 489 548 Bibl.
548 496 748 550 Eccles.
799 497 1077 567 proferunt
1119 501 1346 569 primam
1402 502 1801 558 Elmenhorstii.
1831 507 1886 565 Α
1912 512 2033 556 tem.
2063 533 2136 543 -—
2158 502 2232 556 Μ.
2265 501 2481 556 Minucii
2510 499 2704 556 Felicis
2734 501 2996 556 Octavius.
3030 502 3210 558 Editio
3239 519 3373 559 nova
3398 549 3413 571 ,
3444 508 3512 561 ad

227 587 434 642 Nurrius
457 603 575 642 eam
609 590 859 642 manibus
892 591 1139 646 versavit.

291 679 463 745 Paris,
516 680 658 735 iit-8°
705 699 717 733 :
768 682 1163 738 Arnobius......
1217 702 1332 738 cum
1382 685 1809 741 observationibus

227 772 334 841 Del.
367 772 601 828 Ileraldi.
643 775 784 830 Citat
825 775 1102 832 Fabricius
1134 777 1170 830 l.
1203 775 1244 830 Ι.
1279 795 1346 832 an
1388 787 1566 846 recte,
1600 780 1801 835 dubito.

921 870 1081 926 1604.

300 961 640 1031 Antverpite,
705 963 844 1032 apud
894 962 1081 1019 Joaelt.
1153 963 1560 1036 Trognazsium,
1618 965 1803 1021 iit-8":

223 1050 548 1107 .lrnobius....
583 1071 699 1108 cum
759 1055 1059 1111 Codescalci
1111 1056 1378 1111 Stewecltii
1409 1057 1623 1112 Electis.
1661 1058 1804 1114 Con-

219 1143 291 1197 fer
323 1160 438 1214 qua:
469 1162 632 1216 supra
664 1147 728 1202 ad
757 1164 957 1203 annum
991 1148 1134 1205 1586
1173 1150 1316 1205 dicta
1348 1161 1495 1208 sunt.
1553 1151 1804 1206 lteratam

219 1234 540 1293 Stewecltius
585 1256 808 1306 operam
860 1243 1096 1296 Arnobio
1140 1259 1236 1298 suo
1277 1244 1569 1312 impendit,
1604 1245 1806 1299 Electis

216 1332 428 1400 primum
475 1335 888 1390 conscribendis
909 1377 923 1398 ,
952 1337 1004 1390 in
1048 1352 1155 1406 quo
1195 1340 1410 1408 negotio
1441 1337 1559 1392 solo
1591 1337 1806 1407 ingenio

219 1437 268 1476 se
304 1424 558 1479 conﬁsum
613 1441 733 1481 esse
779 1429 1011 1493 fatetur;
1045 1429 1240 1485 deinde
1286 1446 1408 1484 cum
1453 1430 1654 1485 codicis
1699 1446 1801 1484 ms.

219 1514 469 1570 variantes
516 1516 780 1572 lectiones
830 1537 859 1573 a
906 1519 1195 1575 Francisco
1247 1520 1425 1575 Modio
1475 1522 1574 1591 ipsi
1622 1531 1806 1577 essent

215 1607 579 1675 suppeditata},
613 1611 810 1682 quibus
841 1611 1016 1666 denuo
1052 1612 1288 1667 laborem
1327 1613 1437 1682 jam
1492 1612 1800 1667 absolutum

214 1717 472 1771 aggressus
493 1746 506 1767 ,
535 1720 643 1758 non
677 1705 854 1759 solum
884 1707 1053 1761 electa
1081 1706 1307 1761 meliora
1339 1707 1483 1771 fecit,
1508 1707 1602 1760 sed
1629 1707 1801 1776 ipsum

213 1809 407 1862 quoque
437 1778 667 1851 Arnobii
695 1806 899 1851 textum
927 1798 1150 1852 inﬁnitis
1174 1799 1305 1852 locis
1336 1814 1394 1853 se
1419 1783 1796 1868 interpolasse,

1910 593 2200 649 editionem
2244 608 2518 646 romanam
2549 608 2829 662 expressa,
2869 580 3190 661 quibusdam
3220 605 3398 652 tamen
3461 599 3514 652 in

1909 687 2042 743 locis
2068 705 2098 742 e
2126 702 2228 741 ms.
2261 703 2375 758 reg.
2403 697 2558 741 aucta
2586 695 2641 740 et
2661 686 2969 742 emendata.
3004 688 3267 744 Desiderii
3296 690 3512 745 lleraldi

1910 779 1976 834 ad
2001 779 2220 834 Arnobii
2239 780 2406 833 libros
2431 795 2500 832 vn
2521 780 3020 836 animadversiones
3037 783 3512 853 etcastigationes.

1983 873 2276 927 Romanam
2308 871 2547 941 intellige
2579 872 2949 937 novissimam,
2981 890 3129 943 qum,
3167 887 3369 945 quanto
3399 877 3515 946 pluo

1911 979 1998 1019 res
2027 974 2241 1019 veteres
2268 963 2524 1018 lectiones
2555 965 2819 1030 restituit,
2853 974 3001 1019 tanto
3029 969 3371 1035 praestantior
3411 969 3511 1036 ipsi

1908 1058 2022 1111 visa
2063 1067 2146 1112 est
2174 1073 2235 1111 ac
2283 1057 2479 1127 smpius
2522 1057 2754 1112 laudata.
2784 1059 2901 1124 Quo
2932 1059 3126 1114 factum
3159 1071 3262 1124 est,
3301 1073 3354 1116 ut
3387 1080 3516 1116 now

1908 1149 2072 1202 nullis
2099 1149 2260 1202 etiam
2292 1151 2342 1202 in
2374 1149 2527 1210 locis,
2556 1151 2643 1204 ubi
2677 1149 2765 1204 illa
2798 1149 3078 1206 Gelenium
3111 1164 3295 1207 secuta
3332 1165 3509 1220 esset,

1907 1256 2027 1296 eam
2058 1228 2337 1296 desereret
2364 1251 2418 1296 et
2449 1243 2531 1297 vel
2559 1242 2774 1298 Cameri
2803 1245 3126 1300 sententiam
3155 1247 3512 1316 amplectere-

1909 1344 1994 1388 tur
2037 1336 2121 1389 vel
2161 1336 2228 1390 de
2274 1351 2373 1390 suo
2401 1337 2648 1406 quaedam
2681 1336 2923 1392 inferret.
2955 1338 3030 1392 De
3058 1340 3282 1410 singulis
3314 1343 3364 1394 in
3393 1346 3510 1396 ani-

1909 1427 2412 1491 madversionibus,
2460 1429 2553 1483 sed
2605 1430 2944 1499 paucissimis
2990 1432 3207 1496 verbis,
3250 1434 3510 1502 judicium

1907 1521 2047 1584 tulit,
2082 1521 2307 1590 reliqua:
2341 1522 2421 1574 vel
2450 1537 2610 1576 sensu
2643 1522 2973 1578 declarantlo
3009 1525 3094 1580 vel
3137 1528 3298 1580 rebus
3338 1531 3513 1582 omni-

1906 1612 2060 1680 genis
2089 1611 2423 1667 illustrandis
2450 1614 2714 1668 serviunt.
2745 1615 2800 1668 lu
2823 1616 3020 1685 quibus
3043 1626 3100 1670 ut
3125 1620 3270 1673 varia
3297 1633 3511 1677 suntex

1905 1702 2054 1756 omni
2105 1705 2442 1774 antiquitatis
2500 1706 2742 1760 doctrina
2797 1708 3113 1779 deprompta
3171 1728 3510 1784 nequaquam

1903 1809 2033 1850 vero
2065 1797 2206 1866 quod
2233 1798 2475 1863 deceret,
2509 1800 2722 1868 quodve
2749 1801 2984 1855 alienum
3016 1813 3158 1857 esset
3187 1805 3269 1859 vel
3301 1808 3508 1874 tritum,

210 1886 493 1942 correxisse
514 1930 530 1955 ,
562 1899 618 1943 et
646 1904 798 1958 soape
829 1906 1053 1944 numero
1084 1889 1288 1945 lacunis
1321 1890 1501 1961 magni
1540 1891 1798 1945 momenti
1829 1870 1876 1928 B
1903 1887 2101 1942 oblitus
2132 1898 2236 1943 est.
2273 1889 2503 1960 Egregia
2528 1907 2743 1960 quoque
2789 1894 3037 1948 instituto
3085 1894 3280 1951 factum
3304 1909 3417 1962 est,
3456 1909 3514 1953 ut

210 1979 462 2046 suppletes
487 1981 711 2035 auxisse
748 1980 1008 2037 afﬁrmat.
1036 1983 1111 2037 De
1136 1982 1322 2038 codice
1345 1983 1447 2038 hoc
1473 1985 1796 2037 sententiam

208 2085 424 2128 nostram
467 2091 567 2128 suo
615 2076 734 2131 loco
781 2076 1135 2146 proferemus.
1168 2077 1323 2145 Quod
1355 2076 1534 2132 Electa
1564 2081 1794 2146 attinet,

210 2171 346 2233 {nam
384 2167 449 2222 de
498 2168 583 2224 his
628 2172 911 2226 audiamus
955 2183 1202 2240 Oportet,
1231 2185 1519 2243 antequam
1567 2173 1634 2227 de
1680 2175 1793 2244 ipsa

208 2265 364 2314 textus
407 2263 729 2318 recensione
773 2265 986 2318 dicendi
1031 2265 1181 2320 locus
1212 2265 1372 2334 erit),
1405 2265 1528 2322 ideo
1560 2268 1662 2322 hoc
1689 2284 1792 2321 no-

207 2350 334 2404 mine
374 2354 653 2423 appellare
702 2356 876 2410 visum
906 2373 1025 2412 esse
1058 2358 1268 2427 inquit,
1298 2362 1436 2422 quod
1464 2377 1490 2412 e
1519 2360 1755 2429 plurimis
1781 2402 1796 2424 ,

206 2459 303 2509 (μίαν
329 2447 641 2517 depravata,
675 2467 790 2518 qua:
820 2452 1032 2505 obscura
1061 2454 1142 2505 ltic
1172 2455 1446 2523 reperiret,
1477 2455 1681 2525 elegerit
1707 2455 1804 2508 sibi

206 2554 260 2591 ex
297 2543 492 2613 ingenio
527 2554 574 2598 et
621 2547 958 2600 membraneis
985 2547 1246 2601 codicibus
1274 2547 1352 2601 vel
1376 2549 1698 2601 emendanda
1723 2547 1804 2602 vel

205 2633 534 2704 illustranda;
565 2639 620 2693 id
652 2639 795 2705 quod
826 2640 1142 2710 plerumque
1167 2649 1223 2694 et
1246 2650 1450 2694 tantum
1476 2658 1581 2696 non
1603 2643 1800 2712 ubique

204 2737 261 2778 ex
300 2729 494 2798 antiqui
543 2745 896 2784 romanorum
927 2734 1191 2787 sermonis
1225 2749 1322 2787 usu
1352 2749 1416 2788 ae
1445 2735 1795 2803 proprietate,

205 2836 292 2877 nec
329 2837 430 2877 non
463 2824 662 2878 ritibus
691 2825 832 2894 apud
868 2826 1074 2894 priscos
1110 2826 1444 2880 solemnibus
1482 2825 1623 2879 haud
1662 2826 1797 2880 sini-

204 2927 300 2968 s‘tre
340 2916 584 2985 profecto
610 2917 710 2985 ipsi
760 2918 944 2981 cessit,
994 2929 1098 2971 etc.
1148 2917 1597 2986 quemadmodum
1628 2918 1796 2986 pluri-

201 3020 330 3059 mum
376 3007 431 3061 in
478 3008 727 3062 Varrone
786 3009 851 3061 ad
911 3009 1212 3062 Arnoliiutn
1275 3009 1650 3064 illustrandum
1713 3020 1796 3065 est

204 3101 452 3166 praesidii,
487 3103 562 3156 ita
600 3101 718 3156 hare
759 3101 1050 3157 Stevvecbii
1105 3102 1284 3156 Electa
1332 3102 1634 3172 egregium,
1675 3117 1797 3156 meo

197 3190 402 3260 judicio,
432 3193 665 3248 Varroni
693 3203 854 3263 atque
876 3195 1020 3247 omni
1043 3194 1309 3249 sermonis
1339 3193 1505 3263 priori
1531 3194 1792 3249 doctrinae
1820 3220 1864 3282 ρ

201 3285 555 3354 adjumentuni
587 3288 836 3344 afferunt.
869 3291 1037 3357 Quam
1063 3290 1114 3342 in
1141 3305 1253 3342 rem
1284 3305 1387 3340 non
1419 3304 1605 3357 parum
1633 3288 1792 3343 etiam

201 3380 421 3452 syllabus
448 3392 838 3438 contentorum
865 3384 1177 3453 prtemissus
1196 3381 1464 3436 conducit.
1487 3382 1592 3437 Sed
1621 3398 1797 3452 neque

201 3491 257 3530 ex
283 3477 383 3540 his,
414 3494 599 3550 neque
624 3494 689 3532 ex
722 3480 860 3546 ipsa,
890 3493 1047 3545 quam
1080 3477 1327 3532 manibus
1355 3485 1533 3544 teneo,
1561 3477 1799 3531 editione

201 3573 320 3625 satis
346 3573 474 3627 milii
516 3573 729 3640 liquere
771 3570 976 3634 fazteor,
1018 3587 1124 3640 quo
1158 3580 1315 3640 pacto
1346 3578 1548 3625 textum
1579 3569 1646 3623 ad
1677 3584 1802 3624 suas

201 3663 491 3719 aliorumve
520 3665 867 3731 conjecturas
898 3662 1193 3716 reﬁnxerit.
1228 3661 1278 3716 Is
1314 3672 1493 3727 certe,
1524 3677 1680 3730 quem
1712 3662 1798 3716 ed.

201 3752 569 3826 Trogna’siana
600 3753 790 3827 (1604)
822 3755 982 3820 sistit,
1014 3754 1080 3806 ab
1105 3752 1391 3809 Ursiniatto
1423 3751 1560 3806 haud
1585 3768 1801 3823 magno-

199 3861 313 3915 pere
338 3847 559 3910 differt;
591 3863 657 3901 eo
683 3844 880 3914 saepius
905 3855 1083 3900 autem
1113 3844 1401 3900 Stewecbii
1443 3845 1706 3901 lectiones
1737 3847 1788 3900 in

201 3941 422 4009 margine
484 3939 695 4004 laudat,
754 3941 825 3993 ita
867 3957 971 3993 non
1014 3955 1325 4008 numquam,
1361 3949 1416 3993 ut
1455 3938 1694 4004 nescias,
1728 3956 1794 3995 an

201 4031 394 4086 diversa
426 4033 612 4099 aliqua
646 4049 677 4087 a
707 4032 999 4089 Steweeltii
1039 4038 1355 4088 recensione
1389 4048 1481 4102 per
1512 4033 1612 4087 hos
1643 4042 1797 4104 typo-

201 4123 415 4192 graphos
444 4124 572 4177 data
595 4122 683 4177 sit.
701 4123 858 4190 Quod
882 4124 926 4178 si
961 4124 1381 4194 prtecipitantius
1411 4123 1568 4193 paulo
1590 4141 1618 4178 a
1643 4125 1798 4179 nobis

199 4216 483 4274 divinatum
521 4219 685 4273 fuerit
731 4233 967 4286 vereque
1011 4219 1175 4273 editio
1222 4219 1606 4289 Antwerpiana
1654 4235 1797 4274 anno

207 4307 326 4364 1604
357 4312 421 4364 ad
467 4313 634 4380 ipsius
657 4309 950 4367 Stewechii
979 4310 1394 4381 descriptionem
1417 4327 1671 4381 expressa
1697 4313 1795 4378 sit;

199 4398 430 4458 laudabis
461 4401 692 4459 fortasse
725 4401 960 4458 hominis
984 4405 1384 4471 verecundiam,
1411 4404 1500 4475 qui
1527 4405 1795 4474 margines

204 4493 312 4548 libri
345 4495 820 4552 emendationibus
842 4508 893 4551 et
917 4497 1242 4564 eonjecturis
1272 4499 1493 4567 opplere
1521 4499 1793 4564 maluerit,

1900 1989 2078 2036 textus
2107 1983 2334 2038 Arnobii
2365 1985 2594 2038 seorsim
2627 2001 2747 2038 cum
2790 1986 2970 2042 indice
3009 2002 3187 2043 rerum
3228 1993 3511 2060 peculiari,

1899 2071 2099 2128 deinde
2134 2074 2638 2130 animadversiones
2680 2077 2899 2132 Heraldi
2929 2090 2982 2133 et
3012 2080 3142 2149 ipsa:
3172 2096 3292 2136 eum
3321 2084 3511 2140 indici—

1901 2163 1999 2218 bus
2027 2175 2080 2220 et
2112 2175 2416 2228 auctorum,
2450 2167 2540 2236 qui
2569 2169 2718 2222 varie
2749 2170 3087 2225 illustrantur
3117 2173 3509 2230 velemendan-

1901 2265 2008 2320 tur,
2039 2265 2092 2311 et
2123 2272 2300 2312 rerum
2340 2259 2747 2315 exhiberentur.
2780 2261 3020 2332 Denique
3061 2266 3236 2319 uetari
3273 2279 3514 2323 meretur

1902 2358 1958 2404 et
1989 2349 2111 2416 hoc,
2145 2351 2287 2420 quod
2315 2353 2480 2406 animi
2508 2368 2667 2407 causa
2700 2369 2864 2423 opera
2906 2355 3023 2410 hazc
3067 2357 3308 2412 instituta
3350 2360 3415 2414 sit
3459 2371 3515 2416 et

1902 2443 2041 2495 intra
2069 2442 2298 2498 duorum
2327 2447 2590 2499 mensimn
2624 2448 2856 2516 Spatium
2896 2449 2961 2503 ad
3006 2450 3166 2505 linem
3211 2454 3468 2520 perducta
3496 2471 3512 2518 ;

1901 2534 2030 2590 item
2064 2537 2205 2606 quod
2237 2537 2466 2607 epistola
2495 2539 2822 2596 dedicatoria
2845 2584 2860 2608 ,
2891 2559 3014 2612 qua:
3058 2545 3278 2599 omnino
3322 2547 3513 2615 praifa-

1905 2628 2066 2683 tionis
2107 2631 2286 2685 Iocum
2333 2632 2599 2697 sustinet,
2629 2634 2752 2687 data
2794 2635 2860 2688 sit
2907 2635 3134 2690 Lutetia:
3181 2637 3369 2703 Paris,
3401 2638 3511 2692 kal.

1902 2730 2060 2774 mart.
2123 2737 2304 2788 uncv,
2340 2734 2395 2776 ut
2436 2723 2573 2779 adeo
2614 2727 2699 2779 vix
2751 2728 3030 2796 probabile
3079 2729 3343 2799 videatur,
3386 2743 3512 2793 ante

1903 2810 2044 2866 hunc
2069 2828 2270 2868 annum
2305 2814 2522 2870 lleraldi
2551 2830 2770 2885 operam
2800 2834 2922 2874 esse
2943 2819 3268 2891 evulgatam.

2619 2911 2777 2968 1610.

1970 3000 2293 3073 llamburgi,
2337 3003 2560 3060 ill-folio
2597 3025 2610 3059 :
2646 3007 2975 3063 Arnobii.....
3030 3011 3066 3064 Ι.
3116 3027 3211 3066 vn.
3264 3010 3509 3068 Gebhart.

1897 3090 2310 3149 Elutenltorstius
2355 3098 2559 3150 collatis
2605 3098 2817 3154 diversis
2863 3101 3128 3157 codicibus
3169 3110 3423 3162 recensuit
3464 3121 3511 3162 et

1898 3183 2330 3240 observationibus
2362 3186 2480 3260 (sic)
2510 3189 2809 3245 illustravit.

1973 3277 2410 3336 Elmenhorstius
2451 3281 2686 3338 lectori:
2726 3302 2744 3335 ι
2783 3282 2852 3340 Ut
2885 3286 3115 3344 instituti
3156 3297 3326 3347 nostri
3373 3295 3511 3351 ratio

1900 3369 1993 3423 tibi
2044 3382 2297 3429 constare
2345 3375 2551 3444 possit,
2585 3377 2722 3432 scito
2768 3394 2856 3434 me
2900 3381 2951 3434 in
2987 3385 3086 3438 hac
3116 3401 3254 3440 nova
3287 3389 3512 3442 Arnobii

1900 3461 2138 3519 editione
2181 3467 2510 3520 recensenda
2555 3469 2830 3539 pra-cipue
2877 3487 3033 3527 Usum
3081 3477 3268 3531 codice
3299 3490 3513 3534 vetusto

1903 3556 2177 3612 Francisei
2201 3556 2376 3613 Sabaei
2396 3559 2660 3628 Brixiani,
2687 3562 2873 3618 llomae
2896 3581 3040 3621 anno
3065 3569 3201 3623 1542
3221 3569 3510 3640 impresso.

1903 3647 2005 3704 Ubi
2035 3650 2080 3704 is
2109 3661 2396 3722 corruptus
2425 3664 2517 3708 aut
2551 3658 2863 3726 mendosus,
2905 3660 2974 3714 ad
3020 3673 3275 3732 excerpta
3323 3681 3512 3721 manu-

1901 3742 2099 3812 scripta
2132 3753 2186 3799 et
2211 3745 2494 3802 doctorum
2528 3751 2766 3805 virorum
2812 3754 3221 3812 emendationes
3266 3758 3508 3827 confugi,

1899 3838 2238 3910 optitnasque
2279 3856 2343 3896 ex
2389 3842 2494 3897 illis
2538 3843 2844 3915 desumpsi.
2876 3857 2932 3902 et
2963 3851 3130 3904 textui
3163 3853 3506 3920 Arnoliiano,

1897 3948 2208 4002 quamquam
2230 3951 2381 3999 raro,
2409 3937 2640 4002 inserui;
2671 3945 2880 3993 ratione
2910 3957 3103 4012 nempe
3130 3943 3243 4010 ipsa
3262 3943 3507 4013 jubente,

1898 4022 2072 4093 adjeci
2104 4041 2319 4096 quoque
2361 4029 2630 4082 variarum
2688 4029 2977 4085 lectionum
3035 4034 3408 4102 collectanea,
3451 4039 3505 4092 in

1897 4118 2093 4188 quibus
2122 4135 2237 4186 eos,
2269 4136 2501 4189 quorum
2539 4122 2946 4178 etnendationes
2980 4127 3149 4194 probo
3179 4137 3234 4180 et
3285 4143 3506 4199 sequor,

1902 4213 2143 4266 nomino.
2188 4212 2246 4266 lit
2277 4215 2746 4271 observationibus
2779 4218 2913 4272 meis
2945 4218 2996 4273 id
3029 4219 3366 4288 potissimum
3398 4223 3504 4292 egi,

1901 4315 1961 4358 ut
1989 4321 2209 4361 sensum
2237 4309 2496 4371 auctoris.
2522 4326 2682 4380 quem
2716 4310 2984 4365 edendum
3040 4315 3272 4384 suscepi,
3306 4315 3513 4372 edisse-

1901 4413 2099 4463 rerem,
2131 4398 2478 4470 breviterque
2505 4412 2559 4456 et
2588 4412 2794 4472 aperte,
2827 4403 2911 4458 ubi
2943 4404 2988 4459 is
3008 4405 3290 4470 obscurus,
3321 4407 3511 4463 diluci-

1899 4492 2105 4547 darem.
2161 4492 2322 4549 Certe
2368 4494 2791 4551 eruditissimum
2843 4498 3160 4567 scriptorem
3212 4500 3512 4556 innumeris

200 4605 342 4657 quam
377 4591 464 4647 vel
498 4593 860 4647 certissimam
895 4592 946 4644 in
979 4591 1172 4646 seriem
1204 4592 1464 4660 recipere,
1498 4590 1650 4646 Nunc
1668 4608 1797 4647 vero
1824 4580 1874 4639 D
1904 4585 2321 4640 fiedissimormu
2355 4587 2674 4640 mendorum
2719 4591 2884 4643 ntevis
2915 4591 3170 4656 liberavi,
3203 4602 3258 4647 et
3287 4592 3513 4649 infinitis

202 4686 240 4737 is
277 4687 450 4756 ipsum
483 4697 696 4741 textum
731 4686 1177 4756 interpolavisse,
1221 4687 1523 4741 correxisse
1563 4698 1616 4740 et
1663 4687 1794 4741 inte-

199 4781 424 4846 griorem
458 4779 672 4833 dedisse
704 4779 808 4833 dici
845 4778 1042 4847 possit,
1075 4779 1290 4834 videant
1318 4779 1428 4832 alii.
1458 4778 1794 4850 Quamquam

201 4873 330 4924 enim
363 4875 413 4924 in
445 4873 666 4935 eadem,
705 4871 850 4926 unde
882 4873 1234 4941 przeeedentia
1265 4871 1622 4933 adduximus,
1661 4888 1795 4941 pra:-

199 4961 390 5019 fatione
417 4966 486 5020 de
518 4979 610 5018 sua
637 4966 687 5018 in
721 4975 864 5019 textu
888 4965 1202 5020 adornando
1224 4981 1385 5033 opera
1418 4982 1525 5035 pra!
1553 4981 1611 5020 se
1633 4964 1793 5030 ferat,

199 5069 254 5109 se
300 5074 511 5112 summo
559 5057 831 5119 candore,
862 5058 972 5113 suis
1011 5059 1208 5124 ubique
1248 5059 1407 5125 locis,
1443 5070 1592 5128 atque
1622 5059 1750 5111 adeo
1775 5101 1790 5124 ,

200 5150 290 5220 ipsi
321 5170 517 5222 quoque
546 5154 766 5222 margini
806 5154 1019 5206 nmnina
1066 5167 1252 5206 eorum
1293 5152 1674 5222 adscripsisse,
1706 5153 1795 5221 qui

203 5259 317 5300 ante
345 5250 514 5316 ipsum
544 5264 734 5301 manus
755 5245 1117 5301 ausiliatriccs
1142 5247 1380 5301 Arnobio
1405 5248 1790 5315 porrexissent,

203 5337 439 5410 idemque
482 5357 542 5395 se
583 5341 850 5396 facturum
883 5340 1045 5394 fuisse
1077 5340 1127 5393 in
1162 5340 1249 5406 iis,
1277 5356 1394 5409 qua-
1423 5339 1644 5395 Ursiana
1674 5355 1796 5408 pro-

204 5429 431 5498 fert,oi~i
462 5434 548 5488 hic
569 5436 774 5492 omnia.
795 5450 888 5488 sua
918 5433 1090 5488 aliena
1123 5433 1589 5488 miscuissetzhzee
1617 5445 1795 5488 tamen

204 5522 334 5576 eirea
363 5527 606 5580 lectionis
637 5526 951 5581 varietatem
976 5527 1263 5582 sedulitate
1291 5541 1396 5581 non
1424 5525 1592 5596 ipsius
1615 5534 1791 5580 textus

203 5616 478 5683 sospitator
507 5619 607 5674 sibi
639 5620 808 5673 videri
853 5628 1080 5688 poterat.

915 5710 1072 5766 1605.

273 5801 497 5874 Parisiis,
530 5807 672 5879 apud
716 5806 954 5861 Marcum
998 5804 1155 5877 Orry,
1190 5806 1273 5860 via
1311 5803 1543 5861 Jacobea
1565 5845 1579 5869 ,
1611 5803 1678 5859 ad
1708 5805 1790 5858 iu-

206 5891 342 5965 Sigue
370 5897 555 5958 Leonis
586 5899 874 5966 salientis,
904 5897 1046 5953 iit-8°
1076 5916 1090 5953 :
1122 5898 1456 5956 Arnobii.....
1498 5895 1640 5952 Libri
1665 5897 1794 5969 {sep-

713 5995 990 6055 Ρηιιοι..
1037 5992 1112 6051 ν.

1899 4680 2016 4748 ejus
2049 4680 2182 4732 locis
2213 4680 2352 4734 male
2381 4679 2615 4745 allectis,
2649 4681 2958 4748 salubriter,
2987 4693 3043 4737 ut
3073 4685 3304 4751 confido,
3333 4687 3507 4742 medi—

1897 4775 2074 4826 cinam
2112 4771 2351 4826 adhibui.
2382 4771 2492 4827 Nec
2535 4783 2712 4828 tamen
2749 4775 3052 4841 dissimulo,
3087 4779 3314 4846 plurima
3344 4781 3505 4837 etiam

1896 4879 2041 4918 nunc
2063 4865 2302 4921 residere
2331 4865 2459 4919 falsa
2483 4877 2537 4920 et
2557 4878 2830 4936 corrupta,
2851 4885 2970 4939 qua:
2994 4871 3140 4925 nullo
3164 4873 3324 4926 modo
3351 4875 3509 4930 intel—

1898 4957 2013 5028 ligi,
2046 4967 2138 5011 aut
2167 4957 2371 5027 absque
2400 4973 2503 5026 ope
2535 4959 2774 5013 melioris
2815 4961 3020 5016 codicis
3067 4964 3244 5017 sanari
3286 4977 3508 5032 queant.

1901 5051 1974 5106 Ea
2007 5067 2107 5122 ego
2136 5052 2202 5106 de
2248 5051 2507 5106 industria
2557 5055 2752 5106 intacta
2803 5054 3036 5122 praeterii
3080 5067 3132 5110 et
3179 5054 3509 5114 felicioribus

1901 5144 2127 5214 ingeniis
2153 5145 2474 5209 corrigenda
2506 5145 2714 5215 reliqui.
2747 5145 2866 5201 Bel.
2905 5166 2922 5197 ι
2952 5147 3102 5202 Nosti
3128 5149 3238 5218 jam
3268 5152 3505 5217 codices,

1901 5254 2128 5308 quorum
2159 5239 2402 5308 speciosa
2432 5241 2796 5305 ostentatione
2831 5241 3018 5295 titulus
3049 5244 3311 5313 superbit.
3349 5243 3404 5299 Si
3439 5248 3506 5300 de

1902 5334 2306 5388 Elmenliorstio
2334 5334 2660 5405 interroges,
2692 5336 2735 5389 si
2767 5352 2871 5390 non
2902 5336 3196 5406 ingenium,
3221 5350 3370 5393 certe
3395 5355 3506 5392 nia-

1903 5430 2092 5482 turitas
2119 5439 2172 5483 et
2199 5429 2441 5483 studium
2472 5429 2548 5484 illi
2579 5427 2770 5484 defuit.
2797 5430 2997 5486 Textus
3018 5430 3084 5484 ad
3108 5432 3326 5484 verbum
3369 5448 3506 5502 pene

1895 5522 1961 5577 ad
1990 5538 2266 5576 romanam
2299 5523 2526 5578 alteram
2560 5524 2865 5594 descriptus
2891 5536 2992 5578 est.
3027 5523 3158 5576 llinc
3185 5525 3346 5577 etiam
3378 5541 3508 5577 con-

1891 5614 2130 5685 jecturas
2161 5626 2214 5670 et
2240 5616 2676 5683 evnetidatloues,
2709 5631 2844 5685 quas
2880 5616 2996 5669 sine
3024 5627 3304 5668 auctorum
3337 5615 3495 5668 nomi—

1898 5708 2056 5762 nibus
2099 5709 2149 5761 in
2193 5709 2432 5777 margine
2482 5716 2739 5778 posuerat
2785 5705 3044 5772 Ursinus,
3094 5719 3283 5759 omnes
3327 5702 3501 5759 Fulvii

1898 5804 2115 5858 nomine
2159 5801 2403 5856 laudatas
2448 5800 2768 5871 desumpsit,
2809 5809 2863 5854 et
2907 5799 3229 5854 intermixtis
3272 5796 3393 5850 aliis
3431 5796 3500 5849 ad

1898 5898 2100 5954 calcem
2131 5895 2567 5950 observatioumn
2605 5893 2858 5964 subjecit,
2905 5908 3002 5948 suo
3027 5892 3230 5962 judicio
3261 5904 3386 5944 raro
3416 5889 3496 5941 iu~

3021 5982 3096 6043 19.
