3918 6360
411 373 515 427 565

411 589 542 633 ratze
586 589 710 633 sunt
729 619 744 645 ,
774 588 834 634 ut
862 577 990 633 virts
1019 577 1215 642 doctis,
1243 579 1428 649 quales
1459 577 1576 647 ejus
1605 588 1737 632 tetas
1763 576 2007 643 ferebat,

411 670 702 724 admodum
729 670 944 740 placere
973 678 1245 739 poterant.
1270 668 1402 724 Nam
1430 679 1626 739 pra-ter
1649 670 1919 724 cumulate
1941 684 2008 723 ex

410 763 662 818 omnibus
691 774 932 818 veterum
963 763 1177 834 scriptis
1206 763 1272 817 ad
1303 763 1463 818 verba
1508 762 1592 817 vel
1637 777 1723 816 res
1769 761 2007 832 singulas

408 866 666 925 congesta
716 853 913 909 frustra
967 853 1171 924 aliquid
1214 863 1486 924 expectes.
1543 850 1810 908 therum
1875 853 2005 907 satis

408 955 532 1015 apte
561 947 676 1001 haec
701 945 864 1000 editio
885 947 1124 1016 exeripta
1146 955 1228 1000 est
1251 945 1388 1018 typis
1411 944 1591 1000 nitidis
1612 961 1674 1000 ac
1697 943 2004 1010 luculentis,

411 1047 467 1092 et
504 1049 829 1108 quamquam
856 1039 1092 1108 capitum
1119 1039 1412 1109 descriptio
1442 1039 1614 1104 desit,
1646 1053 1902 1094 numerus
1932 1049 2012 1094 ta-

408 1143 529 1183 men
557 1129 712 1184 lineis
739 1128 894 1185 denis
923 1131 1292 1201 uniuscunque
1326 1131 1533 1200 paginae
1563 1133 1615 1184 in
1643 1135 1882 1200 margine
1930 1130 2013 1185 in-

406 1221 592 1277 teriori
619 1223 903 1276 commode
932 1221 1235 1291 adscriptus
1262 1233 1366 1278 est.
1399 1223 1606 1278 Indices
1633 1224 1792 1280 etiam
1821 1239 2011 1279 acces-

404 1323 593 1370 serunt
621 1316 789 1370 textui
812 1327 943 1380 tres,
967 1330 1148 1370 rerum
1177 1331 1240 1371 ac
1266 1318 1554 1372 verborum
1580 1329 1633 1372 et
1655 1318 2008 1380 locutionum,

402 1409 966 1464 animadversionibus
993 1410 1123 1464 item
1153 1408 1278 1476 duo,
1311 1421 1592 1465 auctorum
1611 1419 1860 1483 (quorum
1889 1411 2009 1464 loca

402 1502 632 1558 adducta
679 1502 841 1575 sunt)
871 1513 926 1558 et
955 1519 1135 1559 rerum
1181 1520 1498 1576 vocumque.
1545 1504 1713 1574 llujus
1759 1504 2009 1560 editionis

401 1597 732 1667 exemplari,
774 1597 914 1667 quod
957 1597 1089 1652 bibl.
1145 1598 1474 1668 regio-acad.
1528 1611 1736 1663 servat,
1787 1615 1814 1650 a
1861 1597 2009 1655 Heu-

400 1705 620 1754 manno,
654 1705 815 1759 quem
847 1704 1216 1759 possessorem
1250 1691 1377 1744 olim
1404 1690 1604 1756 habuit,
1635 1691 1837 1746 notulzc
1857 1707 2008 1761 qua:-

396 1783 542 1843 dam,
570 1783 694 1836 item
726 1782 1136 1836 emendationes
1168 1783 1395 1852 appictae
1424 1793 1567 1837 sont.

1591 367 1868 427 ARNOBII
1903 366 2181 427 NOTI'I‘IA
2224 368 2626 428 EDITIONUM.

409 483 694 554 terposito.
732 482 918 555 Neque
964 495 1094 539 vero
1135 481 1632 538 animadversiones
1677 485 1749 538 ita
1794 499 2011 553 compa-
2037 492 2084 546 Α

3605 364 3709 422 561

2829 481 2990 539 1666.

2187 578 2439 646 Parisiis,
2465 578 2602 648 apud
2644 576 2840 632 Joann.
2883 575 3085 644 anuis
3105 617 3120 642 ,
3150 575 3396 643 in-folio,
3426 592 3550 632 cum
3597 576 3709 648 Cy-

2116 671 2284 738 priani
2315 670 2568 740 operibus
2595 685 2660 724 ex
2688 669 2922 723 editione
2949 668 3164 739 Rigaltii
3196 685 3289 736 per
3316 667 3607 724 Prior-ium.
3634 669 3718 726 Ex.

2113 760 2564 830 Ephemeridibus
2616 761 3001 825 parisieusibus
3051 760 3210 828 hujus
3260 760 3385 814 anni
3434 759 3512 830 (1)
3558 761 3714 816 intel-

2111 853 2358 917 leximus,
2375 855 2645 906 variorum
2669 853 2808 905 notis
2825 852 3116 921 excerptis,
3137 852 3300 920 priori
3319 866 3471 906 more
3492 855 3716 908 instruc-

2114 953 2193 997 tos
2212 959 2349 1006 esse,
2370 951 2630 1013 quotquot
2657 955 2854 1013 praeter
2883 943 3212 1015 Cyprianum
3245 943 3602 1012 lligaltianum
3631 946 3714 1000 hic

2112 1042 2363 1088 auctores
2404 1035 2635 1105 evulgati
2674 1044 2824 1090 sunt.
2860 1035 3064 1090 Textus
3112 1051 3178 1091 ex
3225 1035 3714 1107 Lugdune—Batava

2114 1141 2216 1182 una
2247 1142 2366 1183 cum
2399 1128 2675 1195 omnibus,
2706 1127 2874 1184 auctis
2903 1127 3123 1197 itidem,
3148 1127 3293 1184 vitiis
3317 1140 3399 1184 est
3427 1131 3711 1200 repetitus.

2832 1219 2996 1274 1677.

2186 1311 2456 1384 Lugduni,
2503 1313 2642 1382 apud
2691 1313 3026 1377 Anissoiiios,
3057 1311 3297 1379 in-folio,
3330 1314 3382 1368 in
3428 1313 3566 1368 Bibl.
3614 1313 3716 1368 Pa-

2113 1416 2276 1472 trum,
2309 1416 2438 1461 tom.
2469 1421 2549 1470 tn,
2581 1422 2670 1476 pp.
2726 1406 2988 1462 530-514.
3042 1405 3251 1461 Recusa
3298 1406 3514 1462 Priorii.
3561 1407 3713 1462 Nota:

2115 1503 2402 1552 maximam
2456 1509 2664 1570 partem
2715 1498 3102 1555 Elmenhorstii
3135 1509 3290 1564 sunt,
3321 1516 3444 1556 raro
3472 1500 3711 1569 Heraldi,

2114 1590 2408 1660 Stewichii,
2440 1602 2573 1659 etc.,
2606 1591 2803 1662 quibus
2829 1609 2955 1647 suas
2984 1592 3226 1648 Priorius
3247 1593 3601 1664 interspersit.

2538 1701 2754 1742 SECULO
2794 1702 2990 1743 DECIIO
3027 1703 3255 1744 οετΑνο.

2827 1780 2991 1837 1715.

467 1840 698 1940 Tolosae,
730 1873 893 1940 1612,
927 1875 1066 1928 ill-8°
1101 1894 1115 1927 ;
1148 1840 1280 1929 ra}.-
1309 1875 1524 1929 ςωεαήε
1554 1873 1998 1946 Bulengerilulio
2031 1840 2078 1898 Β
2175 1871 2418 1939 Parisiis,
2451 1869 2591 1942 apud
2622 1872 2708 1928 ιο.
2741 1873 2894 1942 Bapt.
2933 1874 3236 1943 Delespine,
3271 1873 3499 1938 ἰη-ἷοιίο,
3531 1874 3585 1929 in
3619 1873 3716 1928 Ni-

395 1967 638 2021 dunensis
691 1965 1006 2038 Eclogarum
1056 1968 1124 2021 ad
1177 1969 1458 2022 Arnobium
1510 1967 1634 2022 liber
1680 1968 1896 2038 primus.
1930 1999 1998 2009 —-

395 2057 640 2131 Ineptum
669 2073 827 2129 opus.

1115 2155 1271 2211 1651.

467 2246 646 2311 Duaci,
679 2247 822 2303 iii-8°
853 2265 866 2298 :
903 2246 1174 2302 Stewechii
1222 2247 1402 2302 Electa
1450 2265 1563 2302 cum
1607 2247 1880 2303 Paratitlis
1909 2265 1998 2303 seu

391 2340 681 2395 summariis
705 2337 934 2392 Leandri
964 2339 1028 2392 de
1060 2338 1122 2393 S.
1149 2333 1401 2394 Martini).

1115 2431 1280 2488 1651.

460 2523 1078 2594 Lugduni-Batavorum,
1104 2540 1169 2579 ex
1216 2523 1432 2579 officina
1462 2525 1545 2580 Jo.
1574 2525 1766 2590 Maire,
1800 2525 1945 2580 iii-4°
1982 2545 1994 2580 :

391 2616 722 2671 Arnobii.....
758 2616 876 2670 libri
904 2632 1001 2684 vn,
1035 2632 1150 2669 cum
1177 2617 1468 2671 recensione
1495 2619 1590 2670 viri
1617 2619 1930 2672 celeberrimi
1953 2630 2002 2671 et

387 2711 602 2780 integris
631 2711 858 2764 omnium
891 2711 1289 2764 commentariis.
1325 2709 1500 2764 Edilio
1531 2713 1805 2766 novissima
1844 2722 1996 2782 atque

386 2805 612 2855 omnium
639 2803 1047 2856 accuratissima.
1079 2820 1097 2852 ‹
1127 2802 1281 2870 Quod
1310 2803 1375 2856 ad
1405 2802 1543 2858 hanc
1570 2801 1790 2858 Arnobii
1824 2806 1992 2858 nostri

387 2895 716 2956 editionem.
766 2912 925 2966 quam
985 2898 1446 2952 accuratissimam
1501 2898 1588 2952 hic
1636 2899 1989 2964 exhibemus,

385 2989 614 3051 attinet,
648 2989 1014 3058 typographus
1055 2989 1262 3058 inquit,
1305 2990 1586 3060 exemplar
1626 2999 1752 3044 ante
1792 2990 1996 3057 aliquot

386 3094 558 3134 annos
607 3080 748 3134 nacti
797 3078 998 3134 fuimus
1042 3097 1200 3134 manu
1234 3081 1332 3136 viri
1365 3081 1704 3137 celeberrimi
1732 3081 1992 3136 emenda-

2104 1967 2238 2020 colai
2285 1967 2332 2019 le
2383 1962 2596 2038 Nourry
2648 1966 2918 2037 Apparalu
2973 1968 3040 2019 ad
3088 1964 3228 2020 Bibl.
3276 1982 3417 2023 mox.
3471 1966 3712 2034 Patrum,

2104 2057 2349 2128 Lugduni
2397 2057 2633 2123 editam,
2672 2068 2803 2114 tom.
2853 2075 2920 2123 ιι,
2953 2075 3040 2129 pp.
3075 2059 3339 2115 257-570.
3369 2091 3438 2101 —-
3462 2059 3717 2115 Disserlio

2103 2153 2156 2204 in
2184 2150 2488 2216 Arnobium,
2519 2151 2571 2204 in
2601 2165 2704 2220 qua
2734 2161 2858 2221 post
2898 2152 3149 2221 analyses
3185 2151 3516 2221 singulorum
3547 2151 3713 2206 libro-

2105 2260 2242 2307 rum,
2283 2247 2351 2298 de
2391 2252 2635 2305 auctore,
2671 2244 2854 2312 operis
2882 2253 3064 2310 :etate,
3099 2244 3353 2308 consilio,
3389 2255 3715 2315 argumento

2103 2345 2155 2390 et
2189 2337 2532 2402 tractatione,
2569 2337 2735 2408 stylo,
2761 2335 3071 2392 eruditione
3103 2347 3156 2392 et
3200 2339 3427 2408 reliquis
3466 2339 3711 2407 dotibus,

2103 2433 2171 2483 de
2199 2443 2366 2499 opere
2388 2429 2786 2491 distribuendo,
2808 2428 3072 2484 librorum
3097 2430 3428 2500 integritate,
3451 2446 3514 2485 ac
3533 2441 3715 2485 textus

2105 2523 2473 2591 corruptione,
2501 2552 2570 2560 —
2596 2521 2663 2576 de
2691 2523 2969 2576 erroribus
3000 2523 3324 2592 quibusdam
3360 2525 3584 2579 Arnobii
3604 2566 3619 2591 ,
3644 2525 3713 2579 de

2103 2616 2265 2671 variis
2309 2616 2498 2669 hormn
2547 2615 2809 2670 librorum
2851 2616 3009 2672 codd.
3045 2633 3176 2672 mss.
3209 2617 3539 2673 editionibus
3569 2629 3625 2673 et
3657 2619 3709 2674 in

2105 2725 2202 2764 eos
2234 2711 2375 2763 notis
2403 2721 2457 2764 et
2483 2709 2976 2776 observationibus,
3010 2710 3126 2765 fuse
3157 2725 3254 2781 pro
3284 2727 3438 2766 more
3465 2728 3586 2778 suo,
3613 2712 3710 2768 sed

2102 2803 2363 2870 prmi-lare
2392 2801 2634 2867 disseiit,
2662 2819 2692 2856 a
2721 2819 2773 2872 p.
2803 2802 2908 2857 257
2939 2803 3004 2858 ad
3035 2803 3164 2870 296,
3198 2805 3432 2875 denique
3453 2819 3484 2859 a
3511 2824 3563 2873 p.
3597 2805 3710 2862 296

2103 2896 2170 2948 ad
2201 2895 2328 2959 570,
2374 2907 2542 2948 novas
2590 2896 2642 2948 in
2688 2895 2989 2950 Arnobiqu
3036 2898 3447 2952 observationes
3479 2898 3710 2968 profert,

2101 2989 2152 3041 in
2187 2989 2380 3058 quibus
2409 2988 2494 3042 vel
2523 2997 2843 3058 argumenta
2875 2989 3108 3060 singula.
3141 2991 3335 3059 quibus
3373 2990 3464 3046 ille
3495 3006 3619 3046 cum
3653 2992 3708 3048 iu

2102 3081 2396 3135 asserenda
2445 3082 2704 3145 veritate,
2750 3093 2859 3136 tum
2911 3083 3214 3138 refutandis
3266 3085 3706 3141 adversariorum

388 3183 522 3237 tum,
550 3170 704 3240 cujus
733 3170 969 3224 eruditio
1009 3181 1063 3224 et
1106 3171 1246 3225 "fama
1289 3171 1342 3225 in
1387 3173 1472 3227 his
1508 3175 1746 3238 artibus,
1782 3189 1900 3243 quae
1928 3168 1995 3226 ab
2022 3181 2066 3243 ρ
2101 3173 2380 3227 erroribus
2413 3174 2598 3240 utitur,
2632 3176 3032 3244 examinantur,
3076 3176 3163 3230 vel
3215 3177 3420 3246 patiora
3465 3180 3708 3249 antiqui-

385 3261 722 3316 humanitate
747 3274 944 3316 nomen
974 3260 1192 3326 habent,
1225 3263 1390 3318 veluti
1435 3265 1792 3334 principatum
1826 3275 1991 3318 tenet.

383 3353 579 3408 Curam
612 3353 953 3424 postmodum
985 3351 1168 3407 itidem
1204 3354 1317 3408 viro
1347 3354 1560 3410 erudito
1585 3353 1992 3422 commisimus,

385 3449 444 3499 u't
470 3446 722 3516 quicquid
753 3446 818 3499 ad
849 3447 1074 3516 gloriam
1109 3445 1268 3515 hujus
1294 3446 1547 3502 editionis
1577 3449 1754 3517 colligi
1787 3457 1987 3518 posset,

386 3539 436 3590 in
467 3537 703 3591 medium
735 3538 1079 3607 produceret.
1110 3537 1294 3607 Itaque
1326 3554 1514 3593 omnes
1559 3551 1613 3593 et
1655 3540 1869 3609 quidem
1909 3540 1992 3593 in-

396 3639 576 3699 tegros
602 3640 1074 3697 connncntatores,
1099 3631 1241 3685 nulla
1271 3643 1424 3702 parte
1457 3643 1719 3697 truncata,
1747 3636 1796 3686 in
1825 3649 1986 3690 unum

386 3736 584 3790 θυι-ρης
615 3720 940 3790 redegimus,
974 3732 1028 3775 ut
1058 3722 1315 3777 editionis
1344 3727 1479 3778 ratio
1505 3741 1570 3779 ex
1601 3726 1662 3778 iis
1688 3724 1793 3792 peti
1821 3727 1989 3793 possit

384 3840 454 3850 --
473 3813 542 3865 ita
570 3821 627 3866 ut
655 3811 783 3866 nihil
813 3813 860 3866 ei
882 3813 1042 3876 desit,
1063 3815 1200 3882 quod
1223 3817 1306 3868 vel
1325 3820 1462 3869 votis
1483 3816 1933 3886 exoptaripossit.
1963 3833 1982 3867 ι

381 3905 828 3960 -Ιίρςειιεὶοηὶε
861 3907 1017 3975 hujus
1042 3920 1319 3962 auctorem
1353 3910 1514 3964 fuisse
1555 3921 1742 3978 putant
1779 3910 1987 3964 Salma-

383 4001 543 4060 sium,
574 3999 726 4068 cujus
767 3999 928 4053 etiam
961 4001 1386 4054 commentarius
1433 4015 1604 4055 morte
1655 4005 1986 4070 interceptus

377 4093 468 4145 sit.
502 4094 577 4144 Ac
605 4101 865 4160 quantum
900 4094 1114 4162 quidem
1149 4094 1513 4163 comparando
1541 4095 1848 4158 didicimus,
1877 4113 1982 4149 non

379 4182 736 4238 mutationum
766 4184 1019 4238 indicium
1055 4202 1275 4255 prorsus
1302 4188 1509 4241 nullu.n
1533 4203 1774 4259 apparet,
1797 4190 1980 4257 ert-do,

382 4293 450 4332 ne
480 4276 644 4331 d‘ccor
673 4278 1088 4348 typographicus
1113 4279 1548 4350 interciperetur,
1579 4282 1680 4336 hoc
1703 4283 1817 4336 viro
1839 4293 1985 4336 certe

381 4384 490 4424 non
525 4369 738 4440 indigna
769 4381 871 4424 est.
903 4371 1066 4442 Igitur
1091 4389 1118 4424 a
1151 4374 1521 4442 superioribus
1554 4385 1664 4428 toto
1693 4378 1827 4428 caelo
1863 4375 1982 4444 qui-

381 4461 504 4517 dem
531 4458 730 4524 differt,
763 4462 1021 4532 plurimas
1050 4475 1226 4519 tamen
1258 4481 1323 4520 ex
1355 4466 1420 4519 iis
1448 4467 1773 4521 lectioiiibos
1800 4483 1984 4522 susce-

2103 3273 2239 3320 tates
2270 3275 2618 3321 monumenta
2654 3267 3011 3321 illustrantur.

2825 3360 2979 3415 I768.

2175 3451 2450 3517 Venetiis,
2483 3469 2548 3508 ex
2593 3463 2804 3524 typOgr.
2851 3453 2938 3509 .lo.
2981 3454 3136 3525 Bapt.
3171 3456 3386 3513 Albritii
3409 3501 3422 3524 ,
3454 3459 3705 3526 in-folio,

2095 3546 2148 3598 in
2195 3545 2442 3599 Gallamli
2488 3544 2626 3600 Bibl.
2659 3556 2768 3601 vet.
2802 3547 3043 3614 Patrum,
3077 3557 3206 3616 etc..,
3243 3557 3376 3605 tom.
3413 3565 3484 3618 tv,
3514 3567 3543 3605 a
3575 3568 3704 3626 pag.

2097 3637 2202 3692 155
2229 3642 2296 3690 ad
2320 3637 2450 3691 221.
2476 3639 2698 3693 Sistitur
2719 3650 2897 3694 textus
2919 3639 3172 3695 editionis
3199 3639 3461 3712 Lugdune
3483 3645 3708 3702 Batava:

2093 3728 2433 3783 emaculatus
2461 3742 2513 3783 et
2571 3729 2830 3785 adhibitis
2870 3733 2962 3794 iis,
2994 3750 3113 3802 quae
3145 3733 3376 3788 Nurrius
3411 3737 3703 3804 attulerat,

2093 3825 2414 3892 perpolitus.
2472 3825 2642 3879 Simul
2696 3828 3048 3880 constitutum
3091 3839 3238 3894 erat,
3273 3841 3426 3885 notas
3477 3832 3707 3890 addierc

2097 3916 2438 3981 selectiOrcs,
2461 3933 2690 3986 qumque
2711 3918 2976 3986 imprimis
2993 3920 3056 3972 ad
3074 3922 3469 3977 emendandum
3491 3935 3702 3982 textum

2091 4018 2434 4076 spectarent,
2474 4009 2568 4064 sed
2620 4010 2708 4065 hic
2760 4011 3078 4066 industriam
3127 4027 3280 4084 reque
3327 4034 3388 4071 ac
3433 4017 3702 4088 judicium

2091 4101 2486 4156 desideramus.
2521 4104 2617 4158 Cui
2648 4105 2814 4169 bono,
2848 4121 3062 4175 qua'so,
3093 4107 3289 4163 Priorii
3334 4123 3474 4167 noue
3495 4155 3510 4177 ,
3559 4131 3704 4184 quas

2090 4198 2342 4250 munibus
2377 4199 2587 4265 paginis
2617 4200 2914 4254 inculcatas
2936 4201 3164 4255 videbis.
3192 4203 3490 4275 Singularis
3512 4218 3699 4264 autem

2086 4305 2189 4359 qua
2224 4291 2594 4358 praecedentes
2635 4293 2904 4348 editiones
2947 4295 3173 4351 Arnobii
3219 4297 3335 4353 IIIBC
3379 4302 3698 4370 antecellit,

2086 4400 2260 4452 caque
2313 4387 2493 4440 νομοῖο
2547 4403 2612 4440 an
2661 4405 2868 4442 summa
2927 4391 3093 4444 \irtus
3142 4403 3224 4448 est
3273 4404 3485 4460 textus,
3531 4412 3700 4466 quem

2089 4487 2284 4544 prmter
2334 4477 2624 4533 Canterum
2672 4482 2737 4534 ad
2791 4498 2948 4537 unum
3001 4502 3194 4539 omnes
3249 4485 3498 4541 continua
3549 4491 3700 4545 serie

378 4557 475 4624 pit,
506 4569 639 4623 quas
669 4550 895 4610 Ursinus
927 4555 993 4610 ad
1025 4558 1316 4628 marginem
1347 4573 1454 4613 sute
1496 4559 1747 4614 editionis
1791 4573 1982 4629 propo-

2111 4571 2431 4636 :xhibebant,
2469 4575 2518 4626 in
2553 4575 2724 4643 capita
2758 4575 3070 4648 descriptio,
3104 4596 3330 4648 quorum
3363 4581 3605 4653 analysis
3640 4585 3696 4639 in

376 4647 552 4701 suisse
575 4646 926 4702 indicavimus
947 4648 1190 4719 adeoque
1208 4653 1438 4706 fortasse
1464 4653 1736 4706 Ciacronii
1768 4654 1977 4721 ingenio

378 4741 650 4809 praecipue
676 4740 970 4796 Salmasius
995 4741 1186 4795 litavit.
1209 4743 1283 4796 De
1307 4744 1524 4813 reliquis
1545 4743 1704 4813 hujus
1727 4744 1979 4799 editionis

380 4833 596 4887 dotibus
627 4849 732 4888 non
766 4843 870 4896 est.
902 4833 1047 4905 quod
1096 4835 1338 4905 pluribus
1385 4837 1614 4892 lectores
1663 4833 1975 4893 doceanms.

381 4928 625 4982 Invenias
654 4928 890 4995 Canteri,
925 4928 1246 4992 Stewechii,
1279 4930 1658 4986 Elmenhorstii
1685 4940 1737 4986 et
1761 4931 1978 4985 Ileraldi

378 5023 765 5077 commentaria
794 5023 859 5078 ad
883 5021 1103 5079 verbum
1132 5023 1420 5094 descripta.
1449 5023 1761 5080 Commodis
1789 5036 1978 5080 docto-

379 5130 497 5170 rum
531 5115 631 5169 hoc
663 5117 851 5171 saltem
877 5119 1162 5172 consulere
1190 5117 1490 5188 potuissent
1518 5121 1561 5173 si
1587 5118 1818 5173 indicem
1859 5119 1978 5172 uni—

381 5209 644 5262 versalem
671 5207 1046 5278 subjecissent.
1063 5209 1216 5278 Quod
1248 5210 1510 5281 reliquum
1536 5221 1636 5275 est,
1656 5227 1977 5281 pI'UCUl'uSSC

380 5300 518 5353 hanc
545 5301 838 5368 editionem
865 5319 929 5357 ex
955 5313 1106 5372 parte
1141 5303 1368 5374 (nempe
1410 5311 1466 5356 ut
1507 5305 1835 5374 singulorum
1862 5305 1975 5357 ani-

380 5392 784 5450 madversiones
828 5397 928 5450 rite
962 5397 1439 5467 describerentur)
1473 5397 1646 5454 dictus
1685 5413 1769 5454 est
1816 5401 1975 5453 Anto-

381 5489 494 5541 nius
543 5485 783 5561 Thysius,
815 5489 857 5545 I.
890 5491 990 5558 C.,
1019 5494 1171 5561 cujus
1215 5494 1375 5546 etiam
1425 5492 1475 5544 in
1523 5493 1815 5547 Arnobium
1861 5494 1974 5562 epi-

378 5597 620 5651 gramma
653 5584 841 5654 pagina
867 5594 984 5653 post
1007 5583 1402 5639 dedicationem
1443 5584 1684 5653 proxima
1716 5585 1971 5639 ostendit.

378 5672 804 5744 Typotbetarum
834 5676 1108 5730 erroribus
1138 5676 1307 5745 iisque
1337 5674 1624 5730 admodum
1655 5675 1810 5732 fmdis
1835 5677 1975 5732 hanc

382 5765 671 5823 editionem
722 5768 1098 5825 nitidissimam
1152 5776 1394 5836 sca-tere,
1447 5767 1669 5824 Nurrius
1713 5769 1974 5841 imprimis

385 5870 709 5928 conquestus
735 5876 840 5918 εει.

2083 4667 2233 4718 calce
2277 4665 2515 4735 subjecta
2561 4667 2938 4738 compendium
2991 4672 3143 4742 quasi
3198 4673 3360 4728 totius
3406 4673 3696 4746 scriptoris

2085 4756 2309 4824 praebet.

2801 4855 2961 4909 1785.

2155 4941 2513 5012 \V'irccburgi,
2544 4943 2594 4997 in
2621 4944 2713 4998 ofl‘.
2748 4945 2872 5000 libr.
2901 4946 3233 5012 Staheliana,
3261 4946 3406 5004 iii-87’
3435 4968 3446 5003 :
3473 4951 3694 5009 Arnobii

2084 5035 2200 5104 Afri
2225 5035 2467 5088 adversus
2511 5047 2684 5106 gentes
2715 5038 2831 5091 libri
2860 5055 2929 5092 v.t
2961 5051 3007 5092 et
3036 5041 3167 5094 Julii
3211 5039 3430 5096 Firmici
3457 5041 3693 5101 Materni

2094 5125 2128 5177 ι’
2179 5125 2236 5181 C.
2271 5129 2334 5180 de
2363 5122 2555 5181 Errare
2588 5129 2726 5199 prof.
2759 5129 2899 5196 ηομ,
2934 5141 3038 5186 etc.

2155 5221 2321 5275 Iidem
2355 5223 2453 5276 sub
2475 5224 2634 5277 titulo
2665 5242 2677 5277 :
2712 5223 2883 5295 Opera
2938 5225 3045 5281 SS.
3107 5226 3325 5283 Patrum
3379 5230 3684 5301 latinorum,

2081 5317 2330 5372 volumen
2365 5320 2631 5388 quintum.

2541 5421 2758 5468 δέεαιιο
2796 5429 2990 5470 DECIIO
3028 5431 3182 5473 NONO.

2796 5508 2956 5562 1816.

2153 5596 2374 5665 Lipsitc,
2437 5597 2736 5666 sumptibus
2788 5596 2938 5654 Frid.
2988 5601 3189 5656 Christ.
3243 5602 3386 5661 Guil.
3433 5605 3683 5680 Vogelii,

2149 5794 2228 5869 (1)
2281 5794 2506 5876 Journal
2555 5797 2644 5851 de:
2687 5811 2912 5876 sanatus,
2949 5800 3188 5876 Afevrier,
3215 5819 3357 5876 .page
3394 5807 3457 5862 ﬂ
3495 5827 3506 5859 :
3547 5827 3565 5860 ι
3604 5805 3685 5866 Li:

2075 5867 2191 5926 tom
2211 5867 2350 5924 '«vee
2370 5869 2467 5924 des
2489 5881 2808 5941 remarques
2832 5867 2902 5928 de
2927 5867 3481 5934 différenis'atiteurs.
3525 5899 3541 5932 ι
