3918 6374
268 360 358 414 5231;
1299 364 1747 421 ltthEli'l‘A'llO
1789 366 1849 422 ΙΝ
1893 366 2264 434 ARNOBIUM,
2307 368 2458 423 CAP.
2504 363 2545 421 ἰ.
3446 366 3547 419 bis.

267 484 296 529 ξς
324 488 440 531 tum.
474 479 522 532 in
557 482 635 545 8",
664 481 874 551 quibus
903 480 1149 535 Titulus:
1180 482 1392 535 Αγιιοὺἰὶ
1432 484 1536 551 afri
1582 484 1833 552 Disputa—

270 572 442 623 ιὶωιιιυι
468 572 707 627 mlvcrsus
736 584 913 644 gentes
938 574 1051 628 libri
1074 583 1284 644 srptrnt.
1314 607 1382 615 -—
1412 574 1721 648 Recognorit
1751 593 1843 631 uo—

385 755 525 765 ~—

544 758 830 768 "——

279 762 385 770 Ε-

834 761 1483 771 —-——-——.—-.~—.——.——.—w———-——
1496 765 1617 772 ν..-

1946 487 2007 540 (is
2056 487 2283 557 priorum
2330 486 2669 551 interpretum
2721 484 2921 535 solertis
2970 481 3290 546 aliarumque
3344 492 3390 535 et
3443 485 3553 537 suis

1952 578 2245 645 illustravit,
2276 595 2364 631 δυ.
2397 575 2663 631 (Ἱωηγῖιιιιδ
2698 574 2940 629 Orellius.

702 1281 899 1430 25η
927 1304 1402 1465 septem
1456 1278 1995 1429 arnohii
2057 1283 3077 1517 Disputationes

1064 1588 1629 1664 ADVERSUS
1686 1591 2102 1669 GENTES
2156 1592 2574 1672 LIBROS.

1376 1771 1726 1845 (AUCTORE
1768 1774 1910 1831 DOM
1949 1775 2037 1833 LE
2076 1777 2415 1852 NOURRY.)

867 1965 1872 2011 —-——-—-G

755 2081 983 2140 CAPUT
1010 2079 1302 2137 PRIMUM.

662 2201 902 2272 Analysis
932 2200 1115 2253 horum
1147 2198 1416 2254 librorum.

777 2328 1071 2369 ARTICULUS
1097 2328 1310 2368 PRIMUS.

767 2428 988 2493 Analysis
1011 2428 1124 2478 libri
1150 2430 1305 2492 primi.

312 2537 386 2590 Ab
408 2538 524 2606 ipso
551 2534 737 2606 operis
765 2534 847 2588 sui
878 2532 1101 2587 exordio
1134 2530 1405 2585 Arnobius
1434 2528 1678 2583 declarat
1708 2527 1839 2584 illud

246 2642 271 2680 a
297 2641 349 2681 se
369 2638 701 2698 susceptum,
733 2634 793 2679 ut
812 2634 1053 2680 veterem
1079 2638 1141 2678 ac
1180 2623 1376 2691 sacpius
1408 2623 1691 2691 repetitam
1721 2638 1844 2692 pro-

250 2719 471 2787 pulsaret
499 2718 832 2775 calumniam
866 2759 880 2779 ,
915 2733 1017 2787 qua
1048 2715 1256 2770 ethnini
1288 2721 1509 2784 propter
1538 2714 1843 2768 abdicatura

246 2811 685 2881 repudiatumqne
711 2825 738 2862 a
766 2808 1076 2863 christiauis
1099 2806 1357 2862 falsorum
1372 2806 1598 2861 deorum
1617 2805 1842 2869 cultum,

244 2918 328 2957 eos
381 2904 723 2973 publicarum
776 2902 1015 2955 omnium
1067 2900 1431 2955 calamitatum
1477 2914 1539 2953 ac
1580 2898 1843 2953 malorum

244 3010 445 3050 causam
468 3008 521 3052 et
558 3006 815 3051 auctores
846 3010 967 3049 esse
996 3004 1101 3047 tam
1136 2992 1291 3058 falso,
1323 3008 1481 3062 quam
1517 3003 1719 3047 temere
1750 3008 1842 3046 ac-

240 3090 503 3143 cusabant.
529 3089 655 3156 Quo
681 3096 862 3142 autem
890 3086 1102 3156 gravior
1130 3095 1212 3139 est
1241 3084 1356 3139 haec
1404 3085 1713 3139 criminatio
1732 3127 1746 3151 ,
1778 3099 1844 3139 eo

242 3180 322 3236 ille
344 3182 509 3253 magis
539 3181 612 3236 ad
632 3196 774 3246 eam,
803 3179 1055 3249 sepositis
1078 3188 1254 3231 tamen
1277 3178 1507 3246 partium
1523 3176 1735 3242 studiis,
1761 3192 1845 3231 rc-

239 3271 517 3327 lellendam
566 3271 860 3342 impulsum
900 3285 959 3323 se
991 3268 1155 3323 luisse
1188 3268 1504 3337 proﬁtetur;
1538 3284 1606 3323 ne
1635 3268 1843 3323 cunctis

239 3364 510 3419 silentibus
560 3363 877 3418 Christianis
903 3404 918 3427 ,
951 3372 1043 3415 aut
1069 3376 1194 3415 vera
1229 3360 1501 3416 videretur
1530 3361 1800 3432 aliquibus
1823 3404 1839 3430 ,

236 3468 320 3511 aut
346 3458 550 3513 ethnici
583 3471 804 3511 causam
834 3470 895 3509 se
921 3454 1222 3509 obtinuisse
1250 3454 1630 3525 gloriarentur.

300 3547 643 3605 Manifestum
668 3548 850 3617 itaque
879 3545 1005 3601 facit
1032 3562 1060 3597 a
1076 3545 1391 3611 christiana:
1420 3549 1699 3618 religionis
1720 3559 1841 3605 ortu

236 3642 295 3698 ad
324 3659 415 3699 sua
439 3658 619 3715 usque
647 3653 914 3712 tempora,
948 3640 1081 3695 nihil
1114 3642 1165 3695 in
1193 3641 1585 3696 elementorum
1618 3643 1847 3713 qualita~

238 3737 388 3803 tibus,
426 3738 480 3791 in
500 3747 616 3791 tota
648 3734 836 3789 mundi
868 3732 1139 3799 machina,
1169 3737 1223 3788 in
1251 3746 1523 3789 asuorum
1554 3750 1744 3803 cursu,
1790 3736 1842 3790 in

234 3837 614 3900 tempestatum
645 3870 661 3895 ,
703 3828 914 3881 dierum
939 3869 954 3893 ,
993 3841 1056 3881 ac
1088 3827 1324 3881 noctium
1368 3826 1758 3895 vicissitudine,
1788 3828 1844 3883 in

236 3922 430 3977 telluris
459 3931 518 3976 et
548 3920 867 3976 animalium
900 3916 1280 3985 fmcunditate,
1328 3918 1383 3972 in
1416 3919 1641 3989 privatis
1671 3920 1845 3991 publi-

233 4018 411 4088 cisque
452 4015 740 4071 hominum
799 4012 1049 4083 negotiis,
1092 4026 1156 4068 ac
1199 4011 1361 4067 solito
1388 4011 1607 4067 vivendi
1644 4029 1844 4083 genere

233 4119 627 4172 autmutatum,
652 4114 748 4162 aut
772 4106 1095 4168 relaxatum,
1126 4112 1183 4159 et
1207 4102 1546 4159 dissolutum.

296 4203 483 4276 Neque
508 4201 644 4256 sinit
674 4200 774 4254 sibi
797 4198 868 4253 ab
888 4197 1118 4253 ethnicis
1138 4196 1297 4267 objici
1323 4204 1545 4267 propter
1575 4197 1709 4254 deos
1741 4200 1839 4253 im-

230 4297 441 4368 pietate,
476 4294 787 4354 sceleribus
813 4335 827 4359 ,
857 4307 920 4348 ac
966 4300 1279 4361 contemptu
1301 4290 1721 4347 Christianorum
1756 4294 1839 4347 of-

231 4391 424 4459 fensos,
458 4390 725 4446 mundum
756 4387 1086 4457 pestilentia,
1116 4384 1493 4456 grandinibus,
1529 4386 1836 4453 sterilitate,

234 4485 405 4553 bellis,
428 4486 663 4553 aliisque
684 4480 1084 4537 calamitatibus
1111 4478 1285 4533 obrui.
1318 4478 1396 4533 Ex
1422 4479 1552 4547 ipsis
1573 4478 1837 4548 siquidem

231 4580 505 4650 gentilium
540 4575 784 4632 historiis
809 4584 968 4644 atque
998 4571 1280 4627 annalibus
1309 4585 1647 4639 compertum
1678 4571 1842 4627 habe-

234 4687 346 4726 mus
392 4672 648 4726 homines
689 4678 815 4723 ante
861 4666 1102 4742 auditum
1136 4680 1389 4735 umquam
1417 4666 1838 4719 Christianorum

1880 1956 2957 2013 51%.—

1862 2086 1917 2145 Α
1941 2082 2175 2141 bendum
2208 2087 2330 2143 ideo
2358 2097 2565 2147 tantum
2597 2095 2835 2153 animum
2874 2100 3056 2170 appuli
3084 2142 3099 2169 ,
3148 2111 3208 2159 ut
3234 2105 3552 2177 religionem

1950 2178 2299 2237 Christianam
2354 2185 2422 2239 ab
2462 2185 2815 2256 iniquissimis
2865 2193 3152 2251 calumniis
3197 2197 3553 2255 vindicarem.

1949 2270 2085 2338 Quid
2118 2290 2266 2343 vero,
2294 2279 2463 2346 pergit
2489 2278 2600 2346 ille,
2626 2282 2670 2335 si
2706 2283 2821 2338 haec
2849 2284 2916 2338 ad
2943 2300 3136 2344 causas
3161 2291 3438 2347 naturales
3456 2308 3546 2348 re-

1950 2363 2172 2420 ferenda
2219 2381 2361 2436 sunt,
2405 2372 2471 2427 ad
2512 2388 2690 2430 acrem
2742 2377 3228 2454 vehementemque
3253 2386 3555 2444 elemento-

1950 2476 2067 2514 rum
2099 2462 2382 2533 impulsum
2408 2511 2423 2534 ,
2456 2470 2520 2524 ad
2552 2473 2725 2529 varios
2752 2474 2991 2533 siderum
3021 2491 3221 2547 motus,
3259 2481 3326 2537 ad
3374 2494 3555 2539 certas

1947 2568 2128 2611 rerum
2159 2559 2578 2631 vicissitudines,
2620 2583 2685 2622 ex
2710 2570 2907 2638 quibus
2938 2572 3077 2629 bona
3108 2585 3163 2630 et
3192 2576 3330 2631 mala
3354 2576 3551 2645 ﬂuunt,

1948 2651 2202 2717 relluunt,
2245 2670 2308 2711 ac
2344 2660 2784 2728 reciprocantur?
2812 2664 3118 2733 Praeterea,
3153 2684 3274 2738 qua:
3314 2670 3547 2727 homini-

1946 2741 2070 2807 bus,
2099 2751 2279 2803 omnia
2321 2753 2704 2809 comtnoditate
2731 2772 2826 2811 sua
2861 2761 3214 2817 metientibus
3236 2804 3252 2827 ,
3307 2765 3445 2819 mala
3473 2768 3557 2820 vi-

1951 2837 2165 2906 dentur,
2212 2858 2273 2896 ea
2319 2858 2465 2901 certe
2519 2848 2614 2903 toti
2654 2862 2861 2906 natura:
2897 2864 2951 2908 ct
2988 2856 3191 2912 mundo
3222 2857 3370 2913 utiha
3408 2871 3556 2917 sunt.

1950 2928 2102 2995 Quod
2134 2934 2348 3002 quidem
2380 2948 2568 2994 auctor
2595 2952 2781 2998 noster
2813 2944 3051 3001 Platonis
3078 2950 3425 3016 auctoritate,
3461 2969 3557 3006 va-

1950 3021 2154 3091 riisque
2202 3039 2514 3098 nautarum,
2555 3034 2721 3100 Solis,
2754 3040 3036 3105 torrentis,
3070 3041 3283 3111 pluvitn,
3320 3044 3552 3115 hyetnis,

1948 3115 2175 3179 aestatis,
2226 3122 2443 3187 veratri,
2499 3122 2770 3192 luporum,
2820 3139 2876 3183 et
2910 3134 3243 3200 serpentium
3290 3140 3557 3207 exemplis

1949 3205 2254 3263 continuat.
2292 3208 2418 3267 inde
2439 3225 2620 3270 autem
2643 3218 2735 3273 ille
2759 3221 3203 3294 colligitsuperbi
3235 3240 3358 3282 esse
3382 3205 3560 3284 homi-

1947 3300 2032 3355 nis
2056 3301 2154 3358 bas
2180 3304 2389 3361 abditas
2415 3323 2606 3365 causas
2630 3311 2850 3380 rimari;
2884 3317 2984 3371 nisi
3003 3318 3151 3387 prius
3179 3323 3390 3377 noverit
3410 3325 3557 3394 quis,

1874 3413 1923 3473 Β
1949 3402 2002 3447 et
2030 3394 2169 3450 unde
2192 3397 2306 3468 ipse
2326 3440 2339 3462 ,
2371 3415 2434 3456 ac
2453 3417 2550 3457 cur
2570 3405 2802 3461 mundus
2827 3419 3040 3465 creatus
3065 3410 3154 3465 sit.

2023 3509 2191 3574 Quam
2222 3523 2554 3583 praepostere
2583 3525 2763 3572 autem
2785 3519 2984 3575 ethnici
3005 3521 3054 3575 in
3069 3522 3419 3592 christianos,
3449 3534 3560 3582 trc-

1952 3603 2124 3657 eentis
2154 3605 2370 3663 circiter
2392 3609 2589 3665 abhinc
2616 3612 2774 3667 annis
2802 3624 3021 3668 exortos
3046 3657 3060 3683 ,
3092 3616 3231 3671 mala
3258 3619 3441 3672 omnia
3465 3635 3552 3674 re-

1950 3695 2216 3752 lundenda
2243 3714 2364 3756 esse
2391 3701 2759 3772 clamitarent,
2807 3722 2872 3761 eo
2903 3706 3081 3762 adhuc
3107 3709 3199 3764 ille
3221 3710 3357 3766 scite
3400 3726 3559 3767 coar-

1950 3790 2082 3858 guit,
2114 3793 2254 3861 quod
2287 3795 2477 3851 mediis
2507 3808 2629 3867 post
2655 3814 2844 3853 eorum
2875 3808 3051 3855 ortum
3076 3803 3231 3857 annis
3256 3814 3312 3860 et
3336 3811 3550 3875 tempo—

1948 3886 2135 3954 ribus,
2195 3890 2616 3948 innumerabiles
2668 3893 2907 3948 victorias
2974 3906 3292 3963 reportatae,
3351 3898 3552 3968 prolati

1949 3981 2312 4038 Romanorum
2364 3984 2528 4051 lines,
2573 3988 2913 4059 maximaque
2966 4002 3196 4044 annona:
3222 3988 3324 4045 fuit
3372 3991 3552 4048 abun-

1946 4073 2149 4130 dantia.

2018 4187 2216 4243 Contra
2251 4200 2427 4246 tamen
2454 4193 2716 4264 urgebant
2740 4195 2969 4265 gentiles
3004 4210 3098 4266 per
3136 4195 3227 4252 illa
3256 4196 3374 4268 ipsa
3407 4207 3547 4255 tem-

1948 4296 2100 4350 pora,
2147 4298 2302 4354 aequo
2347 4283 2572 4340 deorum
2620 4286 2673 4341 in
2718 4287 3043 4343 christianos
3105 4288 3249 4357 odio,
3308 4302 3551 4349 vastatos

1947 4373 2236 4444 aliquando
2272 4377 2558 4433 sterilitate
2617 4394 2775 4449 agros
2802 4422 2814 4445 ,
2879 4389 2934 4435 et
2970 4381 3111 4437 bella
3145 4399 3550 4455 nonnumquam

1948 4468 2235 4525 infeliciter
2274 4472 2539 4529 conlecta.
2594 4473 2731 4540 Quid
2757 4489 2888 4545 ergo
2917 4517 2932 4541 ,
2985 4475 3059 4531 ait
3097 4486 3286 4533 auctor
3324 4481 3552 4535 noster?

1946 4562 2214 4634 Numquid
2238 4566 2309 4620 dii
2334 4568 2466 4621 mira
2501 4567 2657 4637 plane
2680 4569 3037 4625 inconstantia
3067 4571 3171 4626 diti
3205 4583 3431 4643 possunt
3462 4574 3548 4629 itt-

1942 4658 2208 4728 juriarum
2230 4660 2331 4715 sibi
2380 4680 2407 4714 a
2454 4661 3056 4718 christianisillatarum
3086 4665 3310 4720 alternis
3348 4666 3553 4722 vicibus

232 4778 425 4819 nomen
455 4770 685 4817 vexatos
707 4738 873 4813 fuisse
888 4767 980 4812 aut
1008 4758 1219 4820 iisdem,
1241 4765 1334 4811 aut
1361 4754 1835 4826 l‘requentioribus,
1866 4730 1911 4794 (ἶ
1947 4768 2217 4809 memores
2245 4767 2300 4810 et
2328 4756 2710 4811 immemores?
2744 4757 3012 4812 Praeterea
3034 4757 3314 4814 christiani
3349 4760 3549 4831 ubique

235 4865 391 4925 atque
414 4854 717 4923 majoribus
744 4852 909 4907 etiam
938 4850 1196 4917 claribus,
1228 4850 1465 4919 lapidum
1499 4852 1697 4918 imbre,
1728 4862 1837 4907 ter-

231 4962 304 5003 ra:
329 4948 571 5003 motibus
602 4957 657 5001 et
689 4943 946 5006 hiatibus,
982 4942 1225 5008 diluvio,
1280 4942 1533 4997 incendio
1555 4986 1569 5010 ,
1603 4943 1836 4999 ferarum

231 5042 569 5105 crudelitate,
602 5052 816 5094 veneno
850 5046 1162 5104 serpentum
1193 5078 1207 5103 ,
1262 5043 1424 5104 atque
1452 5036 1668 5091 urbium
1700 5038 1839 5093 inte-

228 5149 447 5205 grarum
478 5133 766 5187 eversione
816 5144 880 5185 ac
929 5129 1103 5183 ruina.
1143 5128 1358 5183 Certum
1388 5144 1599 5198 quoque
1620 5140 1703 5185 est
1734 5141 1839 5187 tam

230 5228 467 5284 crudelia
524 5227 665 5282 bella
713 5225 785 5279 ab
842 5224 1151 5286 Atlanticis,
1191 5224 1449 5296 Assyriis,
1492 5223 1792 5279 Bactrianis
1825 5267 1839 5290 ,

231 5318 433 5387 Persis,
466 5322 693 5387 Graecis,
740 5318 1009 5390 Trojanis,
1045 5327 1093 5373 et
1140 5317 1419 5384 Romanis,
1466 5335 1493 5371 a
1536 5319 1706 5387 Nino,
1740 5320 1842 5374 Zo-

230 5431 463 5485 roastre,
496 5418 697 5481 Xerxe,
729 5414 1043 5471 Alexandro
1061 5412 1275 5483 Magno,
1306 5424 1361 5468 et
1389 5413 1510 5467 aliis
1536 5414 1663 5469 olim
1690 5426 1839 5487 gesta

230 5506 417 5578 luisse,
442 5527 599 5583 quam
633 5520 753 5581 post
778 5508 985 5565 Christi
1013 5515 1189 5561 ortum
1215 5507 1499 5561 imminuta
1523 5506 1763 5564 fuerunt.

299 5602 464 5660 Unde
489 5620 637 5676 ergo,
670 5604 990 5675 inquiebant
1013 5598 1238 5662 ethnici,
1284 5606 1363 5653 tot
1388 5600 1655 5671 tantisque
1687 5601 1841 5657 malis

234 5697 469 5754 mundus
504 5699 789 5770 premitur,
825 5710 891 5750 ac
940 5702 1149 5749 tantum
1180 5707 1287 5745 non
1318 5692 1680 5763 opprimitur?
1701 5694 1839 5763 Quid

232 5790 300 5845 ad
331 5807 444 5857 me,
471 5792 757 5865 respondet
806 5786 1132 5848 Arnobius?
1165 5783 1287 5841 Non
1322 5786 1432 5842 mei
1457 5789 1699 5845 muneris
1723 5798 1839 5857 est,

235 5882 432 5956 inquit,
457 5876 687 5946 occultas
727 5887 853 5945 illas
882 5882 1126 5941 rationes
1162 5877 1404 5952 pandere
1434 5923 1449 5949 ,
1492 5882 1584 5953 qui
1615 5882 1684 5937 ad
1709 5883 1840 5937 scri—

1946 4852 2212 4901 tcrrarum
2244 4864 2364 4902 cum
2394 4848 2647 4903 omnibus
2676 4848 2986 4904 nationibus
3009 4850 3250 4920 permisti
3272 4849 3544 4907 vivebant.

1945 4941 2063 5009 Quo
2090 4958 2220 5015 ergo
2239 4942 2359 5013 jure
2380 4944 2555 4997 adscri
2591 4953 2766 5014 potest
2794 4946 2845 4998 in
2875 4960 3063 4999 eorum
3092 4944 3347 4999 ultionem
3376 4960 3403 4999 a
3436 4944 3547 5002 Ro-

1945 5042 2116 5091 manis
2163 5038 2333 5091 victos
2353 5038 2519 5093 luisse
2546 5039 2878 5095 Alamannos
2907 5081 2922 5105 ,
2976 5038 3170 5094 Persas
3194 5049 3250 5095 et
3280 5042 3547 5113 Scythas;

1945 5131 2187 5185 muribus
2211 5140 2267 5185 et
2297 5130 2516 5185 locustis
2545 5146 2818 5187 corrosam
2846 5143 3333 5205 consumptumque
3362 5135 3545 5190 Asiam

1948 5238 2011 5277 ac
2039 5225 2247 5295 Syriam
2270 5267 2285 5289 ,
2311 5225 2533 5280 minime
2570 5240 2700 5281 vero
2736 5226 3046 5296 Hispaniam
3068 5240 3123 5282 et
3152 5226 3377 5284 Galliam
3398 5246 3419 5292 ;
3442 5229 3548 5285 Gc-

1949 5318 2090 5371 tulos
2120 5330 2173 5373 et
2203 5319 2554 5388 Tinguitauos
2605 5321 2814 5390 frugum
2851 5320 3129 5377 laborasse
3165 5322 3365 5392 inOpia,
3398 5322 3549 5379 Mau-

1946 5426 2037 5464 ros
2059 5426 2187 5466 vero
2201 5421 2358 5483 atque
2383 5411 2652 5468 Nomadas
2681 5412 3013 5483 amplissuna
3041 5429 3221 5470 messe
3248 5415 3547 5486 locupleta-

1947 5515 2058 5571 tos,
2092 5508 2190 5560 hos
2219 5507 2450 5577 denique
2480 5506 2621 5564 fame
2649 5518 2905 5574 enectos,
2951 5509 3086 5564 alios
3114 5511 3167 5564 in
3200 5511 3390 5566 eadem
3420 5510 3552 5567 civi-

1946 5610 2056 5655 tate
2099 5616 2278 5656 rerum
2320 5604 2559 5657 omnium
2601 5604 2754 5672 copia
2791 5602 3133 5660 abundasse?
3175 5604 3307 5661 Nam
3351 5607 3396 5661 si
3427 5623 3551 5677 qua:

1946 5691 2169 5747 deorum
2200 5692 2390 5749 fuisset
2418 5695 2643 5765 aequitas
2669 5707 2723 5750 et
2742 5694 2974 5765 justitia,
3006 5698 3245 5753 omnium
3267 5714 3398 5755 sane
3425 5701 3550 5756 illo-

1946 5801 2065 5841 rum
2096 5786 2435 5857 populorum,
2464 5802 2588 5842 cum
2608 5786 2803 5858 quibus
2828 5787 3109 5844 christiani
3143 5792 3424 5863 aequaliter
3445 5794 3547 5851 de-

1946 5880 2167 5951 gebant,
2194 5896 2297 5937 una
2322 5883 2625 5955 eademque
2652 5898 2777 5943 esse
2798 5883 3031 5941 debebat
3056 5899 3176 5943 sors
3204 5896 3260 5942 et
3313 5888 3549 5949 fortuna.
