3918 6374
327 418 429 475 567

1589 407 1917 468 DlSSERTA
1926 407 2036 465 TlO
2073 407 2232 464 ΡΒᾹΞ
2245 407 2275 460 ν
2287 407 2353 463 IA

3513 411 3618 470 568

402 536 533 591 Post
574 532 690 586 haec
739 529 1008 586 Arnobius
1047 530 1210 586 variis
1252 530 1544 586 rationibus
1590 529 1925 586 demonstrat
1950 529 2003 588 Α
2030 529 2098 583 At
2125 529 2245 598 quis
2275 529 2444 583 nescit
2472 526 2659 582 Jovem
2681 539 2788 581 non
2815 526 2990 582 solum
3011 526 3203 582 fratres
3223 525 3498 594 habuisse,
3522 527 3618 583 sed

333 629 468 680 iram
508 627 559 678 iu
599 624 733 678 deos
773 621 1104 676 immortales
1131 621 1323 678 cadere
1364 623 1582 677 omnino
1609 639 1716 676 non
1741 636 1919 692 posse.

331 717 466 789 Quid
495 732 622 787 ergo
650 716 792 770 dictu
826 715 993 785 magis
1021 715 1332 782 absurdmn,
1363 731 1517 785 quam
1564 715 1686 768 illos
1716 715 1784 769 ob
1807 713 1921 768 illa.

330 821 413 866 tas
439 809 539 865 sibi
566 823 593 862 a
617 807 925 862 Christianis
954 808 1175 876 injurias
1212 807 1288 861 ira
1320 807 1396 860 sic
1421 806 1706 868 incitatos;
1739 815 1797 860 ut
1826 821 1919 860 ea-

331 919 450 958 rum
498 915 705 971 poeuas,
748 911 855 953 tam
890 899 956 953 ab
988 899 1140 968 ipsis,
1182 913 1341 968 quam
1373 899 1440 952 ab
1471 898 1794 964 insontibus,
1848 897 1922 951 uti

327 994 546 1050 ciebant
565 1036 580 1060 ,
604 993 835 1047 ethnicis
863 992 972 1044 ullo
1002 991 1205 1060 absque
1232 991 1542 1046 discrimine
1572 988 1918 1060 repetierint?

332 1083 465 1142 Nam
514 1085 667 1140 facile
716 1091 962 1154 poterant
1012 1083 1298 1152 separatim
1336 1097 1458 1138 reos
1499 1083 1813 1153 suppliciis,
1859 1096 1923 1137 ac

332 1180 473 1235 bene
497 1180 715 1234 meritos
743 1174 1019 1232 beneficiis
1046 1176 1277 1232 adlicere
1329 1177 1408 1231 Dii
1435 1178 1580 1232 enim
1612 1177 1866 1233 ctelestes
1879 1175 1923 1230 si

335 1275 424 1343 qui
451 1274 578 1337 sint,
610 1286 714 1326 non
741 1280 964 1338 possunt
1006 1279 1098 1323 aut
1138 1270 1417 1340 gentilium
1450 1271 1758 1325 adulatione
1784 1268 1923 1345 deli-

334 1367 458 1430 niri,
491 1373 581 1418 aut
605 1374 821 1433 propter
849 1362 1265 1417 christianorum
1292 1374 1662 1433 contemptum
1702 1361 1885 1416 dolere
1908 1400 1924 1426 ,

333 1468 491 1529 atque
546 1458 726 1512 irasci.
774 1457 1138 1523 Quamobrem
1186 1468 1373 1513 auctor
1419 1468 1604 1512 noster
1651 1454 1928 1510 concludit

332 1553 430 1605 has
462 1550 713 1605 ridiculas
743 1550 1149 1605 criminationes
1180 1552 1294 1605 sola
1336 1551 1700 1621 haruspicmn,
1730 1546 1927 1602 ariolo—

332 1658 472 1705 rum,
505 1650 558 1696 et
589 1653 764 1696 vatum
789 1640 1009 1695 avaritia
1036 1655 1157 1695 esse
1188 1642 1470 1696 coniicias.

406 1734 590 1801 Neque
613 1735 806 1788 minori
841 1733 1172 1802 impudentia
1199 1733 1404 1788 ethnici
1433 1731 1774 1803 objectabant
1797 1729 1932 1787 deos

332 1826 454 1881 ideo
479 1829 528 1881 iu
558 1827 805 1881 homines
831 1827 1020 1880 smvire
1041 1843 1054 1888 ;
1074 1827 1194 1894 quia
1226 1827 1502 1881 chriSiiani
1523 1826 1783 1896 quosdam
1806 1827 1932 1881 hac-

2029 634 2158 674 avos
2189 622 2350 674 etiam
2380 629 2433 675 et
2473 619 2652 684 avias,
2685 629 2890 688 patrem
2921 629 2974 674 et
3012 632 3237 674 matrem
3264 660 3278 683 ,
3320 637 3386 676 ex
3427 620 3620 690 quibus

2025 712 2185 766 solito
2231 710 2504 765 hominum
2555 725 2706 764 more
2737 720 2894 764 natus
2939 710 3055 765 est?
3097 711 3311 766 Ethnici
3353 712 3531 782 itaque
3575 711 3620 766 si

2025 802 2169 858 hunc
2183 804 2390 869 Jovem,
2409 818 2514 857 non
2533 802 2793 868 colerent,
2818 802 2911 858 sed
2929 819 3033 858 una
3052 815 3195 859 esset
3221 803 3435 858 illorum
3459 814 3620 873 atque

2023 898 2437 954 Christianorum
2468 897 2679 968 religio,
2713 897 2857 951 nulla
2895 899 3128 968 amplius
3156 899 3296 954 foret
3323 898 3470 954 Jovis
3496 899 3573 952 ira
3605 941 3619 963 ,

2021 1001 2112 1048 aut
2157 993 2200 1045 si
2257 1006 2375 1061 quae
2416 1000 2590 1057 esset,
2623 989 2812 1046 falsam
2857 990 3190 1062 patefaceret
3237 991 3381 1050 illius
3428 990 3624 1046 divini-

2029 1092 2213 1139 tatem.

2100 1176 2375 1232 lnstabant
2399 1176 2750 1234 nihilominus
2775 1175 2978 1232 ethnici
3006 1176 3135 1231 deos
3160 1190 3287 1231 suos
3311 1175 3623 1231 cliristianis

2031 1284 2152 1324 esse
2203 1271 2441 1325 infensos
2466 1313 2481 1337 ,
2545 1286 2650 1325 non
2691 1280 2974 1341 propterea
3009 1270 3226 1339 quidem
3263 1270 3404 1339 quod
3455 1269 3624 1324 Deum

2032 1363 2454 1432 omnipotentem
2486 1375 2910 1431 venerarentur;
2939 1364 3034 1419 sed
3062 1363 3183 1434 quia
3222 1354 3494 1420 hominem
3529 1381 3625 1418 ua—

2031 1467 2164 1519 tum,
2185 1455 2368 1510 infami
2393 1458 2567 1512 crucis
2595 1457 2860 1527 supplicio
2887 1456 3292 1526 interemptum,
3317 1457 3486 1511 Deum
3504 1472 3626 1512 esse

2029 1549 2435 1613 contendentes,
2458 1549 2788 1620 quotidianis
2817 1565 2938 1604 eum
2971 1549 3457 1620 supplicationibus
3496 1549 3629 1604 ado-

2033 1652 2235 1697 rarent.
2286 1641 2486 1696 Verum
2531 1641 2600 1695 ab
2644 1641 2833 1696 iisdem
2864 1641 3095 1696 ethnicis
3139 1642 3330 1712 quaerit
3360 1641 3630 1695 Arnobius

2037 1735 2253 1803 quinam
2296 1733 2372 1787 illi
2420 1735 2528 1789 sint
2552 1734 2649 1798 dii,
2678 1734 2766 1805 qui
2791 1732 3066 1788 Christum
3099 1749 3126 1786 a
3161 1733 3316 1788 nobis
3354 1735 3456 1787 coli
3487 1732 3628 1786 indi-

2036 1844 2140 1897 gne
2194 1827 2458 1883 ferebant.
2506 1825 2624 1882 Non
2679 1828 2869 1894 Janus,
2910 1827 3128 1897 inquit,
3173 1841 3278 1881 non
3329 1825 3631 1894 Saturnus,

334 1929 488 1974 tenus
513 1919 780 1972 inauditos
807 1919 979 1972 cultus
1010 1919 1060 1972 in
1091 1929 1260 1972 totum
1295 1920 1482 1973 orbem
1500 1932 1759 1974 terrarum
1781 1919 1928 1972 inve-
1961 1912 2009 1970 B
2035 1920 2236 1984 Fauna,
2261 1921 2403 1974 Bona
2431 1921 2553 1986 dea,
2577 1918 2861 1990 Indigetes,
2889 1917 3254 1988 Esculapius,
3274 1917 3436 1974 Liber
3460 1929 3630 1987 pater,

333 2021 545 2068 xerant.
566 2010 742 2069 Unum
777 2012 975 2083 quippe
999 2009 1061 2066 ac
1084 2029 1270 2067 verum
1300 2013 1488 2079 Deum,
1512 2029 1797 2083 rerumque
1819 2029 1933 2067 om-

335 2103 482 2159 nium
522 2103 832 2169 dominum,
866 2104 1082 2160 intimas
1127 2105 1306 2159 cordis
1361 2105 1536 2160 nostri
1578 2104 1933 2174 cogitationes

335 2205 773 2268 cognoscentem,
806 2210 1154 2259 venerantur.
1194 2198 1400 2264 colunt,
1433 2197 1682 2267 diligunt,
1715 2207 1768 2253 et
1801 2212 1935 2267 quo.

338 2293 468 2349 tidie
496 2296 768 2348 invocant.
796 2293 896 2359 Qui
921 2307 1052 2346 vero
1075 2291 1234 2361 hujus
1272 2293 1386 2347 veri
1413 2293 1507 2347 Dei
1540 2292 1745 2348 cultum
1778 2277 1932 2346 dam-

336 2395 449 2450 nat,
485 2387 528 2439 is
571 2386 687 2440 sive
723 2384 952 2454 Jupiter,
980 2383 1093 2438 sive
1133 2385 1342 2453 Apollo,
1393 2393 1485 2437 aut
1525 2383 1659 2438 alius
1681 2384 1890 2439 dicatur
1915 2427 1929 2452 ,

338 2476 432 2531 Dei
477 2490 674 2531 nomen
721 2489 826 2530 non
873 2483 1126 2529 meretur.
1160 2474 1264 2530 Sed
1295 2475 1416 2544 quia
1453 2486 1663 2545 tempus
1691 2475 1929 2530 nondum

337 2575 453 2623 erat
476 2568 775 2636 patefacere
804 2567 1020 2636 quinam
1056 2566 1107 2620 hi
1138 2567 1338 2635 aliique
1370 2569 1650 2637 gentilium
1673 2567 1746 2622 dii
1784 2568 1932 2632 sint,

337 2660 411 2714 ibi
457 2673 647 2716 auctor
689 2671 874 2716 noster
902 2663 1078 2731 palam
1121 2662 1410 2732 profitetur.
1437 2663 1576 2718 hanc
1614 2678 1735 2718 esse
1770 2663 1935 2717 totius

336 2755 645 2809 christianze
671 2754 948 2826 religionis
984 2769 1271 2808 summam.
1315 2755 1480 2811 Deum
1507 2755 1653 2810 illum
1669 2771 1852 2809 verum
1882 2765 1938 2810 et

340 2847 580 2911 unicum,
640 2848 776 2902 sicut
830 2847 1078 2901 Christus
1118 2846 1321 2912 docuit,
1370 2848 1552 2902 animo
1589 2847 1840 2908 sincero,
1876 2859 1938 2900 ac

335 2950 609 3010 prostrato
622 2955 849 3010 corpore
862 2940 1061 3007 colere,
1079 2941 1649 3012 adorare,collatisque
1665 2941 1934 3012 precibus,

336 3035 405 3090 ab
429 3037 522 3089 illo
544 3035 839 3104 deposcere
872 3051 998 3090 vera
1031 3036 1192 3100 bona,
1221 3044 1275 3089 et
1299 3035 1523 3090 honesta
1547 3077 1561 3100 ,
1599 3050 1661 3090 ac
1689 3035 1812 3089 vitae
1826 3050 1940 3088 mo-

334 3144 566 3199 rumque
597 3129 979 3184 innocentiam.
1008 3128 1139 3196 Quis
1182 3138 1358 3192 autem
1390 3128 1598 3184 inficias
1642 3129 1797 3184 iverit
1829 3144 1941 3183 me-

2037 2015 2352 2080 Mercurius,
2383 2015 2569 2079 Diana,
2600 2013 2816 2083 Apollo,
2855 2012 3058 2076 Venus,
3076 2013 3263 2076 Ceres,
3286 2013 3630 2079 Proserpina,

2038 2108 2314 2174 Hercules,
2345 2106 2563 2162 Titanes
2589 2149 2605 2173 ,
2641 2106 2898 2171 Bocores,
2929 2106 3062 2175 Apis
3104 2119 3200 2159 seu
3227 2103 3467 2174 Serapis,
3491 2103 3592 2159 Isis
3616 2146 3633 2170 ,

2039 2211 2093 2255 et
2121 2199 2250 2270 Opis
2292 2197 2402 2265 lilii,
2431 2213 2567 2267 quos
2606 2196 2848 2252 humano
2875 2211 3028 2252 more
3057 2196 3288 2265 genitos,
3325 2211 3432 2249 non
3468 2210 3628 2250 secus

2037 2303 2197 2364 atque
2230 2294 2363 2349 alios
2411 2294 2653 2349 homines
2696 2293 2926 2357 vixisse,
2966 2300 3022 2345 et
3063 2300 3303 2345 mortuos
3331 2305 3454 2346 esse
3478 2290 3622 2344 anti-

2038 2388 2309 2457 quissimze
2343 2386 2625 2457 gentilium
2685 2386 2926 2440 historias
2964 2383 3340 2453 prodiderunt.
3371 2381 3645 2454 Numquid

2039 2481 2182 2534 enim
2213 2478 2497 2533 voluerunt
2529 2492 2589 2534 se
2631 2477 2700 2532 ab
2727 2475 2963 2532 ethnicis
2991 2476 3121 2540 coli,
3147 2491 3209 2530 ac
3239 2476 3477 2546 pristina:
3508 2491 3646 2530 eon-

2040 2574 2261 2628 ditionis
2289 2588 2402 2627 sua:
2427 2572 2794 2638 immemores,
2824 2571 3151 2626 christianos
3173 2568 3444 2625 Christum
3464 2570 3648 2624 colen-

2044 2676 2125 2721 tes
2157 2666 2273 2720 sine
2301 2666 2551 2719 maximis
2582 2667 2675 2719 irte
2707 2663 2943 2719 motibus
2975 2661 3120 2717 ferre
3153 2679 3258 2717 non
3288 2662 3613 2718 valuerunt?

2117 2759 2220 2813 Fas
2245 2776 2376 2814 vero
2400 2760 2444 2814 si
2477 2759 2706 2814 ethnicis
2738 2757 2836 2812 fuit
2858 2757 3121 2828 quosdam
3149 2756 3202 2811 in
3233 2755 3459 2812 deorum
3483 2771 3650 2826 prop-

2047 2862 2130 2908 ter
2170 2854 2361 2909 collata
2388 2852 2512 2918 sibi,-
2548 2863 2608 2907 ut
2645 2857 2786 2922 putat
2808 2860 2936 2917 ant,
2967 2849 3225 2906 beneficia
3261 2866 3542 2905 numerum
3577 2864 3656 2905 rec

2054 2949 2217 3016 ferre,
2246 2950 2499 3004 Liberum
2533 2948 2742 3002 scilicet
2777 2955 2998 3017 propter
3019 2945 3150 3007 vini,
3177 2944 3432 3000 Cererem
3455 2944 3611 3014 panis
3637 2985 3654 3011 ,

2048 3043 2422 3112 IEsculapium
2467 3041 2791 3105 herbarum,
2830 3040 3125 3095 Minervam
3173 3039 3332 3107 oleae,
3375 3038 3654 3108 Triptole-

2047 3150 2193 3188 mum
2230 3134 2394 3189 aratri
2443 3133 2832 3196 inventionem,
2867 3141 3028 3201 atquc
3072 3129 3361 3185 Herculem
3385 3171 3400 3195 ,
3435 3139 3660 3199 propter

337 3222 526 3276 liorem
554 3236 676 3277 esse
720 3219 912 3276 horum
950 3235 1185 3285 causam.
1223 3236 1381 3290 quam
1412 3235 1622 3284 eorum.
1647 3221 1736 3289 qui
1759 3219 1936 3273 ῧιέῐι·
1967 3224 2012 3286 C
2046 3223 2255 3280 devicta
2289 3233 2566 3288 monstra;
2594 3233 2794 3294 quanto
2843 3222 3014 3293 magis
3043 3219 3291 3276 Christus
3326 3221 3511 3276 divino
3555 3220 3661 3275 ho-

339 3311 514 3376 dules,
549 3314 677 3368 Aios
717 3313 992 3378 Locutius,
1034 3313 1366 3367 Limentinos
1391 3356 1405 3380 ,
1436 3313 1674 3380 Faunos,
1698 3313 1897 3368 Fatuus
1926 3354 1941 3379 ,

339 3405 526 3476 genios
551 3405 823 3459 civitatum
847 3446 862 3468 ,
904 3404 1124 3468 Pausos,
1154 3403 1402 3459 Bellonas
1436 3405 1663 3460 adorant
1695 3420 1758 3460 ac
1785 3418 1942 3458 reve-

338 3496 565 3552 rentur?
595 3495 976 3550 Verumtamen
1010 3494 1084 3549 dii
1121 3494 1219 3549 hos
1248 3495 1465 3564 impune
1495 3494 1698 3561 ferunt,
1728 3496 1944 3549 sinunt-

337 3606 446 3661 que
475 3589 683 3658 publica
704 3589 897 3644 scortis
924 3597 977 3644 et
1004 3590 1379 3644 meretricibus
1396 3604 1548 3646 sacra
1578 3591 1714 3653 ﬁeri,
1746 3590 1947 3660 magni-

339 3683 441 3738 ﬁca
469 3682 681 3750 felibus,
710 3681 1024 3747 scarabaais,
1045 3693 1099 3737 et
1131 3682 1339 3738 buculis
1368 3682 1695 3738 exmdificari
1719 3688 1942 3756 templa,

341 3790 464 3832 cum
488 3776 568 3830 ira
609 3776 664 3829 in
704 3775 1030 3830 christianos
1068 3774 1291 3843 perciti,
1331 3774 1580 3830 inhibent
1624 3792 1691 3831 ne
1732 3779 1799 3831 ab
1839 3780 1945 3835 illis

347 3883 594 3923 summus
624 3867 876 3923 adoretur
909 3866 1096 3932 Pater,
1139 3882 1167 3918 a
1202 3881 1306 3936 quo
1337 3867 1411 3920 illi
1435 3868 1649 3937 ipsimet
1664 3871 1947 3940 gentilium

343 3957 417 4013 dii
445 3960 688 4028 accipere
720 3957 1021 4013 debuerant
1052 3957 1310 4027 quidquid
1343 3960 1594 4026 numinis,
1627 3966 1904 4032 potestatis
1929 4007 1946 4032 ,

345 4050 765 4105 immortalitatis
787 4049 982 4104 habere
1008 4048 1321 4104 creduntur.

418 4143 526 4199 Sed
566 4151 623 4198 ut
662 4142 713 4197 id
746 4141 1083 4197 manifestius
1116 4151 1328 4212 pateat,
1357 4157 1423 4198 ex
1447 4143 1726 4202 effectibus
1761 4152 1940 4204 Arno-

344 4237 469 4294 bius
492 4237 702 4308 probat,
732 4237 878 4291 illum
921 4251 1107 4292 verum
1144 4237 1308 4291 Deum
1352 4252 1529 4292 rerum
1561 4241 1798 4295 omnium
1821 4257 1945 4298 esse

349 4329 626 4401 opiﬁcem,
658 4329 928 4398 apolline,
956 4326 1244 4393 Mercurio,
1270 4339 1324 4381 et
1354 4328 1474 4383 aliis
1494 4372 1508 4395 ,
1541 4331 1788 4386 omnibus
1811 4331 1947 4387 licti-

346 4422 440 4476 tiis
482 4419 792 4474 numinibus
830 4418 1225 4488 antiquiorem,
1269 4417 1559 4484 infinitum,
1602 4423 1896 4493 ingenitum
1928 4467 1945 4489 ,

348 4518 711 4575 immortalem
734 4558 750 4583 ,
792 4529 1077 4582 teternum,
1129 4518 1383 4587 nulloque
1411 4517 1551 4582 loco,
1580 4527 1633 4572 et
1664 4520 1807 4573 nulla
1828 4534 1948 4573 cor-

347 4628 514 4683 porea
533 4611 1196 4681 formaeircumscriptum.
1217 4613 1326 4680 Qua
1336 4623 1554 4680 pr0pter
1569 4612 1723 4666 sicuti
1750 4611 1947 4666 mirum

349 4721 460 4760 non
489 4715 591 4766 est,
629 4705 675 4761 si
700 4705 841 4776 quis,
870 4705 1063 4775 qualis,
1096 4715 1434 4776 quantusque
1464 4705 1534 4760 sit
1560 4706 1856 4775 ignoretur,
1877 4707 1948 4759 ita

351 4813 578 4852 summa:
622 4798 907 4852 dementia:
934 4805 1019 4851 est
1057 4797 1110 4851 in
1156 4798 1374 4852 dubium
1412 4813 1607 4853 vocare
1639 4808 1814 4853 utrum
1858 4798 1951 4853 ille

352 4905 543 4944 revera
565 4887 781 4944 existat.
808 4886 926 4955 Non
951 4887 1241 4943 defuerunt
1269 4899 1445 4945 tamen
1474 4890 1775 4961 phii050phi
1806 4933 1821 4956 ,
1855 4889 1950 4961 qui

352 4994 446 5039 aut
474 4982 604 5037 illud
635 4993 1000 5053 negaverunt,
1058 4995 1150 5038 aut
1185 4999 1399 5052 semper
1425 4986 1824 5055 exquisierunt,
1858 4986 1943 5039 vel

351 5079 444 5150 qui
511 5077 746 5134 fortuitis
791 5078 1004 5132 casibus
1056 5087 1466 5148 atomorumque
1499 5080 1948 5134 concursionibus

351 5172 531 5226 omnia
560 5171 812 5226 fabricata
856 5169 1021 5225 fuisse
1071 5172 1451 5242 opinabantur.
1483 5171 1587 5241 Sed
1616 5187 1737 5227 cum
1770 5173 1948 5228 stultis

351 5263 754 5318 adsertionibus
798 5262 1178 5318 contradicere
1217 5263 1435 5332 majoris
1471 5264 1711 5318 stultitiae
1758 5265 1847 5332 sit,
1881 5279 1946 5318 ea

347 5365 568 5425 propter
599 5353 888 5418 Arnobius,
921 5355 1002 5408 his
1035 5355 1436 5424 prietermissis,
1456 5354 1671 5410 cuilibet
1697 5371 1725 5409 a
1757 5367 1945 5410 natura

349 5449 572 5504 insitum
601 5463 722 5502 esse
751 5443 993 5512 adserit;
1030 5459 1084 5503 ut
1118 5447 1260 5503 hunc
1290 5458 1549 5518 agnoscat
1588 5464 1768 5520 regem
1801 5466 1949 5504 sum-

357 5555 506 5595 mum
533 5581 548 5604 ,
589 5549 642 5594 et
682 5541 921 5594 omnium
965 5540 1379 5596 moderatorem.
1413 5540 1552 5608 Quin
1597 5541 1762 5596 immo
1805 5543 1949 5597 haud

348 5633 665 5687 dubitanter
688 5630 971 5686 adseverat
1007 5631 1121 5686 fore
1140 5675 1152 5696 ,
1180 5641 1236 5685 ut
1264 5633 1512 5688 animalia
1542 5642 1594 5688 et
1633 5648 1762 5688 saxa
1794 5635 1950 5705 ipsa,

355 5725 404 5778 si
448 5723 586 5778 forte
613 5723 982 5793 loquerentur,
1017 5725 1069 5778 id
1099 5736 1286 5794 aperte
1317 5725 1598 5796 palamque
1625 5727 1949 5788 clamarent.

352 5815 578 5871 Frustra
621 5817 784 5888 igitur
810 5818 1014 5873 ethnici
1043 5817 1235 5875 Jovem
1265 5834 1533 5876 summum
1563 5820 1722 5876 deum
1747 5822 1945 5893 przedi-

346 5919 490 5966 cant.
519 5909 775 5968 Summus
803 5912 1004 5969 etenim
1037 5911 1175 5970 Deus
1207 5913 1476 5984 ingenitus
1500 5924 1807 5972 etteternus
1833 5925 1942 5974 est.

2052 3332 2186 3371 nore
2231 3316 2298 3371 ab
2353 3315 2662 3370 hominibus
2713 3312 2992 3369 habendus
3041 3322 3155 3376 est,
3205 3311 3294 3382 qui
3339 3311 3444 3366 illis
3499 3311 3663 3381 longe

2043 3407 2264 3480 majora
2295 3421 2345 3464 et
2381 3408 2591 3463 infinita
2637 3407 3098 3462 abundantissime
3118 3407 3346 3461 contulit
3373 3447 3388 3470 ,
3416 3405 3504 3477 qui
3529 3422 3664 3462 vera

2054 3503 2146 3557 Dei
2175 3502 2483 3572 cognitione
2523 3514 2622 3554 nos
2673 3499 2997 3563 imbuendo,
3049 3497 3360 3568 superbiam
3403 3506 3651 3552 nostram

2051 3593 2370 3661 frangendo,
2402 3609 2430 3645 a
2460 3592 2612 3647 falsis
2642 3591 3013 3661 opinionibus,
3047 3602 3209 3661 atque
3238 3591 3402 3662 impio
3431 3590 3661 3648 deorum

2058 3688 2202 3742 cultu
2233 3687 2298 3741 ad
2317 3701 2500 3741 veram
2523 3729 2538 3752 ,
2566 3685 2640 3739 uti
2669 3685 2785 3754 ipse
2815 3682 3091 3739 Arnobius
3117 3683 3342 3738 salutari
3369 3683 3665 3753 experien-

2050 3782 2122 3836 tia
2155 3791 2399 3845 noverat,
2438 3779 2755 3849 religionem
2797 3776 3078 3832 traduxit?

2126 3876 2196 3928 At
2221 3875 2308 3928 ille
2328 3915 2344 3940 ,
2379 3873 2694 3942 inquiebant
2720 3870 2944 3935 ethnici,
2974 3871 3153 3925 crucis
3187 3870 3428 3941 patibulo
3453 3869 3655 3926 afﬁxus

2051 3966 2276 4022 interiit.
2316 3964 2454 4034 Quid
2497 3963 2656 4019 inde?
2701 3963 3006 4018 Nou'enim
3048 3978 3192 4018 mors
3224 3963 3461 4029 Christi,
3501 3963 3667 4018 sicuti

2052 4074 2154 4113 nec
2188 4057 2531 4129 Pythagorae,
2564 4071 2663 4110 nec
2691 4055 2963 4121 Socratis,
2989 4055 3201 4110 illorum
3222 4054 3482 4110 doctrina:
3503 4071 3664 4125 egre-

2050 4154 2256 4222 giisque
2287 4151 2440 4206 factis
2470 4150 2640 4204 ullum
2670 4149 2849 4204 attulit
2894 4149 3301 4205 detrimentum.
3327 4149 3463 4217 Quid
3504 4165 3662 4216 vero,

2056 4247 2200 4318 quod
2230 4245 2373 4300 nulla
2405 4245 2595 4299 mortis
2623 4242 2839 4297 infamia
2877 4243 3139 4298 innocens
3173 4242 3371 4304 homo.
3395 4242 3662 4312 quemad-

2056 4337 2275 4392 modum
2321 4335 2591 4404 Aquilius,
2629 4334 2954 4401 Trebonius,
3002 4344 3057 4388 et
3088 4332 3327 4405 Regulus
3372 4333 3512 4388 inuri
3550 4348 3664 4388 um-

2056 4443 2213 4500 quam
2266 4426 2643 4497 potest?Quid
2680 4427 2899 4497 insuper
2923 4426 3176 4481 irrisione
3225 4425 3396 4496 magis
3437 4426 3660 4496 dignum

2057 4524 2159 4578 bac
2195 4520 2662 4590 argumentatione
2691 4519 2994 4590 gentilium,
3036 4519 3125 4587 qui
3163 4517 3418 4572 Liberum
3453 4529 3662 4587 patrem

2059 4631 2090 4669 a
2113 4613 2389 4668 Titanibus
2405 4613 2748 4667 membratim
2773 4611 3130 4680 discerptum.
3162 4609 3531 4680 Esculapium
3563 4611 3664 4666 ful-

2055 4709 2200 4764 mine
2228 4705 2550 4777 perculsum.
2579 4705 2863 4760 llerculem
2893 4703 3071 4758 vivum
3099 4705 3459 4766 combustum.
3493 4708 3658 4775 Atym

2057 4801 2380 4865 abscissum,
2405 4799 2692 4854 Romulum
2724 4815 2754 4853 a
2785 4799 3130 4854 senatoribus
3147 4800 3409 4862 occisum,
3437 4814 3665 4870 supers-

2059 4895 2239 4949 titioso
2265 4892 2409 4949 cultu
2440 4891 2829 4960 aediﬁcatisque
2863 4890 3074 4960 templis
3101 4890 3480 4946 honorabant?

2127 4988 2372 5042 Christus
2402 4999 2563 5054 porro
2589 5000 2620 5038 a
2648 4999 2862 5038 summo
2904 4985 3048 5054 ltege
3074 4983 3140 5039 ad
3180 4999 3279 5039 nos
3310 4984 3509 5039 missus
3529 5025 3544 5050 ,
3577 4985 3665 5040 in-

2057 5080 2296 5136 numeris
2321 5120 2336 5144 ,
2395 5093 2516 5148 quae
2547 5078 2810 5148 patravit,
2843 5076 3117 5132 miraculis
3150 5087 3258 5132 tam
3290 5087 3462 5138 certo.
3494 5093 3662 5148 quam

2053 5172 2334 5228 evidenter
2360 5185 2521 5225 verus
2553 5184 2675 5225 esse
2709 5169 2847 5224 Deus
2871 5169 3276 5239 comprobatur.
3311 5168 3495 5241 Neque
3512 5172 3666 5227 enim

2056 5268 2258 5337 magica
2288 5265 2482 5320 virtute
2509 5303 2525 5328 ,
2561 5265 2636 5318 uti
2666 5261 2886 5333 quidam
2933 5261 3399 5332 impudentissime
3437 5265 3666 5319 mentie-

2055 5358 2272 5423 bantur,
2311 5372 2374 5412 ea
2403 5356 2660 5426 perfecit;
2694 5355 2783 5425 qui
2835 5355 2952 5409 solo
2997 5370 3095 5408 suo
3138 5354 3304 5409 verbo
3341 5363 3390 5409 et
3442 5356 3665 5410 nomine

2056 5450 2639 5522 qumlibetmorbornm
2665 5462 2861 5518 genera
2887 5449 3116 5505 sanavit.
3136 5445 3336 5518 fugavit
3354 5446 3660 5512 dannonas,

2061 5556 2348 5599 Ventorum
2393 5541 2860 5613 procellarumque
2914 5540 3124 5595 sedavit
3177 5538 3460 5603 turbines,
3512 5538 3663 5595 sicco

2059 5639 2198 5711 pede
2230 5654 2379 5694 mare
2408 5637 2674 5702 calcavit,
2734 5637 2868 5690 alios
2897 5615 3064 5706 seque
3107 5638 3280 5705 ipsum
3322 5637 3600 5689 suscitavit
3625 5651 3661 5690 a

2058 5732 2310 5795 mortuis,
2335 5745 2399 5786 ac
2427 5738 2610 5800 postea
2643 5726 2889 5798 plurimis
2918 5743 3039 5783 sese
3071 5728 3297 5798 praebuit
3323 5725 3614 5780 videndum
3643 5744 3659 5794 ;

2052 5823 2149 5895 qui
2172 5822 2618 5894 deditdiscipulis
2657 5821 2898 5876 omnium
2932 5821 3152 5894 linguis,
3183 5819 3344 5876 etiam
3373 5820 3474 5875 sibi
3507 5818 3664 5874 inco-

2047 5917 2239 5991 gnitis,
2272 5915 2528 5987 ldquendi
2550 5913 2864 5972 facultatem
2887 5931 2903 5983 ;
2932 5916 3025 5988 qui
3052 5924 3223 5973 totum
3244 5911 3504 5971 mundum
3523 5912 3659 5970 doc-
