3918 6346
262 406 353 461 ωθ
1479 402 1541 456 IN
1584 402 1831 457 ARNOBI

1956 447 1970 471 ,
2010 404 2162 458 CAP.
2210 406 2247 460 ι.

3433 408 3540 462 570

259 521 387 576 trina
412 534 503 573 sua
531 527 758 586 repente
808 516 1128 585 complevit;
1161 518 1250 588 qui
1282 518 1491 572 vatibus
1518 526 1571 572 et
1594 516 1838 587 haruspi-
1870 521 1914 578 Λ
1946 521 2233 588 antiquitas
2279 530 2354 576 tot
2403 531 2780 592 tantorumque
2809 538 3055 578 errorum
3102 534 3155 578 et
3196 524 3539 593 fabularum,

261 614 397 667 cibus
420 612 687 666 silentium
732 610 1013 681 imposuit,
1044 626 1106 665 ac
1135 626 1412 681 magorum
1448 612 1659 682 penitus
1687 626 1835 666 com-

260 708 435 764 minuit
458 706 851 777 arrogantiam.

322 804 496 874 Neque
533 804 618 858 his
660 806 865 874 opponi
899 814 1143 872 poterant
1166 814 1370 860 curatae
1400 807 1467 859 ab
1497 804 1835 861 ethnicorum

259 896 353 952 diis
373 899 592 952 inlirmte
618 897 1002 953 nonnullorum
1029 898 1306 952 lmminnm
1334 899 1683 953 valetudines.
1702 897 1838 952 Nam

261 988 350 1044 hoc
398 990 609 1044 interim
665 991 838 1060 gratis
871 990 1018 1051 dato.
1048 1000 1257 1046 certum
1287 1001 1405 1045 erat
1454 1006 1482 1044 a
1527 992 1675 1046 nullo
1719 1008 1837 1045 um-

257 1103 398 1157 quam
422 1087 699 1157 gentilium
733 1088 853 1152 deo,
889 1088 1044 1142 sicuti
1086 1103 1113 1139 a
1146 1087 1384 1150 Christo,
1414 1087 1574 1157 aegris
1607 1087 1837 1141 homini-

258 1180 365 1243 bus,
397 1180 505 1232 sola
543 1179 784 1233 adhibita
840 1194 1000 1233 manu
1035 1189 1127 1233 aut
1154 1194 1307 1243 voce,
1342 1179 1605 1233 redditam
1638 1178 1838 1231 sanita-

256 1279 372 1326 tem.
404 1270 579 1326 Gratis
603 1272 766 1325 etiam
794 1271 1062 1326 Arnobius
1089 1272 1335 1326 concedit
1356 1272 1470 1326 ﬁeri
1501 1272 1763 1341 pomissc,
1783 1280 1840 1325 ut

256 1362 374 1418 deus
399 1365 592 1432 aliquis
623 1380 789 1419 unum
820 1374 905 1419 aut
936 1364 1165 1418 alterum
1201 1380 1399 1433 aegrum
1431 1363 1703 1418 hominem
1723 1363 1838 1433 qui-

253 1454 458 1509 busdam
488 1456 900 1511 medicamentis
931 1457 1220 1511 sanaverit.
1258 1458 1326 1509 At
1376 1456 1540 1509 multa
1569 1497 1583 1519 ,
1620 1456 1833 1525 inquit,

254 1557 364 1601 sunt
411 1546 571 1601 mi'lia
618 1548 919 1611 hominum,
952 1549 1040 1615 qui
1069 1550 1169 1602 etsi
1202 1554 1254 1602 in
1300 1549 1511 1617 templis
1538 1548 1836 1615 smpissime

251 1640 488 1707 prostrati
521 1638 896 1709 {Esculapium
926 1640 1171 1711 aliosque
1200 1640 1332 1695 deos
1364 1641 1561 1709 smpius
1590 1640 1837 1709 repetitis

250 1730 484 1798 precibus
511 1741 567 1785 et
596 1733 738 1785 Votis
780 1732 1153 1800 fatigaverint;
1200 1732 1403 1786 nullum
1434 1740 1610 1786 tamen
1646 1747 1711 1785 ne
1740 1732 1837 1784 mi-

1942 616 2132 685 qnibns
2159 616 2470 672 eorumdetn
2502 618 2784 689 gentilium
2823 618 2943 671 libri
2971 626 3198 684 scatent,
3236 629 3405 673 mater
3432 633 3540 671 non

1942 707 2139 762 fuerit?
2167 709 2301 777 Quid
2336 725 2489 770 vero.
2518 710 2659 781 quod
2695 709 2898 764 falsitas
2942 710 3100 779 longe
3143 709 3349 765 facilius
3378 710 3429 764 in
3460 725 3544 765 re—

1943 801 2273 855 centioribus
2302 804 2517 872 scriptis
2547 819 2707 874 quam
2743 804 2793 857 in
2826 803 3237 873 antiquissimis,
3265 814 3439 874 potest
3474 807 3543 861 ab

1941 896 2190 949 omnibus
2220 896 2593 966 deprehendi?

2013 988 2279 1043 Instahant
2312 992 2513 1045 ethnici
2548 992 2714 1045 libros
2753 991 3173 1046 Christianorum
3204 991 3271 1045 ab
3311 991 3543 1045 indoctis

1942 1080 2249 1134 hominibus
2280 1081 2396 1135 rudi
2425 1082 2777 1153 impolitoth
2806 1098 3059 1137 sermone
3080 1096 3350 1141 exaratos.
3381 1084 3547 1138 sulce-

1941 1174 2122 1227 cistnis
2149 1184 2201 1228 et
2230 1174 2578 1229 barbarismis
2608 1177 2803 1245 ubique
2833 1175 2967 1230 fa-de
2995 1175 3352 1243 coinquinari.
3388 1175 3543 1242 E~to,

1942 1266 2232 1334 reSpondot
2263 1268 2551 1320 Arnobius.
2586 1268 2751 1336 Mujnl‘
2785 1268 3025 1337 profecto
3057 1270 3135 1322 eis
3168 1269 3300 1321 fides
3339 1268 3544 1323 idcirco

1944 1360 2189 1413 habenda
2232 1369 2347 1422 est;
2396 1362 2518 1430 quia
2570 1378 2597 1413 a
2646 1373 2827 1417 monte
2876 1363 3143 1428 simplici,
3194 1373 3246 1415 ot
3292 1362 3546 1417 lenocinii

1940 1453 2122 1521 ignara
2142 1496 2156 1518 ,
2195 1454 2524 1522 prodierunt.
2556 1453 2834 1508 Sermonis
2863 1455 3005 1509 enim
3038 1454 3298 1525 elegantis
3328 1464 3381 1506 et
3415 1454 3548 1523 poli—

1942 1544 2090 1599 tioris
2121 1546 2312 1597 fatuam
2332 1586 2346 1607 ,
2382 1561 2665 1613 pompam,
2700 1556 2860 1614 atque
2888 1559 3202 1599 ornamenta
3235 1544 3351 1598 foro
3378 1545 3547 1598 relin-

1939 1639 2166 1709 quenda,
2196 1640 2389 1692 veritas
2419 1654 2523 1692 non
2551 1650 2808 1693 sectatur.
2838 1640 3038 1694 Deinde
3068 1639 3183 1692 haec
3208 1640 3318 1708 ipsa
3343 1638 3547 1691 veritas

1942 1731 2081 1785 inter
2111 1729 2378 1783 sermonis
2402 1730 2548 1795 vitia,
2580 1732 2721 1784 sicut
2754 1731 2926 1785 bonus
2954 1730 3093 1784 inter
3123 1746 3318 1800 vepres
3347 1739 3397 1783 et
3430 1730 3544 1799 Spi-

249 1822 437 1876 nimum
479 1824 700 1890 quidem
738 1822 1041 1878 invenerint
1079 1824 1476 1890 levamentum,
1513 1826 1640 1894 quin
1671 1824 1838 1880 immo
1869 1840 1916 1899 Β
1946 1836 2038 1874 nas
2069 1819 2274 1874 fructus
2297 1861 2311 1885 ,
2355 1822 2820 1890 prodest'semper
2862 1821 3083 1875 homini.
3129 1820 3207 1874 Ad
3238 1822 3352 1874 haec
3380 1834 3543 1885 vero,

248 1914 390 1983 pejus
418 1914 580 1968 etiam
618 1925 803 1984 postea
836 1931 896 1970 se
926 1915 1228 1970 habuerint.

310 2004 483 2075 Neque
501 2008 706 2075 patitur
737 2006 839 2059 sibi
867 2006 935 2059 ab
965 2006 1073 2060 alio
1097 2007 1281 2074 gentili
1312 2006 1474 2075 objici
1511 2007 1639 2063 ferri
1680 2024 1710 2062 a
1736 2010 1838 2066 diis

246 2112 387 2166 opem
421 2112 527 2151 non
562 2097 724 2153 tnalis
754 2096 992 2167 quidem,
1038 2098 1130 2153 sed
1172 2098 1329 2152 bonis
1362 2099 1569 2169 piisqne
1610 2101 1838 2156 homini-

248 2187 358 2240 bus.
390 2187 641 2243 Christus
683 2190 953 2258 siquidem
1002 2190 1157 2243 malis
1184 2191 1432 2245 omnibus
1469 2191 1750 2261 aequaliter
1776 2208 1839 2247 ac

245 2278 388 2334 bonis
437 2283 729 2337 succurrit.
782 2281 984 2337 Deinde
1044 2298 1173 2337 vero
1219 2283 1263 2336 si
1301 2283 1372 2337 dii
1426 2284 1581 2338 bonis
1631 2294 1835 2340 tantum

247 2377 425 2430 auxilio
452 2377 696 2443 fuerunt,
729 2377 779 2431 id
810 2393 916 2431 non
943 2376 1140 2431 divina:
1167 2379 1376 2444 virtuti,
1409 2378 1505 2433 sed
1546 2380 1702 2434 alicui
1731 2380 1839 2435 for-

248 2470 367 2521 tuito
395 2470 541 2523 casui
575 2475 681 2523 erit
714 2469 1467 2539 proculdubiotribuendum.

312 2559 440 2615 Vera
483 2572 673 2615 autem
709 2576 833 2616 esse
872 2560 1069 2616 Christi
1111 2564 1373 2617 miracula
1418 2573 1605 2618 auctor
1650 2574 1833 2620 noster

244 2653 405 2709 adhuc
447 2656 694 2711 ostendit
747 2672 813 2711 ex
854 2654 944 2709 illa
991 2672 1211 2726 prorsus
1261 2657 1490 2711 mirabili
1539 2668 1831 2727 potestate,

245 2761 394 2815 quam
420 2747 575 2803 dedit
605 2749 768 2803 etiam
801 2747 999 2802 infirme
1032 2748 1205 2818 plebis
1247 2748 1570 2814 hominibus,
1606 2752 1833 2820 piscato-

242 2840 399 2907 ribus,
428 2841 739 2911 opitir-ibus,
766 2842 1049 2896 rusticanis
1082 2843 1337 2912 qua-libet
1372 2843 1490 2898 solo
1531 2845 1699 2914 ipsius
1738 2861 1837 2901 no-

242 2936 375 2989 mine
399 2938 642 3006 prodigia
665 2935 879 2991 edendi.
912 2936 1026 2991 Non
1059 2938 1201 2991 enim
1229 2936 1458 3006 Jupiter,
1487 2953 1585 2994 nec
1608 2938 1837 2994 Zoroaso

242 3036 343 3082 tres
391 3030 710 3095 Armenius,
739 3029 1074 3100 Pamphilus,
1113 3030 1454 3100 Apollonius,
1497 3030 1832 3101 Damigerus,

242 3121 532 3186 Dardanus,
565 3122 748 3183 Velus.
773 3121 1039 3187 Julianus,
1068 3122 1319 3187 Bebulns,
1344 3134 1433 3174 aut
1460 3122 1680 3192 quilibet
1699 3123 1835 3177 alius

240 3212 428 3282 aliquid
462 3214 550 3267 his
585 3213 848 3284 prodigiis
888 3213 1063 3267 simile
1105 3213 1307 3280 edidit,
1339 3213 1431 3267 Sed
1467 3229 1533 3267 ne
1565 3214 1833 3283 pustulam

240 3307 442 3375 quidem
476 3306 618 3376 pari,
646 3321 709 3359 ac
740 3305 986 3361 Christus
1015 3307 1238 3377 ejusque
1265 3308 1531 3378 discipuli,
1559 3308 1721 3363 modo
1749 3324 1835 3365 Sa-

240 3397 392 3454 navit.
432 3398 502 3453 Et
548 3414 681 3452 sane
711 3408 927 3468 quantae
956 3397 1338 3469 magnitudinis
1374 3410 1428 3453 et
1456 3408 1635 3470 potest
1656 3401 1738 3455 .tis
1766 3400 1837 3455 sit

241 3490 345 3560 ipse
369 3493 646 3556 Christus,
683 3492 932 3546 sublimis
960 3501 1015 3547 et
1042 3493 1111 3546 ab
1143 3492 1325 3546 intima
1356 3493 1537 3549 radice
1564 3493 1727 3559 Deus,
1754 3504 1833 3547 ta-

239 3588 385 3639 metsi
418 3585 737 3640 hominibus
764 3586 892 3639 olim
922 3586 1243 3657 incognitus,
1279 3588 1363 3642 vel
1389 3588 1538 3648 solis.
1568 3605 1687 3657 quae
1713 3590 1831 3659 ipso

240 3678 492 3732 moriente
522 3677 666 3733 facta
687 3687 835 3743 sunt,
860 3678 1130 3733 miraculis
1153 3678 1557 3735 evidentissime
1579 3680 1831 3739 demons-

240 3780 422 3827 tratum
448 3782 561 3828 εει.

302 3866 483 3937 Neque
507 3867 766 3921 audiendi
798 3876 953 3921 erant
990 3869 1248 3937 gentiles,
1294 3870 1382 3939 qui
1411 3869 1529 3926 hzcc
1555 3871 1680 3925 falsa
1709 3888 1829 3929 esse

235 3961 559 4017 intolerabili
630 3978 854 4033 prorsus
915 3964 1134 4018 audacia
1203 3964 1569 4022 clamitabant.
1643 3966 1832 4023 Testes

236 4056 505 4111 enimvero
538 4056 948 4126 locupletissimi
969 4099 983 4119 ,
1018 4073 1117 4113 nec
1152 4057 1311 4114 facile
1336 4060 1577 4127 creduli,
1612 4076 1673 4115 ea
1701 4077 1829 4131 pos-

236 4150 355 4203 teris
388 4150 751 4217 tradiderunt,
776 4166 894 4215 quire
920 4151 1018 4205 nisi
1043 4152 1154 4221 ipsa
1180 4151 1300 4207 luce
1323 4151 1552 4208 fuissent
1574 4155 1826 4221 clariora,

234 4242 299 4297 illi
324 4254 471 4300 certe
496 4260 561 4299 ea
586 4243 928 4315 praedicando
956 4246 1008 4299 in
1035 4261 1323 4302 commune
1348 4247 1623 4303 hominum
1647 4249 1827 4304 odium

233 4336 403 4392 voluis
423 4348 522 4393 ent
551 4339 720 4407 gratis
748 4340 1045 4394 incurrere.
1077 4340 1141 4394 Et
1167 4355 1298 4396 sane
1334 4342 1379 4397 si
1406 4340 1536 4397 falsa
1574 4342 1680 4397 sint
1714 4344 1829 4399 haec

236 4428 508 4497 miracula,
539 4446 643 4498 qua
663 4472 677 4497 ,
712 4446 927 4501 quaeso,
960 4430 1104 4487 fatali
1132 4432 1541 4504 desperatione,
1574 4446 1828 4506 certoque

234 4524 417 4592 rapitis
449 4524 727 4592 periculo,
765 4540 794 4578 a
817 4522 1015 4580 Christi
1059 4526 1339 4597 discipulis
1370 4528 1637 4597 publicata
1667 4539 1827 4597 sunt,

229 4628 288 4670 ac
308 4615 602 4671 christiana
645 4618 834 4687 religio
870 4617 933 4671 iis
963 4619 1199 4674 stabilita
1233 4634 1299 4675 ac
1336 4619 1672 4687 conﬁrmata,
1703 4622 1826 4678 bre-

233 4708 447 4765 vissimo
475 4721 721 4781 tempore
752 4713 802 4765 in
837 4721 946 4765 toto
974 4720 1238 4768 terrarum
1270 4712 1405 4768 orbe
1429 4724 1679 4784 suscepta
1705 4716 1826 4769 est?
1852 4682 1906 4742 Β

296 4802 487 4858 Nullus
528 4818 661 4859 vero
703 4802 809 4858 nisi
848 4803 1234 4859 absurdissime
1264 4804 1446 4860 dicere
1471 4821 1701 4877 unquam
1732 4822 1827 4877 po-

231 4899 325 4950 tuit
366 4896 486 4950 htcc
515 4895 708 4950 eadem
751 4894 1008 4950 miracula
1048 4911 1079 4950 a
1126 4897 1484 4967 scriptoribus
1514 4899 1713 4953 nostris
1737 4906 1829 4953 aut

229 4992 422 5060 scripta
481 4988 850 5053 mendaciter,
902 4997 996 5043 aut
1050 4989 1272 5043 nimium
1339 5000 1645 5060 exagerata.
1709 4990 1825 5046 Non

230 5082 365 5135 enim
408 5082 590 5136 omnia
621 5081 822 5136 litteris
849 5089 904 5136 et
942 5082 1220 5136 momoriae
1260 5082 1670 5147 mandaverant,
1704 5099 1825 5154 quze

226 5176 469 5230 ethnicos
510 5177 563 5230 in
597 5175 857 5246 majorem
889 5174 1330 5240 admirationem,
1361 5174 1445 5231 vel
1481 5177 1825 5232 incredulita—

231 5273 332 5319 tem
359 5266 629 5323 adducere
655 5276 923 5336 poterant.
946 5267 1002 5322 Si
1026 5282 1147 5338 qua:
1174 5281 1305 5323 vero
1328 5268 1524 5337 scripta
1546 5279 1821 5338 corrupta,

231 5370 321 5412 aut
348 5357 649 5415 adulterata
674 5368 983 5427 occurrant,
1010 5358 1115 5416 hoc
1140 5360 1407 5416 Arnobius
1435 5360 1824 5417 malevolentia:

229 5451 481 5508 adscribit
518 5453 859 5517 daemonum,
911 5455 1003 5524 qui
1052 5454 1135 5509 his
1174 5454 1645 5524 depravationibus
1696 5469 1825 5511 vere

228 5560 496 5618 gestorum
529 5550 787 5605 volebant
819 5549 1093 5605 infirmare
1120 5551 1421 5608 veritatem.
1452 5553 1520 5607 At
1544 5568 1673 5609 sane
1704 5569 1823 5625 qua:

232 5644 423 5697 nostris
448 5645 497 5699 in
538 5645 688 5700 libris
717 5643 787 5699 de
822 5640 1041 5697 Christo
1076 5644 1275 5712 scripta
1318 5643 1500 5710 fuere,
1549 5656 1653 5700 tam
1697 5664 1824 5704 vera

230 5747 374 5795 sunt,
405 5751 554 5805 quam
591 5737 721 5793 falsa
755 5751 881 5808 qua:
907 5736 1139 5807 gentiles
1167 5736 1235 5790 de
1258 5735 1362 5791 diis
1392 5737 1503 5793 suis
1533 5739 1821 5796 tradidere.

297 5824 407 5880 Sed
436 5838 631 5896 nostra,
662 5829 936 5901 urgebant
965 5828 1063 5895 illi,
1087 5827 1288 5898 scripta
1316 5829 1641 5902 antiquiora,
1665 5842 1824 5903 atque

228 5918 424 5977 ideirco
451 5927 651 5984 veriora
698 5936 852 5986 sunt.
897 5924 1065 5996 Quasi
1115 5938 1272 5993 vero,
1303 5925 1378 5982 ait
1423 5922 1715 5995 Arnobius,
1760 5943 1825 5986 ea

1937 1932 2059 1971 cum
2087 1916 2155 1970 de
2183 1916 2345 1975 rebus
2390 1916 2457 1969 ab
2487 1916 2850 1971 ostentatione
2877 1914 3142 1969 submotis
3172 1913 3348 1982 agitur
3367 1955 3381 1974 ,
3415 1914 3543 1982 quid

1940 2010 2150 2077 reipsa,
2185 2023 2289 2063 non
2320 2008 2592 2078 quomodo
2628 2009 2866 2071 dicatur,
2900 2008 3133 2076 spectari
3177 2006 3355 2060 debet.
3390 2006 3540 2075 Qua-

1942 2101 2181 2156 mobrem
2230 2100 2472 2155 nonnulli
2511 2100 2787 2170 sapientia:
2817 2098 3022 2161 dediti,
3070 2098 3276 2151 tametsi
3321 2112 3452 2167 pure
3480 2108 3538 2152 ct

1944 2206 2136 2251 ornate
2164 2196 2306 2265 loqui
2336 2196 2640 2264 potuerint;
2671 2210 2885 2249 onmem
2919 2201 3096 2247 tamen
3130 2193 3395 2246 sermonis
3424 2192 3543 2247 cul-

1946 2300 2057 2342 tum
2106 2288 2430 2356 rcjecerunt.
2464 2288 2703 2357 Denique
2747 2286 2927 2341 nullus
2955 2300 3137 2340 sermo
3179 2296 3372 2339 natura
3413 2300 3543 2350 sua,

1943 2381 2018 2435 uti
2051 2382 2241 2449 probat
2275 2382 2578 2447 Arnobius,
2615 2381 2709 2436 sed
2752 2380 3029 2435 hominum
3072 2379 3351 2433 dumtaxat
3381 2378 3545 2433 bene-

1942 2476 2139 2546 placito
2170 2486 2253 2529 est
2286 2475 2526 2531 vitiosus.

2009 2568 2134 2623 Haac
2163 2583 2323 2639 porro
2344 2566 2541 2622 ethnici
2565 2582 2687 2622 cum
2712 2581 2909 2637 negare
2930 2581 3036 2620 non
3061 2575 3302 2635 possent,
3329 2579 3359 2618 a
3380 2563 3545 2618 chris-

1938 2665 2098 2720 tiauis
2128 2662 2470 2733 postulabant
2510 2678 2606 2716 cur
2634 2660 2908 2724 Christus,
2954 2661 2997 2714 si
3032 2660 3173 2713 Dens
3206 2660 3273 2714 sit
3348 2657 3540 2712 Imma-

1939 2774 2061 2813 nam
2096 2756 2322 2811 formam
2356 2755 2548 2819 induit,
2579 2764 2631 2808 et
2673 2769 2822 2807 more
2852 2754 3209 2819 interemptus
3240 2760 3322 2805 est
3352 2749 3541 2803 huma-

1942 2849 2053 2904 no?
2088 2850 2179 2903 llis
2212 2848 2483 2903 Arnobius
2525 2845 2678 2900 facile
2718 2845 3000 2908 satisfacit,
3033 2845 3213 2915 aitque
3235 2842 3536 2907 Christum,

1941 2942 2063 3013 quia
2096 2942 2147 2995 in
2177 2939 2492 3011 primigenia
2528 2950 2583 2993 et
2617 2938 2935 3007 incorporea
2981 2953 3074 2990 sua
3122 2942 3309 2989 natura
3338 2950 3367 2987 a
3395 2932 3546 2988 nullo

1942 3049 2195 3106 umquam
2225 3033 2438 3087 homine
2489 3031 2688 3093 videri,
2724 3046 2823 3085 nec
2854 3030 2987 3084 mori
3020 3028 3218 3098 potuit,
3247 3028 3538 3084 humanam

1941 3130 2141 3186 idcirco
2168 3131 2533 3199 adsumpsisse
2563 3129 2790 3183 formam
2813 3172 2825 3191 ,
2861 3144 2963 3198 qua
2998 3143 3057 3181 se
3085 3126 3163 3181 eis
3190 3127 3525 3195 conspicien-

1937 3222 2065 3277 dnm
2097 3223 2284 3287 daret,
2316 3239 2438 3277 cum
2488 3223 2567 3275 eis
2614 3232 2952 3287 versaretur,
3000 3236 3063 3274 ac
3109 3217 3322 3273 tandem
3358 3230 3543 3289 posset

1940 3324 2167 3371 m0rtem
2192 3314 2363 3370 obire.
2388 3314 2497 3369 Cur
2527 3330 2655 3371 vero
2680 3314 2965 3369 humanam
2992 3314 3168 3382 putius
3188 3327 3349 3383 quam
3371 3312 3533 3366 aliam

1939 3422 2185 3465 naturam
2235 3410 2539 3479 acceperit,
2584 3409 2815 3465 latentes
2858 3406 3131 3462 Arnobius
3178 3406 3374 3460 fatetur
3417 3419 3539 3459 esse

1938 3517 2151 3567 causas,
2182 3516 2315 3571 quas
2342 3501 2608 3555 obstinata
2640 3502 2921 3573 gentilium
2949 3497 3297 3553 incredulitas
3326 3513 3389 3551 ac
3420 3512 3539 3567 per-

1938 3596 2135 3652 vicacia
2167 3596 2423 3666 explicari
2455 3610 2561 3649 non
2595 3596 2826 3650 sinebat.

2010 3690 2077 3743 At
2112 3689 2162 3741 hi
2196 3703 2406 3743 rursum
2458 3686 2783 3763 objiciebant
2830 3685 3145 3742 incredibile
3192 3700 3443 3754 prorsus,
3475 3700 3539 3741 ac

1936 3780 2228 3836 cimmeriis
2261 3780 2499 3837 tenebris
2528 3781 2811 3837 obscurius
2852 3794 3008 3847 esse,
3051 3779 3327 3835 Christum
3370 3780 3536 3835 Deum

1936 3885 1990 3931 et
2019 3875 2292 3931 hominem
2324 3874 2558 3931 humana
2592 3884 2799 3930 tantum
2830 3883 3018 3928 natura
3047 3875 3238 3937 visum,
3270 3874 3539 3944 patibulo-

1936 3985 2041 4041 que
2070 3969 2302 4024 adfixum
2343 3970 2506 4023 vitam
2535 3968 2795 4023 finirisse.
2826 3967 2931 4021 Sed
2977 3966 3147 4021 futilis
3184 3977 3294 4030 est,
3330 3968 3404 4021 ait
3431 3972 3538 4022 Ar-

1935 4062 2149 4127 nobius,
2184 4062 2297 4116 lucc
2326 4060 2654 4131 redargutio.
2679 4060 2813 4114 Nam
2839 4060 2885 4115 si
2911 4059 3135 4131 Sibylla,
3170 4059 3348 4124 Bacis,
3376 4059 3537 4115 Hele-

1937 4169 2071 4215 nus.
2120 4153 2374 4220 Martius,
2436 4152 2636 4223 aliique
2696 4150 3013 4207 eorunidem
3060 4152 3337 4220 gentilium
3390 4163 3541 4208 vates

1937 4246 2099 4316 impie
2119 4244 2283 4300 occisi
2308 4244 2555 4309 fuissent,
2583 4244 2840 4316 numquid
2866 4243 2941 4306 hi,
2964 4244 3017 4297 in
3040 4244 3234 4313 quibus
3254 4244 3386 4300 deos
3408 4259 3536 4301 suos

1932 4340 2142 4395 locutos
2170 4354 2292 4395 esse
2320 4339 2747 4406 arbitrabantur,
2778 4354 2873 4393 sua
2905 4349 3123 4409 propter
3149 4339 3356 4394 scelera
3383 4340 3534 4395 occi-

1932 4448 2022 4489 sos
2043 4434 2318 4489 dicerent?
2343 4429 2610 4487 Caeterum
2633 4445 2779 4485 mors
2799 4428 3021 4497 Christi,
3044 4431 3215 4501 pergit
3241 4431 3532 4499 Arnobius,

1934 4527 2000 4580 ad
2028 4527 2217 4596 sumpti
2258 4524 2479 4579 hominis
2523 4524 2653 4593 fuit,
2686 4541 2788 4578 non
2819 4524 3019 4594 ipsius;
3050 4525 3349 4595 gestaminis
3368 4567 3383 4590 ,
3432 4541 3533 4579 non

1934 4620 2195 4692 gestantis.
2224 4618 2386 4674 Addit
2412 4632 2543 4672 vero
2577 4632 2699 4672 cum
2739 4617 2998 4671 altissima
3027 4626 3245 4686 propter
3275 4618 3532 4688 mysteria

1933 4723 2126 4783 Sponte
2165 4727 2259 4765 sua
2304 4722 2615 4778 mortuum;
2648 4710 3083 4781 quandoquidem
3128 4710 3232 4775 illi,
3260 4726 3426 4780 aquo
3454 4718 3534 4765 tot

1931 4805 2067 4859 facta
2111 4805 2324 4859 fuerant
2370 4802 2658 4869 miracula,
2710 4802 2889 4858 nullus
2935 4802 3019 4858 vel
3063 4801 3336 4857 minimam
3382 4801 3526 4869 vim,

1932 4898 2101 4953 multo
2126 4899 2303 4952 minus
2328 4897 2593 4952 violentas
2621 4911 2811 4951 manus
2836 4896 3050 4951 adferre
3072 4911 3301 4966 unquam
3332 4896 3528 4965 potuit.

1930 4991 2177 5047 Christus
2209 4993 2385 5060 itaque
2414 4990 2481 5044 ad
2512 4990 2786 5045 sanandos
2816 4989 3253 5059 erudiendosque
3283 4989 3531 5045 homines

1932 5091 2077 5138 tanta
2106 5083 2344 5149 lenitate,
2379 5094 2576 5154 quanta
2619 5083 2864 5139 libertate
2894 5097 3082 5154 passus
3113 5092 3196 5137 est
3224 5098 3283 5139 se
3324 5084 3392 5138 ab
3424 5084 3527 5139 im-

1931 5177 2033 5248 piis
2059 5176 2249 5233 occidi.

2000 5271 2335 5342 Quapropter
2361 5271 2630 5327 Arnobius
2658 5270 2855 5325 acriter
2882 5270 3103 5341 corripit
3128 5270 3404 5336 ethnicos,
3436 5272 3530 5341 qui

1928 5366 2145 5420 tametsi
2173 5365 2412 5438 tyrannis
2454 5366 2601 5419 omni
2646 5364 2940 5433 impietatis
2974 5379 3037 5419 ac
3077 5364 3302 5420 sceleris
3325 5376 3531 5434 genere

1930 5461 2307 5518 contaminatis
2335 5461 2547 5516 divinos
2576 5459 2857 5516 deferrent
2885 5459 3152 5526 honores,
3183 5468 3239 5515 et
3267 5458 3527 5513 librorum

1928 5557 2267 5613 satiricorum
2319 5566 2567 5611 auctores
2611 5554 2841 5609 summis
2884 5554 3128 5608 laudibus
3169 5551 3524 5618 extollerent,

1930 5652 2301 5720 donarentque
2348 5652 2572 5713 statuis;
2607 5650 2782 5705 solum
2826 5647 3172 5701 nihilominus
3214 5644 3527 5712 Christum,

1930 5761 2109 5800 rerum
2150 5745 2500 5798 maximarum
2544 5758 2606 5798 ac
2647 5742 2878 5795 maxime
2921 5738 3232 5794 salutarium
3282 5738 3528 5792 nuntium

1932 5836 2265 5906 iniquissimo
2310 5841 2470 5902 atque
2509 5832 2831 5902 implacabili
2874 5829 2999 5885 odio
3042 5828 3524 5899 persequebantur.

1928 5926 2068 5996 Quid
2096 5929 2239 5984 enim
2270 5926 2506 5997 iniquius
2534 5936 2588 5981 et
2615 5925 2906 5991 crudelius,
2934 5936 3096 5993 quam
3125 5920 3383 5978 virtutum
3410 5935 3529 5978 om-
