3918 6350
349 419 444 474 371

1600 417 2049 475 DISSERTATIO
2090 419 2366 478 Pii/EVM

3536 424 3638 478 372

342 537 490 591 nium
521 535 833 600 dominum,
865 538 1158 608 mortisque
1197 539 1551 595 extinctorem
1598 540 1739 595 bello
1780 555 1932 595 acer-
1965 569 2014 628 Α
2040 541 2119 592 vis
2158 543 2319 596 homo
2359 545 2465 599 veri
2508 545 2706 614 aliquid
2748 562 3131 619 nonnunquam
3164 549 3628 618 pronuntiaverit.

339 629 566 685 hissimo
595 645 810 700 semper
846 631 1118 688 lacessere
1139 675 1154 698 ,
1184 635 1273 702 qui
1307 635 1563 703 permissa
1604 645 1777 689 morte
1806 649 1897 689 sua
1919 678 1932 702 ,

344 731 546 776 certam
581 722 646 777 de
679 722 851 777 futura
893 723 1192 778 animarum
1223 735 1523 780 nostrarutn
1554 726 1747 791 salute,
1781 729 1822 780 si
1851 727 1936 795 pie

333 814 653 884 vixerimus,
677 830 827 886 spem
849 819 1099 873 omnibus
1125 817 1246 872 fecit
1273 817 1294 852 ν

951 957 1243 998 Ακτιουωε
1284 959 1339 994 ll.

838 1053 1058 1117 Analysis
1079 1055 1196 1104 libri
1219 1057 1440 1107 secundi.

416 1176 585 1233 Petita
611 1193 640 1233 a
671 1181 945 1249 proposito
976 1195 1262 1250 parumper
1291 1181 1601 1242 discedendi
1633 1191 1804 1251 venia,
1841 1191 1938 1244 Ar-

344 1273 537 1327 nobius
563 1273 630 1327 ab
659 1273 890 1330 ethnicis
933 1276 1154 1346 inquirit
1193 1294 1293 1348 qtta
1334 1281 1400 1334 de
1442 1297 1601 1335 causa
1633 1283 1936 1349 Christum,

342 1364 539 1418 nullius
583 1365 632 1418 in
665 1381 759 1420 eos
805 1369 1004 1436 peccati
1048 1386 1232 1437 reum,
1273 1373 1342 1426 ita
1368 1373 1612 1442 oderint,
1664 1385 1717 1428 ut
1760 1377 1939 1430 audito

342 1467 550 1512 tantum
586 1459 727 1514 illius
754 1463 1000 1530 nomine,
1035 1465 1108 1518 ira
1144 1468 1386 1535 protinus
1429 1471 1839 1525 excandescant.
1872 1472 1940 1526 At

344 1556 435 1611 ille
463 1571 594 1611 sane
635 1558 847 1613 etiamsi
875 1561 960 1615 cui
1002 1560 1274 1625 credatur,
1303 1563 1494 1634 dignus
1525 1581 1628 1618 non
1661 1576 1840 1629 esset;
1874 1584 1939 1620 eo

347 1659 524 1705 tamen
553 1653 668 1719 ipso
691 1668 793 1707 non
819 1652 1227 1722 adspernandus
1247 1667 1383 1717 erat,
1406 1658 1544 1726 quod
1569 1660 1775 1712 cunctis
1799 1660 1938 1712 viam

345 1742 412 1795 ad
457 1743 653 1797 coelum
695 1753 747 1797 ct
791 1745 999 1798 beatam
1043 1745 1495 1802 immortalitatem
1541 1753 1936 1804 monstraverit.

348 1836 763 1906 Respondebant
808 1841 1034 1908 gentiles
1083 1842 1226 1895 illum
1265 1857 1473 1896 summo
1517 1845 1616 1899 sibi
1661 1854 1941 1915 pmpterea

344 1943 466 1984 esse
495 1929 618 1982 odio
639 1972 653 1994 ,
683 1933 804 2000 quia
834 1947 1048 1990 omnem
1091 1935 1312 1989 deorum
1345 1937 1546 1992 cultum
1569 1980 1582 2003 ,
1617 1954 1944 2010 omnemque

348 2020 611 2089 majorum
661 2038 877 2076 suorum
929 2025 1240 2095 religionem
1292 2037 1402 2082 toto
1452 2029 1657 2096 expulit
1704 2032 1770 2084 ab
1815 2034 1944 2086 orbe

349 2121 633 2166 terrarum.
667 2113 896 2183 Ergone.
923 2118 995 2169 ait
1020 2119 1311 2183 Arnobius,
1342 2121 1537 2190 impius
1567 2133 1651 2177 est
1675 2121 1940 2189 Christus,

350 2205 439 2274 qui
484 2204 645 2274 impia
678 2209 936 2278 religione
975 2225 1198 2277 eversa,
1241 2229 1426 2268 veram
1464 2216 1696 2282 induxit,
1744 2232 1944 2288 llOSqllc

347 2298 532 2354 docuit
559 2301 735 2355 solum
766 2319 948 2358 verum
978 2306 1144 2361 Deum
1177 2323 1296 2364 esse
1323 2309 1631 2376 colendum,
1661 2328 1820 2380 quem
1852 2313 1946 2367 bo-

348 2407 542 2446 norum
569 2395 806 2448 omnium
829 2395 1052 2464 fontem,
1080 2414 1142 2454 ac
1167 2413 1356 2455 cuncta
1379 2417 1617 2470 creasse,
1642 2415 1801 2474 atque
1826 2407 1943 2461 ideo

348 2501 535 2541 revera
560 2490 822 2544 exsistere
855 2493 1170 2547 naturaliter
1198 2496 1400 2549 scimus
1438 2506 1493 2550 et
1523 2497 1907 2553 testiﬁcamur?

419 2578 555 2633 Tum
585 2580 743 2634 dilata
770 2581 820 2635 in
851 2583 999 2637 aliud
1027 2597 1239 2654 tempus
1269 2585 1337 2641 de
1363 2588 1526 2642 variis
1552 2591 1832 2658 gentilium
1854 2606 1946 2646 suo

349 2674 760 2742 perstitionibus
785 2676 1170 2747 disputatione,
1197 2683 1433 2736 ostendit
1457 2683 1702 2740 ethnicos
1726 2700 1945 2754 prorsus

353 2765 623 2819 immerito
654 2766 852 2821 ChriSIi
882 2768 1038 2824 dictis
1067 2788 1170 2825 non
1213 2772 1471 2838 credere,
1506 2775 1942 2846 quandoquidem

352 2873 444 2924 ea,
487 2874 606 2929 qua:
637 2861 947 2930 pollicetur,
983 2879 1043 2917 se
1080 2880 1313 2933 unquam
1357 2867 1530 2937 reipsa
1563 2869 1812 2923 daturum
1847 2886 1946 2925 nos

352 2965 461 3003 non
501 2951 790 3006 convincit.
828 2953 896 3007 At
931 2954 976 3007 si
1007 2955 1186 3020 nulla,
1232 2957 1402 3026 inquit
1445 2957 1746 3027 Arnobius,
1780 2962 1944 3029 possit

353 3042 550 3097 adl‘erri
595 3044 895 3099 futurorum
937 3058 1085 3101 certa
1125 3049 1522 3116 comprobatio,
1560 3067 1736 3106 nonne
1778 3054 1949 3109 satius

354 3146 439 3191 e~t
467 3136 547 3191 his
580 3139 668 3206 qui
696 3154 843 3208 spnm
878 3140 1007 3194 dant
1032 3141 1287 3209 aliquam,
1323 3143 1497 3210 potius
1525 3160 1680 3213 quam
1714 3146 1831 3199 aliis
1859 3146 1949 3217 qui

2043 645 2095 688 et
2124 635 2227 689 hoc
2258 637 2429 706 ipsum
2464 653 2559 706 pro
2584 649 2732 692 certo
2759 641 2936 695 adhuc
2963 657 3068 696 non
3099 642 3279 696 habet.

2117 725 2269 780 Nulla
2293 728 2448 796 igitur
2471 729 2674 784 ratione
2709 732 2944 786 aliisoon
2975 733 3245 788 doctiores
3264 734 3464 788 ethnici
3497 734 3640 789 chri-

2044 816 2248 870 stianos
2277 818 2458 873 divino
2487 822 2741 890 magistro
2782 840 2879 877 suo
2927 825 3208 879 credentes
3243 827 3638 894 vituperabant.

2044 909 2168 966 Sine
2201 913 2392 979 przevia
2423 914 2683 984 siquidem
2717 915 2819 971 [ide
2852 918 3054 972 nullutn
3089 916 3333 987 profecto
3365 919 3638 985 negotium

2043 1021 2070 1057 a
2103 1006 2584 1074 peregrinantibus,
2611 1011 3005 1079 navigantibus,
3031 1013 3300 1082 agricolis,
3325 1013 3637 1080 suscipitur.

2044 1095 2167 1149 Sine
2195 1097 2297 1152 lide
2329 1100 2491 1152 etiam
2516 1101 2692 1154 nullus
2722 1103 2973 1172 cnnjugio
2999 1105 3262 1174 pingitur,
3294 1103 3470 1158 nullus
3496 1119 3641 1173 :rger

2042 1193 2268 1245 accersit
2297 1193 2584 1260 medicum,
2616 1195 2697 1248 vel
2723 1197 2877 1251 miles
2914 1198 3110 1250 bellum
3149 1198 3304 1267 gerit,
3330 1198 3412 1252 vel
3445 1199 3640 1268 magis-

2043 1289 2181 1336 trum
2215 1284 2360 1336 audit
2388 1286 2702 1353 discipulus,
2737 1303 2909 1356 neque
2942 1289 3080 1341 ullos
3107 1289 3323 1357 gentilis
3349 1289 3480 1343 deos
3513 1305 3640 1342 suos

2043 1375 2274 1429 invocat.
2315 1379 2451 1442 Quin
2495 1381 2653 1444 etiam
2693 1380 2923 1449 gentiles
2959 1381 3303 1448 Opinionibus
3344 1382 3638 1435 credebant

2044 1467 2513 1536 philosophorum,
2548 1471 2637 1539 qui
2665 1471 2731 1526 de
2771 1475 2957 1540 primis
3003 1484 3179 1526 tamen
3224 1489 3401 1527 rerum
3435 1474 3638 1543 princi-

2046 1561 2164 1629 piis,
2192 1563 2416 1631 aliisque
2447 1565 2511 1616 de
2539 1564 2700 1617 rebus
2729 1565 2862 1618 nihil
2889 1568 3022 1620 certi
3053 1566 3423 1635 evploratique
3453 1564 3638 1634 profe-

2045 1662 2204 1718 runt,
2240 1669 2301 1706 ac
2335 1670 2549 1723 semper
2593 1657 2734 1710 inter
2773 1673 2830 1710 se
2861 1658 3238 1725 digladiantur.
3284 1657 3471 1710 NOune
3513 1673 3642 1722 ergo

2045 1745 2278 1810 Christo,
2313 1749 2401 1817 qui
2432 1750 2592 1803 tantis
2621 1751 2894 1805 miraculis
2925 1751 3225 1804 doclt‘itlam
3256 1765 3406 1804 Suam
3438 1751 3643 1804 stabili-

2050 1840 2145 1903 vit,
2176 1840 2380 1909 a-quins
2412 1852 2495 1896 e5t
2519 1843 2776 1908 credere,
2818 1858 2976 1912 quam
3012 1843 3239 1906 Platoni,
3270 1841 3504 1906 Cronio,
3538 1841 3648 1896 Nu-

2050 1933 2254 1998 menio,
2297 1944 2388 1986 aut
2424 1934 2542 1987 aliis
2571 1937 2984 2002 quaintumlibet
3015 1939 3084 1989 ob
3119 1950 3328 1989 morum
3369 1937 3648 2004 integrita-

2049 2033 2176 2088 tem,
2204 2035 2365 2092 atque
2390 2025 2732 2095 eloquentiae,
2763 2028 2970 2096 logical,
2993 2028 3368 2093 aritlnneticte,
3402 2028 3642 2092 musica‘,

2047 2116 2386 2184 geometriae,
2433 2118 2709 2172 scientiam
2741 2118 3041 2183 laudandis,
3073 2122 3160 2189 qui
3205 2121 3335 2173 nihil
3366 2120 3450 2172 vel
3487 2120 3650 2173 titini-

2050 2224 2194 2261 mum
2239 2208 2364 2278 quid
2410 2209 2492 2262 his
2535 2211 2710 2265 simile
2742 2211 2919 2266 lacere
2951 2227 3184 2281 unquam
3231 2213 3550 2287 rsoluerunt?
3584 2214 3652 2267 lit

2049 2309 2192 2353 certe
2224 2300 2266 2353 si
2308 2297 2552 2356 Christus
2595 2303 2842 2357 humanis
2885 2314 3086 2358 tantum
3118 2304 3344 2372 argutiis
3389 2315 3442 2359 et
3484 2320 3646 2374 argu-

2051 2393 2241 2446 mentis
2277 2409 2403 2447 usus
2425 2393 2633 2457 fuisset,
2669 2410 2856 2450 omnes
2879 2397 2927 2450 ei
2953 2407 3240 2466 negassent
3264 2397 3447 2462 fidem,
3481 2413 3642 2468 quam

2049 2483 2175 2536 dare
2206 2486 2375 2538 coacti
2416 2495 2541 2538 sunt
2582 2487 2649 2540 ob
2675 2487 2819 2540 edita
2851 2488 2917 2541 ab
2959 2487 3075 2556 ipso
3105 2489 3327 2558 ejusque
3368 2488 3652 2558 discipulis

2050 2577 2303 2630 miracula
2332 2577 2468 2645 apud
2499 2575 2683 2643 ludos,
2717 2579 2898 2645 Seras,
2931 2579 3144 2646 Persas,
3177 2580 3383 2647 Medos,
3414 2581 3647 2648 Arabas,

2052 2667 2356 2740 Egyptios,
2387 2668 2623 2735 Galatas,
2654 2671 2899 2734 Parthos,
2930 2672 3188 2742 Phrygas,
3223 2682 3386 2742 atque
3415 2674 3464 2727 in
3494 2673 3646 2736 Asia,

2047 2761 2219 2832 Syria,
2239 2761 2460 2824 Achaia,
2492 2763 2820 2827 Macedonia,
2847 2765 3027 2834 Epiro,
3060 2776 3114 2819 et
3143 2765 3342 2834 ubique
3372 2767 3422 2818 in
3445 2765 3643 2820 Orien-

2053 2866 2103 2908 te
2147 2866 2197 2909 et
2244 2856 2568 2920 Occidente,
2604 2873 2666 2911 ac
2700 2859 3034 2928 potissimum
3066 2859 3286 2925 Romae,
3326 2860 3415 2914 ubi
3458 2861 3646 2914 Sitnon

2053 2962 2237 3017 magus
2268 2964 2294 2999 a
2328 2949 2485 3002 Petro
2514 2965 2576 3003 ex
2611 2951 2826 3004 sublimi
2857 2967 2983 3006 aere
3023 2951 3262 3021 dejectus
3284 2994 3297 3018 ,
3342 2953 3392 3006 in
3445 2964 3647 3008 terram

2053 3041 2233 3096 fracti;
2261 3044 2505 3096 cruribu<
2538 3044 2899 3112 prwcipitatns
2932 3056 3033 3097 cst.

2127 3135 2265 3204 Quid
2289 3137 2479 3206 plura?
2509 3136 2623 3190 Non
2659 3140 2894 3191 vexanda
2921 3148 3084 3203 certe,
3117 3138 3209 3193 sed
3243 3141 3362 3192 ideo
3385 3139 3651 3194 laudanda

355 3233 558 3286 "uuam
584 3234 844 3301 pmbem’
873 3235 1139 3287 “cdere?
1182 3235 1314 3288 Tum
1347 3237 1539 3291 (ιι-ιιίηε
1562 3240 1797 3292 "summ
1829 3215 1948 3310 pl,“
1977 3215 2020 3276 C
2056 3239 2171 3280 erat
2201 3229 2267 3281 ab
2297 3229 2526 3282 ethnicis
2558 3229 2970 3283 Christianorum
3004 3230 3171 3290 lidcs;
3202 3232 3320 3300 quia
3355 3231 3459 3284 illis
3499 3247 3652 3285 com-

354 3327 489 3378 rima
514 3325 670 3380 nobis
693 3337 981 3396 suppetere
1007 3343 1215 3391 eorum,
1248 3345 1368 3397 qua:
1397 3329 1644 3383 Christus
1678 3335 1961 3400 promisit,

358 3418 500 3472 haud
535 3435 755 3488 prorsus
784 3421 981 3474 incerta
999 3422 1387 3489 promissorum
1417 3437 1750 3491 argumenta.
1771 3427 1951 3482 Primo

352 3513 498 3566 cnim
537 3512 682 3566 illius
721 3513 966 3566 doctrina
1016 3523 1069 3566 et
1105 3514 1293 3582 religio
1332 3530 1428 3584 per
1485 3517 1763 3572 universas
1808 3521 1953 3573 orbis

352 3616 514 3661 terra:
547 3616 745 3675 partes,
774 3616 931 3676 atque
962 3607 1122 3663 etiam
1157 3607 1294 3675 apud
1321 3616 1504 3676 gentes
1541 3613 1708 3678 magis
1757 3612 1952 3666 barba-

357 3714 467 3765 ras,
499 3698 948 3769 quemadmodum
993 3699 1083 3752 ille
1113 3701 1468 3767 promiserat,
1503 3701 1651 3757 brevi
1697 3707 1955 3774 temporis

358 3792 534 3861 spatio
559 3790 655 3844 l‘uit
677 3790 1042 3844 disseminata.
1075 3790 1274 3845 Deinde
1307 3809 1434 3846 vero
1470 3798 1808 3854 quantumvis
1840 3797 1954 3853 ha-c

359 3882 606 3937 doctrina
650 3883 782 3935 dura
829 3890 883 3936 et
926 3897 1112 3950 aspera
1163 3883 1428 3944 videatur.
1462 3886 1604 3941 illam
1633 3899 1807 3944 tamen
1840 3909 1952 3945 ma-

361 3990 466 4045 gno
488 3974 706 4044 ingenio
737 3973 942 4043 prtediti
971 3983 1235 4040 oratores,
1265 3979 1597 4044 grammatici
1627 4022 1641 4046 ,
1675 3985 1949 4045 rhetores,

356 4070 749 4140 iurisconsulti,
802 4069 1019 4135 medici,
1053 4069 1357 4140 philos0phi
1396 4075 1736 4141 expetebant.
1772 4077 1955 4133 Tertio

353 4165 503 4219 illius
531 4172 832 4218 sectatores
877 4162 1037 4216 nullis
1069 4163 1226 4232 plane
1255 4165 1581 4234 quibuslibet
1625 4171 1902 4240 suppliciis
1937 4215 1952 4238 ,

359 4257 522 4312 etiam
551 4257 906 4326 gravissimis,
951 4255 1016 4310 ad
1060 4270 1177 4310 eam
1210 4257 1582 4328 deponendam
1627 4277 1732 4316 non
1784 4266 1953 4318 solum

361 4352 479 4421 cogi
513 4358 805 4420 potuerunt
831 4367 844 4401 :
879 4349 972 4404 sed
1002 4349 1064 4404 iis
1088 4364 1302 4419 quoque
1331 4353 1502 4406 erevit
1529 4368 1744 4423 semper
1770 4370 1954 4410 eorum

361 4457 638 4498 ntnnerus.
673 4443 741 4495 At
763 4443 878 4495 lucc
905 4442 1052 4512 prius
1075 4460 1100 4494 a
1131 4443 1352 4498 Christo
1377 4445 1639 4514 promissa
1670 4462 1791 4501 cum
1829 4464 1955 4504 eve-

363 4539 562 4605 nerint,
591 4537 658 4592 de
681 4537 909 4591 aliorum
933 4552 1145 4607 quoque
1166 4539 1234 4592 ab
1255 4554 1319 4594 eo
1349 4539 1738 4608 promissorum
1762 4551 1956 4598 eventu

363 4633 644 4688 dubitandi
676 4633 818 4686 nulla
847 4633 986 4687 ratio
1013 4643 1116 4688 est.

433 4729 619 4799 Neque
649 4743 810 4798 porro
851 4736 930 4781 tot
961 4726 1204 4782 homines
1235 4743 1332 4796 per
1361 4737 1521 4783 totam
1557 4739 1757 4784 terram
1788 4730 1960 4786 chris-

365 4825 508 4878 tiana
537 4822 801 4892 religione
835 4820 1052 4885 initiati,
1087 4819 1206 4874 aliis
1237 4821 1432 4888 obtusi,
1469 4822 1712 4887 hebetes,
1743 4839 1806 4878 ac
1834 4824 1960 4879 fatui

364 4918 537 4972 videri
574 4926 845 4986 poterant,
887 4915 986 4968 nisi
1016 4913 1066 4967 hi
1103 4929 1160 4968 se
1190 4915 1333 4968 solos
1365 4917 1625 4985 sapiemia
1655 4925 1708 4970 et
1737 4918 1960 4972 scicntia

369 5009 626 5081 przrditos
648 5008 978 5076 jactitarent.
1007 5005 1111 5060 Sed
1142 5006 1309 5075 quali,
1343 5008 1508 5076 inquit
1535 5019 1722 5064 auctor
1752 5019 1957 5077 noster,

366 5102 629 5174 sapientia
653 5110 708 5155 et
739 5101 999 5155 scientia?
1020 5099 1156 5154 Num
1187 5105 1552 5171 grammatica.
1586 5105 1813 5172 poetica,
1839 5107 1960 5162 rhe-

361 5201 553 5263 torica,
587 5197 758 5265 logica
794 5205 845 5250 et
873 5194 1189 5248 dialectica?
1221 5196 1285 5248 At
1317 5211 1474 5265 quam
1503 5213 1632 5250 vana
1665 5198 1734 5252 sit
1769 5199 1956 5255 harum

367 5291 768 5361 disciplinarum
817 5289 1108 5342 ostentatio
1160 5288 1282 5343 inde
1341 5299 1518 5358 patet,
1569 5291 1710 5362 quod
1760 5310 1856 5362 per
1900 5312 1958 5352 se

363 5384 530 5439 homo
567 5383 710 5437 scire
754 5389 986 5451 nequeat
1021 5397 1139 5451 qua:
1179 5381 1384 5448 divina,
1417 5383 1500 5437 vel
1541 5385 1764 5440 obscura
1811 5399 1954 5455 sunt,

363 5491 466 5531 nec
495 5475 619 5546 quid
657 5474 772 5544 ipse
808 5474 909 5539 sit,
945 5482 1001 5527 ut
1038 5475 1112 5528 ait
1151 5473 1422 5540 Socrates,
1466 5491 1564 5531 nec
1605 5478 1775 5545 unde,
1809 5481 1895 5536 vel
1925 5497 1952 5534 a

363 5583 503 5638 quo,
547 5576 600 5620 et
643 5582 744 5635 qua
787 5565 854 5620 de
899 5581 1060 5622 causa
1103 5577 1348 5633 creatus,
1381 5582 1478 5622 cur
1505 5577 1578 5622 tot
1625 5573 1875 5626 aerumnis
1901 5583 1955 5628 et

366 5660 525 5714 malls
571 5659 932 5728 opprimatur,
969 5659 1094 5731 quid
1127 5661 1180 5715 in
1221 5660 1445 5716 somniis
1475 5671 1616 5732 agat,
1657 5677 1774 5728 qua:
1805 5680 1953 5718 som-

365 5757 510 5810 nium
543 5755 682 5808 inter
707 5764 762 5809 et
791 5755 999 5823 vigilias
1029 5756 1350 5822 dinei-entia,
1388 5756 1660 5826 quomodo
1685 5756 1773 5810 ﬁat
1801 5759 1955 5826 visio,

365 5858 456 5902 aut
494 5849 779 5915 odoratus,
810 5863 908 5903 cur
939 5848 1149 5904 animus
1177 5829 1277 5915 etsi
1315 5849 1634 5905 immortalis
1677 5848 1730 5903 in
1779 5850 1955 5906 inlan-

380 5939 523 5994 tibus
544 5939 790 6010 stolidus,
815 5941 867 5994 in
890 5941 1111 5998 senibus
1139 5941 1210 5998 sit
1223 5941 1487 6014 defessus.
1513 5941 1753 6013 Denique
1776 5957 1960 6013 quam-

2058 3335 2246 3374 innncs
2273 3331 2425 3374 erant
2454 3338 2574 3375 cum
2605 3323 3043 3392 philosophorum
3072 3323 3374 3396 coryplmi5
3414 3324 3479 3378 de
3515 3324 3650 3382 Deo.

2054 3414 2121 3467 de
2152 3430 2437 3482 corporum
2472 3417 2888 3481 resurrectione,
2923 3417 2990 3470 de
3036 3419 3209 3472 salute
3240 3420 3563 3482 animarum,
3597 3429 3656 3472 et

2058 3507 2248 3560 futuris
2295 3509 2574 3576 impiorum
2623 3512 2799 3578 pteais
2843 3511 3154 3566 sententiae.
3197 3511 3438 3580 quamvis
3469 3511 3656 3566 abhis

2062 3602 2215 3652 aliter
2257 3609 2415 3666 atque
2445 3617 2473 3654 a
2506 3601 2810 3654 Christianis
2842 3603 3201 3671 explicentur.
3236 3608 3405 3672 Atque
3439 3605 3507 3656 tbi
3553 3607 3658 3657 Ar-

2062 3693 2252 3746 nobius
2281 3694 2530 3748 edisserit
2561 3698 2714 3762 cujus
2749 3705 2951 3750 naturae
2997 3707 3174 3750 nostra
3207 3697 3273 3749 sit
3303 3699 3512 3762 anima,
3547 3717 3658 3766 quo

2060 3802 2122 3840 ex
2154 3787 2298 3839 lotite
2329 3788 2572 3856 prodeat,
2606 3799 2654 3839 et
2688 3804 2785 3841 cur
2815 3789 2976 3843 variis
3006 3788 3287 3843 affectibus
3315 3800 3369 3845 et
3394 3789 3534 3843 vitiis
3565 3790 3660 3844 liat

2058 3878 2309 3931 obnoxia.

2130 3969 2265 4022 Tum
2321 3968 2517 4023 deinde
2561 3970 2775 4024 illorum
2830 3971 3072 4026 retundit
3121 3973 3521 4043 arrogantiam,
3564 3979 3661 4046 qui

2062 4070 2297 4115 nostram
2327 4063 2558 4114 animam
2588 4063 2828 4131 ejusdem
2853 4080 2972 4119 cum
3009 4065 3117 4119 Deo
3152 4076 3304 4135 patre
3337 4068 3663 4123 immortali-

2065 4155 2187 4207 tatis
2228 4163 2281 4208 et
2327 4165 2533 4208 naturae
2574 4157 2890 4224 participem
2925 4173 3044 4211 esse
3081 4158 3380 4213 insolenter
3410 4162 3660 4214 vendita-

2063 4248 2210 4302 bant.
2243 4249 2417 4303 Simili
2459 4249 2656 4318 quippe
2686 4260 2845 4320 atque
2887 4253 3138 4305 animalia
3169 4253 3329 4307 modo
3361 4256 3662 4322 nascimur,

2065 4344 2316 4407 vivimus,
2342 4358 2405 4397 ac
2434 4343 2634 4396 morbis
2663 4355 2717 4398 et
2747 4357 3027 4399 senectute
3052 4348 3333 4400 solvimur.
3369 4348 3480 4402 lluc
3507 4364 3666 4402 acce-

2062 4435 2140 4490 dit
2167 4435 2306 4506 quod
2339 4436 2580 4491 nonnulli
2611 4437 2821 4492 animas
2859 4439 3226 4507 improborum
3274 4448 3396 4510 post
3426 4452 3662 4498 mortem

2064 4530 2114 4583 in
2149 4531 2410 4601 pecudum
2444 4547 2669 4601 corpora
2702 4536 2935 4602 migrare
2961 4535 3166 4603 Opinati
3199 4546 3342 4590 sunt.

2150 4583 2169 4601 τ
2228 4583 2239 4584 ,
2778 4583 2888 4602 οη.
2913 4583 2932 4587 -
2968 4583 3166 4603 Ἴων-

1983 4583 2036 4642 D
2139 4623 2203 4676 At
2229 4623 2409 4678 divina
2439 4635 2542 4691 est,
2580 4625 2919 4695 inquiebant,
2951 4629 3132 4681 anima
3163 4627 3421 4691 hominis,
3450 4632 3542 4699 qui
3576 4648 3664 4686 ra-

2068 4719 2213 4772 tione
2257 4722 2468 4774 caiteris
2501 4730 2713 4788 prrestat
2756 4721 3100 4776 animalibus.
3149 4723 3363 4792 ()ptime
3403 4725 3660 4793 quidem,

2067 4813 2142 4866 ait
2169 4813 2468 4877 Arnobius,
2500 4820 2543 4867 si
2576 4814 2738 4869 homo
2772 4816 2872 4868 hac
2903 4830 2995 4868 sua
3039 4816 3250 4870 ratione
3279 4817 3413 4873 bene
3444 4835 3664 4888 semper

2068 4915 2328 4959 uteretur.
2376 4905 2482 4960 Sed
2523 4907 2608 4959 ubi
2637 4918 2751 4970 est,
2787 4908 3036 4962 humana:
3067 4908 3263 4964 anima:
3307 4916 3664 4980 praistantia?

2065 4996 2332 5068 Numquid
2385 4999 2507 5068 quia
2567 4999 2813 5053 homines
2866 5012 2919 5054 et
2971 5001 3162 5056 domos
3209 5012 3263 5057 et
3315 5004 3481 5058 urbes
3529 5022 3668 5061 con-

2067 5094 2320 5147 struunt?
2350 5093 2415 5147 At
2449 5095 2491 5146 si
2524 5095 2826 5150 animantes
2861 5096 3124 5151 haberent
3155 5100 3352 5153 artium
3384 5103 3663 5159 ministras

2068 5200 2278 5249 tnanus,
2317 5199 2536 5254 possent
2567 5189 2746 5256 utique
2771 5188 2961 5241 similia
2988 5189 3213 5244 aedilicia
3247 5202 3550 5249 exstruere.
3585 5198 3666 5252 Ab

2072 5280 2134 5334 iis
2163 5281 2426 5350 siquidem
2459 5281 2562 5335 alia
2596 5283 2758 5344 liunt,
2789 5299 2907 5352 qu;c
2943 5299 3234 5353 numquam
3278 5285 3522 5344 homines
3551 5305 3667 5359 po—

2072 5386 2285 5431 tuerunt
2323 5377 2540 5430 ituitari.
2575 5375 2843 5442 Numquid
2878 5377 3066 5431 bestiis
3108 5378 3440 5432 antecellunt
3481 5381 3666 5438 homi-

2069 5483 2200 5534 nes,
2251 5471 2374 5538 quia
2423 5479 2627 5523 vestem
2668 5468 3096 5538 supellectilem,
3129 5469 3338 5540 aliaque
3381 5474 3506 5526 vita
3556 5474 3665 5529 ltu-

2065 5581 2239 5620 mana:
2279 5565 2484 5620 alenda:
2525 5567 2828 5621 necessaria
2871 5564 2970 5618 sibi
3013 5579 3205 5634 parare
3234 5567 3470 5620 norunt?
3500 5568 3570 5622 At
3598 5585 3665 5626 ea

2063 5659 2242 5713 omnia
2286 5674 2390 5711 non
2423 5659 2662 5713 scientiae
2693 5673 2949 5722 munera,
2983 5655 3076 5712 sed
3116 5671 3145 5710 a
3191 5659 3538 5728 pauperrima
3573 5662 3666 5716 in-

2065 5762 2227 5808 venta
2259 5761 2386 5806 sunt
2416 5753 2760 5808 necessitate.

2133 5843 2334 5900 Omnes
2367 5860 2528 5916 porro
2556 5859 2677 5900 curn
2709 5854 2855 5901 artes
2885 5845 3163 5901 hominum
3196 5846 3246 5901 ei
3295 5845 3538 5904 scientia:
3585 5849 3668 5904 la-

2071 5940 2203 5997 bore
2227 5951 2286 5997 et
2323 5941 2654 6010 experientia
2687 5948 2885 6009 partae,
2917 5939 3052 5996 nihil
3079 5939 3237 5996 valde
3265 5940 3569 5997 mirandum
3609 5943 3670 5998 in
