  <div class='ocr_page' id='page_1' title='image "/cluster/home/n/w/nwhite01/storage/ocr_20150623/5/uva.x000826532/216.png"; bbox 0 0 3918 6350; ppageno 0'>
   <div class='ocr_carea' id='block_1_1' title="bbox 228 414 321 470">
    <p class='ocr_par' dir='ltr' id='par_1_1' title="bbox 228 414 321 470">
     <span class='ocr_line' id='line_1_1' title="bbox 228 414 321 470; baseline 0 0"><span class='ocrx_word' id='word_1_1' title='bbox 228 414 321 470; x_wconf 77' lang='lat' dir='ltr'><strong>3T5</strong></span> 
     </span>
    </p>
   </div>
   <div class='ocr_carea' id='block_1_2' title="bbox 1497 410 2266 478">
    <p class='ocr_par' dir='ltr' id='par_1_2' title="bbox 1497 410 2266 478">
     <span class='ocr_line' id='line_1_2' title="bbox 1497 410 2266 478; baseline 0.001 -11"><span class='ocrx_word' id='word_1_2' title='bbox 1497 411 1564 468; x_wconf 81' lang='grc' dir='ltr'><strong>ΙΝ</strong></span> <span class='ocrx_word' id='word_1_3' title='bbox 1602 410 1987 478; x_wconf 73' lang='lat' dir='ltr'><strong>ARNOBIUM,</strong></span> <span class='ocrx_word' id='word_1_4' title='bbox 2028 410 2181 469; x_wconf 86' lang='lat' dir='ltr'><strong>CAP.</strong></span> <span class='ocrx_word' id='word_1_5' title='bbox 2221 413 2266 468; x_wconf 88' lang='lat' dir='ltr'><strong>l.</strong></span> 
     </span>
    </p>
   </div>
   <div class='ocr_carea' id='block_1_3' title="bbox 3419 414 3523 470">
    <p class='ocr_par' dir='ltr' id='par_1_3' title="bbox 3419 414 3523 470">
     <span class='ocr_line' id='line_1_3' title="bbox 3419 414 3523 470; baseline -0.01 0"><span class='ocrx_word' id='word_1_6' title='bbox 3419 414 3523 470; x_wconf 71' lang='grc'><strong>574</strong></span> 
     </span>
    </p>
   </div>
   <div class='ocr_carea' id='block_1_4' title="bbox 227 527 3520 606">
    <p class='ocr_par' dir='ltr' id='par_1_4' title="bbox 227 527 3520 606">
     <span class='ocr_line' id='line_1_4' title="bbox 227 527 3520 606; baseline -0.002 -19"><span class='ocrx_word' id='word_1_7' title='bbox 227 548 278 588; x_wconf 90' lang='lat' dir='ltr'><strong>se</strong></span> <span class='ocrx_word' id='word_1_8' title='bbox 307 531 571 599; x_wconf 88' lang='lat' dir='ltr'><strong>habeant,</strong></span> <span class='ocrx_word' id='word_1_9' title='bbox 623 545 726 587; x_wconf 88' lang='lat' dir='ltr'><strong>nec</strong></span> <span class='ocrx_word' id='word_1_10' title='bbox 770 546 963 587; x_wconf 84' lang='lat' dir='ltr'><strong>omnes</strong></span> <span class='ocrx_word' id='word_1_11' title='bbox 1001 531 1180 586; x_wconf 87' lang='lat' dir='ltr'><strong>omnia</strong></span> <span class='ocrx_word' id='word_1_12' title='bbox 1217 536 1587 602; x_wconf 87' lang='lat' dir='ltr'><strong>cognoscant.</strong></span> <span class='ocrx_word' id='word_1_13' title='bbox 1634 537 1811 594; x_wconf 89' lang='lat' dir='ltr'><strong>ratum</strong></span> <span class='ocrx_word' id='word_1_14' title='bbox 1840 529 1894 606; x_wconf 74' lang='grc' dir='ltr'>Α</span> <span class='ocrx_word' id='word_1_15' title='bbox 1921 527 2205 595; x_wconf 86' lang='lat' dir='ltr'><strong>obnoxius,</strong></span> <span class='ocrx_word' id='word_1_16' title='bbox 2239 528 2409 588; x_wconf 87' lang='lat' dir='ltr'><strong>nullas</strong></span> <span class='ocrx_word' id='word_1_17' title='bbox 2440 529 2734 587; x_wconf 79' lang='lat' dir='ltr'><strong>inferorum</strong></span> <span class='ocrx_word' id='word_1_18' title='bbox 2765 530 2957 599; x_wconf 65' lang='lat' dir='ltr'><strong>pinnas</strong></span> <span class='ocrx_word' id='word_1_19' title='bbox 2987 527 3356 600; x_wconf 88' lang='lat' dir='ltr'><strong>pertimescet,</strong></span> <span class='ocrx_word' id='word_1_20' title='bbox 3389 536 3443 583; x_wconf 90' lang='lat' dir='ltr'><strong>et</strong></span> <span class='ocrx_word' id='word_1_21' title='bbox 3465 527 3520 582; x_wconf 90' lang='lat' dir='ltr'><strong>in</strong></span> 
     </span>
    </p>
   </div>
   <div class='ocr_carea' id='block_1_5' title="bbox 230 622 1812 701">
    <p class='ocr_par' dir='ltr' id='par_1_5' title="bbox 230 622 1812 701">
     <span class='ocr_line' id='line_1_5' title="bbox 230 622 1812 701; baseline 0 -24"><span class='ocrx_word' id='word_1_22' title='bbox 230 623 454 694; x_wconf 87' lang='lat' dir='ltr'><strong>profecto</strong></span> <span class='ocrx_word' id='word_1_23' title='bbox 483 634 536 678; x_wconf 89' lang='lat' dir='ltr'><strong>et</strong></span> <span class='ocrx_word' id='word_1_24' title='bbox 569 622 734 679; x_wconf 80' lang='lat' dir='ltr'><strong>ﬁxum</strong></span> <span class='ocrx_word' id='word_1_25' title='bbox 767 639 892 680; x_wconf 85' lang='lat' dir='ltr'><strong>esse</strong></span> <span class='ocrx_word' id='word_1_26' title='bbox 917 624 1076 680; x_wconf 88' lang='lat' dir='ltr'><strong>debet</strong></span> <span class='ocrx_word' id='word_1_27' title='bbox 1107 624 1370 680; x_wconf 88' lang='lat' dir='ltr'><strong>humanas</strong></span> <span class='ocrx_word' id='word_1_28' title='bbox 1399 625 1610 680; x_wconf 85' lang='lat' dir='ltr'><strong>animas</strong></span> <span class='ocrx_word' id='word_1_29' title='bbox 1637 638 1812 701; x_wconf 89' lang='lat' dir='ltr'><strong>neque</strong></span> 
     </span>
    </p>
   </div>
   <div class='ocr_carea' id='block_1_6' title="bbox 227 713 1813 786">
    <p class='ocr_par' dir='ltr' id='par_1_6' title="bbox 227 713 1813 786">
     <span class='ocr_line' id='line_1_6' title="bbox 227 713 1813 786; baseline 0.001 -16"><span class='ocrx_word' id='word_1_30' title='bbox 227 713 439 780; x_wconf 83' lang='lat' dir='ltr'><strong>divinas,</strong></span> <span class='ocrx_word' id='word_1_31' title='bbox 470 730 646 786; x_wconf 91' lang='lat' dir='ltr'><strong>neque</strong></span> <span class='ocrx_word' id='word_1_32' title='bbox 673 716 829 774; x_wconf 86' lang='lat' dir='ltr'><strong>omni</strong></span> <span class='ocrx_word' id='word_1_33' title='bbox 855 717 1080 771; x_wconf 82' lang='lat' dir='ltr'><strong>scientia</strong></span> <span class='ocrx_word' id='word_1_34' title='bbox 1108 715 1350 772; x_wconf 89' lang='lat' dir='ltr'><strong>eruditas</strong></span> <span class='ocrx_word' id='word_1_35' title='bbox 1391 731 1456 771; x_wconf 84' lang='lat' dir='ltr'><strong>ex</strong></span> <span class='ocrx_word' id='word_1_36' title='bbox 1501 715 1640 770; x_wconf 88' lang='lat' dir='ltr'><strong>coelo</strong></span> <span class='ocrx_word' id='word_1_37' title='bbox 1671 718 1813 775; x_wconf 88' lang='lat' dir='ltr'><strong>hunc</strong></span> 
     </span>
    </p>
   </div>
   <div class='ocr_carea' id='block_1_7' title="bbox 229 807 1812 880">
    <p class='ocr_par' dir='ltr' id='par_1_7' title="bbox 229 807 1812 880">
     <span class='ocr_line' id='line_1_7' title="bbox 229 807 1812 880; baseline 0.001 -19"><span class='ocrx_word' id='word_1_38' title='bbox 229 807 488 862; x_wconf 82' lang='lat' dir='ltr'><strong>advolasse</strong></span> <span class='ocrx_word' id='word_1_39' title='bbox 537 809 590 862; x_wconf 90' lang='lat' dir='ltr'><strong>in</strong></span> <span class='ocrx_word' id='word_1_40' title='bbox 645 808 930 867; x_wconf 85' lang='lat' dir='ltr'><strong>mundum.</strong></span> <span class='ocrx_word' id='word_1_41' title='bbox 982 813 1157 880; x_wconf 84' lang='lat' dir='ltr'><strong>Atque</strong></span> <span class='ocrx_word' id='word_1_42' title='bbox 1197 809 1323 864; x_wconf 86' lang='lat' dir='ltr'><strong>inde</strong></span> <span class='ocrx_word' id='word_1_43' title='bbox 1355 810 1462 867; x_wconf 74' lang='lat' dir='ltr'><strong>ruit</strong></span> <span class='ocrx_word' id='word_1_44' title='bbox 1507 809 1648 867; x_wconf 87' lang='lat' dir='ltr'><strong>idem</strong></span> <span class='ocrx_word' id='word_1_45' title='bbox 1690 809 1812 863; x_wconf 88' lang='lat' dir='ltr'><strong>aliis</strong></span> 
     </span>
    </p>
   </div>
   <div class='ocr_carea' id='block_1_8' title="bbox 229 902 1810 970">
    <p class='ocr_par' dir='ltr' id='par_1_8' title="bbox 229 902 1810 970">
     <span class='ocr_line' id='line_1_8' title="bbox 229 902 1810 970; baseline 0 -16"><span class='ocrx_word' id='word_1_46' title='bbox 229 909 417 959; x_wconf 87' lang='lat' dir='ltr'><strong>tantum</strong></span> <span class='ocrx_word' id='word_1_47' title='bbox 460 902 646 960; x_wconf 85' lang='lat' dir='ltr'><strong>verbis</strong></span> <span class='ocrx_word' id='word_1_48' title='bbox 692 917 993 970; x_wconf 82' lang='lat' dir='ltr'><strong>expressus</strong></span> <span class='ocrx_word' id='word_1_49' title='bbox 1022 902 1263 962; x_wconf 75' lang='lat' dir='ltr'><strong>Platonis</strong></span> <span class='ocrx_word' id='word_1_50' title='bbox 1295 912 1354 962; x_wconf 85' lang='lat' dir='ltr'><strong>et</strong></span> <span class='ocrx_word' id='word_1_51' title='bbox 1397 902 1624 960; x_wconf 84' lang='lat' dir='ltr'><strong>aliorum</strong></span> <span class='ocrx_word' id='word_1_52' title='bbox 1673 916 1810 970; x_wconf 91' lang='lat' dir='ltr'><strong>quo-</strong></span> 
     </span>
    </p>
   </div>
   <div class='ocr_carea' id='block_1_9' title="bbox 226 993 1813 1064">
    <p class='ocr_par' dir='ltr' id='par_1_9' title="bbox 226 993 1813 1064">
     <span class='ocr_line' id='line_1_9' title="bbox 226 993 1813 1064; baseline -0.001 -16"><span class='ocrx_word' id='word_1_53' title='bbox 226 993 457 1048; x_wconf 88' lang='lat' dir='ltr'><strong>rumdam</strong></span> <span class='ocrx_word' id='word_1_54' title='bbox 506 993 958 1064; x_wconf 82' lang='lat' dir='ltr'><strong>philosophorum</strong></span> <span class='ocrx_word' id='word_1_55' title='bbox 1000 1009 1194 1058; x_wconf 82' lang='lat' dir='ltr'><strong>error,</strong></span> <span class='ocrx_word' id='word_1_56' title='bbox 1248 1009 1354 1064; x_wconf 89' lang='lat' dir='ltr'><strong>quo</strong></span> <span class='ocrx_word' id='word_1_57' title='bbox 1400 994 1813 1062; x_wconf 77' lang='lat' dir='ltr'><strong>somniaverunt</strong></span> 
     </span>
    </p>
   </div>
   <div class='ocr_carea' id='block_1_10' title="bbox 226 1086 1809 1158">
    <p class='ocr_par' dir='ltr' id='par_1_10' title="bbox 226 1086 1809 1158">
     <span class='ocr_line' id='line_1_10' title="bbox 226 1086 1809 1158; baseline 0.001 -18"><span class='ocrx_word' id='word_1_58' title='bbox 226 1086 490 1142; x_wconf 75' lang='lat' dir='ltr'><strong>scientiam</strong></span> <span class='ocrx_word' id='word_1_59' title='bbox 535 1102 659 1142; x_wconf 89' lang='lat' dir='ltr'><strong>esse</strong></span> <span class='ocrx_word' id='word_1_60' title='bbox 695 1103 876 1142; x_wconf 88' lang='lat' dir='ltr'><strong>rerum</strong></span> <span class='ocrx_word' id='word_1_61' title='bbox 911 1087 979 1142; x_wconf 89' lang='lat' dir='ltr'><strong>ab</strong></span> <span class='ocrx_word' id='word_1_62' title='bbox 1008 1087 1245 1151; x_wconf 88' lang='lat' dir='ltr'><strong>homine,</strong></span> <span class='ocrx_word' id='word_1_63' title='bbox 1279 1087 1588 1158; x_wconf 83' lang='lat' dir='ltr'><strong>priusquam</strong></span> <span class='ocrx_word' id='word_1_64' title='bbox 1616 1101 1809 1144; x_wconf 81' lang='lat' dir='ltr'><strong>nasce-</strong></span> 
     </span>
    </p>
   </div>
   <div class='ocr_carea' id='block_1_11' title="bbox 226 1178 1810 1248">
    <p class='ocr_par' dir='ltr' id='par_1_11' title="bbox 226 1178 1810 1248">
     <span class='ocr_line' id='line_1_11' title="bbox 226 1178 1810 1248; baseline -0.001 -16"><span class='ocrx_word' id='word_1_65' title='bbox 226 1189 393 1244; x_wconf 92' lang='lat' dir='ltr'><strong>retur,</strong></span> <span class='ocrx_word' id='word_1_66' title='bbox 421 1178 762 1248; x_wconf 79' lang='lat' dir='ltr'><strong>cognitarnm</strong></span> <span class='ocrx_word' id='word_1_67' title='bbox 795 1178 1250 1246; x_wconf 77' lang='lat' dir='ltr'><strong>recordationem.</strong></span> <span class='ocrx_word' id='word_1_68' title='bbox 1287 1178 1495 1236; x_wconf 86' lang='lat' dir='ltr'><strong>Etenim</strong></span> <span class='ocrx_word' id='word_1_69' title='bbox 1537 1179 1810 1239; x_wconf 80' lang='lat' dir='ltr'><strong>Arnobius</strong></span> 
     </span>
    </p>
   </div>
   <div class='ocr_carea' id='block_1_12' title="bbox 224 1269 1810 1340">
    <p class='ocr_par' dir='ltr' id='par_1_12' title="bbox 224 1269 1810 1340">
     <span class='ocr_line' id='line_1_12' title="bbox 224 1269 1810 1340; baseline 0.001 -14"><span class='ocrx_word' id='word_1_70' title='bbox 224 1269 394 1326; x_wconf 78' lang='lat' dir='ltr'><strong>falsam</strong></span> <span class='ocrx_word' id='word_1_71' title='bbox 426 1270 632 1328; x_wconf 83' lang='lat' dir='ltr'><strong>hancce</strong></span> <span class='ocrx_word' id='word_1_72' title='bbox 658 1272 1026 1340; x_wconf 83' lang='lat' dir='ltr'><strong>opinationem</strong></span> <span class='ocrx_word' id='word_1_73' title='bbox 1057 1272 1179 1328; x_wconf 90' lang='lat' dir='ltr'><strong>aliis</strong></span> <span class='ocrx_word' id='word_1_74' title='bbox 1206 1271 1380 1326; x_wconf 88' lang='lat' dir='ltr'><strong>adhuc</strong></span> <span class='ocrx_word' id='word_1_75' title='bbox 1403 1271 1670 1325; x_wconf 86' lang='lat' dir='ltr'><strong>rationum</strong></span> <span class='ocrx_word' id='word_1_76' title='bbox 1697 1285 1810 1328; x_wconf 76' lang='lat' dir='ltr'><strong>uio.-</strong></span> 
     </span>
    </p>
   </div>
   <div class='ocr_carea' id='block_1_13' title="bbox 224 1362 1811 1433">
    <p class='ocr_par' dir='ltr' id='par_1_13' title="bbox 224 1362 1811 1433">
     <span class='ocr_line' id='line_1_13' title="bbox 224 1362 1811 1433; baseline 0.001 -19"><span class='ocrx_word' id='word_1_77' title='bbox 224 1362 400 1416; x_wconf 87' lang='lat' dir='ltr'><strong>mentis</strong></span> <span class='ocrx_word' id='word_1_78' title='bbox 434 1363 650 1428; x_wconf 78' lang='lat' dir='ltr'><strong>evertit.</strong></span> <span class='ocrx_word' id='word_1_79' title='bbox 686 1363 756 1419; x_wconf 83' lang='lat' dir='ltr'><strong>Et</strong></span> <span class='ocrx_word' id='word_1_80' title='bbox 791 1365 985 1433; x_wconf 88' lang='lat' dir='ltr'><strong>primo,</strong></span> <span class='ocrx_word' id='word_1_81' title='bbox 1025 1363 1241 1432; x_wconf 84' lang='lat' dir='ltr'><strong>quidem</strong></span> <span class='ocrx_word' id='word_1_82' title='bbox 1272 1364 1395 1433; x_wconf 88' lang='lat' dir='ltr'><strong>quia</strong></span> <span class='ocrx_word' id='word_1_83' title='bbox 1437 1363 1632 1420; x_wconf 84' lang='lat' dir='ltr'><strong>eadem</strong></span> <span class='ocrx_word' id='word_1_84' title='bbox 1670 1363 1811 1418; x_wconf 90' lang='lat' dir='ltr'><strong>foret</strong></span> 
     </span>
    </p>
   </div>
   <div class='ocr_carea' id='block_1_14' title="bbox 220 1454 1806 1522">
    <p class='ocr_par' dir='ltr' id='par_1_14' title="bbox 220 1454 1806 1522">
     <span class='ocr_line' id='line_1_14' title="bbox 220 1454 1806 1522; baseline -0.001 -13"><span class='ocrx_word' id='word_1_85' title='bbox 220 1464 521 1522; x_wconf 85' lang='lat' dir='ltr'><strong>cunctorum</strong></span> <span class='ocrx_word' id='word_1_86' title='bbox 554 1454 838 1512; x_wconf 88' lang='lat' dir='ltr'><strong>hominum</strong></span> <span class='ocrx_word' id='word_1_87' title='bbox 874 1456 1123 1522; x_wconf 88' lang='lat' dir='ltr'><strong>scientia,</strong></span> <span class='ocrx_word' id='word_1_88' title='bbox 1157 1455 1483 1521; x_wconf 80' lang='lat' dir='ltr'><strong>recordatio,</strong></span> <span class='ocrx_word' id='word_1_89' title='bbox 1513 1455 1806 1512; x_wconf 89' lang='lat' dir='ltr'><strong>sententia.</strong></span> 
     </span>
    </p>
   </div>
   <div class='ocr_carea' id='block_1_15' title="bbox 220 1548 1805 1627">
    <p class='ocr_par' dir='ltr' id='par_1_15' title="bbox 220 1548 1805 1627">
     <span class='ocr_line' id='line_1_15' title="bbox 220 1548 1805 1627; baseline 0 -23"><span class='ocrx_word' id='word_1_90' title='bbox 220 1548 472 1614; x_wconf 88' lang='lat' dir='ltr'><strong>Secundo,</strong></span> <span class='ocrx_word' id='word_1_91' title='bbox 512 1549 679 1613; x_wconf 80' lang='lat' dir='ltr'><strong>detur</strong></span> <span class='ocrx_word' id='word_1_92' title='bbox 708 1566 845 1627; x_wconf 88' lang='lat' dir='ltr'><strong>puer</strong></span> <span class='ocrx_word' id='word_1_93' title='bbox 869 1551 1064 1617; x_wconf 79' lang='lat' dir='ltr'><strong>aliquis</strong></span> <span class='ocrx_word' id='word_1_94' title='bbox 1094 1552 1144 1604; x_wconf 89' lang='lat' dir='ltr'><strong>in</strong></span> <span class='ocrx_word' id='word_1_95' title='bbox 1177 1549 1544 1614; x_wconf 84' lang='lat' dir='ltr'><strong>desertissima</strong></span> <span class='ocrx_word' id='word_1_96' title='bbox 1573 1559 1627 1604; x_wconf 89' lang='lat' dir='ltr'><strong>et</strong></span> <span class='ocrx_word' id='word_1_97' title='bbox 1657 1549 1805 1604; x_wconf 89' lang='lat' dir='ltr'><strong>inac-</strong></span> 
     </span>
    </p>
   </div>
   <div class='ocr_carea' id='block_1_16' title="bbox 219 1640 1804 1711">
    <p class='ocr_par' dir='ltr' id='par_1_16' title="bbox 219 1640 1804 1711">
     <span class='ocr_line' id='line_1_16' title="bbox 219 1640 1804 1711; baseline 0.002 -16"><span class='ocrx_word' id='word_1_98' title='bbox 219 1655 356 1695; x_wconf 85' lang='lat' dir='ltr'><strong>cessa</strong></span> <span class='ocrx_word' id='word_1_99' title='bbox 383 1641 682 1699; x_wconf 86' lang='lat' dir='ltr'><strong>solitudine</strong></span> <span class='ocrx_word' id='word_1_100' title='bbox 711 1653 887 1706; x_wconf 85' lang='lat' dir='ltr'><strong>natus,</strong></span> <span class='ocrx_word' id='word_1_101' title='bbox 918 1652 1076 1711; x_wconf 90' lang='lat' dir='ltr'><strong>atque</strong></span> <span class='ocrx_word' id='word_1_102' title='bbox 1105 1642 1175 1705; x_wconf 85' lang='lat' dir='ltr'><strong>ibi</strong></span> <span class='ocrx_word' id='word_1_103' title='bbox 1205 1657 1416 1699; x_wconf 89' lang='lat' dir='ltr'><strong>summo</strong></span> <span class='ocrx_word' id='word_1_104' title='bbox 1449 1642 1500 1694; x_wconf 90' lang='lat' dir='ltr'><strong>in</strong></span> <span class='ocrx_word' id='word_1_105' title='bbox 1531 1640 1748 1697; x_wconf 90' lang='lat' dir='ltr'><strong>silentio</strong></span> <span class='ocrx_word' id='word_1_106' title='bbox 1776 1655 1804 1698; x_wconf 82' lang='lat' dir='ltr'><strong>a</strong></span> 
     </span>
    </p>
   </div>
   <div class='ocr_carea' id='block_1_17' title="bbox 217 1731 1806 1803">
    <p class='ocr_par' dir='ltr' id='par_1_17' title="bbox 217 1731 1806 1803">
     <span class='ocr_line' id='line_1_17' title="bbox 217 1731 1806 1803; baseline 0.003 -17"><span class='ocrx_word' id='word_1_107' title='bbox 217 1741 348 1786; x_wconf 88' lang='lat' dir='ltr'><strong>muta</strong></span> <span class='ocrx_word' id='word_1_108' title='bbox 376 1734 588 1787; x_wconf 86' lang='lat' dir='ltr'><strong>nutrice</strong></span> <span class='ocrx_word' id='word_1_109' title='bbox 617 1733 901 1802; x_wconf 80' lang='lat' dir='ltr'><strong>educatus,</strong></span> <span class='ocrx_word' id='word_1_110' title='bbox 935 1743 1122 1803; x_wconf 89' lang='lat' dir='ltr'><strong>postea</strong></span> <span class='ocrx_word' id='word_1_111' title='bbox 1151 1735 1272 1792; x_wconf 82' lang='lat' dir='ltr'><strong>cibo</strong></span> <span class='ocrx_word' id='word_1_112' title='bbox 1304 1733 1486 1800; x_wconf 83' lang='lat' dir='ltr'><strong>aliquo</strong></span> <span class='ocrx_word' id='word_1_113' title='bbox 1512 1731 1806 1802; x_wconf 75' lang='lat' dir='ltr'><strong>simplicis~</strong></span> 
     </span>
    </p>
   </div>
   <div class='ocr_carea' id='block_1_18' title="bbox 1918 619 3527 693">
    <p class='ocr_par' dir='ltr' id='par_1_18' title="bbox 1918 619 3527 693">
     <span class='ocr_line' id='line_1_18' title="bbox 1918 619 3527 693; baseline 0.001 -20"><span class='ocrx_word' id='word_1_114' title='bbox 1918 637 2078 676; x_wconf 89' lang='lat' dir='ltr'><strong>omne</strong></span> <span class='ocrx_word' id='word_1_115' title='bbox 2100 623 2393 691; x_wconf 81' lang='lat' dir='ltr'><strong>voluptatis</strong></span> <span class='ocrx_word' id='word_1_116' title='bbox 2413 621 2703 693; x_wconf 81' lang='lat' dir='ltr'><strong>flagitiique</strong></span> <span class='ocrx_word' id='word_1_117' title='bbox 2729 637 2922 692; x_wconf 84' lang='lat' dir='ltr'><strong>genus,</strong></span> <span class='ocrx_word' id='word_1_118' title='bbox 2957 619 3286 692; x_wconf 70' lang='lat' dir='ltr'><strong>contemmis</strong></span> <span class='ocrx_word' id='word_1_119' title='bbox 3311 620 3527 675; x_wconf 86' lang='lat' dir='ltr'><strong>virtuti-</strong></span> 
     </span>
    </p>
   </div>
   <div class='ocr_carea' id='block_1_19' title="bbox 1917 712 2995 784">
    <p class='ocr_par' dir='ltr' id='par_1_19' title="bbox 1917 712 2995 784">
     <span class='ocr_line' id='line_1_19' title="bbox 1917 712 2995 784; baseline 0.002 -18"><span class='ocrx_word' id='word_1_120' title='bbox 1917 714 2035 779; x_wconf 88' lang='lat' dir='ltr'><strong>bus,</strong></span> <span class='ocrx_word' id='word_1_121' title='bbox 2067 713 2396 783; x_wconf 76' lang='lat' dir='ltr'><strong>prmcipitem</strong></span> <span class='ocrx_word' id='word_1_122' title='bbox 2429 729 2549 769; x_wconf 85' lang='lat' dir='ltr'><strong>sese</strong></span> <span class='ocrx_word' id='word_1_123' title='bbox 2581 715 2799 784; x_wconf 82' lang='lat' dir='ltr'><strong>impune</strong></span> <span class='ocrx_word' id='word_1_124' title='bbox 2826 712 2995 768; x_wconf 83' lang='lat' dir='ltr'><strong>dabit.</strong></span> 
     </span>
    </p>
   </div>
   <div class='ocr_carea' id='block_1_20' title="bbox 1988 801 3521 876">
    <p class='ocr_par' dir='ltr' id='par_1_20' title="bbox 1988 801 3521 876">
     <span class='ocr_line' id='line_1_20' title="bbox 1988 801 3521 876; baseline -0.003 -15"><span class='ocrx_word' id='word_1_125' title='bbox 1988 807 2191 862; x_wconf 87' lang='lat' dir='ltr'><strong>Eadem</strong></span> <span class='ocrx_word' id='word_1_126' title='bbox 2238 819 2417 862; x_wconf 89' lang='lat' dir='ltr'><strong>autem</strong></span> <span class='ocrx_word' id='word_1_127' title='bbox 2459 808 2670 862; x_wconf 82' lang='lat' dir='ltr'><strong>ratione</strong></span> <span class='ocrx_word' id='word_1_128' title='bbox 2715 805 2989 868; x_wconf 83' lang='lat' dir='ltr'><strong>Arnobius</strong></span> <span class='ocrx_word' id='word_1_129' title='bbox 3033 806 3310 876; x_wconf 72' lang='lat' dir='ltr'><strong>impugnat</strong></span> <span class='ocrx_word' id='word_1_130' title='bbox 3341 801 3521 858; x_wconf 86' lang='lat' dir='ltr'><strong>fundi-</strong></span> 
     </span>
    </p>
   </div>
   <div class='ocr_carea' id='block_1_21' title="bbox 1921 893 3527 968">
    <p class='ocr_par' dir='ltr' id='par_1_21' title="bbox 1921 893 3527 968">
     <span class='ocr_line' id='line_1_21' title="bbox 1921 893 3527 968; baseline -0.001 -18"><span class='ocrx_word' id='word_1_131' title='bbox 1921 909 2112 968; x_wconf 88' lang='lat' dir='ltr'><strong>tusque</strong></span> <span class='ocrx_word' id='word_1_132' title='bbox 2163 900 2357 953; x_wconf 89' lang='lat' dir='ltr'><strong>evertit</strong></span> <span class='ocrx_word' id='word_1_133' title='bbox 2401 899 2731 957; x_wconf 85' lang='lat' dir='ltr'><strong>contrariam</strong></span> <span class='ocrx_word' id='word_1_134' title='bbox 2783 898 3091 967; x_wconf 87' lang='lat' dir='ltr'><strong>opinionem</strong></span> <span class='ocrx_word' id='word_1_135' title='bbox 3149 893 3387 966; x_wconf 85' lang='lat' dir='ltr'><strong>Epicuri,</strong></span> <span class='ocrx_word' id='word_1_136' title='bbox 3435 893 3527 962; x_wconf 88' lang='lat' dir='ltr'><strong>qui</strong></span> 
     </span>
    </p>
   </div>
   <div class='ocr_carea' id='block_1_22' title="bbox 1918 976 3526 1059">
    <p class='ocr_par' dir='ltr' id='par_1_22' title="bbox 1918 976 3526 1059">
     <span class='ocr_line' id='line_1_22' title="bbox 1918 976 3526 1059; baseline -0.002 -17"><span class='ocrx_word' id='word_1_137' title='bbox 1918 988 2150 1042; x_wconf 90' lang='lat' dir='ltr'><strong>animam</strong></span> <span class='ocrx_word' id='word_1_138' title='bbox 2176 999 2416 1044; x_wconf 90' lang='lat' dir='ltr'><strong>nostram</strong></span> <span class='ocrx_word' id='word_1_139' title='bbox 2447 989 2728 1042; x_wconf 86' lang='lat' dir='ltr'><strong>mortalem</strong></span> <span class='ocrx_word' id='word_1_140' title='bbox 2759 1002 2879 1042; x_wconf 90' lang='lat' dir='ltr'><strong>esse</strong></span> <span class='ocrx_word' id='word_1_141' title='bbox 2905 986 3198 1059; x_wconf 79' lang='lat' dir='ltr'><strong>garriebat.</strong></span> <span class='ocrx_word' id='word_1_142' title='bbox 3225 984 3300 1040; x_wconf 82' lang='lat' dir='ltr'><strong>Ea</strong></span> <span class='ocrx_word' id='word_1_143' title='bbox 3328 976 3526 1056; x_wconf 85' lang='lat' dir='ltr'><strong>quippe</strong></span> 
     </span>
    </p>
   </div>
   <div class='ocr_carea' id='block_1_23' title="bbox 1919 1082 3525 1156">
    <p class='ocr_par' dir='ltr' id='par_1_23' title="bbox 1919 1082 3525 1156">
     <span class='ocr_line' id='line_1_23' title="bbox 1919 1082 3525 1156; baseline -0.002 -17"><span class='ocrx_word' id='word_1_144' title='bbox 1919 1089 2101 1156; x_wconf 89' lang='lat' dir='ltr'><strong>opinio</strong></span> <span class='ocrx_word' id='word_1_145' title='bbox 2130 1089 2174 1142; x_wconf 91' lang='lat' dir='ltr'><strong>si</strong></span> <span class='ocrx_word' id='word_1_146' title='bbox 2213 1103 2336 1144; x_wconf 89' lang='lat' dir='ltr'><strong>vera</strong></span> <span class='ocrx_word' id='word_1_147' title='bbox 2372 1088 2462 1151; x_wconf 91' lang='lat' dir='ltr'><strong>sit,</strong></span> <span class='ocrx_word' id='word_1_148' title='bbox 2496 1088 2640 1145; x_wconf 86' lang='lat' dir='ltr'><strong>nulla</strong></span> <span class='ocrx_word' id='word_1_149' title='bbox 2670 1086 2901 1156; x_wconf 88' lang='lat' dir='ltr'><strong>amplius</strong></span> <span class='ocrx_word' id='word_1_150' title='bbox 2931 1085 3036 1141; x_wconf 87' lang='lat' dir='ltr'><strong>erit</strong></span> <span class='ocrx_word' id='word_1_151' title='bbox 3067 1097 3246 1150; x_wconf 77' lang='lat' dir='ltr'><strong>causa,</strong></span> <span class='ocrx_word' id='word_1_152' title='bbox 3279 1098 3376 1138; x_wconf 90' lang='lat' dir='ltr'><strong>cur</strong></span> <span class='ocrx_word' id='word_1_153' title='bbox 3402 1082 3525 1153; x_wconf 86' lang='lat' dir='ltr'><strong>phi-</strong></span> 
     </span>
    </p>
   </div>
   <div class='ocr_carea' id='block_1_24' title="bbox 1918 1175 3527 1249">
    <p class='ocr_par' dir='ltr' id='par_1_24' title="bbox 1918 1175 3527 1249">
     <span class='ocr_line' id='line_1_24' title="bbox 1918 1175 3527 1249; baseline -0.003 -15"><span class='ocrx_word' id='word_1_154' title='bbox 1918 1179 2163 1249; x_wconf 90' lang='lat' dir='ltr'><strong>losophia</strong></span> <span class='ocrx_word' id='word_1_155' title='bbox 2188 1190 2396 1236; x_wconf 88' lang='lat' dir='ltr'><strong>mentes</strong></span> <span class='ocrx_word' id='word_1_156' title='bbox 2422 1192 2635 1235; x_wconf 91' lang='lat' dir='ltr'><strong>nostras</strong></span> <span class='ocrx_word' id='word_1_157' title='bbox 2662 1179 2993 1242; x_wconf 77' lang='lat' dir='ltr'><strong>excolamus,</strong></span> <span class='ocrx_word' id='word_1_158' title='bbox 3021 1176 3310 1237; x_wconf 80' lang='lat' dir='ltr'><strong>virtutibus</strong></span> <span class='ocrx_word' id='word_1_159' title='bbox 3334 1175 3527 1230; x_wconf 90' lang='lat' dir='ltr'><strong>demus</strong></span> 
     </span>
    </p>
   </div>
   <div class='ocr_carea' id='block_1_25' title="bbox 1919 1271 2718 1344">
    <p class='ocr_par' dir='ltr' id='par_1_25' title="bbox 1919 1271 2718 1344">
     <span class='ocr_line' id='line_1_25' title="bbox 1919 1271 2718 1344; baseline 0.001 -20"><span class='ocrx_word' id='word_1_160' title='bbox 1919 1286 2159 1344; x_wconf 81' lang='lat' dir='ltr'><strong>operam,</strong></span> <span class='ocrx_word' id='word_1_161' title='bbox 2191 1287 2253 1325; x_wconf 85' lang='lat' dir='ltr'><strong>ac</strong></span> <span class='ocrx_word' id='word_1_162' title='bbox 2282 1272 2407 1326; x_wconf 86' lang='lat' dir='ltr'><strong>vitia</strong></span> <span class='ocrx_word' id='word_1_163' title='bbox 2434 1271 2718 1342; x_wconf 80' lang='lat' dir='ltr'><strong>fugiamus.</strong></span> 
     </span>
    </p>
   </div>
   <div class='ocr_carea' id='block_1_26' title="bbox 1993 1364 3527 1434">
    <p class='ocr_par' dir='ltr' id='par_1_26' title="bbox 1993 1364 3527 1434">
     <span class='ocr_line' id='line_1_26' title="bbox 1993 1364 3527 1434; baseline 0 -15"><span class='ocrx_word' id='word_1_164' title='bbox 1993 1365 2069 1424; x_wconf 90' lang='lat' dir='ltr'><strong>De</strong></span> <span class='ocrx_word' id='word_1_165' title='bbox 2093 1375 2272 1420; x_wconf 85' lang='lat' dir='ltr'><strong>nostra</strong></span> <span class='ocrx_word' id='word_1_166' title='bbox 2304 1380 2467 1434; x_wconf 91' lang='lat' dir='ltr'><strong>porro</strong></span> <span class='ocrx_word' id='word_1_167' title='bbox 2488 1365 2664 1419; x_wconf 83' lang='lat' dir='ltr'><strong>anima</strong></span> <span class='ocrx_word' id='word_1_168' title='bbox 2691 1365 2768 1420; x_wconf 90' lang='lat' dir='ltr'><strong>sic</strong></span> <span class='ocrx_word' id='word_1_169' title='bbox 2795 1364 3069 1430; x_wconf 83' lang='lat' dir='ltr'><strong>Arnobius</strong></span> <span class='ocrx_word' id='word_1_170' title='bbox 3093 1373 3279 1420; x_wconf 87' lang='lat' dir='ltr'><strong>noster</strong></span> <span class='ocrx_word' id='word_1_171' title='bbox 3306 1364 3527 1430; x_wconf 86' lang='lat' dir='ltr'><strong>statuit;</strong></span> 
     </span>
    </p>
   </div>
   <div class='ocr_carea' id='block_1_27' title="bbox 1916 1455 3526 1525">
    <p class='ocr_par' dir='ltr' id='par_1_27' title="bbox 1916 1455 3526 1525">
     <span class='ocr_line' id='line_1_27' title="bbox 1916 1455 3526 1525; baseline 0.001 -15"><span class='ocrx_word' id='word_1_172' title='bbox 1916 1472 2034 1510; x_wconf 89' lang='lat' dir='ltr'><strong>eam</strong></span> <span class='ocrx_word' id='word_1_173' title='bbox 2061 1455 2251 1515; x_wconf 71' lang='lat' dir='ltr'><strong>medim</strong></span> <span class='ocrx_word' id='word_1_174' title='bbox 2275 1455 2554 1525; x_wconf 59' lang='lat' dir='ltr'><strong>cujusdam</strong></span> <span class='ocrx_word' id='word_1_175' title='bbox 2582 1456 2864 1522; x_wconf 85' lang='lat' dir='ltr'><strong>mortalem</strong></span> <span class='ocrx_word' id='word_1_176' title='bbox 2897 1457 3039 1511; x_wconf 90' lang='lat' dir='ltr'><strong>inter</strong></span> <span class='ocrx_word' id='word_1_177' title='bbox 3069 1464 3124 1511; x_wconf 89' lang='lat' dir='ltr'><strong>et</strong></span> <span class='ocrx_word' id='word_1_178' title='bbox 3159 1456 3396 1511; x_wconf 87' lang='lat' dir='ltr'><strong>divinam</strong></span> <span class='ocrx_word' id='word_1_179' title='bbox 3427 1473 3526 1511; x_wconf 87' lang='lat' dir='ltr'><strong>na-</strong></span> 
     </span>
    </p>
   </div>
   <div class='ocr_carea' id='block_1_28' title="bbox 1916 1545 3528 1618">
    <p class='ocr_par' dir='ltr' id='par_1_28' title="bbox 1916 1545 3528 1618">
     <span class='ocr_line' id='line_1_28' title="bbox 1916 1545 3528 1618; baseline 0.001 -16"><span class='ocrx_word' id='word_1_180' title='bbox 1916 1558 2092 1612; x_wconf 76' lang='lat' dir='ltr'><strong>turain</strong></span> <span class='ocrx_word' id='word_1_181' title='bbox 2120 1562 2240 1608; x_wconf 83' lang='lat' dir='ltr'><strong>esse</strong></span> <span class='ocrx_word' id='word_1_182' title='bbox 2263 1547 2602 1612; x_wconf 66' lang='lat' dir='ltr'><strong>substantiae,</strong></span> <span class='ocrx_word' id='word_1_183' title='bbox 2636 1549 2839 1617; x_wconf 82' lang='lat' dir='ltr'><strong>Deique</strong></span> <span class='ocrx_word' id='word_1_184' title='bbox 2866 1547 3132 1604; x_wconf 75' lang='lat' dir='ltr'><strong>beneficio</strong></span> <span class='ocrx_word' id='word_1_185' title='bbox 3164 1545 3279 1602; x_wconf 84' lang='lat' dir='ltr'><strong>fieri</strong></span> <span class='ocrx_word' id='word_1_186' title='bbox 3322 1547 3528 1618; x_wconf 79' lang='lat' dir='ltr'><strong>longae-</strong></span> 
     </span>
    </p>
   </div>
   <div class='ocr_carea' id='block_1_29' title="bbox 1914 1639 3526 1712">
    <p class='ocr_par' dir='ltr' id='par_1_29' title="bbox 1914 1639 3526 1712">
     <span class='ocr_line' id='line_1_29' title="bbox 1914 1639 3526 1712; baseline 0.001 -19"><span class='ocrx_word' id='word_1_187' title='bbox 1914 1657 2039 1707; x_wconf 79' lang='lat' dir='ltr'><strong>vam</strong></span> <span class='ocrx_word' id='word_1_188' title='bbox 2067 1649 2226 1710; x_wconf 89' lang='lat' dir='ltr'><strong>atque</strong></span> <span class='ocrx_word' id='word_1_189' title='bbox 2274 1640 2656 1706; x_wconf 73' lang='lat' dir='ltr'><strong>immortalem.</strong></span> <span class='ocrx_word' id='word_1_190' title='bbox 2686 1641 3027 1710; x_wconf 80' lang='lat' dir='ltr'><strong>Quapropter</strong></span> <span class='ocrx_word' id='word_1_191' title='bbox 3069 1639 3349 1695; x_wconf 89' lang='lat' dir='ltr'><strong>christiani</strong></span> <span class='ocrx_word' id='word_1_192' title='bbox 3380 1641 3526 1712; x_wconf 87' lang='lat' dir='ltr'><strong>pium</strong></span> 
     </span>
    </p>
   </div>
   <div class='ocr_carea' id='block_1_30' title="bbox 1864 1733 3532 1810">
    <p class='ocr_par' dir='ltr' id='par_1_30' title="bbox 1864 1733 3532 1810">
     <span class='ocr_line' id='line_1_30' title="bbox 1864 1733 3532 1810; baseline 0.002 -26"><span class='ocrx_word' id='word_1_193' title='bbox 1864 1779 1880 1784; x_wconf 37' lang='grc' dir='ltr'>,μ</span> <span class='ocrx_word' id='word_1_194' title='bbox 1916 1733 1968 1787; x_wconf 91' lang='lat' dir='ltr'><strong>in</strong></span> <span class='ocrx_word' id='word_1_195' title='bbox 2020 1733 2122 1788; x_wconf 91' lang='lat' dir='ltr'><strong>huc</strong></span> <span class='ocrx_word' id='word_1_196' title='bbox 2151 1733 2352 1788; x_wconf 85' lang='lat' dir='ltr'><strong>mundo</strong></span> <span class='ocrx_word' id='word_1_197' title='bbox 2401 1733 2523 1789; x_wconf 69' lang='lat' dir='ltr'><strong>vitm</strong></span> <span class='ocrx_word' id='word_1_198' title='bbox 2553 1749 2722 1810; x_wconf 85' lang='lat' dir='ltr'><strong>genus</strong></span> <span class='ocrx_word' id='word_1_199' title='bbox 2771 1742 3015 1805; x_wconf 75' lang='lat' dir='ltr'><strong>agentes,</strong></span> <span class='ocrx_word' id='word_1_200' title='bbox 3049 1743 3270 1803; x_wconf 88' lang='lat' dir='ltr'><strong>sperant</strong></span> <span class='ocrx_word' id='word_1_201' title='bbox 3314 1733 3431 1794; x_wconf 77' lang='lat' dir='ltr'><strong>fore</strong></span> <span class='ocrx_word' id='word_1_202' title='bbox 3475 1745 3532 1788; x_wconf 90' lang='lat' dir='ltr'><strong>ut</strong></span> 
     </span>
    </p>
   </div>
   <div class='ocr_carea' id='block_1_31' title="bbox 218 1823 3528 1902">
    <p class='ocr_par' dir='ltr' id='par_1_31' title="bbox 218 1823 3528 1902">
     <span class='ocr_line' id='line_1_31' title="bbox 218 1823 3528 1902; baseline 0 -24"><span class='ocrx_word' id='word_1_203' title='bbox 218 1824 348 1892; x_wconf 80' lang='lat' dir='ltr'><strong>simo</strong></span> <span class='ocrx_word' id='word_1_204' title='bbox 390 1825 672 1890; x_wconf 75' lang='lat' dir='ltr'><strong>victitans,</strong></span> <span class='ocrx_word' id='word_1_205' title='bbox 718 1826 928 1885; x_wconf 90' lang='lat' dir='ltr'><strong>nullum</strong></span> <span class='ocrx_word' id='word_1_206' title='bbox 960 1841 1193 1895; x_wconf 81' lang='lat' dir='ltr'><strong>unquam</strong></span> <span class='ocrx_word' id='word_1_207' title='bbox 1234 1825 1548 1894; x_wconf 81' lang='lat' dir='ltr'><strong>loquentem</strong></span> <span class='ocrx_word' id='word_1_208' title='bbox 1597 1823 1805 1892; x_wconf 77' lang='lat' dir='ltr'><strong>audiat.</strong></span> <span class='ocrx_word' id='word_1_209' title='bbox 1841 1842 1889 1902; x_wconf 78' lang='grc' dir='ltr'><strong>Β</strong></span> <span class='ocrx_word' id='word_1_210' title='bbox 1915 1841 2067 1880; x_wconf 89' lang='lat' dir='ltr'><strong>suam</strong></span> <span class='ocrx_word' id='word_1_211' title='bbox 2101 1835 2220 1896; x_wconf 87' lang='lat' dir='ltr'><strong>post</strong></span> <span class='ocrx_word' id='word_1_212' title='bbox 2249 1835 2478 1880; x_wconf 89' lang='lat' dir='ltr'><strong>mortem</strong></span> <span class='ocrx_word' id='word_1_213' title='bbox 2507 1835 2562 1884; x_wconf 88' lang='lat' dir='ltr'><strong>et</strong></span> <span class='ocrx_word' id='word_1_214' title='bbox 2590 1827 2640 1879; x_wconf 93' lang='lat' dir='ltr'><strong>in</strong></span> <span class='ocrx_word' id='word_1_215' title='bbox 2668 1825 2885 1891; x_wconf 75' lang='lat' dir='ltr'><strong>coelum,</strong></span> <span class='ocrx_word' id='word_1_216' title='bbox 2911 1826 3052 1880; x_wconf 89' lang='lat' dir='ltr'><strong>sicut</strong></span> <span class='ocrx_word' id='word_1_217' title='bbox 3077 1826 3143 1880; x_wconf 89' lang='lat' dir='ltr'><strong>de</strong></span> <span class='ocrx_word' id='word_1_218' title='bbox 3164 1839 3265 1888; x_wconf 85' lang='lat' dir='ltr'><strong>suo</strong></span> <span class='ocrx_word' id='word_1_219' title='bbox 3290 1825 3416 1879; x_wconf 91' lang='lat' dir='ltr'><strong>illuc</strong></span> <span class='ocrx_word' id='word_1_220' title='bbox 3441 1840 3528 1882; x_wconf 87' lang='lat' dir='ltr'><strong>re-</strong></span> 
     </span>
    </p>
   </div>
   <div class='ocr_carea' id='block_1_32' title="bbox 216 1915 1810 1989">
    <p class='ocr_par' dir='ltr' id='par_1_32' title="bbox 216 1915 1810 1989">
     <span class='ocr_line' id='line_1_32' title="bbox 216 1915 1810 1989; baseline 0.002 -18"><span class='ocrx_word' id='word_1_221' title='bbox 216 1916 332 1971; x_wconf 89' lang='lat' dir='ltr'><strong>lnde</strong></span> <span class='ocrx_word' id='word_1_222' title='bbox 355 1928 474 1987; x_wconf 85' lang='lat' dir='ltr'><strong>post</strong></span> <span class='ocrx_word' id='word_1_223' title='bbox 501 1918 722 1989; x_wconf 75' lang='lat' dir='ltr'><strong>triginta</strong></span> <span class='ocrx_word' id='word_1_224' title='bbox 752 1926 846 1972; x_wconf 88' lang='lat' dir='ltr'><strong>aut</strong></span> <span class='ocrx_word' id='word_1_225' title='bbox 873 1917 1221 1986; x_wconf 83' lang='lat' dir='ltr'><strong>quadraginta</strong></span> <span class='ocrx_word' id='word_1_226' title='bbox 1249 1932 1420 1982; x_wconf 81' lang='lat' dir='ltr'><strong>annos</strong></span> <span class='ocrx_word' id='word_1_227' title='bbox 1447 1915 1730 1982; x_wconf 78' lang='lat' dir='ltr'><strong>educatur,</strong></span> <span class='ocrx_word' id='word_1_228' title='bbox 1754 1926 1810 1974; x_wconf 81' lang='lat' dir='ltr'><strong>et</strong></span> 
     </span>
    </p>
   </div>
   <div class='ocr_carea' id='block_1_33' title="bbox 217 1992 1809 2080">
    <p class='ocr_par' dir='ltr' id='par_1_33' title="bbox 217 1992 1809 2080">
     <span class='ocr_line' id='line_1_33' title="bbox 217 1992 1809 2080; baseline 0.001 -18"><span class='ocrx_word' id='word_1_229' title='bbox 217 2009 424 2080; x_wconf 82' lang='lat' dir='ltr'><strong>prodeat</strong></span> <span class='ocrx_word' id='word_1_230' title='bbox 456 2010 507 2064; x_wconf 92' lang='lat' dir='ltr'><strong>in</strong></span> <span class='ocrx_word' id='word_1_231' title='bbox 539 2010 846 2080; x_wconf 87' lang='lat' dir='ltr'><strong>publicum,</strong></span> <span class='ocrx_word' id='word_1_232' title='bbox 880 2019 988 2063; x_wconf 90' lang='lat' dir='ltr'><strong>tum</strong></span> <span class='ocrx_word' id='word_1_233' title='bbox 1023 2023 1154 2064; x_wconf 82' lang='lat' dir='ltr'><strong>saxo</strong></span> <span class='ocrx_word' id='word_1_234' title='bbox 1193 2009 1456 2073; x_wconf 89' lang='lat' dir='ltr'><strong>obtusior,</strong></span> <span class='ocrx_word' id='word_1_235' title='bbox 1487 1992 1619 2076; x_wconf 79' lang='lat' dir='ltr'><strong>nihil</strong></span> <span class='ocrx_word' id='word_1_236' title='bbox 1653 2008 1809 2078; x_wconf 79' lang='lat' dir='ltr'><strong>plane</strong></span> 
     </span>
    </p>
   </div>
   <div class='ocr_carea' id='block_1_34' title="bbox 219 2100 1811 2173">
    <p class='ocr_par' dir='ltr' id='par_1_34' title="bbox 219 2100 1811 2173">
     <span class='ocr_line' id='line_1_34' title="bbox 219 2100 1811 2173; baseline -0.001 -19"><span class='ocrx_word' id='word_1_237' title='bbox 219 2103 388 2172; x_wconf 89' lang='lat' dir='ltr'><strong>quavis</strong></span> <span class='ocrx_word' id='word_1_238' title='bbox 416 2102 485 2158; x_wconf 91' lang='lat' dir='ltr'><strong>de</strong></span> <span class='ocrx_word' id='word_1_239' title='bbox 525 2119 594 2158; x_wconf 91' lang='lat' dir='ltr'><strong>re</strong></span> <span class='ocrx_word' id='word_1_240' title='bbox 636 2104 1000 2173; x_wconf 79' lang='lat' dir='ltr'><strong>interrogatus</strong></span> <span class='ocrx_word' id='word_1_241' title='bbox 1044 2101 1377 2170; x_wconf 88' lang='lat' dir='ltr'><strong>respondere</strong></span> <span class='ocrx_word' id='word_1_242' title='bbox 1416 2103 1644 2170; x_wconf 84' lang='lat' dir='ltr'><strong>poterit,</strong></span> <span class='ocrx_word' id='word_1_243' title='bbox 1676 2100 1811 2173; x_wconf 81' lang='lat' dir='ltr'><strong>nihil</strong></span> 
     </span>
    </p>
   </div>
   <div class='ocr_carea' id='block_1_35' title="bbox 214 2193 1807 2264">
    <p class='ocr_par' dir='ltr' id='par_1_35' title="bbox 214 2193 1807 2264">
     <span class='ocr_line' id='line_1_35' title="bbox 214 2193 1807 2264; baseline -0.003 -14"><span class='ocrx_word' id='word_1_244' title='bbox 214 2209 379 2250; x_wconf 89' lang='lat' dir='ltr'><strong>rerum</strong></span> <span class='ocrx_word' id='word_1_245' title='bbox 412 2196 772 2262; x_wconf 75' lang='lat' dir='ltr'><strong>naturalium,</strong></span> <span class='ocrx_word' id='word_1_246' title='bbox 805 2206 897 2255; x_wconf 83' lang='lat' dir='ltr'><strong>aut</strong></span> <span class='ocrx_word' id='word_1_247' title='bbox 925 2211 1143 2258; x_wconf 87' lang='lat' dir='ltr'><strong>earum,</strong></span> <span class='ocrx_word' id='word_1_248' title='bbox 1191 2209 1311 2264; x_wconf 75' lang='lat' dir='ltr'><strong>qua:</strong></span> <span class='ocrx_word' id='word_1_249' title='bbox 1345 2193 1622 2261; x_wconf 86' lang='lat' dir='ltr'><strong>hominum</strong></span> <span class='ocrx_word' id='word_1_250' title='bbox 1666 2193 1807 2258; x_wconf 84' lang='lat' dir='ltr'><strong>usui,</strong></span> 
     </span>
    </p>
   </div>
   <div class='ocr_carea' id='block_1_36' title="bbox 213 2287 1812 2364">
    <p class='ocr_par' dir='ltr' id='par_1_36' title="bbox 213 2287 1812 2364">
     <span class='ocr_line' id='line_1_36' title="bbox 213 2287 1812 2364; baseline 0.002 -21"><span class='ocrx_word' id='word_1_251' title='bbox 213 2291 290 2345; x_wconf 88' lang='lat' dir='ltr'><strong>vel</strong></span> <span class='ocrx_word' id='word_1_252' title='bbox 323 2291 530 2360; x_wconf 82' lang='lat' dir='ltr'><strong>deliciis</strong></span> <span class='ocrx_word' id='word_1_253' title='bbox 582 2300 641 2352; x_wconf 86' lang='lat' dir='ltr'><strong>et</strong></span> <span class='ocrx_word' id='word_1_254' title='bbox 671 2292 935 2364; x_wconf 85' lang='lat' dir='ltr'><strong>voluptati</strong></span> <span class='ocrx_word' id='word_1_255' title='bbox 967 2289 1272 2353; x_wconf 86' lang='lat' dir='ltr'><strong>necessaria</strong></span> <span class='ocrx_word' id='word_1_256' title='bbox 1300 2288 1595 2343; x_wconf 84' lang='lat' dir='ltr'><strong>creduntur</strong></span> <span class='ocrx_word' id='word_1_257' title='bbox 1614 2332 1628 2352; x_wconf 90' lang='lat'><strong>,</strong></span> <span class='ocrx_word' id='word_1_258' title='bbox 1658 2297 1712 2343; x_wconf 92' lang='lat' dir='ltr'><strong>et</strong></span> <span class='ocrx_word' id='word_1_259' title='bbox 1742 2287 1812 2352; x_wconf 80' lang='lat' dir='ltr'><strong>ab</strong></span> 
     </span>
    </p>
   </div>
   <div class='ocr_carea' id='block_1_37' title="bbox 219 2380 1812 2450">
    <p class='ocr_par' dir='ltr' id='par_1_37' title="bbox 219 2380 1812 2450">
     <span class='ocr_line' id='line_1_37' title="bbox 219 2380 1812 2450; baseline -0.001 -15"><span class='ocrx_word' id='word_1_260' title='bbox 219 2392 424 2445; x_wconf 86' lang='lat' dir='ltr'><strong>auctore</strong></span> <span class='ocrx_word' id='word_1_261' title='bbox 453 2393 653 2440; x_wconf 89' lang='lat' dir='ltr'><strong>nostro</strong></span> <span class='ocrx_word' id='word_1_262' title='bbox 697 2394 1118 2450; x_wconf 81' lang='lat' dir='ltr'><strong>enumerantur,</strong></span> <span class='ocrx_word' id='word_1_263' title='bbox 1149 2393 1336 2436; x_wconf 91' lang='lat' dir='ltr'><strong>notum</strong></span> <span class='ocrx_word' id='word_1_264' title='bbox 1377 2381 1617 2447; x_wconf 87' lang='lat' dir='ltr'><strong>habebit.</strong></span> <span class='ocrx_word' id='word_1_265' title='bbox 1650 2380 1812 2443; x_wconf 86' lang='lat' dir='ltr'><strong>Deni-</strong></span> 
     </span>
    </p>
   </div>
   <div class='ocr_carea' id='block_1_38' title="bbox 215 2471 1809 2545">
    <p class='ocr_par' dir='ltr' id='par_1_38' title="bbox 215 2471 1809 2545">
     <span class='ocr_line' id='line_1_38' title="bbox 215 2471 1809 2545; baseline -0.003 -15"><span class='ocrx_word' id='word_1_266' title='bbox 215 2491 307 2545; x_wconf 90' lang='lat' dir='ltr'><strong>que</strong></span> <span class='ocrx_word' id='word_1_267' title='bbox 331 2476 534 2531; x_wconf 89' lang='lat' dir='ltr'><strong>nullam</strong></span> <span class='ocrx_word' id='word_1_268' title='bbox 570 2476 664 2530; x_wconf 90' lang='lat' dir='ltr'><strong>ille</strong></span> <span class='ocrx_word' id='word_1_269' title='bbox 692 2475 1018 2531; x_wconf 87' lang='lat' dir='ltr'><strong>articulatim</strong></span> <span class='ocrx_word' id='word_1_270' title='bbox 1052 2484 1108 2529; x_wconf 88' lang='lat' dir='ltr'><strong>et</strong></span> <span class='ocrx_word' id='word_1_271' title='bbox 1145 2474 1400 2531; x_wconf 88' lang='lat' dir='ltr'><strong>distincte</strong></span> <span class='ocrx_word' id='word_1_272' title='bbox 1428 2487 1620 2544; x_wconf 83' lang='lat' dir='ltr'><strong>vocem</strong></span> <span class='ocrx_word' id='word_1_273' title='bbox 1647 2471 1809 2526; x_wconf 86' lang='lat' dir='ltr'><strong>emit-</strong></span> 
     </span>
    </p>
   </div>
   <div class='ocr_carea' id='block_1_39' title="bbox 218 2565 1811 2632">
    <p class='ocr_par' dir='ltr' id='par_1_39' title="bbox 218 2565 1811 2632">
     <span class='ocr_line' id='line_1_39' title="bbox 218 2565 1811 2632; baseline -0.003 -9"><span class='ocrx_word' id='word_1_274' title='bbox 218 2578 302 2623; x_wconf 89' lang='lat' dir='ltr'><strong>tet.</strong></span> <span class='ocrx_word' id='word_1_275' title='bbox 341 2568 527 2624; x_wconf 84' lang='lat' dir='ltr'><strong>Nonne</strong></span> <span class='ocrx_word' id='word_1_276' title='bbox 557 2578 742 2624; x_wconf 90' lang='lat' dir='ltr'><strong>autem</strong></span> <span class='ocrx_word' id='word_1_277' title='bbox 785 2568 909 2622; x_wconf 89' lang='lat' dir='ltr'><strong>hinc</strong></span> <span class='ocrx_word' id='word_1_278' title='bbox 953 2566 1236 2632; x_wconf 78' lang='lat' dir='ltr'><strong>evidenter</strong></span> <span class='ocrx_word' id='word_1_279' title='bbox 1263 2566 1547 2622; x_wconf 82' lang='lat' dir='ltr'><strong>conﬁcitur</strong></span> <span class='ocrx_word' id='word_1_280' title='bbox 1575 2565 1811 2620; x_wconf 86' lang='lat' dir='ltr'><strong>animam</strong></span> 
     </span>
    </p>
   </div>
   <div class='ocr_carea' id='block_1_40' title="bbox 216 2657 1813 2727">
    <p class='ocr_par' dir='ltr' id='par_1_40' title="bbox 216 2657 1813 2727">
     <span class='ocr_line' id='line_1_40' title="bbox 216 2657 1813 2727; baseline -0.002 -12"><span class='ocrx_word' id='word_1_281' title='bbox 216 2662 344 2716; x_wconf 89' lang='lat' dir='ltr'><strong>illius</strong></span> <span class='ocrx_word' id='word_1_282' title='bbox 370 2663 421 2716; x_wconf 93' lang='lat' dir='ltr'><strong>in</strong></span> <span class='ocrx_word' id='word_1_283' title='bbox 452 2661 722 2718; x_wconf 89' lang='lat' dir='ltr'><strong>mundum</strong></span> <span class='ocrx_word' id='word_1_284' title='bbox 751 2675 858 2715; x_wconf 85' lang='lat' dir='ltr'><strong>non</strong></span> <span class='ocrx_word' id='word_1_285' title='bbox 885 2658 1102 2716; x_wconf 88' lang='lat' dir='ltr'><strong>venisse</strong></span> <span class='ocrx_word' id='word_1_286' title='bbox 1134 2659 1388 2727; x_wconf 85' lang='lat' dir='ltr'><strong>omnibus</strong></span> <span class='ocrx_word' id='word_1_287' title='bbox 1428 2658 1674 2714; x_wconf 90' lang='lat' dir='ltr'><strong>scientiis</strong></span> <span class='ocrx_word' id='word_1_288' title='bbox 1702 2657 1813 2718; x_wconf 87' lang='lat' dir='ltr'><strong>ins-</strong></span> 
     </span>
    </p>
   </div>
   <div class='ocr_carea' id='block_1_41' title="bbox 217 2755 468 2809">
    <p class='ocr_par' dir='ltr' id='par_1_41' title="bbox 217 2755 468 2809">
     <span class='ocr_line' id='line_1_41' title="bbox 217 2755 468 2809; baseline 0.004 -2"><span class='ocrx_word' id='word_1_289' title='bbox 217 2755 468 2809; x_wconf 80' lang='lat' dir='ltr'><strong>tractam?</strong></span> 
     </span>
    </p>
   </div>
   <div class='ocr_carea' id='block_1_42' title="bbox 279 2845 1812 2924">
    <p class='ocr_par' dir='ltr' id='par_1_42' title="bbox 279 2845 1812 2924">
     <span class='ocr_line' id='line_1_42' title="bbox 279 2845 1812 2924; baseline -0.005 -20"><span class='ocrx_word' id='word_1_290' title='bbox 279 2849 467 2904; x_wconf 89' lang='lat' dir='ltr'><strong>Postea</strong></span> <span class='ocrx_word' id='word_1_291' title='bbox 490 2847 769 2902; x_wconf 80' lang='lat' dir='ltr'><strong>Arnobius</strong></span> <span class='ocrx_word' id='word_1_292' title='bbox 794 2847 1124 2903; x_wconf 88' lang='lat' dir='ltr'><strong>contrarium</strong></span> <span class='ocrx_word' id='word_1_293' title='bbox 1146 2845 1390 2900; x_wconf 89' lang='lat' dir='ltr'><strong>Platonis</strong></span> <span class='ocrx_word' id='word_1_294' title='bbox 1411 2853 1812 2924; x_wconf 79' lang='lat' dir='ltr'><strong>argumentum,</strong></span> 
     </span>
    </p>
   </div>
   <div class='ocr_carea' id='block_1_43' title="bbox 215 2935 1818 3010">
    <p class='ocr_par' dir='ltr' id='par_1_43' title="bbox 215 2935 1818 3010">
     <span class='ocr_line' id='line_1_43' title="bbox 215 2935 1818 3010; baseline -0.003 -15"><span class='ocrx_word' id='word_1_295' title='bbox 215 2957 273 2995; x_wconf 78' lang='lat' dir='ltr'><strong>ex</strong></span> <span class='ocrx_word' id='word_1_296' title='bbox 298 2957 461 3010; x_wconf 89' lang='lat' dir='ltr'><strong>puero</strong></span> <span class='ocrx_word' id='word_1_297' title='bbox 498 2941 572 2996; x_wconf 90' lang='lat' dir='ltr'><strong>de</strong></span> <span class='ocrx_word' id='word_1_298' title='bbox 603 2939 846 2994; x_wconf 84' lang='lat' dir='ltr'><strong>numeris</strong></span> <span class='ocrx_word' id='word_1_299' title='bbox 871 2939 1204 3008; x_wconf 85' lang='lat' dir='ltr'><strong>interrogato</strong></span> <span class='ocrx_word' id='word_1_300' title='bbox 1233 2937 1482 3008; x_wconf 90' lang='lat' dir='ltr'><strong>petitum,</strong></span> <span class='ocrx_word' id='word_1_301' title='bbox 1516 2935 1818 2990; x_wconf 90' lang='lat' dir='ltr'><strong>luculenter</strong></span> 
     </span>
    </p>
   </div>
   <div class='ocr_carea' id='block_1_44' title="bbox 213 3029 1816 3101">
    <p class='ocr_par' dir='ltr' id='par_1_44' title="bbox 213 3029 1816 3101">
     <span class='ocr_line' id='line_1_44' title="bbox 213 3029 1816 3101; baseline -0.003 -13"><span class='ocrx_word' id='word_1_302' title='bbox 213 3035 378 3089; x_wconf 91' lang='lat' dir='ltr'><strong>diluit.</strong></span> <span class='ocrx_word' id='word_1_303' title='bbox 393 3034 477 3089; x_wconf 87' lang='lat' dir='ltr'><strong>Ab</strong></span> <span class='ocrx_word' id='word_1_304' title='bbox 505 3034 616 3087; x_wconf 89' lang='lat' dir='ltr'><strong>hoc</strong></span> <span class='ocrx_word' id='word_1_305' title='bbox 634 3045 868 3101; x_wconf 86' lang='lat' dir='ltr'><strong>namque</strong></span> <span class='ocrx_word' id='word_1_306' title='bbox 897 3046 1002 3086; x_wconf 92' lang='lat' dir='ltr'><strong>non</strong></span> <span class='ocrx_word' id='word_1_307' title='bbox 1026 3032 1200 3086; x_wconf 89' lang='lat' dir='ltr'><strong>solum</strong></span> <span class='ocrx_word' id='word_1_308' title='bbox 1224 3045 1416 3101; x_wconf 87' lang='lat' dir='ltr'><strong>puero.</strong></span> <span class='ocrx_word' id='word_1_309' title='bbox 1441 3045 1634 3084; x_wconf 83' lang='lat' dir='ltr'><strong>verum</strong></span> <span class='ocrx_word' id='word_1_310' title='bbox 1655 3029 1816 3085; x_wconf 90' lang='lat' dir='ltr'><strong>etiam</strong></span> 
     </span>
    </p>
   </div>
   <div class='ocr_carea' id='block_1_45' title="bbox 1912 1915 3534 1991">
    <p class='ocr_par' dir='ltr' id='par_1_45' title="bbox 1912 1915 3534 1991">
     <span class='ocr_line' id='line_1_45' title="bbox 1912 1915 3534 1991; baseline -0.001 -20"><span class='ocrx_word' id='word_1_311' title='bbox 1912 1932 2102 1989; x_wconf 87' lang='lat' dir='ltr'><strong>gressu</strong></span> <span class='ocrx_word' id='word_1_312' title='bbox 2148 1915 2348 1978; x_wconf 88' lang='lat' dir='ltr'><strong>ethnici</strong></span> <span class='ocrx_word' id='word_1_313' title='bbox 2403 1916 2794 1990; x_wconf 74' lang='lat' dir='ltr'><strong>gloriabantur,</strong></span> <span class='ocrx_word' id='word_1_314' title='bbox 2823 1917 3141 1991; x_wconf 85' lang='lat' dir='ltr'><strong>remigrent,</strong></span> <span class='ocrx_word' id='word_1_315' title='bbox 3171 1926 3226 1972; x_wconf 92' lang='lat' dir='ltr'><strong>et</strong></span> <span class='ocrx_word' id='word_1_316' title='bbox 3256 1915 3476 1987; x_wconf 85' lang='lat' dir='ltr'><strong>insuper</strong></span> <span class='ocrx_word' id='word_1_317' title='bbox 3503 1932 3534 1969; x_wconf 90' lang='lat' dir='ltr'><strong>a</strong></span> 
     </span>
    </p>
   </div>
   <div class='ocr_carea' id='block_1_46' title="bbox 1914 2009 3533 2082">
    <p class='ocr_par' dir='ltr' id='par_1_46' title="bbox 1914 2009 3533 2082">
     <span class='ocr_line' id='line_1_46' title="bbox 1914 2009 3533 2082; baseline -0.001 -16"><span class='ocrx_word' id='word_1_318' title='bbox 1914 2011 2270 2066; x_wconf 73' lang='lat' dir='ltr'><strong>Deomternm</strong></span> <span class='ocrx_word' id='word_1_319' title='bbox 2297 2009 2570 2069; x_wconf 83' lang='lat' dir='ltr'><strong>felicitatis</strong></span> <span class='ocrx_word' id='word_1_320' title='bbox 2612 2012 2913 2082; x_wconf 68' lang='lat' dir='ltr'><strong>praemium,</strong></span> <span class='ocrx_word' id='word_1_321' title='bbox 2962 2010 3271 2066; x_wconf 88' lang='lat' dir='ltr'><strong>certissimo</strong></span> <span class='ocrx_word' id='word_1_322' title='bbox 3301 2012 3533 2065; x_wconf 88' lang='lat' dir='ltr'><strong>miracu-</strong></span> 
     </span>
    </p>
   </div>
   <div class='ocr_carea' id='block_1_47' title="bbox 1915 2101 3530 2176">
    <p class='ocr_par' dir='ltr' id='par_1_47' title="bbox 1915 2101 3530 2176">
     <span class='ocr_line' id='line_1_47' title="bbox 1915 2101 3530 2176; baseline -0.001 -18"><span class='ocrx_word' id='word_1_323' title='bbox 1915 2103 2094 2161; x_wconf 89' lang='lat' dir='ltr'><strong>lorum</strong></span> <span class='ocrx_word' id='word_1_324' title='bbox 2125 2119 2349 2159; x_wconf 89' lang='lat' dir='ltr'><strong>suorum</strong></span> <span class='ocrx_word' id='word_1_325' title='bbox 2375 2103 2596 2176; x_wconf 89' lang='lat' dir='ltr'><strong>pignore</strong></span> <span class='ocrx_word' id='word_1_326' title='bbox 2637 2103 2667 2158; x_wconf 72' lang='grc' dir='ltr'><strong>ἐι</strong></span> <span class='ocrx_word' id='word_1_327' title='bbox 2707 2101 2924 2163; x_wconf 86' lang='lat' dir='ltr'><strong>Christo</strong></span> <span class='ocrx_word' id='word_1_328' title='bbox 2961 2104 3286 2175; x_wconf 82' lang='lat' dir='ltr'><strong>promissum</strong></span> <span class='ocrx_word' id='word_1_329' title='bbox 3333 2117 3530 2158; x_wconf 81' lang='lat' dir='ltr'><strong>conse-</strong></span> 
     </span>
    </p>
   </div>
   <div class='ocr_carea' id='block_1_48' title="bbox 1918 2210 2174 2268">
    <p class='ocr_par' dir='ltr' id='par_1_48' title="bbox 1918 2210 2174 2268">
     <span class='ocr_line' id='line_1_48' title="bbox 1918 2210 2174 2268; baseline -0.012 -15"><span class='ocrx_word' id='word_1_330' title='bbox 1918 2210 2174 2268; x_wconf 88' lang='lat' dir='ltr'><strong>quantur.</strong></span> 
     </span>
    </p>
   </div>
   <div class='ocr_carea' id='block_1_49' title="bbox 1990 2287 3534 2365">
    <p class='ocr_par' dir='ltr' id='par_1_49' title="bbox 1990 2287 3534 2365">
     <span class='ocr_line' id='line_1_49' title="bbox 1990 2287 3534 2365; baseline 0 -21"><span class='ocrx_word' id='word_1_331' title='bbox 1990 2290 2254 2358; x_wconf 85' lang='lat' dir='ltr'><strong>Quoniam</strong></span> <span class='ocrx_word' id='word_1_332' title='bbox 2276 2300 2458 2352; x_wconf 88' lang='lat' dir='ltr'><strong>autem</strong></span> <span class='ocrx_word' id='word_1_333' title='bbox 2481 2291 2641 2355; x_wconf 91' lang='lat' dir='ltr'><strong>modo</strong></span> <span class='ocrx_word' id='word_1_334' title='bbox 2662 2291 2862 2355; x_wconf 88' lang='lat' dir='ltr'><strong>anima,</strong></span> <span class='ocrx_word' id='word_1_335' title='bbox 2896 2291 3229 2365; x_wconf 83' lang='lat' dir='ltr'><strong>inquiebant,</strong></span> <span class='ocrx_word' id='word_1_336' title='bbox 3268 2290 3314 2345; x_wconf 89' lang='lat' dir='ltr'><strong>si</strong></span> <span class='ocrx_word' id='word_1_337' title='bbox 3340 2287 3534 2345; x_wconf 73' lang='lat' dir='ltr'><strong>mediae</strong></span> 
     </span>
    </p>
   </div>
   <div class='ocr_carea' id='block_1_50' title="bbox 1918 2383 3528 2456">
    <p class='ocr_par' dir='ltr' id='par_1_50' title="bbox 1918 2383 3528 2456">
     <span class='ocr_line' id='line_1_50' title="bbox 1918 2383 3528 2456; baseline 0 -19"><span class='ocrx_word' id='word_1_338' title='bbox 1918 2383 2063 2442; x_wconf 85' lang='lat' dir='ltr'><strong>illius</strong></span> <span class='ocrx_word' id='word_1_339' title='bbox 2103 2384 2382 2456; x_wconf 87' lang='lat' dir='ltr'><strong>qualitatis</strong></span> <span class='ocrx_word' id='word_1_340' title='bbox 2421 2385 2512 2449; x_wconf 88' lang='lat' dir='ltr'><strong>sit,</strong></span> <span class='ocrx_word' id='word_1_341' title='bbox 2545 2393 2722 2455; x_wconf 84' lang='lat' dir='ltr'><strong>potest</strong></span> <span class='ocrx_word' id='word_1_342' title='bbox 2761 2399 2997 2456; x_wconf 88' lang='lat' dir='ltr'><strong>unquam</strong></span> <span class='ocrx_word' id='word_1_343' title='bbox 3027 2384 3350 2440; x_wconf 88' lang='lat' dir='ltr'><strong>immortalis</strong></span> <span class='ocrx_word' id='word_1_344' title='bbox 3375 2383 3528 2438; x_wconf 80' lang='lat' dir='ltr'><strong>fieri!</strong></span> 
     </span>
    </p>
   </div>
   <div class='ocr_carea' id='block_1_51' title="bbox 1918 2474 3534 2549">
    <p class='ocr_par' dir='ltr' id='par_1_51' title="bbox 1918 2474 3534 2549">
     <span class='ocr_line' id='line_1_51' title="bbox 1918 2474 3534 2549; baseline -0.001 -19"><span class='ocrx_word' id='word_1_345' title='bbox 1918 2475 2231 2549; x_wconf 83' lang='lat' dir='ltr'><strong>Respondet</strong></span> <span class='ocrx_word' id='word_1_346' title='bbox 2259 2477 2528 2531; x_wconf 84' lang='lat' dir='ltr'><strong>Arnobius</strong></span> <span class='ocrx_word' id='word_1_347' title='bbox 2550 2477 2682 2542; x_wconf 86' lang='lat' dir='ltr'><strong>satis</strong></span> <span class='ocrx_word' id='word_1_348' title='bbox 2705 2475 2861 2536; x_wconf 86' lang='lat' dir='ltr'><strong>nobis</strong></span> <span class='ocrx_word' id='word_1_349' title='bbox 2895 2475 3024 2531; x_wconf 89' lang='lat' dir='ltr'><strong>illud</strong></span> <span class='ocrx_word' id='word_1_350' title='bbox 3055 2490 3196 2540; x_wconf 89' lang='lat' dir='ltr'><strong>esse,</strong></span> <span class='ocrx_word' id='word_1_351' title='bbox 3231 2474 3376 2546; x_wconf 91' lang='lat' dir='ltr'><strong>quod</strong></span> <span class='ocrx_word' id='word_1_352' title='bbox 3412 2490 3534 2529; x_wconf 89' lang='lat' dir='ltr'><strong>om-</strong></span> 
     </span>
    </p>
   </div>
   <div class='ocr_carea' id='block_1_52' title="bbox 1921 2569 3538 2645">
    <p class='ocr_par' dir='ltr' id='par_1_52' title="bbox 1921 2569 3538 2645">
     <span class='ocr_line' id='line_1_52' title="bbox 1921 2569 3538 2645; baseline -0.003 -17"><span class='ocrx_word' id='word_1_353' title='bbox 1921 2574 2170 2645; x_wconf 88' lang='lat' dir='ltr'><strong>nip0tens</strong></span> <span class='ocrx_word' id='word_1_354' title='bbox 2209 2573 2373 2634; x_wconf 83' lang='lat' dir='ltr'><strong>Deus,</strong></span> <span class='ocrx_word' id='word_1_355' title='bbox 2407 2573 2492 2626; x_wconf 90' lang='lat' dir='ltr'><strong>cui</strong></span> <span class='ocrx_word' id='word_1_356' title='bbox 2516 2571 2649 2631; x_wconf 85' lang='lat' dir='ltr'><strong>nihil</strong></span> <span class='ocrx_word' id='word_1_357' title='bbox 2674 2571 2940 2632; x_wconf 89' lang='lat' dir='ltr'><strong>obsistere</strong></span> <span class='ocrx_word' id='word_1_358' title='bbox 2969 2581 3166 2641; x_wconf 89' lang='lat' dir='ltr'><strong>potest,</strong></span> <span class='ocrx_word' id='word_1_359' title='bbox 3200 2586 3303 2625; x_wconf 91' lang='lat' dir='ltr'><strong>nos</strong></span> <span class='ocrx_word' id='word_1_360' title='bbox 3343 2569 3409 2625; x_wconf 90' lang='lat' dir='ltr'><strong>de</strong></span> <span class='ocrx_word' id='word_1_361' title='bbox 3437 2569 3538 2638; x_wconf 86' lang='lat' dir='ltr'><strong>hac</strong></span> 
     </span>
    </p>
   </div>
   <div class='ocr_carea' id='block_1_53' title="bbox 1919 2661 3534 2726">
    <p class='ocr_par' dir='ltr' id='par_1_53' title="bbox 1919 2661 3534 2726">
     <span class='ocr_line' id='line_1_53' title="bbox 1919 2661 3534 2726; baseline 0 -10"><span class='ocrx_word' id='word_1_362' title='bbox 1919 2666 2115 2719; x_wconf 84' lang='lat' dir='ltr'><strong>animae</strong></span> <span class='ocrx_word' id='word_1_363' title='bbox 2153 2674 2352 2720; x_wconf 83' lang='lat' dir='ltr'><strong>nostrae</strong></span> <span class='ocrx_word' id='word_1_364' title='bbox 2386 2664 2789 2726; x_wconf 84' lang='lat' dir='ltr'><strong>immortalitate</strong></span> <span class='ocrx_word' id='word_1_365' title='bbox 2824 2673 2980 2719; x_wconf 89' lang='lat' dir='ltr'><strong>certo</strong></span> <span class='ocrx_word' id='word_1_366' title='bbox 3015 2663 3204 2718; x_wconf 85' lang='lat' dir='ltr'><strong>fecerit</strong></span> <span class='ocrx_word' id='word_1_367' title='bbox 3247 2661 3534 2726; x_wconf 82' lang='lat' dir='ltr'><strong>certiores.</strong></span> 
     </span>
    </p>
   </div>
   <div class='ocr_carea' id='block_1_54' title="bbox 1921 2754 3536 2830">
    <p class='ocr_par' dir='ltr' id='par_1_54' title="bbox 1921 2754 3536 2830">
     <span class='ocr_line' id='line_1_54' title="bbox 1921 2754 3536 2830; baseline -0.001 -19"><span class='ocrx_word' id='word_1_368' title='bbox 1921 2757 2059 2826; x_wconf 85' lang='lat' dir='ltr'><strong>Quid</strong></span> <span class='ocrx_word' id='word_1_369' title='bbox 2085 2773 2213 2813; x_wconf 91' lang='lat' dir='ltr'><strong>vero</strong></span> <span class='ocrx_word' id='word_1_370' title='bbox 2241 2757 2384 2828; x_wconf 91' lang='lat' dir='ltr'><strong>quod</strong></span> <span class='ocrx_word' id='word_1_371' title='bbox 2408 2757 2626 2830; x_wconf 86' lang='lat' dir='ltr'><strong>ipsimet</strong></span> <span class='ocrx_word' id='word_1_372' title='bbox 2653 2755 2854 2820; x_wconf 89' lang='lat' dir='ltr'><strong>ethnici</strong></span> <span class='ocrx_word' id='word_1_373' title='bbox 2873 2754 3026 2809; x_wconf 87' lang='lat' dir='ltr'><strong>fateri</strong></span> <span class='ocrx_word' id='word_1_374' title='bbox 3050 2754 3386 2825; x_wconf 78' lang='lat' dir='ltr'><strong>cogebantur</strong></span> <span class='ocrx_word' id='word_1_375' title='bbox 3401 2754 3536 2810; x_wconf 91' lang='lat' dir='ltr'><strong>deos</strong></span> 
     </span>
    </p>
   </div>
   <div class='ocr_carea' id='block_1_55' title="bbox 1921 2845 3536 2923">
    <p class='ocr_par' dir='ltr' id='par_1_55' title="bbox 1921 2845 3536 2923">
     <span class='ocr_line' id='line_1_55' title="bbox 1921 2845 3536 2923; baseline -0.004 -16"><span class='ocrx_word' id='word_1_376' title='bbox 1921 2867 2050 2907; x_wconf 87' lang='lat' dir='ltr'><strong>suos</strong></span> <span class='ocrx_word' id='word_1_377' title='bbox 2079 2853 2193 2906; x_wconf 90' lang='lat' dir='ltr'><strong>sive</strong></span> <span class='ocrx_word' id='word_1_378' title='bbox 2220 2851 2438 2923; x_wconf 80' lang='lat' dir='ltr'><strong>angelos</strong></span> <span class='ocrx_word' id='word_1_379' title='bbox 2477 2858 2531 2905; x_wconf 90' lang='lat' dir='ltr'><strong>et</strong></span> <span class='ocrx_word' id='word_1_380' title='bbox 2555 2849 2833 2914; x_wconf 63' lang='lat' dir='ltr'><strong>daemones</strong></span> <span class='ocrx_word' id='word_1_381' title='bbox 2860 2846 3168 2919; x_wconf 74' lang='lat' dir='ltr'><strong>huiusmodi</strong></span> <span class='ocrx_word' id='word_1_382' title='bbox 3197 2845 3390 2900; x_wconf 70' lang='lat' dir='ltr'><strong>mediae</strong></span> <span class='ocrx_word' id='word_1_383' title='bbox 3412 2859 3536 2900; x_wconf 88' lang='lat' dir='ltr'><strong>esse</strong></span> 
     </span>
    </p>
   </div>
   <div class='ocr_carea' id='block_1_56' title="bbox 1923 2939 3531 3017">
    <p class='ocr_par' dir='ltr' id='par_1_56' title="bbox 1923 2939 3531 3017">
     <span class='ocr_line' id='line_1_56' title="bbox 1923 2939 3531 3017; baseline -0.003 -19"><span class='ocrx_word' id='word_1_384' title='bbox 1923 2947 2194 3017; x_wconf 85' lang='lat' dir='ltr'><strong>qualitatis</strong></span> <span class='ocrx_word' id='word_1_385' title='bbox 2214 2961 2230 3005; x_wconf 87' lang='lat'><strong>;</strong></span> <span class='ocrx_word' id='word_1_386' title='bbox 2254 2942 2687 3015; x_wconf 89' lang='lat' dir='ltr'><strong>quandoquidem</strong></span> <span class='ocrx_word' id='word_1_387' title='bbox 2709 2957 2804 3004; x_wconf 86' lang='lat' dir='ltr'><strong>eos</strong></span> <span class='ocrx_word' id='word_1_388' title='bbox 2824 2939 3112 3013; x_wconf 88' lang='lat' dir='ltr'><strong>aliquando</strong></span> <span class='ocrx_word' id='word_1_389' title='bbox 3140 2949 3318 3006; x_wconf 89' lang='lat' dir='ltr'><strong>natos,</strong></span> <span class='ocrx_word' id='word_1_390' title='bbox 3345 2949 3531 3010; x_wconf 87' lang='lat' dir='ltr'><strong>postea</strong></span> 
     </span>
    </p>
   </div>
   <div class='ocr_carea' id='block_1_57' title="bbox 1923 3033 3536 3116">
    <p class='ocr_par' dir='ltr' id='par_1_57' title="bbox 1923 3033 3536 3116">
     <span class='ocr_line' id='line_1_57' title="bbox 1923 3033 3536 3116; baseline -0.002 -24"><span class='ocrx_word' id='word_1_391' title='bbox 1923 3053 2174 3116; x_wconf 75' lang='lat' dir='ltr'><strong>suprema</strong></span> <span class='ocrx_word' id='word_1_392' title='bbox 2202 3037 2293 3092; x_wconf 92' lang='lat' dir='ltr'><strong>Dei</strong></span> <span class='ocrx_word' id='word_1_393' title='bbox 2327 3038 2494 3111; x_wconf 90' lang='lat' dir='ltr'><strong>patris</strong></span> <span class='ocrx_word' id='word_1_394' title='bbox 2523 3037 2818 3105; x_wconf 87' lang='lat' dir='ltr'><strong>voluntate,</strong></span> <span class='ocrx_word' id='word_1_395' title='bbox 2852 3036 3006 3090; x_wconf 88' lang='lat' dir='ltr'><strong>sicuti</strong></span> <span class='ocrx_word' id='word_1_396' title='bbox 3037 3033 3193 3089; x_wconf 89' lang='lat' dir='ltr'><strong>Plato</strong></span> <span class='ocrx_word' id='word_1_397' title='bbox 3223 3033 3408 3098; x_wconf 88' lang='lat' dir='ltr'><strong>docet,</strong></span> <span class='ocrx_word' id='word_1_398' title='bbox 3434 3033 3536 3088; x_wconf 91' lang='lat' dir='ltr'><strong>im-</strong></span> 
     </span>
    </p>
   </div>
   <div class='ocr_carea' id='block_1_58' title="bbox 215 3122 2806 3217">
    <p class='ocr_par' dir='ltr' id='par_1_58' title="bbox 215 3122 2806 3217">
     <span class='ocr_line' id='line_1_58' title="bbox 215 3122 2806 3217; baseline -0.003 -36"><span class='ocrx_word' id='word_1_399' title='bbox 215 3128 275 3183; x_wconf 89' lang='lat' dir='ltr'><strong>ab</strong></span> <span class='ocrx_word' id='word_1_400' title='bbox 304 3129 411 3195; x_wconf 91' lang='lat' dir='ltr'><strong>illo,</strong></span> <span class='ocrx_word' id='word_1_401' title='bbox 443 3129 512 3183; x_wconf 91' lang='lat' dir='ltr'><strong>de</strong></span> <span class='ocrx_word' id='word_1_402' title='bbox 537 3143 651 3201; x_wconf 91' lang='lat' dir='ltr'><strong>quo</strong></span> <span class='ocrx_word' id='word_1_403' title='bbox 676 3128 880 3182; x_wconf 90' lang='lat' dir='ltr'><strong>dictum</strong></span> <span class='ocrx_word' id='word_1_404' title='bbox 907 3136 1018 3192; x_wconf 89' lang='lat' dir='ltr'><strong>est,</strong></span> <span class='ocrx_word' id='word_1_405' title='bbox 1065 3123 1495 3196; x_wconf 78' lang='lat' dir='ltr'><strong>quadragenario</strong></span> <span class='ocrx_word' id='word_1_406' title='bbox 1523 3122 1742 3178; x_wconf 89' lang='lat' dir='ltr'><strong>homine</strong></span> <span class='ocrx_word' id='word_1_407' title='bbox 1772 3125 1815 3176; x_wconf 90' lang='lat' dir='ltr'><strong>si</strong></span> <span class='ocrx_word' id='word_1_408' title='bbox 1845 3157 1890 3217; x_wconf 63' lang='grc' dir='ltr'><strong>ρ</strong></span> <span class='ocrx_word' id='word_1_409' title='bbox 1926 3132 2183 3192; x_wconf 55' lang='lat' dir='ltr'><strong>mortales</strong></span> <span class='ocrx_word' id='word_1_410' title='bbox 2206 3129 2376 3190; x_wconf 67' lang='grc' dir='ltr'><strong>ῑςιειοε</strong></span> <span class='ocrx_word' id='word_1_411' title='bbox 2405 3131 2806 3197; x_wconf 63' lang='lat' dir='ltr'><strong>existimabam,</strong></span> 
     </span>
    </p>
   </div>
   <div class='ocr_carea' id='block_1_59' title="bbox 214 3215 1818 3292">
    <p class='ocr_par' dir='ltr' id='par_1_59' title="bbox 214 3215 1818 3292">
     <span class='ocr_line' id='line_1_59' title="bbox 214 3215 1818 3292; baseline -0.007 -15"><span class='ocrx_word' id='word_1_412' title='bbox 214 3222 329 3292; x_wconf 90' lang='lat' dir='ltr'><strong>quid</strong></span> <span class='ocrx_word' id='word_1_413' title='bbox 358 3222 426 3276; x_wconf 90' lang='lat' dir='ltr'><strong>de</strong></span> <span class='ocrx_word' id='word_1_414' title='bbox 453 3220 918 3290; x_wconf 73' lang='lat' dir='ltr'><strong>multiplicandis,</strong></span> <span class='ocrx_word' id='word_1_415' title='bbox 972 3226 1064 3283; x_wconf 86' lang='lat' dir='ltr'><strong>aut</strong></span> <span class='ocrx_word' id='word_1_416' title='bbox 1099 3216 1404 3271; x_wconf 86' lang='lat' dir='ltr'><strong>dividendis</strong></span> <span class='ocrx_word' id='word_1_417' title='bbox 1427 3215 1691 3277; x_wconf 90' lang='lat' dir='ltr'><strong>numeris,</strong></span> <span class='ocrx_word' id='word_1_418' title='bbox 1725 3223 1818 3270; x_wconf 89' lang='lat' dir='ltr'><strong>aut</strong></span> 
     </span>
    </p>
   </div>
   <div class='ocr_carea' id='block_1_60' title="bbox 216 3307 1820 3384">
    <p class='ocr_par' dir='ltr' id='par_1_60' title="bbox 216 3307 1820 3384">
     <span class='ocr_line' id='line_1_60' title="bbox 216 3307 1820 3384; baseline -0.004 -18"><span class='ocrx_word' id='word_1_419' title='bbox 216 3313 484 3384; x_wconf 82' lang='lat' dir='ltr'><strong>triangulis</strong></span> <span class='ocrx_word' id='word_1_420' title='bbox 504 3325 560 3367; x_wconf 88' lang='lat' dir='ltr'><strong>et</strong></span> <span class='ocrx_word' id='word_1_421' title='bbox 584 3312 860 3382; x_wconf 88' lang='lat' dir='ltr'><strong>quadratis</strong></span> <span class='ocrx_word' id='word_1_422' title='bbox 879 3311 1140 3381; x_wconf 90' lang='lat' dir='ltr'><strong>inquiras,</strong></span> <span class='ocrx_word' id='word_1_423' title='bbox 1157 3320 1337 3362; x_wconf 88' lang='lat' dir='ltr'><strong>mutus</strong></span> <span class='ocrx_word' id='word_1_424' title='bbox 1350 3307 1572 3382; x_wconf 82' lang='lat' dir='ltr'><strong>omnino</strong></span> <span class='ocrx_word' id='word_1_425' title='bbox 1589 3307 1711 3370; x_wconf 86' lang='lat' dir='ltr'><strong>erit,</strong></span> <span class='ocrx_word' id='word_1_426' title='bbox 1727 3317 1820 3367; x_wconf 90' lang='lat' dir='ltr'><strong>aut</strong></span> 
     </span>
    </p>
   </div>
   <div class='ocr_carea' id='block_1_61' title="bbox 214 3399 1816 3479">
    <p class='ocr_par' dir='ltr' id='par_1_61' title="bbox 214 3399 1816 3479">
     <span class='ocr_line' id='line_1_61' title="bbox 214 3399 1816 3479; baseline -0.007 -15"><span class='ocrx_word' id='word_1_427' title='bbox 214 3409 557 3479; x_wconf 88' lang='lat' dir='ltr'><strong>respondebit</strong></span> <span class='ocrx_word' id='word_1_428' title='bbox 578 3423 685 3462; x_wconf 92' lang='lat' dir='ltr'><strong>non</strong></span> <span class='ocrx_word' id='word_1_429' title='bbox 703 3405 921 3477; x_wconf 83' lang='lat' dir='ltr'><strong>quidem</strong></span> <span class='ocrx_word' id='word_1_430' title='bbox 940 3420 1003 3473; x_wconf 64' lang='lat' dir='ltr'><strong>ert</strong></span> <span class='ocrx_word' id='word_1_431' title='bbox 1029 3406 1150 3475; x_wconf 85' lang='lat' dir='ltr'><strong>ficta</strong></span> <span class='ocrx_word' id='word_1_432' title='bbox 1179 3419 1208 3456; x_wconf 92' lang='lat' dir='ltr'><strong>a</strong></span> <span class='ocrx_word' id='word_1_433' title='bbox 1234 3401 1458 3456; x_wconf 82' lang='lat' dir='ltr'><strong>Platone</strong></span> <span class='ocrx_word' id='word_1_434' title='bbox 1480 3399 1816 3477; x_wconf 75' lang='lat' dir='ltr'><strong>cognitorum</strong></span> 
     </span>
    </p>
   </div>
   <div class='ocr_carea' id='block_1_62' title="bbox 215 3479 1820 3564">
    <p class='ocr_par' dir='ltr' id='par_1_62' title="bbox 215 3479 1820 3564">
     <span class='ocr_line' id='line_1_62' title="bbox 215 3479 1820 3564; baseline -0.004 -10"><span class='ocrx_word' id='word_1_435' title='bbox 215 3502 329 3554; x_wconf 88' lang='lat' dir='ltr'><strong>olim</strong></span> <span class='ocrx_word' id='word_1_436' title='bbox 355 3516 546 3557; x_wconf 88' lang='lat' dir='ltr'><strong>rerum</strong></span> <span class='ocrx_word' id='word_1_437' title='bbox 580 3500 863 3564; x_wconf 83' lang='lat' dir='ltr'><strong>memoria,</strong></span> <span class='ocrx_word' id='word_1_438' title='bbox 911 3496 1004 3552; x_wconf 89' lang='lat' dir='ltr'><strong>sed</strong></span> <span class='ocrx_word' id='word_1_439' title='bbox 1035 3511 1100 3550; x_wconf 69' lang='lat' dir='ltr'><strong>ex</strong></span> <span class='ocrx_word' id='word_1_440' title='bbox 1131 3496 1195 3549; x_wconf 88' lang='lat' dir='ltr'><strong>iis</strong></span> <span class='ocrx_word' id='word_1_441' title='bbox 1232 3479 1692 3564; x_wconf 70' lang='lat' dir='ltr'><strong>qumquotidiano</strong></span> <span class='ocrx_word' id='word_1_442' title='bbox 1721 3507 1820 3547; x_wconf 92' lang='lat' dir='ltr'><strong>usu</strong></span> 
     </span>
    </p>
   </div>
   <div class='ocr_carea' id='block_1_63' title="bbox 215 3584 1820 3658">
    <p class='ocr_par' dir='ltr' id='par_1_63' title="bbox 215 3584 1820 3658">
     <span class='ocr_line' id='line_1_63' title="bbox 215 3584 1820 3658; baseline -0.006 -11"><span class='ocrx_word' id='word_1_443' title='bbox 215 3592 408 3649; x_wconf 85' lang='lat' dir='ltr'><strong>didicit.</strong></span> <span class='ocrx_word' id='word_1_444' title='bbox 441 3591 710 3657; x_wconf 83' lang='lat' dir='ltr'><strong>Homines</strong></span> <span class='ocrx_word' id='word_1_445' title='bbox 754 3591 1030 3645; x_wconf 87' lang='lat' dir='ltr'><strong>enimvero</strong></span> <span class='ocrx_word' id='word_1_446' title='bbox 1060 3588 1435 3658; x_wconf 88' lang='lat' dir='ltr'><strong>magistrorum</strong></span> <span class='ocrx_word' id='word_1_447' title='bbox 1477 3599 1697 3640; x_wconf 89' lang='lat' dir='ltr'><strong>suorum</strong></span> <span class='ocrx_word' id='word_1_448' title='bbox 1735 3584 1820 3638; x_wconf 85' lang='lat' dir='ltr'><strong>in-</strong></span> 
     </span>
    </p>
   </div>
   <div class='ocr_carea' id='block_1_64' title="bbox 216 3675 1823 3753">
    <p class='ocr_par' dir='ltr' id='par_1_64' title="bbox 216 3675 1823 3753">
     <span class='ocr_line' id='line_1_64' title="bbox 216 3675 1823 3753; baseline -0.006 -12"><span class='ocrx_word' id='word_1_449' title='bbox 216 3687 508 3749; x_wconf 86' lang='lat' dir='ltr'><strong>stitutione,</strong></span> <span class='ocrx_word' id='word_1_450' title='bbox 535 3681 997 3753; x_wconf 87' lang='lat' dir='ltr'><strong>quemadmodum</strong></span> <span class='ocrx_word' id='word_1_451' title='bbox 1029 3679 1279 3734; x_wconf 89' lang='lat' dir='ltr'><strong>animalia</strong></span> <span class='ocrx_word' id='word_1_452' title='bbox 1302 3693 1402 3732; x_wconf 90' lang='lat' dir='ltr'><strong>usu</strong></span> <span class='ocrx_word' id='word_1_453' title='bbox 1426 3687 1481 3732; x_wconf 90' lang='lat' dir='ltr'><strong>et</strong></span> <span class='ocrx_word' id='word_1_454' title='bbox 1509 3675 1823 3732; x_wconf 83' lang='lat' dir='ltr'><strong>assiduitate</strong></span> 
     </span>
    </p>
   </div>
   <div class='ocr_carea' id='block_1_65' title="bbox 215 3769 1824 3845">
    <p class='ocr_par' dir='ltr' id='par_1_65' title="bbox 215 3769 1824 3845">
     <span class='ocr_line' id='line_1_65' title="bbox 215 3769 1824 3845; baseline -0.006 -11"><span class='ocrx_word' id='word_1_455' title='bbox 215 3778 554 3834; x_wconf 89' lang='lat' dir='ltr'><strong>erudiuntur.</strong></span> <span class='ocrx_word' id='word_1_456' title='bbox 601 3777 794 3830; x_wconf 83' lang='lat' dir='ltr'><strong>Anima</strong></span> <span class='ocrx_word' id='word_1_457' title='bbox 825 3775 984 3845; x_wconf 80' lang='lat' dir='ltr'><strong>igitur</strong></span> <span class='ocrx_word' id='word_1_458' title='bbox 1022 3774 1276 3838; x_wconf 89' lang='lat' dir='ltr'><strong>humana,</strong></span> <span class='ocrx_word' id='word_1_459' title='bbox 1301 3771 1538 3827; x_wconf 90' lang='lat' dir='ltr'><strong>scientiis</strong></span> <span class='ocrx_word' id='word_1_460' title='bbox 1573 3769 1824 3825; x_wconf 88' lang='lat' dir='ltr'><strong>omnibus</strong></span> 
     </span>
    </p>
   </div>
   <div class='ocr_carea' id='block_1_66' title="bbox 217 3864 1823 3940">
    <p class='ocr_par' dir='ltr' id='par_1_66' title="bbox 217 3864 1823 3940">
     <span class='ocr_line' id='line_1_66' title="bbox 217 3864 1823 3940; baseline -0.004 -14"><span class='ocrx_word' id='word_1_461' title='bbox 217 3874 495 3937; x_wconf 85' lang='lat' dir='ltr'><strong>instructa,</strong></span> <span class='ocrx_word' id='word_1_462' title='bbox 523 3871 633 3925; x_wconf 87' lang='lat' dir='ltr'><strong>huc</strong></span> <span class='ocrx_word' id='word_1_463' title='bbox 655 3886 761 3923; x_wconf 92' lang='lat' dir='ltr'><strong>non</strong></span> <span class='ocrx_word' id='word_1_464' title='bbox 785 3867 1114 3922; x_wconf 85' lang='lat' dir='ltr'><strong>adventavit.</strong></span> <span class='ocrx_word' id='word_1_465' title='bbox 1139 3867 1342 3921; x_wconf 89' lang='lat' dir='ltr'><strong>Docere</strong></span> <span class='ocrx_word' id='word_1_466' title='bbox 1363 3864 1625 3937; x_wconf 86' lang='lat' dir='ltr'><strong>siquidem</strong></span> <span class='ocrx_word' id='word_1_467' title='bbox 1644 3864 1823 3940; x_wconf 89' lang='lat' dir='ltr'><strong>potius</strong></span> 
     </span>
    </p>
   </div>
   <div class='ocr_carea' id='block_1_67' title="bbox 216 3960 882 4033">
    <p class='ocr_par' dir='ltr' id='par_1_67' title="bbox 216 3960 882 4033">
     <span class='ocr_line' id='line_1_67' title="bbox 216 3960 882 4033; baseline -0.009 -15"><span class='ocrx_word' id='word_1_468' title='bbox 216 3961 449 4029; x_wconf 90' lang='lat' dir='ltr'><strong>deberet,</strong></span> <span class='ocrx_word' id='word_1_469' title='bbox 481 3977 646 4033; x_wconf 90' lang='lat' dir='ltr'><strong>quam</strong></span> <span class='ocrx_word' id='word_1_470' title='bbox 678 3960 882 4015; x_wconf 89' lang='lat' dir='ltr'><strong>doceri.</strong></span> 
     </span>
    </p>
   </div>
   <div class='ocr_carea' id='block_1_68' title="bbox 283 4048 1820 4128">
    <p class='ocr_par' dir='ltr' id='par_1_68' title="bbox 283 4048 1820 4128">
     <span class='ocr_line' id='line_1_68' title="bbox 283 4048 1820 4128; baseline -0.007 -15"><span class='ocrx_word' id='word_1_471' title='bbox 283 4057 468 4128; x_wconf 78' lang='lat' dir='ltr'><strong>Neque</strong></span> <span class='ocrx_word' id='word_1_472' title='bbox 507 4055 714 4112; x_wconf 81' lang='lat' dir='ltr'><strong>dixeris</strong></span> <span class='ocrx_word' id='word_1_473' title='bbox 751 4060 984 4108; x_wconf 81' lang='lat' dir='ltr'><strong>animam</strong></span> <span class='ocrx_word' id='word_1_474' title='bbox 1008 4093 1023 4117; x_wconf 88' lang='lat'><strong>,</strong></span> <span class='ocrx_word' id='word_1_475' title='bbox 1065 4051 1155 4106; x_wconf 90' lang='lat' dir='ltr'><strong>ubi</strong></span> <span class='ocrx_word' id='word_1_476' title='bbox 1193 4050 1410 4126; x_wconf 76' lang='lat' dir='ltr'><strong>‘corpori</strong></span> <span class='ocrx_word' id='word_1_477' title='bbox 1455 4048 1820 4120; x_wconf 75' lang='lat' dir='ltr'><strong>coniungitur,</strong></span> 
     </span>
    </p>
   </div>
   <div class='ocr_carea' id='block_1_69' title="bbox 217 4145 1824 4224">
    <p class='ocr_par' dir='ltr' id='par_1_69' title="bbox 217 4145 1824 4224">
     <span class='ocr_line' id='line_1_69' title="bbox 217 4145 1824 4224; baseline -0.008 -16"><span class='ocrx_word' id='word_1_478' title='bbox 217 4153 452 4224; x_wconf 88' lang='lat' dir='ltr'><strong>priorum</strong></span> <span class='ocrx_word' id='word_1_479' title='bbox 483 4150 754 4216; x_wconf 73' lang='lat' dir='ltr'><strong>oblivisci,</strong></span> <span class='ocrx_word' id='word_1_480' title='bbox 785 4159 966 4218; x_wconf 87' lang='lat' dir='ltr'><strong>atque,</strong></span> <span class='ocrx_word' id='word_1_481' title='bbox 998 4155 1057 4202; x_wconf 88' lang='lat' dir='ltr'><strong>ut</strong></span> <span class='ocrx_word' id='word_1_482' title='bbox 1084 4147 1253 4210; x_wconf 88' lang='lat' dir='ltr'><strong>aiunt,</strong></span> <span class='ocrx_word' id='word_1_483' title='bbox 1284 4163 1346 4204; x_wconf 76' lang='lat' dir='ltr'><strong>ex</strong></span> <span class='ocrx_word' id='word_1_484' title='bbox 1371 4145 1518 4217; x_wconf 71' lang='lat' dir='ltr'><strong>docto</strong></span> <span class='ocrx_word' id='word_1_485' title='bbox 1554 4146 1824 4200; x_wconf 83' lang='lat' dir='ltr'><strong>elementa-</strong></span> 
     </span>
    </p>
   </div>
   <div class='ocr_carea' id='block_1_70' title="bbox 218 4227 1824 4316">
    <p class='ocr_par' dir='ltr' id='par_1_70' title="bbox 218 4227 1824 4316">
     <span class='ocr_line' id='line_1_70' title="bbox 218 4227 1824 4316; baseline -0.005 -16"><span class='ocrx_word' id='word_1_486' title='bbox 218 4248 339 4300; x_wconf 78' lang='lat' dir='ltr'><strong>riam</strong></span> <span class='ocrx_word' id='word_1_487' title='bbox 368 4248 506 4316; x_wconf 78' lang='lat' dir='ltr'><strong>ﬁeri,</strong></span> <span class='ocrx_word' id='word_1_488' title='bbox 544 4244 596 4299; x_wconf 95' lang='lat' dir='ltr'><strong>id</strong></span> <span class='ocrx_word' id='word_1_489' title='bbox 623 4254 727 4308; x_wconf 86' lang='lat' dir='ltr'><strong>est,</strong></span> <span class='ocrx_word' id='word_1_490' title='bbox 761 4241 950 4312; x_wconf 83' lang='lat' dir='ltr'><strong>primis</strong></span> <span class='ocrx_word' id='word_1_491' title='bbox 979 4227 1264 4295; x_wconf 85' lang='lat' dir='ltr'><strong>elementis</strong></span> <span class='ocrx_word' id='word_1_492' title='bbox 1305 4238 1671 4293; x_wconf 80' lang='lat' dir='ltr'><strong>imbuendum.</strong></span> <span class='ocrx_word' id='word_1_493' title='bbox 1704 4237 1824 4292; x_wconf 88' lang='lat' dir='ltr'><strong>Pri-</strong></span> 
     </span>
    </p>
   </div>
   <div class='ocr_carea' id='block_1_71' title="bbox 220 4329 1831 4401">
    <p class='ocr_par' dir='ltr' id='par_1_71' title="bbox 220 4329 1831 4401">
     <span class='ocr_line' id='line_1_71' title="bbox 220 4329 1831 4401; baseline -0.007 -7"><span class='ocrx_word' id='word_1_494' title='bbox 220 4355 359 4396; x_wconf 88' lang='lat' dir='ltr'><strong>mum</strong></span> <span class='ocrx_word' id='word_1_495' title='bbox 383 4341 534 4395; x_wconf 89' lang='lat' dir='ltr'><strong>enim</strong></span> <span class='ocrx_word' id='word_1_496' title='bbox 563 4338 678 4400; x_wconf 82' lang='lat' dir='ltr'><strong>illa,</strong></span> <span class='ocrx_word' id='word_1_497' title='bbox 713 4335 1033 4390; x_wconf 88' lang='lat' dir='ltr'><strong>docentibus</strong></span> <span class='ocrx_word' id='word_1_498' title='bbox 1070 4333 1261 4387; x_wconf 89' lang='lat' dir='ltr'><strong>iisdem</strong></span> <span class='ocrx_word' id='word_1_499' title='bbox 1293 4329 1649 4401; x_wconf 89' lang='lat' dir='ltr'><strong>philosophis,</strong></span> <span class='ocrx_word' id='word_1_500' title='bbox 1691 4332 1831 4386; x_wconf 85' lang='lat' dir='ltr'><strong>sitn-</strong></span> 
     </span>
    </p>
   </div>
   <div class='ocr_carea' id='block_1_72' title="bbox 221 4425 1825 4503">
    <p class='ocr_par' dir='ltr' id='par_1_72' title="bbox 221 4425 1825 4503">
     <span class='ocr_line' id='line_1_72' title="bbox 221 4425 1825 4503; baseline -0.005 -15"><span class='ocrx_word' id='word_1_501' title='bbox 221 4433 367 4503; x_wconf 78' lang='lat' dir='ltr'><strong>plicis</strong></span> <span class='ocrx_word' id='word_1_502' title='bbox 397 4447 455 4486; x_wconf 90' lang='lat' dir='ltr'><strong>et</strong></span> <span class='ocrx_word' id='word_1_503' title='bbox 497 4440 836 4498; x_wconf 70' lang='lat' dir='ltr'><strong>incorpnrcm</strong></span> <span class='ocrx_word' id='word_1_504' title='bbox 877 4438 958 4483; x_wconf 91' lang='lat' dir='ltr'><strong>est</strong></span> <span class='ocrx_word' id='word_1_505' title='bbox 984 4427 1319 4483; x_wconf 74' lang='lat' dir='ltr'><strong>substantim.</strong></span> <span class='ocrx_word' id='word_1_506' title='bbox 1355 4425 1649 4494; x_wconf 76' lang='lat' dir='ltr'><strong>Conpmcta</strong></span> <span class='ocrx_word' id='word_1_507' title='bbox 1695 4440 1825 4495; x_wconf 79' lang='lat' dir='ltr'><strong>ergo</strong></span> 
     </span>
    </p>
   </div>
   <div class='ocr_carea' id='block_1_73' title="bbox 222 4519 1826 4597">
    <p class='ocr_par' dir='ltr' id='par_1_73' title="bbox 222 4519 1826 4597">
     <span class='ocr_line' id='line_1_73' title="bbox 222 4519 1826 4597; baseline -0.004 -17"><span class='ocrx_word' id='word_1_508' title='bbox 222 4527 431 4597; x_wconf 84' lang='lat' dir='ltr'><strong>corpori</strong></span> <span class='ocrx_word' id='word_1_509' title='bbox 462 4524 596 4580; x_wconf 89' lang='lat' dir='ltr'><strong>nihil</strong></span> <span class='ocrx_word' id='word_1_510' title='bbox 628 4521 926 4594; x_wconf 84' lang='lat' dir='ltr'><strong>spiritualis</strong></span> <span class='ocrx_word' id='word_1_511' title='bbox 953 4531 1180 4585; x_wconf 59' lang='lat' dir='ltr'><strong>natura},</strong></span> <span class='ocrx_word' id='word_1_512' title='bbox 1212 4530 1265 4573; x_wconf 93' lang='lat' dir='ltr'><strong>et</strong></span> <span class='ocrx_word' id='word_1_513' title='bbox 1296 4519 1535 4591; x_wconf 80' lang='lat' dir='ltr'><strong>priStin:e</strong></span> <span class='ocrx_word' id='word_1_514' title='bbox 1566 4521 1826 4590; x_wconf 88' lang='lat' dir='ltr'><strong>cognitio-</strong></span> 
     </span>
    </p>
   </div>
   <div class='ocr_carea' id='block_1_74' title="bbox 221 4613 1826 4686">
    <p class='ocr_par' dir='ltr' id='par_1_74' title="bbox 221 4613 1826 4686">
     <span class='ocr_line' id='line_1_74' title="bbox 221 4613 1826 4686; baseline -0.004 -14"><span class='ocrx_word' id='word_1_515' title='bbox 221 4620 300 4673; x_wconf 89' lang='lat' dir='ltr'><strong>nis</strong></span> <span class='ocrx_word' id='word_1_516' title='bbox 324 4620 581 4674; x_wconf 88' lang='lat' dir='ltr'><strong>amittcre</strong></span> <span class='ocrx_word' id='word_1_517' title='bbox 633 4626 828 4686; x_wconf 90' lang='lat' dir='ltr'><strong>potest.</strong></span> <span class='ocrx_word' id='word_1_518' title='bbox 865 4614 1104 4669; x_wconf 79' lang='lat' dir='ltr'><strong>Mortalis</strong></span> <span class='ocrx_word' id='word_1_519' title='bbox 1129 4613 1326 4686; x_wconf 85' lang='lat' dir='ltr'><strong>quippe</strong></span> <span class='ocrx_word' id='word_1_520' title='bbox 1370 4622 1423 4667; x_wconf 91' lang='lat' dir='ltr'><strong>et</strong></span> <span class='ocrx_word' id='word_1_521' title='bbox 1461 4613 1826 4685; x_wconf 87' lang='lat' dir='ltr'><strong>corruptibilis</strong></span> 
     </span>
    </p>
   </div>
   <div class='ocr_carea' id='block_1_75' title="bbox 222 4705 1825 4780">
    <p class='ocr_par' dir='ltr' id='par_1_75' title="bbox 222 4705 1825 4780">
     <span class='ocr_line' id='line_1_75' title="bbox 222 4705 1825 4780; baseline -0.004 -14"><span class='ocrx_word' id='word_1_522' title='bbox 222 4715 389 4769; x_wconf 82' lang='lat' dir='ltr'><strong>fieret.</strong></span> <span class='ocrx_word' id='word_1_523' title='bbox 423 4711 634 4768; x_wconf 84' lang='lat' dir='ltr'><strong>Deinde</strong></span> <span class='ocrx_word' id='word_1_524' title='bbox 677 4708 894 4780; x_wconf 88' lang='lat' dir='ltr'><strong>quando</strong></span> <span class='ocrx_word' id='word_1_525' title='bbox 940 4708 1028 4762; x_wconf 88' lang='lat' dir='ltr'><strong>illa</strong></span> <span class='ocrx_word' id='word_1_526' title='bbox 1076 4722 1271 4777; x_wconf 85' lang='lat' dir='ltr'><strong>corpus</strong></span> <span class='ocrx_word' id='word_1_527' title='bbox 1319 4705 1543 4774; x_wconf 89' lang='lat' dir='ltr'><strong>animat,</strong></span> <span class='ocrx_word' id='word_1_528' title='bbox 1596 4707 1825 4774; x_wconf 86' lang='lat' dir='ltr'><strong>plurium</strong></span> 
     </span>
    </p>
   </div>
   <div class='ocr_carea' id='block_1_76' title="bbox 219 4800 1829 4877">
    <p class='ocr_par' dir='ltr' id='par_1_76' title="bbox 219 4800 1829 4877">
     <span class='ocr_line' id='line_1_76' title="bbox 219 4800 1829 4877; baseline -0.003 -18"><span class='ocrx_word' id='word_1_529' title='bbox 219 4817 337 4872; x_wconf 82' lang='lat' dir='ltr'><strong>ante</strong></span> <span class='ocrx_word' id='word_1_530' title='bbox 362 4807 641 4877; x_wconf 83' lang='lat' dir='ltr'><strong>octoginta</strong></span> <span class='ocrx_word' id='word_1_531' title='bbox 669 4813 828 4874; x_wconf 88' lang='lat' dir='ltr'><strong>atque</strong></span> <span class='ocrx_word' id='word_1_532' title='bbox 874 4801 1104 4872; x_wconf 86' lang='lat' dir='ltr'><strong>amplius</strong></span> <span class='ocrx_word' id='word_1_533' title='bbox 1134 4815 1303 4855; x_wconf 88' lang='lat' dir='ltr'><strong>annos</strong></span> <span class='ocrx_word' id='word_1_534' title='bbox 1333 4815 1362 4853; x_wconf 90' lang='lat' dir='ltr'><strong>a</strong></span> <span class='ocrx_word' id='word_1_535' title='bbox 1395 4815 1453 4854; x_wconf 88' lang='lat' dir='ltr'><strong>se</strong></span> <span class='ocrx_word' id='word_1_536' title='bbox 1483 4800 1741 4854; x_wconf 90' lang='lat' dir='ltr'><strong>factorum</strong></span> <span class='ocrx_word' id='word_1_537' title='bbox 1775 4811 1829 4854; x_wconf 91' lang='lat' dir='ltr'><strong>et</strong></span> 
     </span>
    </p>
   </div>
   <div class='ocr_carea' id='block_1_77' title="bbox 221 4890 1822 4962">
    <p class='ocr_par' dir='ltr' id='par_1_77' title="bbox 221 4890 1822 4962">
     <span class='ocr_line' id='line_1_77' title="bbox 221 4890 1822 4962; baseline -0.004 -11"><span class='ocrx_word' id='word_1_538' title='bbox 221 4899 562 4959; x_wconf 86' lang='lat' dir='ltr'><strong>auditorum.</strong></span> <span class='ocrx_word' id='word_1_539' title='bbox 601 4895 950 4955; x_wconf 84' lang='lat' dir='ltr'><strong>recordatur;</strong></span> <span class='ocrx_word' id='word_1_540' title='bbox 996 4892 1164 4947; x_wconf 90' lang='lat' dir='ltr'><strong>multo</strong></span> <span class='ocrx_word' id='word_1_541' title='bbox 1202 4905 1334 4962; x_wconf 88' lang='lat' dir='ltr'><strong>ergo</strong></span> <span class='ocrx_word' id='word_1_542' title='bbox 1371 4891 1542 4961; x_wconf 86' lang='lat' dir='ltr'><strong>magis</strong></span> <span class='ocrx_word' id='word_1_543' title='bbox 1585 4890 1822 4958; x_wconf 87' lang='lat' dir='ltr'><strong>illormn,</strong></span> 
     </span>
    </p>
   </div>
   <div class='ocr_carea' id='block_1_78' title="bbox 221 4983 1826 5061">
    <p class='ocr_par' dir='ltr' id='par_1_78' title="bbox 221 4983 1826 5061">
     <span class='ocr_line' id='line_1_78' title="bbox 221 4983 1826 5061; baseline -0.006 -17"><span class='ocrx_word' id='word_1_544' title='bbox 221 5007 335 5061; x_wconf 63' lang='lat' dir='ltr'><strong>qua:</strong></span> <span class='ocrx_word' id='word_1_545' title='bbox 357 5001 485 5045; x_wconf 90' lang='lat' dir='ltr'><strong>ante</strong></span> <span class='ocrx_word' id='word_1_546' title='bbox 517 5005 668 5044; x_wconf 90' lang='lat' dir='ltr'><strong>suam</strong></span> <span class='ocrx_word' id='word_1_547' title='bbox 699 5001 930 5055; x_wconf 86' lang='lat' dir='ltr'><strong>corpore</strong></span> <span class='ocrx_word' id='word_1_548' title='bbox 955 4985 1353 5055; x_wconf 86' lang='lat' dir='ltr'><strong>copulationem</strong></span> <span class='ocrx_word' id='word_1_549' title='bbox 1393 4992 1638 5046; x_wconf 83' lang='lat' dir='ltr'><strong>noverat,</strong></span> <span class='ocrx_word' id='word_1_550' title='bbox 1668 4983 1826 5037; x_wconf 90' lang='lat' dir='ltr'><strong>remi-</strong></span> 
     </span>
    </p>
   </div>
   <div class='ocr_carea' id='block_1_79' title="bbox 222 5073 1830 5149">
    <p class='ocr_par' dir='ltr' id='par_1_79' title="bbox 222 5073 1830 5149">
     <span class='ocr_line' id='line_1_79' title="bbox 222 5073 1830 5149; baseline -0.005 -12"><span class='ocrx_word' id='word_1_551' title='bbox 222 5085 354 5138; x_wconf 86' lang='lat' dir='ltr'><strong>nisci</strong></span> <span class='ocrx_word' id='word_1_552' title='bbox 383 5084 627 5138; x_wconf 70' lang='lat' dir='ltr'><strong>deberet.</strong></span> <span class='ocrx_word' id='word_1_553' title='bbox 664 5080 948 5149; x_wconf 78' lang='lat' dir='ltr'><strong>Postremo</strong></span> <span class='ocrx_word' id='word_1_554' title='bbox 979 5078 1026 5132; x_wconf 75' lang='lat' dir='ltr'><strong>si</strong></span> <span class='ocrx_word' id='word_1_555' title='bbox 1057 5078 1170 5131; x_wconf 87' lang='lat' dir='ltr'><strong>haec</strong></span> <span class='ocrx_word' id='word_1_556' title='bbox 1209 5075 1523 5145; x_wconf 74' lang='lat' dir='ltr'><strong>coniunctio</strong></span> <span class='ocrx_word' id='word_1_557' title='bbox 1544 5073 1745 5143; x_wconf 81' lang='lat' dir='ltr'><strong>efficiat</strong></span> <span class='ocrx_word' id='word_1_558' title='bbox 1773 5085 1830 5131; x_wconf 90' lang='lat' dir='ltr'><strong>ut</strong></span> 
     </span>
    </p>
   </div>
   <div class='ocr_carea' id='block_1_80' title="bbox 221 5173 1829 5249">
    <p class='ocr_par' dir='ltr' id='par_1_80' title="bbox 221 5173 1829 5249">
     <span class='ocr_line' id='line_1_80' title="bbox 221 5173 1829 5249; baseline -0.004 -15"><span class='ocrx_word' id='word_1_559' title='bbox 221 5180 446 5249; x_wconf 88' lang='lat' dir='ltr'><strong>pnstina</strong></span> <span class='ocrx_word' id='word_1_560' title='bbox 481 5177 706 5236; x_wconf 84' lang='lat' dir='ltr'><strong>scientia</strong></span> <span class='ocrx_word' id='word_1_561' title='bbox 735 5176 950 5231; x_wconf 64' lang='lat' dir='ltr'><strong>excudat</strong></span> <span class='ocrx_word' id='word_1_562' title='bbox 988 5190 1052 5230; x_wconf 79' lang='lat' dir='ltr'><strong>ex</strong></span> <span class='ocrx_word' id='word_1_563' title='bbox 1083 5174 1284 5236; x_wconf 88' lang='lat' dir='ltr'><strong>anima,</strong></span> <span class='ocrx_word' id='word_1_564' title='bbox 1332 5173 1603 5242; x_wconf 89' lang='lat' dir='ltr'><strong>quomodo</strong></span> <span class='ocrx_word' id='word_1_565' title='bbox 1643 5173 1829 5228; x_wconf 90' lang='lat' dir='ltr'><strong>dicunt</strong></span> 
     </span>
    </p>
   </div>
   <div class='ocr_carea' id='block_1_81' title="bbox 223 5267 1828 5342">
    <p class='ocr_par' dir='ltr' id='par_1_81' title="bbox 223 5267 1828 5342">
     <span class='ocr_line' id='line_1_81' title="bbox 223 5267 1828 5342; baseline -0.002 -16"><span class='ocrx_word' id='word_1_566' title='bbox 223 5287 338 5326; x_wconf 80' lang='lat' dir='ltr'><strong>eam</strong></span> <span class='ocrx_word' id='word_1_567' title='bbox 369 5272 513 5326; x_wconf 88' lang='lat' dir='ltr'><strong>scire</strong></span> <span class='ocrx_word' id='word_1_568' title='bbox 545 5286 604 5326; x_wconf 90' lang='lat' dir='ltr'><strong>se</strong></span> <span class='ocrx_word' id='word_1_569' title='bbox 633 5285 755 5325; x_wconf 88' lang='lat' dir='ltr'><strong>esse</strong></span> <span class='ocrx_word' id='word_1_570' title='bbox 801 5269 1195 5342; x_wconf 87' lang='lat' dir='ltr'><strong>incorpoream,</strong></span> <span class='ocrx_word' id='word_1_571' title='bbox 1241 5267 1620 5330; x_wconf 89' lang='lat' dir='ltr'><strong>immortalem,</strong></span> <span class='ocrx_word' id='word_1_572' title='bbox 1655 5269 1828 5322; x_wconf 89' lang='lat' dir='ltr'><strong>omni-</strong></span> 
     </span>
    </p>
   </div>
   <div class='ocr_carea' id='block_1_82' title="bbox 222 5359 1825 5433">
    <p class='ocr_par' dir='ltr' id='par_1_82' title="bbox 222 5359 1825 5433">
     <span class='ocr_line' id='line_1_82' title="bbox 222 5359 1825 5433; baseline -0.001 -17"><span class='ocrx_word' id='word_1_573' title='bbox 222 5379 324 5433; x_wconf 90' lang='lat' dir='ltr'><strong>que</strong></span> <span class='ocrx_word' id='word_1_574' title='bbox 354 5363 484 5417; x_wconf 87' lang='lat' dir='ltr'><strong>olim</strong></span> <span class='ocrx_word' id='word_1_575' title='bbox 510 5363 767 5417; x_wconf 81' lang='lat' dir='ltr'><strong>imbutam</strong></span> <span class='ocrx_word' id='word_1_576' title='bbox 790 5359 1034 5425; x_wconf 88' lang='lat' dir='ltr'><strong>scientia,</strong></span> <span class='ocrx_word' id='word_1_577' title='bbox 1059 5362 1154 5416; x_wconf 81' lang='lat' dir='ltr'><strong>sed</strong></span> <span class='ocrx_word' id='word_1_578' title='bbox 1179 5361 1417 5415; x_wconf 85' lang='lat' dir='ltr'><strong>omnium</strong></span> <span class='ocrx_word' id='word_1_579' title='bbox 1441 5376 1561 5432; x_wconf 71' lang='lat' dir='ltr'><strong>quae</strong></span> <span class='ocrx_word' id='word_1_580' title='bbox 1585 5371 1825 5428; x_wconf 86' lang='lat' dir='ltr'><strong>noverat,</strong></span> 
     </span>
    </p>
   </div>
   <div class='ocr_carea' id='block_1_83' title="bbox 226 5456 627 5515">
    <p class='ocr_par' dir='ltr' id='par_1_83' title="bbox 226 5456 627 5515">
     <span class='ocr_line' id='line_1_83' title="bbox 226 5456 627 5515; baseline -0.002 -4"><span class='ocrx_word' id='word_1_581' title='bbox 226 5467 335 5511; x_wconf 86' lang='lat' dir='ltr'><strong>tum</strong></span> <span class='ocrx_word' id='word_1_582' title='bbox 367 5456 627 5515; x_wconf 79' lang='lat' dir='ltr'><strong>oblitam?</strong></span> 
     </span>
    </p>
   </div>
   <div class='ocr_carea' id='block_1_84' title="bbox 294 5547 1830 5622">
    <p class='ocr_par' dir='ltr' id='par_1_84' title="bbox 294 5547 1830 5622">
     <span class='ocr_line' id='line_1_84' title="bbox 294 5547 1830 5622; baseline -0.005 -15"><span class='ocrx_word' id='word_1_583' title='bbox 294 5552 521 5607; x_wconf 89' lang='lat' dir='ltr'><strong>Demum</strong></span> <span class='ocrx_word' id='word_1_584' title='bbox 572 5549 845 5618; x_wconf 86' lang='lat' dir='ltr'><strong>Arnobius</strong></span> <span class='ocrx_word' id='word_1_585' title='bbox 886 5563 954 5603; x_wconf 81' lang='lat' dir='ltr'><strong>ex</strong></span> <span class='ocrx_word' id='word_1_586' title='bbox 996 5547 1082 5603; x_wconf 90' lang='lat' dir='ltr'><strong>his</strong></span> <span class='ocrx_word' id='word_1_587' title='bbox 1121 5549 1192 5603; x_wconf 87' lang='lat' dir='ltr'><strong>ita</strong></span> <span class='ocrx_word' id='word_1_588' title='bbox 1241 5547 1524 5622; x_wconf 73' lang='lat' dir='ltr'><strong>disputatis</strong></span> <span class='ocrx_word' id='word_1_589' title='bbox 1559 5547 1830 5603; x_wconf 90' lang='lat' dir='ltr'><strong>concludit</strong></span> 
     </span>
    </p>
   </div>
   <div class='ocr_carea' id='block_1_85' title="bbox 229 5642 1830 5716">
    <p class='ocr_par' dir='ltr' id='par_1_85' title="bbox 229 5642 1830 5716">
     <span class='ocr_line' id='line_1_85' title="bbox 229 5642 1830 5716; baseline -0.002 -17"><span class='ocrx_word' id='word_1_590' title='bbox 229 5644 493 5700; x_wconf 84' lang='lat' dir='ltr'><strong>hominem</strong></span> <span class='ocrx_word' id='word_1_591' title='bbox 527 5645 899 5716; x_wconf 86' lang='lat' dir='ltr'><strong>protelarinm,</strong></span> <span class='ocrx_word' id='word_1_592' title='bbox 930 5642 1235 5707; x_wconf 80' lang='lat' dir='ltr'><strong>classicum,</strong></span> <span class='ocrx_word' id='word_1_593' title='bbox 1266 5642 1441 5713; x_wconf 86' lang='lat' dir='ltr'><strong>capite</strong></span> <span class='ocrx_word' id='word_1_594' title='bbox 1476 5655 1719 5707; x_wconf 83' lang='lat' dir='ltr'><strong>censum,</strong></span> <span class='ocrx_word' id='word_1_595' title='bbox 1767 5657 1830 5697; x_wconf 91' lang='lat' dir='ltr'><strong>ac</strong></span> 
     </span>
    </p>
   </div>
   <div class='ocr_carea' id='block_1_86' title="bbox 227 5733 1827 5809">
    <p class='ocr_par' dir='ltr' id='par_1_86' title="bbox 227 5733 1827 5809">
     <span class='ocr_line' id='line_1_86' title="bbox 227 5733 1827 5809; baseline -0.001 -19"><span class='ocrx_word' id='word_1_596' title='bbox 227 5752 447 5806; x_wconf 87' lang='lat' dir='ltr'><strong>prorsus</strong></span> <span class='ocrx_word' id='word_1_597' title='bbox 491 5740 733 5809; x_wconf 88' lang='lat' dir='ltr'><strong>inopem,</strong></span> <span class='ocrx_word' id='word_1_598' title='bbox 767 5736 946 5808; x_wconf 86' lang='lat' dir='ltr'><strong>primo</strong></span> <span class='ocrx_word' id='word_1_599' title='bbox 972 5733 1170 5808; x_wconf 85' lang='lat' dir='ltr'><strong>ordini,</strong></span> <span class='ocrx_word' id='word_1_600' title='bbox 1211 5735 1312 5791; x_wconf 87' lang='lat' dir='ltr'><strong>hoc</strong></span> <span class='ocrx_word' id='word_1_601' title='bbox 1338 5745 1456 5802; x_wconf 87' lang='lat' dir='ltr'><strong>est,</strong></span> <span class='ocrx_word' id='word_1_602' title='bbox 1495 5734 1682 5788; x_wconf 81' lang='lat' dir='ltr'><strong>divino</strong></span> <span class='ocrx_word' id='word_1_603' title='bbox 1723 5750 1827 5788; x_wconf 91' lang='lat' dir='ltr'><strong>non</strong></span> 
     </span>
    </p>
   </div>
   <div class='ocr_carea' id='block_1_87' title="bbox 229 5825 1827 5899">
    <p class='ocr_par' dir='ltr' id='par_1_87' title="bbox 229 5825 1827 5899">
     <span class='ocr_line' id='line_1_87' title="bbox 229 5825 1827 5899; baseline 0 -18"><span class='ocrx_word' id='word_1_604' title='bbox 229 5829 652 5895; x_wconf 82' lang='lat' dir='ltr'><strong>adscribendum,</strong></span> <span class='ocrx_word' id='word_1_605' title='bbox 686 5846 789 5887; x_wconf 92' lang='lat' dir='ltr'><strong>nec</strong></span> <span class='ocrx_word' id='word_1_606' title='bbox 817 5830 866 5885; x_wconf 90' lang='lat' dir='ltr'><strong>ei</strong></span> <span class='ocrx_word' id='word_1_607' title='bbox 900 5827 1147 5884; x_wconf 85' lang='lat' dir='ltr'><strong>eamdem</strong></span> <span class='ocrx_word' id='word_1_608' title='bbox 1173 5839 1332 5899; x_wconf 87' lang='lat' dir='ltr'><strong>atque</strong></span> <span class='ocrx_word' id='word_1_609' title='bbox 1360 5828 1470 5883; x_wconf 91' lang='lat' dir='ltr'><strong>Deo</strong></span> <span class='ocrx_word' id='word_1_610' title='bbox 1494 5825 1827 5882; x_wconf 88' lang='lat' dir='ltr'><strong>tribuendam</strong></span> 
     </span>
    </p>
   </div>
   <div class='ocr_carea' id='block_1_88' title="bbox 232 5921 1833 5987">
    <p class='ocr_par' dir='ltr' id='par_1_88' title="bbox 232 5921 1833 5987">
     <span class='ocr_line' id='line_1_88' title="bbox 232 5921 1833 5987; baseline 0.002 -10"><span class='ocrx_word' id='word_1_611' title='bbox 232 5922 700 5986; x_wconf 80' lang='lat' dir='ltr'><strong>immortalitatem.</strong></span> <span class='ocrx_word' id='word_1_612' title='bbox 738 5927 915 5984; x_wconf 86' lang='lat' dir='ltr'><strong>Secus</strong></span> <span class='ocrx_word' id='word_1_613' title='bbox 959 5924 1106 5981; x_wconf 82' lang='lat' dir='ltr'><strong>enim</strong></span> <span class='ocrx_word' id='word_1_614' title='bbox 1147 5921 1310 5984; x_wconf 82' lang='lat' dir='ltr'><strong>nullis</strong></span> <span class='ocrx_word' id='word_1_615' title='bbox 1337 5921 1570 5980; x_wconf 81' lang='lat' dir='ltr'><strong>fortuitis</strong></span> <span class='ocrx_word' id='word_1_616' title='bbox 1616 5922 1833 5987; x_wconf 72' lang='lat' dir='ltr'><strong>casmus</strong></span> 
     </span>
    </p>
   </div>
   <div class='ocr_carea' id='block_1_89' title="bbox 1849 4579 1904 4640">
    <p class='ocr_par' dir='ltr' id='par_1_89' title="bbox 1849 4579 1904 4640">
     <span class='ocr_line' id='line_1_89' title="bbox 1849 4579 1904 4640; baseline 0 0"><span class='ocrx_word' id='word_1_617' title='bbox 1849 4579 1904 4640; x_wconf 82' lang='lat' dir='ltr'><strong>D</strong></span> 
     </span>
    </p>
   </div>
   <div class='ocr_carea' id='block_1_90' title="bbox 2002 3220 3536 3297">
    <p class='ocr_par' dir='ltr' id='par_1_90' title="bbox 2002 3220 3536 3297">
     <span class='ocr_line' id='line_1_90' title="bbox 2002 3220 3536 3297; baseline 0 -21"><span class='ocrx_word' id='word_1_618' title='bbox 2002 3223 2189 3284; x_wconf 83' lang='lat' dir='ltr'><strong>Anima</strong></span> <span class='ocrx_word' id='word_1_619' title='bbox 2222 3223 2401 3297; x_wconf 81' lang='lat' dir='ltr'><strong>itaque</strong></span> <span class='ocrx_word' id='word_1_620' title='bbox 2432 3231 2614 3285; x_wconf 84' lang='lat' dir='ltr'><strong>nostra</strong></span> <span class='ocrx_word' id='word_1_621' title='bbox 2645 3237 2674 3277; x_wconf 86' lang='lat' dir='ltr'><strong>a</strong></span> <span class='ocrx_word' id='word_1_622' title='bbox 2717 3235 2968 3293; x_wconf 83' lang='lat' dir='ltr'><strong>suprema</strong></span> <span class='ocrx_word' id='word_1_623' title='bbox 3004 3220 3234 3291; x_wconf 88' lang='lat' dir='ltr'><strong>quadam</strong></span> <span class='ocrx_word' id='word_1_624' title='bbox 3268 3229 3536 3290; x_wconf 88' lang='lat' dir='ltr'><strong>potestate</strong></span> 
     </span>
    </p>
   </div>
   <div class='ocr_carea' id='block_1_91' title="bbox 1928 3306 3532 3388">
    <p class='ocr_par' dir='ltr' id='par_1_91' title="bbox 1928 3306 3532 3388">
     <span class='ocr_line' id='line_1_91' title="bbox 1928 3306 3532 3388; baseline -0.002 -17"><span class='ocrx_word' id='word_1_625' title='bbox 1928 3317 2026 3376; x_wconf 89' lang='lat' dir='ltr'><strong>fuit</strong></span> <span class='ocrx_word' id='word_1_626' title='bbox 2050 3327 2254 3384; x_wconf 87' lang='lat' dir='ltr'><strong>creata,</strong></span> <span class='ocrx_word' id='word_1_627' title='bbox 2283 3316 2376 3372; x_wconf 89' lang='lat' dir='ltr'><strong>sed</strong></span> <span class='ocrx_word' id='word_1_628' title='bbox 2396 3331 2497 3373; x_wconf 90' lang='lat' dir='ltr'><strong>nec</strong></span> <span class='ocrx_word' id='word_1_629' title='bbox 2517 3315 2712 3374; x_wconf 75' lang='lat' dir='ltr'><strong>divina:</strong></span> <span class='ocrx_word' id='word_1_630' title='bbox 2739 3315 2928 3388; x_wconf 85' lang='lat' dir='ltr'><strong>prolis,</strong></span> <span class='ocrx_word' id='word_1_631' title='bbox 2955 3329 3057 3379; x_wconf 83' lang='lat' dir='ltr'><strong>nec</strong></span> <span class='ocrx_word' id='word_1_632' title='bbox 3081 3306 3278 3378; x_wconf 90' lang='lat' dir='ltr'><strong>summi</strong></span> <span class='ocrx_word' id='word_1_633' title='bbox 3311 3314 3405 3368; x_wconf 87' lang='lat' dir='ltr'><strong>Dei</strong></span> <span class='ocrx_word' id='word_1_634' title='bbox 3426 3315 3532 3369; x_wconf 90' lang='lat' dir='ltr'><strong>lilia</strong></span> 
     </span>
    </p>
   </div>
   <div class='ocr_carea' id='block_1_92' title="bbox 1927 3405 3535 3479">
    <p class='ocr_par' dir='ltr' id='par_1_92' title="bbox 1927 3405 3535 3479">
     <span class='ocr_line' id='line_1_92' title="bbox 1927 3405 3535 3479; baseline -0.002 -16"><span class='ocrx_word' id='word_1_635' title='bbox 1927 3418 2031 3469; x_wconf 82' lang='lat' dir='ltr'><strong>est.</strong></span> <span class='ocrx_word' id='word_1_636' title='bbox 2063 3409 2250 3464; x_wconf 71' lang='lat' dir='ltr'><strong>Tanta)</strong></span> <span class='ocrx_word' id='word_1_637' title='bbox 2270 3409 2467 3479; x_wconf 89' lang='lat' dir='ltr'><strong>quippe</strong></span> <span class='ocrx_word' id='word_1_638' title='bbox 2496 3409 2545 3463; x_wconf 89' lang='lat' dir='ltr'><strong>si</strong></span> <span class='ocrx_word' id='word_1_639' title='bbox 2572 3407 2758 3462; x_wconf 86' lang='lat' dir='ltr'><strong>fuisset</strong></span> <span class='ocrx_word' id='word_1_640' title='bbox 2780 3406 3127 3478; x_wconf 78' lang='lat' dir='ltr'><strong>perfectionis</strong></span> <span class='ocrx_word' id='word_1_641' title='bbox 3147 3405 3281 3466; x_wconf 85' lang='lat' dir='ltr'><strong>nihil</strong></span> <span class='ocrx_word' id='word_1_642' title='bbox 3303 3405 3535 3478; x_wconf 83' lang='lat' dir='ltr'><strong>amplius</strong></span> 
     </span>
    </p>
   </div>
   <div class='ocr_carea' id='block_1_93' title="bbox 1926 3500 3533 3577">
    <p class='ocr_par' dir='ltr' id='par_1_93' title="bbox 1926 3500 3533 3577">
     <span class='ocr_line' id='line_1_93' title="bbox 1926 3500 3533 3577; baseline -0.004 -17"><span class='ocrx_word' id='word_1_643' title='bbox 1926 3513 2112 3577; x_wconf 84' lang='lat' dir='ltr'><strong>posset</strong></span> <span class='ocrx_word' id='word_1_644' title='bbox 2133 3506 2184 3559; x_wconf 92' lang='lat' dir='ltr'><strong>in</strong></span> <span class='ocrx_word' id='word_1_645' title='bbox 2201 3519 2261 3560; x_wconf 87' lang='lat' dir='ltr'><strong>ea.</strong></span> <span class='ocrx_word' id='word_1_646' title='bbox 2283 3502 2600 3570; x_wconf 89' lang='lat' dir='ltr'><strong>desiderari,</strong></span> <span class='ocrx_word' id='word_1_647' title='bbox 2633 3517 2735 3558; x_wconf 92' lang='lat' dir='ltr'><strong>nec</strong></span> <span class='ocrx_word' id='word_1_648' title='bbox 2772 3501 3000 3557; x_wconf 81' lang='lat' dir='ltr'><strong>diversae</strong></span> <span class='ocrx_word' id='word_1_649' title='bbox 3040 3509 3224 3556; x_wconf 89' lang='lat' dir='ltr'><strong>essent</strong></span> <span class='ocrx_word' id='word_1_650' title='bbox 3252 3500 3533 3566; x_wconf 89' lang='lat' dir='ltr'><strong>hominum</strong></span> 
     </span>
    </p>
   </div>
   <div class='ocr_carea' id='block_1_94' title="bbox 1932 3593 3534 3660">
    <p class='ocr_par' dir='ltr' id='par_1_94' title="bbox 1932 3593 3534 3660">
     <span class='ocr_line' id='line_1_94' title="bbox 1932 3593 3534 3660; baseline -0.003 -6"><span class='ocrx_word' id='word_1_651' title='bbox 1932 3599 2217 3654; x_wconf 67' lang='lat' dir='ltr'><strong>sententia:</strong></span> <span class='ocrx_word' id='word_1_652' title='bbox 2250 3612 2348 3653; x_wconf 91' lang='lat' dir='ltr'><strong>nec</strong></span> <span class='ocrx_word' id='word_1_653' title='bbox 2372 3597 2477 3652; x_wconf 91' lang='lat' dir='ltr'><strong>ulla</strong></span> <span class='ocrx_word' id='word_1_654' title='bbox 2499 3610 2687 3659; x_wconf 89' lang='lat' dir='ltr'><strong>eorum</strong></span> <span class='ocrx_word' id='word_1_655' title='bbox 2718 3596 2896 3658; x_wconf 85' lang='lat' dir='ltr'><strong>anima</strong></span> <span class='ocrx_word' id='word_1_656' title='bbox 2928 3610 2995 3652; x_wconf 82' lang='lat' dir='ltr'><strong>cx</strong></span> <span class='ocrx_word' id='word_1_657' title='bbox 3028 3593 3199 3650; x_wconf 89' lang='lat' dir='ltr'><strong>beatis</strong></span> <span class='ocrx_word' id='word_1_658' title='bbox 3229 3593 3449 3660; x_wconf 85' lang='lat' dir='ltr'><strong>sedibus</strong></span> <span class='ocrx_word' id='word_1_659' title='bbox 3480 3597 3534 3650; x_wconf 89' lang='lat' dir='ltr'><strong>in</strong></span> 
     </span>
    </p>
   </div>
   <div class='ocr_carea' id='block_1_95' title="bbox 1930 3691 2602 3775">
    <p class='ocr_par' dir='ltr' id='par_1_95' title="bbox 1930 3691 2602 3775">
     <span class='ocr_line' id='line_1_95' title="bbox 1930 3691 2602 3775; baseline -0.001 -28"><span class='ocrx_word' id='word_1_660' title='bbox 1930 3707 2128 3775; x_wconf 75' lang='lat' dir='ltr'><strong>corpus</strong></span> <span class='ocrx_word' id='word_1_661' title='bbox 2153 3692 2290 3747; x_wconf 93' lang='lat' dir='ltr'><strong>mitti</strong></span> <span class='ocrx_word' id='word_1_662' title='bbox 2323 3691 2602 3746; x_wconf 85' lang='lat' dir='ltr'><strong>voluisset.</strong></span> 
     </span>
    </p>
   </div>
   <div class='ocr_carea' id='block_1_96' title="bbox 2003 3781 3534 3854">
    <p class='ocr_par' dir='ltr' id='par_1_96' title="bbox 2003 3781 3534 3854">
     <span class='ocr_line' id='line_1_96' title="bbox 2003 3781 3534 3854; baseline -0.001 -14"><span class='ocrx_word' id='word_1_663' title='bbox 2003 3785 2119 3849; x_wconf 84' lang='lat' dir='ltr'><strong>Non</strong></span> <span class='ocrx_word' id='word_1_664' title='bbox 2140 3786 2340 3854; x_wconf 87' lang='lat' dir='ltr'><strong>patitur</strong></span> <span class='ocrx_word' id='word_1_665' title='bbox 2363 3791 2543 3840; x_wconf 88' lang='lat' dir='ltr'><strong>autem</strong></span> <span class='ocrx_word' id='word_1_666' title='bbox 2566 3781 2838 3840; x_wconf 84' lang='lat' dir='ltr'><strong>Arnobius</strong></span> <span class='ocrx_word' id='word_1_667' title='bbox 2865 3782 2965 3840; x_wconf 90' lang='lat' dir='ltr'><strong>sibi</strong></span> <span class='ocrx_word' id='word_1_668' title='bbox 2998 3781 3156 3852; x_wconf 87' lang='lat' dir='ltr'><strong>objici</strong></span> <span class='ocrx_word' id='word_1_669' title='bbox 3175 3781 3433 3840; x_wconf 90' lang='lat' dir='ltr'><strong>mundum</strong></span> 
     </span>
    </p>
   </div>
   <div class='ocr_carea' id='block_1_97' title="bbox 1931 3873 3531 3948">
    <p class='ocr_par' dir='ltr' id='par_1_97' title="bbox 1931 3873 3531 3948">
     <span class='ocr_line' id='line_1_97' title="bbox 1931 3873 3531 3948; baseline -0.004 -13"><span class='ocrx_word' id='word_1_670' title='bbox 1931 3895 2001 3935; x_wconf 92' lang='lat' dir='ltr'><strong>ne</strong></span> <span class='ocrx_word' id='word_1_671' title='bbox 2042 3879 2261 3938; x_wconf 84' lang='lat' dir='ltr'><strong>homine</strong></span> <span class='ocrx_word' id='word_1_672' title='bbox 2297 3892 2418 3933; x_wconf 88' lang='lat' dir='ltr'><strong>esse</strong></span> <span class='ocrx_word' id='word_1_673' title='bbox 2464 3873 2860 3948; x_wconf 81' lang='lat' dir='ltr'><strong>imperfectum,</strong></span> <span class='ocrx_word' id='word_1_674' title='bbox 2898 3884 3060 3945; x_wconf 86' lang='lat' dir='ltr'><strong>atque</strong></span> <span class='ocrx_word' id='word_1_675' title='bbox 3101 3874 3304 3930; x_wconf 89' lang='lat' dir='ltr'><strong>idcirco</strong></span> <span class='ocrx_word' id='word_1_676' title='bbox 3341 3875 3531 3941; x_wconf 89' lang='lat' dir='ltr'><strong>Deum,</strong></span> 
     </span>
    </p>
   </div>
   <div class='ocr_carea' id='block_1_98' title="bbox 1931 3968 3537 4042">
    <p class='ocr_par' dir='ltr' id='par_1_98' title="bbox 1931 3968 3537 4042">
     <span class='ocr_line' id='line_1_98' title="bbox 1931 3968 3537 4042; baseline -0.001 -16"><span class='ocrx_word' id='word_1_677' title='bbox 1931 3971 2348 4042; x_wconf 84' lang='lat' dir='ltr'><strong>uniuscujusque</strong></span> <span class='ocrx_word' id='word_1_678' title='bbox 2388 3971 2623 4024; x_wconf 87' lang='lat' dir='ltr'><strong>animam</strong></span> <span class='ocrx_word' id='word_1_679' title='bbox 2664 3984 2732 4023; x_wconf 80' lang='lat' dir='ltr'><strong>ex</strong></span> <span class='ocrx_word' id='word_1_680' title='bbox 2767 3968 2949 4038; x_wconf 90' lang='lat' dir='ltr'><strong>seipso</strong></span> <span class='ocrx_word' id='word_1_681' title='bbox 2987 3969 3220 4039; x_wconf 86' lang='lat' dir='ltr'><strong>genitam</strong></span> <span class='ocrx_word' id='word_1_682' title='bbox 3261 3969 3314 4022; x_wconf 91' lang='lat' dir='ltr'><strong>iu</strong></span> <span class='ocrx_word' id='word_1_683' title='bbox 3349 3969 3537 4024; x_wconf 87' lang='lat' dir='ltr'><strong>huma-</strong></span> 
     </span>
    </p>
   </div>
   <div class='ocr_carea' id='block_1_99' title="bbox 1933 4061 3536 4133">
    <p class='ocr_par' dir='ltr' id='par_1_99' title="bbox 1933 4061 3536 4133">
     <span class='ocr_line' id='line_1_99' title="bbox 1933 4061 3536 4133; baseline -0.001 -15"><span class='ocrx_word' id='word_1_684' title='bbox 1933 4080 2058 4118; x_wconf 91' lang='lat' dir='ltr'><strong>num</strong></span> <span class='ocrx_word' id='word_1_685' title='bbox 2083 4063 2296 4118; x_wconf 88' lang='lat' dir='ltr'><strong>misisse</strong></span> <span class='ocrx_word' id='word_1_686' title='bbox 2325 4077 2544 4130; x_wconf 86' lang='lat' dir='ltr'><strong>corpus.</strong></span> <span class='ocrx_word' id='word_1_687' title='bbox 2572 4061 2779 4131; x_wconf 90' lang='lat' dir='ltr'><strong>Duplici</strong></span> <span class='ocrx_word' id='word_1_688' title='bbox 2822 4064 3100 4115; x_wconf 86' lang='lat' dir='ltr'><strong>enimvero</strong></span> <span class='ocrx_word' id='word_1_689' title='bbox 3147 4061 3412 4133; x_wconf 85' lang='lat' dir='ltr'><strong>longaque</strong></span> <span class='ocrx_word' id='word_1_690' title='bbox 3453 4063 3536 4116; x_wconf 91' lang='lat' dir='ltr'><strong>in-</strong></span> 
     </span>
    </p>
   </div>
   <div class='ocr_carea' id='block_1_100' title="bbox 1932 4151 3536 4225">
    <p class='ocr_par' dir='ltr' id='par_1_100' title="bbox 1932 4151 3536 4225">
     <span class='ocr_line' id='line_1_100' title="bbox 1932 4151 3536 4225; baseline -0.001 -14"><span class='ocrx_word' id='word_1_691' title='bbox 1932 4158 2183 4221; x_wconf 81' lang='lat' dir='ltr'><strong>ductione</strong></span> <span class='ocrx_word' id='word_1_692' title='bbox 2214 4156 2386 4225; x_wconf 90' lang='lat' dir='ltr'><strong>palam</strong></span> <span class='ocrx_word' id='word_1_693' title='bbox 2415 4154 2505 4210; x_wconf 90' lang='lat' dir='ltr'><strong>ille</strong></span> <span class='ocrx_word' id='word_1_694' title='bbox 2533 4151 2712 4210; x_wconf 88' lang='lat' dir='ltr'><strong>facere</strong></span> <span class='ocrx_word' id='word_1_695' title='bbox 2743 4163 2971 4209; x_wconf 88' lang='lat' dir='ltr'><strong>conatur</strong></span> <span class='ocrx_word' id='word_1_696' title='bbox 3005 4153 3278 4216; x_wconf 88' lang='lat' dir='ltr'><strong>hominem</strong></span> <span class='ocrx_word' id='word_1_697' title='bbox 3323 4170 3428 4210; x_wconf 91' lang='lat' dir='ltr'><strong>non</strong></span> <span class='ocrx_word' id='word_1_698' title='bbox 3468 4157 3536 4210; x_wconf 85' lang='lat' dir='ltr'><strong>ad</strong></span> 
     </span>
    </p>
   </div>
   <div class='ocr_carea' id='block_1_101' title="bbox 1933 4247 3540 4324">
    <p class='ocr_par' dir='ltr' id='par_1_101' title="bbox 1933 4247 3540 4324">
     <span class='ocr_line' id='line_1_101' title="bbox 1933 4247 3540 4324; baseline -0.001 -19"><span class='ocrx_word' id='word_1_699' title='bbox 1933 4249 2320 4324; x_wconf 85' lang='lat' dir='ltr'><strong>perfectionem</strong></span> <span class='ocrx_word' id='word_1_700' title='bbox 2351 4247 2560 4314; x_wconf 90' lang='lat' dir='ltr'><strong>mundi,</strong></span> <span class='ocrx_word' id='word_1_701' title='bbox 2595 4247 2687 4318; x_wconf 91' lang='lat' dir='ltr'><strong>qni</strong></span> <span class='ocrx_word' id='word_1_702' title='bbox 2717 4247 2939 4318; x_wconf 84' lang='lat' dir='ltr'><strong>quidem</strong></span> <span class='ocrx_word' id='word_1_703' title='bbox 2970 4249 3091 4301; x_wconf 90' lang='lat' dir='ltr'><strong>sine</strong></span> <span class='ocrx_word' id='word_1_704' title='bbox 3117 4247 3209 4301; x_wconf 91' lang='lat' dir='ltr'><strong>illo</strong></span> <span class='ocrx_word' id='word_1_705' title='bbox 3251 4262 3371 4302; x_wconf 88' lang='lat' dir='ltr'><strong>esse</strong></span> <span class='ocrx_word' id='word_1_706' title='bbox 3394 4257 3540 4318; x_wconf 78' lang='lat' dir='ltr'><strong>pote-</strong></span> 
     </span>
    </p>
   </div>
   <div class='ocr_carea' id='block_1_102' title="bbox 1932 4337 3536 4410">
    <p class='ocr_par' dir='ltr' id='par_1_102' title="bbox 1932 4337 3536 4410">
     <span class='ocr_line' id='line_1_102' title="bbox 1932 4337 3536 4410; baseline -0.002 -13"><span class='ocrx_word' id='word_1_707' title='bbox 1932 4353 2037 4410; x_wconf 90' lang='lat' dir='ltr'><strong>rat,</strong></span> <span class='ocrx_word' id='word_1_708' title='bbox 2053 4343 2148 4396; x_wconf 89' lang='lat' dir='ltr'><strong>sed</strong></span> <span class='ocrx_word' id='word_1_709' title='bbox 2165 4339 2231 4396; x_wconf 89' lang='lat' dir='ltr'><strong>ad</strong></span> <span class='ocrx_word' id='word_1_710' title='bbox 2256 4340 2515 4410; x_wconf 89' lang='lat' dir='ltr'><strong>privatam</strong></span> <span class='ocrx_word' id='word_1_711' title='bbox 2535 4338 3063 4410; x_wconf 89' lang='lat' dir='ltr'><strong>ipsiusmethominis</strong></span> <span class='ocrx_word' id='word_1_712' title='bbox 3079 4337 3357 4409; x_wconf 80' lang='lat' dir='ltr'><strong>utilitatem</strong></span> <span class='ocrx_word' id='word_1_713' title='bbox 3395 4353 3536 4393; x_wconf 68' lang='lat' dir='ltr'><strong>zum-</strong></span> 
     </span>
    </p>
   </div>
   <div class='ocr_carea' id='block_1_103' title="bbox 1936 4432 3542 4505">
    <p class='ocr_par' dir='ltr' id='par_1_103' title="bbox 1936 4432 3542 4505">
     <span class='ocr_line' id='line_1_103' title="bbox 1936 4432 3542 4505; baseline 0 -16"><span class='ocrx_word' id='word_1_714' title='bbox 1936 4435 2356 4505; x_wconf 89' lang='lat' dir='ltr'><strong>moditatemque</strong></span> <span class='ocrx_word' id='word_1_715' title='bbox 2394 4446 2516 4497; x_wconf 88' lang='lat' dir='ltr'><strong>esse</strong></span> <span class='ocrx_word' id='word_1_716' title='bbox 2553 4441 2816 4486; x_wconf 89' lang='lat' dir='ltr'><strong>creatum.</strong></span> <span class='ocrx_word' id='word_1_717' title='bbox 2859 4434 3034 4503; x_wconf 78' lang='lat' dir='ltr'><strong>Atque</strong></span> <span class='ocrx_word' id='word_1_718' title='bbox 3058 4447 3124 4487; x_wconf 82' lang='lat' dir='ltr'><strong>ex</strong></span> <span class='ocrx_word' id='word_1_719' title='bbox 3165 4432 3230 4487; x_wconf 89' lang='lat' dir='ltr'><strong>iis</strong></span> <span class='ocrx_word' id='word_1_720' title='bbox 3267 4432 3542 4489; x_wconf 88' lang='lat' dir='ltr'><strong>concludit</strong></span> 
     </span>
    </p>
   </div>
   <div class='ocr_carea' id='block_1_104' title="bbox 1933 4525 3535 4598">
    <p class='ocr_par' dir='ltr' id='par_1_104' title="bbox 1933 4525 3535 4598">
     <span class='ocr_line' id='line_1_104' title="bbox 1933 4525 3535 4598; baseline 0 -14"><span class='ocrx_word' id='word_1_721' title='bbox 1933 4528 2195 4594; x_wconf 90' lang='lat' dir='ltr'><strong>divinam,</strong></span> <span class='ocrx_word' id='word_1_722' title='bbox 2227 4541 2333 4581; x_wconf 92' lang='lat' dir='ltr'><strong>non</strong></span> <span class='ocrx_word' id='word_1_723' title='bbox 2357 4541 2478 4581; x_wconf 90' lang='lat' dir='ltr'><strong>esse</strong></span> <span class='ocrx_word' id='word_1_724' title='bbox 2499 4527 2756 4593; x_wconf 87' lang='lat' dir='ltr'><strong>animam,</strong></span> <span class='ocrx_word' id='word_1_725' title='bbox 2799 4543 2920 4598; x_wconf 69' lang='lat' dir='ltr'><strong>qua:</strong></span> <span class='ocrx_word' id='word_1_726' title='bbox 2959 4525 3304 4598; x_wconf 83' lang='lat' dir='ltr'><strong>postmodum</strong></span> <span class='ocrx_word' id='word_1_727' title='bbox 3335 4527 3388 4582; x_wconf 91' lang='lat' dir='ltr'><strong>in</strong></span> <span class='ocrx_word' id='word_1_728' title='bbox 3411 4543 3535 4584; x_wconf 91' lang='lat' dir='ltr'><strong>cor-</strong></span> 
     </span>
    </p>
   </div>
   <div class='ocr_carea' id='block_1_105' title="bbox 1934 4619 3101 4690">
    <p class='ocr_par' dir='ltr' id='par_1_105' title="bbox 1934 4619 3101 4690">
     <span class='ocr_line' id='line_1_105' title="bbox 1934 4619 3101 4690; baseline 0.001 -15"><span class='ocrx_word' id='word_1_729' title='bbox 1934 4635 2033 4690; x_wconf 91' lang='lat' dir='ltr'><strong>pus</strong></span> <span class='ocrx_word' id='word_1_730' title='bbox 2061 4619 2275 4689; x_wconf 89' lang='lat' dir='ltr'><strong>aliquod</strong></span> <span class='ocrx_word' id='word_1_731' title='bbox 2305 4636 2335 4673; x_wconf 89' lang='lat' dir='ltr'><strong>a</strong></span> <span class='ocrx_word' id='word_1_732' title='bbox 2361 4619 2472 4674; x_wconf 92' lang='lat' dir='ltr'><strong>Deo</strong></span> <span class='ocrx_word' id='word_1_733' title='bbox 2501 4633 2712 4674; x_wconf 89' lang='lat' dir='ltr'><strong>summo</strong></span> <span class='ocrx_word' id='word_1_734' title='bbox 2734 4621 2897 4675; x_wconf 91' lang='lat' dir='ltr'><strong>missa</strong></span> <span class='ocrx_word' id='word_1_735' title='bbox 2921 4620 3101 4676; x_wconf 87' lang='lat' dir='ltr'><strong>fuerit.</strong></span> 
     </span>
    </p>
   </div>
   <div class='ocr_carea' id='block_1_106' title="bbox 2003 4711 3537 4782">
    <p class='ocr_par' dir='ltr' id='par_1_106' title="bbox 2003 4711 3537 4782">
     <span class='ocr_line' id='line_1_106' title="bbox 2003 4711 3537 4782; baseline 0.001 -14"><span class='ocrx_word' id='word_1_736' title='bbox 2003 4713 2076 4768; x_wconf 87' lang='lat' dir='ltr'><strong>At</strong></span> <span class='ocrx_word' id='word_1_737' title='bbox 2099 4727 2216 4778; x_wconf 89' lang='lat' dir='ltr'><strong>sua,</strong></span> <span class='ocrx_word' id='word_1_738' title='bbox 2246 4713 2512 4782; x_wconf 90' lang='lat' dir='ltr'><strong>inquiunt,</strong></span> <span class='ocrx_word' id='word_1_739' title='bbox 2535 4711 2836 4776; x_wconf 87' lang='lat' dir='ltr'><strong>voluntate,</strong></span> <span class='ocrx_word' id='word_1_740' title='bbox 2872 4726 2980 4767; x_wconf 91' lang='lat' dir='ltr'><strong>non</strong></span> <span class='ocrx_word' id='word_1_741' title='bbox 3005 4713 3097 4767; x_wconf 91' lang='lat' dir='ltr'><strong>Dci</strong></span> <span class='ocrx_word' id='word_1_742' title='bbox 3121 4711 3277 4782; x_wconf 82' lang='lat' dir='ltr'><strong>jussu</strong></span> <span class='ocrx_word' id='word_1_743' title='bbox 3305 4713 3453 4768; x_wconf 88' lang='lat' dir='ltr'><strong>venit</strong></span> <span class='ocrx_word' id='word_1_744' title='bbox 3483 4715 3537 4769; x_wconf 93' lang='lat' dir='ltr'><strong>in</strong></span> 
     </span>
    </p>
   </div>
   <div class='ocr_carea' id='block_1_107' title="bbox 1933 4803 3537 4877">
    <p class='ocr_par' dir='ltr' id='par_1_107' title="bbox 1933 4803 3537 4877">
     <span class='ocr_line' id='line_1_107' title="bbox 1933 4803 3537 4877; baseline 0.001 -16"><span class='ocrx_word' id='word_1_745' title='bbox 1933 4805 2211 4869; x_wconf 86' lang='lat' dir='ltr'><strong>mundum.</strong></span> <span class='ocrx_word' id='word_1_746' title='bbox 2239 4803 2349 4860; x_wconf 91' lang='lat' dir='ltr'><strong>Cur</strong></span> <span class='ocrx_word' id='word_1_747' title='bbox 2377 4820 2529 4877; x_wconf 89' lang='lat' dir='ltr'><strong>ergo,</strong></span> <span class='ocrx_word' id='word_1_748' title='bbox 2568 4805 2864 4876; x_wconf 83' lang='lat' dir='ltr'><strong>respondet</strong></span> <span class='ocrx_word' id='word_1_749' title='bbox 2908 4803 3218 4860; x_wconf 77' lang='lat' dir='ltr'><strong>Arnobius?</strong></span> <span class='ocrx_word' id='word_1_750' title='bbox 3266 4805 3537 4875; x_wconf 86' lang='lat' dir='ltr'><strong>Numquid</strong></span> 
     </span>
    </p>
   </div>
   <div class='ocr_carea' id='block_1_108' title="bbox 1895 4900 3535 4973">
    <p class='ocr_par' dir='ltr' id='par_1_108' title="bbox 1895 4900 3535 4973">
     <span class='ocr_line' id='line_1_108' title="bbox 1895 4900 3535 4973; baseline 0 -17"><span class='ocrx_word' id='word_1_751' title='bbox 1895 4964 1908 4970; x_wconf 35' lang='grc' dir='ltr'>ν</span> <span class='ocrx_word' id='word_1_752' title='bbox 1934 4902 2058 4972; x_wconf 89' lang='lat' dir='ltr'><strong>quia</strong></span> <span class='ocrx_word' id='word_1_753' title='bbox 2085 4900 2482 4973; x_wconf 83' lang='lat' dir='ltr'><strong>Deusjubendo</strong></span> <span class='ocrx_word' id='word_1_754' title='bbox 2524 4910 2580 4955; x_wconf 93' lang='lat' dir='ltr'><strong>ut</strong></span> <span class='ocrx_word' id='word_1_755' title='bbox 2610 4902 2811 4969; x_wconf 72' lang='lat' dir='ltr'><strong>veniat,</strong></span> <span class='ocrx_word' id='word_1_756' title='bbox 2853 4901 3082 4972; x_wconf 90' lang='lat' dir='ltr'><strong>ipsemet</strong></span> <span class='ocrx_word' id='word_1_757' title='bbox 3115 4901 3256 4956; x_wconf 91' lang='lat' dir='ltr'><strong>Deus</strong></span> <span class='ocrx_word' id='word_1_758' title='bbox 3293 4902 3535 4957; x_wconf 90' lang='lat' dir='ltr'><strong>omnium</strong></span> 
     </span>
    </p>
   </div>
   <div class='ocr_carea' id='block_1_109' title="bbox 1932 4991 3535 5064">
    <p class='ocr_par' dir='ltr' id='par_1_109' title="bbox 1932 4991 3535 5064">
     <span class='ocr_line' id='line_1_109' title="bbox 1932 4991 3535 5064; baseline 0 -15"><span class='ocrx_word' id='word_1_759' title='bbox 1932 4995 2321 5060; x_wconf 89' lang='lat' dir='ltr'><strong>calamitatum,</strong></span> <span class='ocrx_word' id='word_1_760' title='bbox 2367 4994 2560 5064; x_wconf 91' lang='lat' dir='ltr'><strong>quibus</strong></span> <span class='ocrx_word' id='word_1_761' title='bbox 2605 4992 2768 5048; x_wconf 91' lang='lat' dir='ltr'><strong>homo</strong></span> <span class='ocrx_word' id='word_1_762' title='bbox 2791 4992 2842 5047; x_wconf 88' lang='lat' dir='ltr'><strong>in</strong></span> <span class='ocrx_word' id='word_1_763' title='bbox 2869 4993 2970 5048; x_wconf 89' lang='lat' dir='ltr'><strong>hoc</strong></span> <span class='ocrx_word' id='word_1_764' title='bbox 3008 4991 3209 5048; x_wconf 91' lang='lat' dir='ltr'><strong>mundo</strong></span> <span class='ocrx_word' id='word_1_765' title='bbox 3248 4993 3535 5064; x_wconf 88' lang='lat' dir='ltr'><strong>premitur,</strong></span> 
     </span>
    </p>
   </div>
   <div class='ocr_carea' id='block_1_110' title="bbox 1933 5084 3536 5156">
    <p class='ocr_par' dir='ltr' id='par_1_110' title="bbox 1933 5084 3536 5156">
     <span class='ocr_line' id='line_1_110' title="bbox 1933 5084 3536 5156; baseline 0.001 -15"><span class='ocrx_word' id='word_1_766' title='bbox 1933 5095 2092 5156; x_wconf 90' lang='lat' dir='ltr'><strong>atque</strong></span> <span class='ocrx_word' id='word_1_767' title='bbox 2118 5085 2278 5148; x_wconf 88' lang='lat' dir='ltr'><strong>etiam</strong></span> <span class='ocrx_word' id='word_1_768' title='bbox 2307 5094 2650 5151; x_wconf 88' lang='lat' dir='ltr'><strong>cunctorum,</strong></span> <span class='ocrx_word' id='word_1_769' title='bbox 2675 5101 2794 5155; x_wconf 63' lang='lat' dir='ltr'><strong>quae</strong></span> <span class='ocrx_word' id='word_1_770' title='bbox 2819 5094 3097 5155; x_wconf 87' lang='lat' dir='ltr'><strong>perpetrat</strong></span> <span class='ocrx_word' id='word_1_771' title='bbox 3122 5084 3389 5141; x_wconf 91' lang='lat' dir='ltr'><strong>scelerum</strong></span> <span class='ocrx_word' id='word_1_772' title='bbox 3417 5102 3536 5142; x_wconf 90' lang='lat' dir='ltr'><strong>cau-</strong></span> 
     </span>
    </p>
   </div>
   <div class='ocr_carea' id='block_1_111' title="bbox 1933 5176 3533 5246">
    <p class='ocr_par' dir='ltr' id='par_1_111' title="bbox 1933 5176 3533 5246">
     <span class='ocr_line' id='line_1_111' title="bbox 1933 5176 3533 5246; baseline 0.001 -14"><span class='ocrx_word' id='word_1_773' title='bbox 1933 5192 1990 5232; x_wconf 91' lang='lat' dir='ltr'><strong>sa</strong></span> <span class='ocrx_word' id='word_1_774' title='bbox 2016 5177 2324 5234; x_wconf 83' lang='lat' dir='ltr'><strong>diceretur?</strong></span> <span class='ocrx_word' id='word_1_775' title='bbox 2350 5180 2419 5232; x_wconf 81' lang='lat' dir='ltr'><strong>At</strong></span> <span class='ocrx_word' id='word_1_776' title='bbox 2438 5177 2659 5245; x_wconf 89' lang='lat' dir='ltr'><strong>nullius,</strong></span> <span class='ocrx_word' id='word_1_777' title='bbox 2682 5178 2758 5232; x_wconf 90' lang='lat' dir='ltr'><strong>ait</strong></span> <span class='ocrx_word' id='word_1_778' title='bbox 2784 5176 2895 5244; x_wconf 91' lang='lat' dir='ltr'><strong>ille,</strong></span> <span class='ocrx_word' id='word_1_779' title='bbox 2923 5177 3178 5246; x_wconf 90' lang='lat' dir='ltr'><strong>ponderis</strong></span> <span class='ocrx_word' id='word_1_780' title='bbox 3195 5187 3277 5232; x_wconf 89' lang='lat' dir='ltr'><strong>est</strong></span> <span class='ocrx_word' id='word_1_781' title='bbox 3303 5177 3419 5232; x_wconf 76' lang='lat' dir='ltr'><strong>[nec</strong></span> <span class='ocrx_word' id='word_1_782' title='bbox 3445 5194 3533 5233; x_wconf 90' lang='lat' dir='ltr'><strong>ra-</strong></span> 
     </span>
    </p>
   </div>
   <div class='ocr_carea' id='block_1_112' title="bbox 1935 5267 3534 5341">
    <p class='ocr_par' dir='ltr' id='par_1_112' title="bbox 1935 5267 3534 5341">
     <span class='ocr_line' id='line_1_112' title="bbox 1935 5267 3534 5341; baseline 0.001 -16"><span class='ocrx_word' id='word_1_783' title='bbox 1935 5273 2028 5325; x_wconf 90' lang='lat' dir='ltr'><strong>tio.</strong></span> <span class='ocrx_word' id='word_1_784' title='bbox 2074 5270 2208 5341; x_wconf 82' lang='lat' dir='ltr'><strong>Quia</strong></span> <span class='ocrx_word' id='word_1_785' title='bbox 2239 5271 2382 5325; x_wconf 90' lang='lat' dir='ltr'><strong>enim</strong></span> <span class='ocrx_word' id='word_1_786' title='bbox 2414 5285 2525 5324; x_wconf 90' lang='lat' dir='ltr'><strong>non</strong></span> <span class='ocrx_word' id='word_1_787' title='bbox 2568 5268 2821 5341; x_wconf 89' lang='lat' dir='ltr'><strong>prohibet</strong></span> <span class='ocrx_word' id='word_1_788' title='bbox 2849 5267 3302 5341; x_wconf 89' lang='lat' dir='ltr'><strong>quemadmodum</strong></span> <span class='ocrx_word' id='word_1_789' title='bbox 3332 5281 3534 5339; x_wconf 90' lang='lat' dir='ltr'><strong>potest,</strong></span> 
     </span>
    </p>
   </div>
   <div class='ocr_carea' id='block_1_113' title="bbox 1935 5360 3539 5434">
    <p class='ocr_par' dir='ltr' id='par_1_113' title="bbox 1935 5360 3539 5434">
     <span class='ocr_line' id='line_1_113' title="bbox 1935 5360 3539 5434; baseline 0.001 -15"><span class='ocrx_word' id='word_1_790' title='bbox 1935 5379 2004 5419; x_wconf 90' lang='lat' dir='ltr'><strong>ne</strong></span> <span class='ocrx_word' id='word_1_791' title='bbox 2036 5365 2195 5419; x_wconf 89' lang='lat' dir='ltr'><strong>homo</strong></span> <span class='ocrx_word' id='word_1_792' title='bbox 2226 5362 2409 5418; x_wconf 90' lang='lat' dir='ltr'><strong>veniat</strong></span> <span class='ocrx_word' id='word_1_793' title='bbox 2436 5363 2489 5417; x_wconf 91' lang='lat' dir='ltr'><strong>in</strong></span> <span class='ocrx_word' id='word_1_794' title='bbox 2516 5363 2660 5416; x_wconf 90' lang='lat' dir='ltr'><strong>hunc</strong></span> <span class='ocrx_word' id='word_1_795' title='bbox 2706 5360 2990 5434; x_wconf 82' lang='lat' dir='ltr'><strong>mundum,</strong></span> <span class='ocrx_word' id='word_1_796' title='bbox 3037 5360 3350 5416; x_wconf 91' lang='lat' dir='ltr'><strong>eorumdem</strong></span> <span class='ocrx_word' id='word_1_797' title='bbox 3393 5363 3539 5420; x_wconf 90' lang='lat' dir='ltr'><strong>illius</strong></span> 
     </span>
    </p>
   </div>
   <div class='ocr_carea' id='block_1_114' title="bbox 1935 5454 3536 5521">
    <p class='ocr_par' dir='ltr' id='par_1_114' title="bbox 1935 5454 3536 5521">
     <span class='ocr_line' id='line_1_114' title="bbox 1935 5454 3536 5521; baseline -0.002 -6"><span class='ocrx_word' id='word_1_798' title='bbox 1935 5459 2198 5521; x_wconf 88' lang='lat' dir='ltr'><strong>scelerum</strong></span> <span class='ocrx_word' id='word_1_799' title='bbox 2229 5469 2284 5514; x_wconf 86' lang='lat' dir='ltr'><strong>et</strong></span> <span class='ocrx_word' id='word_1_800' title='bbox 2311 5457 2679 5512; x_wconf 87' lang='lat' dir='ltr'><strong>calamitatum</strong></span> <span class='ocrx_word' id='word_1_801' title='bbox 2712 5470 2818 5510; x_wconf 93' lang='lat' dir='ltr'><strong>non</strong></span> <span class='ocrx_word' id='word_1_802' title='bbox 2862 5455 3040 5510; x_wconf 87' lang='lat' dir='ltr'><strong>minus</strong></span> <span class='ocrx_word' id='word_1_803' title='bbox 3069 5470 3230 5511; x_wconf 89' lang='lat' dir='ltr'><strong>causa</strong></span> <span class='ocrx_word' id='word_1_804' title='bbox 3277 5454 3536 5512; x_wconf 90' lang='lat' dir='ltr'><strong>dicendus</strong></span> 
     </span>
    </p>
   </div>
   <div class='ocr_carea' id='block_1_115' title="bbox 1936 5547 3536 5620">
    <p class='ocr_par' dir='ltr' id='par_1_115' title="bbox 1936 5547 3536 5620">
     <span class='ocr_line' id='line_1_115' title="bbox 1936 5547 3536 5620; baseline -0.004 -10"><span class='ocrx_word' id='word_1_805' title='bbox 1936 5552 2056 5610; x_wconf 87' lang='lat' dir='ltr'><strong>erit.</strong></span> <span class='ocrx_word' id='word_1_806' title='bbox 2089 5551 2194 5608; x_wconf 90' lang='lat' dir='ltr'><strong>Sed</strong></span> <span class='ocrx_word' id='word_1_807' title='bbox 2223 5551 2277 5606; x_wconf 90' lang='lat' dir='ltr'><strong>id</strong></span> <span class='ocrx_word' id='word_1_808' title='bbox 2303 5549 2372 5606; x_wconf 92' lang='lat' dir='ltr'><strong>de</strong></span> <span class='ocrx_word' id='word_1_809' title='bbox 2399 5550 2494 5605; x_wconf 90' lang='lat' dir='ltr'><strong>illo</strong></span> <span class='ocrx_word' id='word_1_810' title='bbox 2520 5550 2639 5605; x_wconf 90' lang='lat' dir='ltr'><strong>sine</strong></span> <span class='ocrx_word' id='word_1_811' title='bbox 2663 5550 2895 5604; x_wconf 82' lang='lat' dir='ltr'><strong>maxima</strong></span> <span class='ocrx_word' id='word_1_812' title='bbox 2927 5547 3202 5619; x_wconf 91' lang='lat' dir='ltr'><strong>impietate</strong></span> <span class='ocrx_word' id='word_1_813' title='bbox 3223 5551 3536 5620; x_wconf 90' lang='lat' dir='ltr'><strong>pronuntia-</strong></span> 
     </span>
    </p>
   </div>
   <div class='ocr_carea' id='block_1_116' title="bbox 1934 5652 2349 5715">
    <p class='ocr_par' dir='ltr' id='par_1_116' title="bbox 1934 5652 2349 5715">
     <span class='ocr_line' id='line_1_116' title="bbox 1934 5652 2349 5715; baseline -0.005 -15"><span class='ocrx_word' id='word_1_814' title='bbox 1934 5652 1981 5700; x_wconf 90' lang='lat' dir='ltr'><strong>ri</strong></span> <span class='ocrx_word' id='word_1_815' title='bbox 2013 5661 2120 5703; x_wconf 88' lang='lat' dir='ltr'><strong>non</strong></span> <span class='ocrx_word' id='word_1_816' title='bbox 2150 5652 2349 5715; x_wconf 89' lang='lat' dir='ltr'><strong>potest.</strong></span> 
     </span>
    </p>
   </div>
   <div class='ocr_carea' id='block_1_117' title="bbox 2007 5732 3537 5812">
    <p class='ocr_par' dir='ltr' id='par_1_117' title="bbox 2007 5732 3537 5812">
     <span class='ocr_line' id='line_1_117' title="bbox 2007 5732 3537 5812; baseline 0 -20"><span class='ocrx_word' id='word_1_817' title='bbox 2007 5737 2287 5806; x_wconf 82' lang='lat' dir='ltr'><strong>Urgebant</strong></span> <span class='ocrx_word' id='word_1_818' title='bbox 2316 5733 2550 5791; x_wconf 83' lang='lat' dir='ltr'><strong>ethnici:</strong></span> <span class='ocrx_word' id='word_1_819' title='bbox 2589 5734 2686 5790; x_wconf 90' lang='lat' dir='ltr'><strong>Dic</strong></span> <span class='ocrx_word' id='word_1_820' title='bbox 2710 5735 2870 5804; x_wconf 86' lang='lat' dir='ltr'><strong>igitur</strong></span> <span class='ocrx_word' id='word_1_821' title='bbox 2898 5732 3054 5788; x_wconf 88' lang='lat' dir='ltr'><strong>nobis</strong></span> <span class='ocrx_word' id='word_1_822' title='bbox 3085 5732 3226 5788; x_wconf 91' lang='lat' dir='ltr'><strong>unde</strong></span> <span class='ocrx_word' id='word_1_823' title='bbox 3253 5735 3537 5812; x_wconf 88' lang='lat' dir='ltr'><strong>progenita</strong></span> 
     </span>
    </p>
   </div>
   <div class='ocr_carea' id='block_1_118' title="bbox 1936 5824 3538 5898">
    <p class='ocr_par' dir='ltr' id='par_1_118' title="bbox 1936 5824 3538 5898">
     <span class='ocr_line' id='line_1_118' title="bbox 1936 5824 3538 5898; baseline 0.001 -15"><span class='ocrx_word' id='word_1_824' title='bbox 1936 5841 2026 5898; x_wconf 56' lang='lat' dir='ltr'><strong>aut</strong></span> <span class='ocrx_word' id='word_1_825' title='bbox 2057 5827 2266 5898; x_wconf 88' lang='lat' dir='ltr'><strong>prolata</strong></span> <span class='ocrx_word' id='word_1_826' title='bbox 2299 5827 2587 5884; x_wconf 88' lang='lat' dir='ltr'><strong>sitanima.</strong></span> <span class='ocrx_word' id='word_1_827' title='bbox 2624 5825 2730 5882; x_wconf 90' lang='lat' dir='ltr'><strong>Sed</strong></span> <span class='ocrx_word' id='word_1_828' title='bbox 2761 5824 2884 5894; x_wconf 87' lang='lat' dir='ltr'><strong>hoc,</strong></span> <span class='ocrx_word' id='word_1_829' title='bbox 2910 5825 3106 5895; x_wconf 89' lang='lat' dir='ltr'><strong>inquit,</strong></span> <span class='ocrx_word' id='word_1_830' title='bbox 3138 5825 3429 5895; x_wconf 84' lang='lat' dir='ltr'><strong>Arnobius,</strong></span> <span class='ocrx_word' id='word_1_831' title='bbox 3462 5830 3538 5884; x_wconf 80' lang='lat' dir='ltr'><strong>si-</strong></span> 
     </span>
    </p>
   </div>
   <div class='ocr_carea' id='block_1_119' title="bbox 1937 5917 3538 5998">
    <p class='ocr_par' dir='ltr' id='par_1_119' title="bbox 1937 5917 3538 5998">
     <span class='ocr_line' id='line_1_119' title="bbox 1937 5917 3538 5998; baseline -0.002 -17"><span class='ocrx_word' id='word_1_832' title='bbox 1937 5932 2109 5990; x_wconf 81' lang='lat' dir='ltr'><strong>cutet</strong></span> <span class='ocrx_word' id='word_1_833' title='bbox 2134 5923 2234 5998; x_wconf 84' lang='lat' dir='ltr'><strong>alia</strong></span> <span class='ocrx_word' id='word_1_834' title='bbox 2270 5922 2422 5994; x_wconf 78' lang='lat' dir='ltr'><strong>plura</strong></span> <span class='ocrx_word' id='word_1_835' title='bbox 2451 5921 2702 5993; x_wconf 82' lang='lat' dir='ltr'><strong>ignorare</strong></span> <span class='ocrx_word' id='word_1_836' title='bbox 2745 5933 3076 5993; x_wconf 86' lang='lat' dir='ltr'><strong>possumus,</strong></span> <span class='ocrx_word' id='word_1_837' title='bbox 3125 5917 3340 5977; x_wconf 85' lang='lat' dir='ltr'><strong>tametsi</strong></span> <span class='ocrx_word' id='word_1_838' title='bbox 3388 5920 3538 5978; x_wconf 85' lang='lat' dir='ltr'><strong>illam</strong></span> 
     </span>
    </p>
   </div>
  </div>
