3918 6370
354 412 457 466 575

1594 402 2041 461 DISSERTATIO
2077 399 2354 457 PBEVIA

3531 398 3636 453 376

354 538 457 579 nec
484 522 740 588 divinam,
761 535 860 576 nec
889 520 979 575 Dei
1002 520 1309 590 progeniem
1337 534 1456 574 esse
1483 526 1818 589 compertum
1843 529 1940 571 no-
1966 515 2019 575 A
2045 522 2190 580 sunt,
2224 513 2292 569 de
2320 513 2506 569 mundi
2531 511 2754 581 origine,
2787 513 2928 577 loco,
2961 522 3015 567 et
3045 513 3183 577 situ;
3215 512 3285 567 de
3310 514 3453 579 nive,
3491 514 3632 581 sole,

356 616 435 668 his
462 614 552 667 sit.
589 613 801 668 Scimus
821 615 961 668 enim
987 612 1116 667 nihil
1144 628 1173 666 a
1197 612 1308 667 Deo
1328 626 1537 666 summo
1563 610 1679 665 ﬁeri
1706 623 1940 680 unquam

351 709 615 778 potuisse.
650 705 1029 761 nisi'omnibus
1072 704 1308 759 numeris
1335 703 1658 758 absolutum.
1692 702 1801 757 Nec
1842 701 1942 755 mi-

351 812 456 853 nus
481 806 632 853 certo
659 798 1036 867 cognoscimus
1054 796 1301 850 homines
1328 794 1459 848 nihil
1489 809 1609 849 esse
1638 793 1805 860 aliud,
1839 792 1939 847 nisi

352 890 561 944 animas
588 892 798 958 corpori
841 889 1105 959 alligatas,
1136 902 1253 955 qua:
1284 885 1522 940 omnium
1567 884 1817 939 vitiorum
1846 899 1934 955 ge-

351 996 483 1035 nere
508 989 940 1049 corrumpuntur.
966 976 1216 1043 Quamvis
1245 979 1389 1030 enim
1416 974 1628 1045 quidam
1657 974 1942 1045 inculpatis

348 1076 675 1145 Optimtsqtte
702 1073 808 1127 sint
849 1072 1110 1136 moribus,
1141 1081 1289 1125 certe
1333 1069 1384 1122 hi
1434 1069 1740 1138 paucissimi
1791 1080 1939 1135 sunt,

349 1184 451 1225 nec
494 1183 659 1239 parvo
702 1182 916 1230 eorum,
954 1179 1090 1235 quos
1119 1164 1388 1218 Arnobius
1413 1164 1684 1234 proponit,
1718 1178 1941 1218 numero

350 1262 720 1317 :esﬁmandum
751 1270 833 1315 est
880 1268 1049 1314 totum
1080 1273 1252 1328 genus
1282 1259 1594 1311 humanum.
1642 1256 1939 1326 Ecquinam

348 1371 497 1418 vero,
554 1355 719 1425 pergit
770 1353 879 1417 ille,
914 1350 1134 1425 perfecti
1176 1359 1301 1405 sunt
1346 1348 1630 1404 homines?
1678 1346 1940 1417 Numquid

351 1447 685 1521 philosophi!
718 1446 878 1514 Atqui
923 1446 973 1498 hi
1016 1444 1257 1516 quotidie
1298 1458 1420 1497 cum
1460 1442 1840 1510 cupiditatibus
1887 1450 1942 1496 et

347 1541 509 1595 variis
537 1540 698 1593 animi
747 1538 1024 1594 affectibus
1057 1546 1374 1607 pugnantes,
1405 1536 1636 1589 animam
1679 1549 1829 1588 suam
1873 1533 1940 1588 ad

346 1634 475 1687 vitia
500 1632 816 1702 proclivem,
847 1640 901 1686 et
942 1629 1210 1685 inﬁrmam
1252 1643 1372 1683 esse
1399 1629 1790 1684 demonstrant.
1822 1624 1939 1681 Non

347 1741 476 1797 crgo
502 1726 676 1781 divina
701 1736 783 1779 est
812 1726 1023 1779 illorum
1054 1739 1153 1777 nec
1174 1723 1401 1777 aliorum
1431 1722 1628 1776 anima.

2042 607 2189 673 luna,
2222 622 2285 662 ac
2316 607 2484 661 stellis
2509 621 2524 670 ;
2554 605 2619 660 de
2642 605 2839 675 pluvia,
2867 616 3048 672 vento,
3075 614 3449 676 tempestatum
3473 606 3633 660 vicis-

2044 699 2301 763 situdine,
2351 698 2418 752 de
2443 698 2585 752 salso
2615 699 2748 751 mari
2776 716 2790 762 ;
2819 698 2886 752 de
2913 697 3236 768 quibusdam
3279 700 3438 753 terris
3465 697 3636 753 dulci-

2045 789 2165 858 bus,
2198 790 2417 853 amaris,
2448 789 2677 861 frigidis,
2703 804 2766 844 ac
2795 790 2862 845 de
2885 796 3240 846 humanorum
3269 788 3631 846 membrorum

2046 882 2460 951 compositione.
2503 881 2689 953 Neque
2737 883 2907 952 magis
2953 891 3149 937 norunt
3177 882 3301 952 quid
3343 883 3394 935 in
3434 882 3634 938 mundo

2046 974 2245 1027 faciant
2269 973 2533 1039 bubones,
2565 973 2873 1038 immissuli,
2900 973 3159 1037 formicae,
3185 988 3395 1043 vepres,
3423 973 3629 1041 lolium,

2045 1065 2254 1134 aliaque
2283 1068 2367 1121 his
2395 1067 2622 1130 similia;
2653 1083 2751 1120 cur
2780 1066 2871 1120 tali
2904 1080 3003 1119 nec
3043 1066 3147 1120 alia
3179 1066 3342 1136 ﬁgura
3374 1067 3632 1133 triticum,

2047 1157 2148 1222 far,
2178 1158 2467 1223 hordeum,
2498 1170 2804 1229 eteteraque
2821 1158 2945 1213 usui
2969 1157 3199 1212 humano
3219 1170 3361 1227 apta.
3388 1173 3487 1213 nec
3506 1157 3637 1229 quid

2044 1251 2261 1306 tandem
2290 1252 2396 1306 sint
2424 1253 2578 1317 odor,
2613 1267 2796 1322 sapor,
2826 1262 2986 1318 atque
3008 1253 3129 1305 alia:
3149 1251 3476 1321 ejuscemodi
3504 1267 3639 1320 qua-

2043 1345 2240 1400 litates.
2278 1345 2443 1401 Recte
2490 1346 2670 1415 itaque
2709 1345 2976 1408 Christus,
3011 1361 3170 1401 verus
3204 1347 3373 1413 Deus,
3405 1345 3506 1400 ssib
3536 1345 3639 1400 ho-

2044 1439 2206 1493 minis
2228 1438 2399 1493 l'orma
2429 1439 2659 1501 locutus,
2680 1439 2835 1509 jubet
2856 1454 2952 1494 nos
2973 1438 3176 1494 relictis
3203 1440 3351 1494 hisce
3366 1440 3641 1505 omnibus,

2044 1531 2419 1601 similibusque
2462 1531 2582 1585 aliis
2613 1531 3022 1601 quaestionibus,
3052 1532 3118 1586 ad
3150 1547 3329 1587 rerum
3357 1532 3643 1588 universa-

2046 1639 2164 1679 rum
2193 1623 2470 1678 dominum
2503 1632 2613 1677 tota
2646 1632 2828 1678 mente
2872 1622 3088 1685 adtolli,
3123 1633 3284 1693 atque
3328 1632 3641 1693 perpetuam

2047 1717 2217 1786 ipsius
2246 1716 2447 1772 habere
2495 1716 2838 1779 memoriam,
2872 1717 2961 1788 qui
2994 1718 3207 1773 tametsi
3256 1717 3648 1789 comprehendi

422 1816 529 1872 Nec
565 1826 648 1872 est
672 1816 812 1887 quod
839 1816 1049 1870 rideant
1071 1815 1292 1880 ethnici,
1326 1814 1370 1867 si
1396 1828 1652 1884 negemus
1680 1813 1945 1867 nobisin-
1975 1832 2022 1891 Β
2050 1821 2304 1879 nequeat,
2333 1811 2514 1865 nullus
2545 1822 2722 1865 tamen
2752 1811 2853 1864 nisi
2884 1825 3092 1876 amens,
3126 1810 3273 1864 illum
3304 1811 3476 1864 solum
3516 1824 3643 1865 esse

349 1919 684 1981 compertum
702 1924 822 1965 esse
840 1909 1110 1979 quomodo
1132 1909 1219 1962 illa
1236 1916 1413 1962 creata
1428 1908 1517 1961 sit.
1538 1906 1728 1961 Nullus
1746 1908 1947 1961 etenim

349 2003 598 2059 irrisione
627 2004 819 2075 dignus
840 2014 943 2068 est,
972 2004 1062 2075 qui
1107 2002 1306 2073 aliquid
1338 2002 1530 2067 nescit,
1556 2011 1648 2055 aut
1676 2003 1765 2072 qui
1805 2002 1950 2071 quod

349 2108 542 2161 nescit,
570 2098 620 2152 id
645 2113 704 2151 se
724 2099 935 2153 nescire
959 2098 1268 2153 confitetur.
1299 2099 1365 2151 At
1383 2096 1473 2149 ille
1493 2105 1684 2151 merito
1715 2096 1947 2152 irriden-

350 2192 471 2253 ilus,
490 2192 579 2262 qui
606 2206 666 2245 se
688 2192 827 2245 scire
843 2201 988 2259 putat
1008 2190 1151 2260 quod
1162 2190 1450 2244 obscurum
1469 2198 1574 2253 est,
1590 2198 1640 2243 et
1658 2186 1946 2243 humanam

350 2294 568 2354 superat
593 2286 979 2354 cognitionem.
1027 2284 1300 2338 Praeterea
1348 2283 1436 2351 qui
1484 2283 1689 2336 animas
1717 2283 1784 2336 ab
1832 2282 1947 2351 ipso

350 2391 561 2429 summo
598 2375 745 2444 Rege
784 2376 837 2429 iit
869 2375 1100 2430 hominis
1150 2388 1345 2443 corpus
1385 2373 1717 2428 descendere
1746 2373 1947 2442 opina—-

352 2468 563 2535 bantur,
601 2468 731 2521 nihil
763 2467 1110 2538 proferebant
1135 2470 1267 2522 certi
1295 2477 1350 2522 et
1375 2466 1659 2536 explorati,
1692 2465 1787 2520 sed
1828 2480 1947 2520 sus-

352 2562 591 2630 piciones
624 2569 825 2614 tantum
854 2575 917 2614 ac
942 2560 1295 2629 conjecturas,
1326 2575 1444 2629 qu:e
1474 2558 1601 2613 nihil
1630 2558 1773 2612 aliud
1798 2567 1942 2621 sunt,

356 2658 460 2712 nisi
493 2661 694 2711 incerta
721 2655 922 2724 Opinio,
958 2665 1009 2709 et
1037 2655 1111 2709 rei
1146 2656 1311 2724 ipsius
1339 2653 1660 2721 ignorantia.

423 2750 503 2803 Ad
520 2747 635 2802 [nec
656 2762 807 2814 vero,
830 2746 1043 2815 ipsimet
1058 2747 1286 2817 gentiles
1310 2746 1609 2815 pltilos0plii
1637 2745 1947 2800 nesciebant

348 2841 494 2895 unde
514 2839 767 2906 qualesve
798 2839 906 2893 sint
925 2841 1357 2909 elephantorum,
1376 2854 1679 2905 cervorum,
1704 2839 1940 2905 leonum,

348 2933 685 3000 aliorumque
719 2930 1056 2996 animalium,
1089 2932 1253 2983 immo
1296 2944 1427 2985 vero
1458 2945 1560 2983 nec
1593 2932 1942 2993 locustarum,

352 3027 607 3082 murium.
641 3026 899 3086 soricum,
925 3033 978 3077 et
999 3024 1223 3077 aliarum
1248 3023 1576 3089 ejuscemodi
1601 3023 1944 3077 bestiolarum

350 3120 577 3184 animae;
612 3135 741 3188 quas
772 3118 986 3187 quidem
1015 3133 1080 3173 ex
1105 3118 1291 3171 lictitio
1315 3117 1549 3171 Platonis
1572 3128 1782 3171 cratere
1803 3124 1949 3171 ortas

2056 1904 2222 1959 Deum
2253 1904 2495 1975 ambigit.
2532 1905 2789 1960 Ethnicos
2820 1905 3003 1974 igitur,
3032 1905 3121 1973 qui
3151 1919 3273 1959 eum
3320 1918 3425 1959 non
3453 1918 3650 1974 agnos-

2050 2007 2196 2064 cunt,
2230 2008 2446 2054 manent
2472 2001 2599 2054 saevi
2629 2009 2748 2070 post
2773 2007 2999 2053 mortem
3022 2001 3309 2063 cruciatus,
3336 2008 3627 2069 quantum-

2051 2090 2133 2145 vis
2162 2089 2323 2162 Magi,
2360 2090 2593 2157 Etrusci,
2626 2092 2706 2147 vel
2739 2092 2855 2158 alii,
2890 2092 3014 2153 illis,
3047 2091 3091 2145 si
3123 2091 3205 2160 pie
3238 2092 3501 2149 vixerint.
3532 2106 3654 2149 caeo

2055 2185 2165 2238 lum
2214 2194 2339 2254 post
2384 2194 2617 2239 mortem
2668 2194 2855 2255 patere
2888 2183 3211 2254 spondeant.
3252 2184 3307 2239 In
3334 2184 3476 2240 illius
3505 2185 3651 2240 enim

2050 2280 2221 2336 solius
2254 2280 2386 2347 Dei,
2420 2282 2643 2335 minime
2672 2296 2803 2334 vero
2832 2281 3086 2345 aliorum,
3139 2281 3533 2349 quantumlibet
3577 2282 3654 2336 dii

2050 2372 2318 2437 dicantur,
2351 2383 2617 2443 potestate
2660 2374 2893 2444 positum
2922 2384 3005 2427 est
3041 2372 3295 2427 conferre
3337 2373 3649 2428 immortali-

2051 2476 2236 2521 tatem.
2264 2464 2525 2533 Quocirca
2565 2465 2813 2522 Christus
2852 2467 2923 2519 ab
2967 2465 3060 2520 illo
3090 2466 3286 2521 missus
3315 2474 3416 2532 est,
3465 2475 3525 2522 ut
3552 2481 3654 2522 nos

2047 2560 2114 2613 ab
2144 2560 2383 2623 interitu,
2429 2571 2591 2631 atque
2616 2561 2780 2614 exitio
2815 2560 3097 2614 liberaret.

2124 2650 2258 2719 Quid
2287 2666 2435 2720 ergo,
2466 2641 2761 2722 arguebant
2792 2653 3015 2713 ethnici.
3047 2662 3226 2705 actum
3252 2661 3337 2707 est
3367 2651 3435 2707 de
3458 2666 3651 2706 eorum

2049 2744 2351 2806 animabus,
2386 2744 2475 2813 qui
2524 2754 2649 2797 ante
2696 2743 2896 2798 Christi
2926 2744 3215 2798 adventum
3261 2745 3457 2798 mortui
3487 2747 3658 2799 sunt?

2046 2836 2289 2892 Christus
2318 2837 2466 2907 ipse,
2504 2839 2674 2908 inquit
2705 2837 2984 2892 Arnobius
3008 2879 3022 2901 ,
3055 2852 3153 2891 nos
3183 2838 3365 2892 docuit
3400 2852 3492 2893 eas
3520 2853 3658 2893 con-

2050 2933 2285 2987 venienti
2317 2942 2560 3000 tempore
2602 2948 2629 2985 a
2673 2947 2731 2986 se
2762 2930 2935 2986 fuisse
2964 2941 3339 2995 conservatas,
3371 2947 3433 2986 ac
3462 2932 3661 2986 libera-

2051 3034 2155 3089 tas,
2184 3024 2637 3095 quemadmodum
2663 3025 2730 3080 ab
2756 3026 2871 3091 ipso
2898 3026 3015 3079 solo
3040 3025 3328 3080 didicimus
3355 3025 3570 3095 quando
3602 3028 3656 3081 in

2061 3122 2220 3176 terris
2247 3136 2367 3176 esse
2387 3121 2619 3190 cmperit
2646 3121 2938 3174 humanum
2963 3135 3152 3188 genus,
3186 3119 3399 3188 quando
3426 3119 3655 3189 primum

354 3209 2027 3304 nemodixeritNecmagisinterphilostqihosconstataquoC
2061 3214 2296 3283 alligatze
2354 3212 2462 3267 sint
2518 3212 2834 3282 corporibus
2878 3212 3102 3276 animo),
3154 3220 3207 3265 et
3256 3210 3376 3281 quis
3424 3211 3661 3267 hominis

351 3314 407 3356 et
433 3318 496 3357 ex
535 3303 727 3371 quibus
759 3301 947 3371 primis
980 3302 1314 3369 potissimum
1349 3300 1505 3355 rebus
1535 3303 1725 3355 anima:
1757 3310 1957 3357 nostra:

350 3398 506 3452 facta:
524 3398 730 3451 sint.At
744 3396 789 3449 si
815 3397 897 3463 pie
919 3406 972 3450 et
991 3404 1178 3450 sancte
1192 3415 1216 3444 η
1237 3395 1457 3449 Platone
1474 3395 1748 3450 adsertum
1771 3406 1958 3464 putant

352 3492 499 3555 illas,
547 3506 651 3544 non
698 3489 915 3559 quidem
947 3504 976 3540 a
1011 3489 1120 3541 Deo
1162 3503 1395 3553 summo,
1430 3488 1526 3541 sed
1557 3487 1625 3539 ah
1655 3488 1954 3543 minoribus

353 3585 672 3655 quihusdam
699 3566 1051 3651 potestatibus
1077 3590 1308 3645 creatas,
1335 3597 1429 3636 cur
1456 3582 1611 3636 llOlliS
1638 3600 1742 3637 non
1774 3584 1954 3639 licebit

351 3676 511 3745 longe
553 3678 754 3730 certius
797 3675 1055 3737 adserere
1098 3674 1243 3742 ipsas
1275 3673 1465 3728 media:
1496 3675 1782 3744 qualitatis,
1828 3691 1951 3745 quas

354 3768 566 3837 quidem
616 3768 737 3821 licet
769 3784 796 3819 a
829 3765 1210 3834 principalibus
1238 3767 1588 3834 potestatibus
1634 3782 1737 3821 non
1767 3766 1947 3835 editae,

355 3862 649 3931 mortisque
681 3862 885 3931 legibus
912 3861 1158 3915 obnoxia:
1188 3860 1319 3925 sint,
1344 3860 1743 3919 immortalitate
1768 3872 1946 3919 tamen

355 3972 383 4009 a
417 3957 525 4010 Deo
553 3956 820 4009 donantur
845 3954 870 4007 ?

425 4049 609 4119 Neque
634 4048 833 4103 dixeris
856 4047 987 4101 nihil
1011 4046 1221 4115 penitus
1246 4047 1364 4102 sine
1399 4047 1488 4115 Dei
1510 4048 1781 4104 voluntate
1812 4050 1948 4104 ﬁeri.

356 4141 500 4196 Cave
536 4143 679 4195 enim
716 4155 781 4194 ne
809 4140 932 4193 inde
963 4138 1318 4193 concludatur
1350 4141 1517 4193 Deum
1563 4150 1641 4194 tot
1670 4158 1731 4196 ac
1770 4150 1948 4198 tanto-

356 4250 498 4302 rum,
531 4235 728 4305 quibus
760 4233 1005 4288 homines
1032 4229 1354 4294 obruuntur,
1379 4248 1605 4302 quoique
1631 4251 1693 4287 ex
1719 4236 1953 4291 clemen-

356 4338 534 4383 torum
585 4326 951 4395 iumqualitate
981 4326 1110 4379 oriri
1144 4340 1249 4378 non
1279 4335 1513 4391 constat,
1548 4327 1808 4381 malorum
1840 4344 1960 4384 esse

355 4430 655 4475 auctorem.
678 4418 789 4472 Nec
806 4418 1072 4472 curiosius
1091 4418 1254 4472 etiam
1283 4417 1524 4487 inquiras
1550 4418 1689 4473 unde
1713 4419 1796 4473 illa
1820 4421 1959 4476 mala

356 4516 624 4578 oriantur,
669 4521 725 4567 et
765 4527 864 4567 cur
892 4527 953 4566 ea
984 4512 1126 4566 Deus
1156 4513 1454 4582 permittat.
1496 4512 1630 4566 Nam
1676 4512 1777 4568 hoc
1815 4516 1953 4570 scire

356 4610 440 4664 vcl
485 4606 694 4662 nescire
742 4620 929 4676 parum
978 4604 1235 4667 interest,
1268 4592 1429 4659 modo
1462 4619 1561 4674 pro
1599 4614 1752 4660 certo
1796 4607 1954 4677 plane

360 4702 655 4756 habeamus
688 4698 816 4751 nihil
852 4714 881 4751 a
908 4712 1039 4751 vero
1068 4697 1176 4751 Deo
1206 4696 1321 4751 ﬁeri
1349 4696 1570 4762 malum,
1602 4698 1872 4762 vitiosum,
1904 4708 1957 4752 et

361 4794 606 4859 noxium,
638 4789 894 4860 quodque
932 4787 1183 4842 omnibus
1214 4803 1318 4839 non
1346 4787 1415 4841 sit
1442 4788 1699 4855 salutare,
1729 4799 1784 4844 et
1810 4805 1958 4843 amo-

360 4886 437 4941 ris
466 4900 531 4939 ac
558 4884 757 4939 hetitia:
790 4882 1183 4949 plenissimum.
1236 4876 1374 4933 Nulli
1412 4889 1592 4935 autem
1626 4881 1756 4934 mira
1788 4881 1956 4937 videri

361 4980 526 5036 debet
558 4989 740 5031 nostra
770 4976 837 5030 de
886 4986 962 5029 tot
992 4973 1113 5027 aliis
1142 4970 1302 5027 rebus
1334 4974 1618 5042 ignoratio.
1649 4973 1779 5042 Quis
1811 4974 1956 5029 enim

362 5076 539 5131 nescit
568 5082 744 5127 tantas
781 5084 901 5125 esse
921 5068 1160 5122 omnium
1190 5081 1254 5122 ac
1284 5070 1576 5137 praesertim
1607 5068 1957 5140 philosopho-

362 5184 505 5231 rum,
538 5168 607 5221 de
637 5182 695 5219 re
726 5162 1002 5231 qualibet,
1035 5162 1103 5217 de
1134 5162 1320 5216 mundi
1349 5170 1469 5216 ortu
1512 5171 1565 5217 et
1604 5164 1819 5218 interitu
1844 5204 1860 5231 ,
1889 5162 1958 5219 de

361 5262 555 5334 primis
586 5273 766 5314 rerum
799 5255 1108 5326 primordiis
1128 5298 1145 5323 ,
1177 5257 1246 5311 de
1272 5256 1408 5319 diis,
1446 5256 1513 5311 de
1541 5258 1734 5312 anima:
1760 5268 1959 5314 nostra:

361 5353 695 5419 conditione,
730 5351 1130 5413 contentiones,
1156 5361 1213 5405 ut
1232 5349 1364 5405 nihil
1388 5365 1419 5404 a
1447 5366 1712 5422 quoquam
1740 5352 1958 5407 adsera-

362 5459 469 5509 tur.
503 5446 643 5517 quod
673 5444 743 5499 ab
773 5443 881 5498 alio
910 5444 1092 5499 statim
1124 5458 1230 5498 non
1270 5443 1442 5513 possit
1472 5442 1673 5499 destrui
1704 5460 1769 5501 ac
1821 5460 1955 5501 con-

360 5540 520 5597 futuri
548 5538 571 5592 ?

438 5632 699 5704 Quamvis
728 5646 859 5701 ergo
889 5630 1168 5685 christiani
1196 5632 1504 5700 ignorarent
1529 5645 1557 5683 a
1586 5646 1712 5700 quo,
1735 5640 1789 5687 et
1818 5631 1960 5687 unde

369 5738 551 5784 creata
582 5726 654 5780 sit
685 5733 869 5779 nostra
898 5724 1096 5788 anima,
1121 5722 1266 5779 unde
1285 5723 1492 5778 oriatur
1510 5722 1731 5789 malum,
1757 5724 1838 5779 'vel
1862 5738 1963 5778 cur

370 5824 511 5876 Deus
540 5818 673 5875 illud
706 5820 960 5889 patiatur,
994 5817 1121 5871 nihil
1155 5819 1279 5873 inde
1307 5818 1565 5874 adversus
1594 5817 1713 5872 illos
1747 5815 1963 5873 el‘licere

367 5922 616 5987 poterant
662 5912 933 5983 gentiles,
985 5910 1182 5981 quibus
1230 5912 1387 5983 longe
1430 5912 1584 5982 plura
1626 5911 1962 5981 incomperta

2060 3317 2292 3361 creator.

2130 3397 2406 3467 Urgebant
2437 3396 2662 3463 ethnici,
2710 3413 2806 3451 cur
2850 3410 2979 3465 ergo
3006 3409 3199 3450 omnes
3229 3396 3435 3450 animas
3465 3396 3659 3465 :nquali

2058 3490 2412 3547 beneﬁcentia
2437 3505 2543 3543 non
2568 3489 2788 3545 liberat?
2807 3489 3027 3550 Omnes,
3052 3488 3344 3557 respondet
3364 3490 3653 3554 Arnobius,

2053 3582 2332 3654 aequaliter
2358 3592 2549 3649 vocat,
2583 3592 2639 3637 et
2672 3582 2740 3637 ad
2767 3598 2828 3637 se
2856 3581 3106 3636 veniendi
3142 3592 3463 3651 potestatem
3506 3584 3654 3639 fecit.

2060 3675 2250 3732 Nostra
2282 3677 2443 3747 igitur
2471 3692 2577 3731 non
2612 3676 2709 3731 Dei
2737 3677 2895 3747 culpa
2936 3687 3051 3740 eat,
3081 3676 3124 3729 si
3160 3676 3304 3730 illius
3335 3677 3660 3733 beneﬁcium

2054 3785 2167 3825 non
2195 3769 2574 3839 adsequamur.
2609 3769 2760 3837 Quod
2792 3770 3008 3841 quidem
3056 3768 3299 3823 Platonis
3338 3771 3663 3828 auctoritate

2053 3865 2357 3929 conﬁrmat,
2384 3864 2640 3934 additque
2675 3866 2864 3930 Deum,
2896 3867 2981 3919 cui
3010 3866 3156 3921 salus
3187 3876 3367 3921 nostra
3401 3881 3656 3924 necessa-

2056 3960 2133 4014 ria
2167 3975 2271 4014 non
2302 3967 2407 4025 est,
2442 3959 2571 4013 nulli
2602 3958 2816 4013 adferre
2849 3960 3244 4014 necessitatem.

2128 4050 2432 4115 lnstabant,
2474 4050 2518 4105 si
2555 4050 2694 4104 Dens
2723 4060 2914 4118 potens
2952 4064 3016 4104 ac
3046 4051 3355 4106 misericors
3395 4061 3511 4115 est,
3556 4069 3658 4108 cur

2053 4160 2160 4199 non
2189 4144 2333 4210 facit,
2362 4153 2418 4198 ut
2447 4144 2595 4198 inviti
2621 4144 2868 4198 homines
2890 4144 3060 4213 ipsius
3086 4144 3309 4198 credant
3336 4146 3665 4214 promissis?

2062 4237 2158 4292 Vis
2182 4236 2293 4302 illa,
2325 4236 2399 4291 ait
2423 4235 2715 4299 Arnobius,
2750 4250 2855 4291 non
2880 4237 3068 4305 gratia,
3094 4236 3186 4291 sed
3212 4237 3466 4305 injustitia
3492 4249 3660 4302 esset,

2061 4345 2165 4399 qua
2212 4328 2280 4384 ab
2329 4329 2513 4382 invitis
2553 4338 2982 4395 extorqueretur,
3030 4329 3172 4399 quod
3206 4330 3380 4383 nolint
3419 4344 3481 4384 ac
3514 4329 3666 4387 relu-

2063 4422 2227 4491 giant,
2258 4420 2511 4491 quodque
2540 4422 2585 4474 si
2618 4420 2811 4483 velint,
2846 4414 3055 4490 possint
3083 4422 3365 4490 consequi.

2136 4513 2296 4569 Solus
2346 4515 2507 4585 igitur
2547 4512 2901 4578 cbristianus,
2950 4515 3169 4569 aiebant
3208 4514 3432 4583 etlmici,
3458 4515 3663 4575 Christi

2061 4622 2165 4677 ope
2191 4616 2243 4661 et
2266 4608 2471 4662 auxilio
2498 4606 2710 4662 beatam
2744 4606 3202 4662 immortalitatem
3234 4608 3529 4679 impetrare
3560 4628 3661 4678 po-

2060 4707 2182 4753 test.
2214 4697 2384 4753 Recte
2406 4740 2421 4763 ,
2472 4699 2649 4767 inquit
2678 4700 2975 4755 Arnobius.
3008 4698 3120 4754 Soli
3150 4702 3350 4771 quippe
3380 4701 3452 4757 illi
3486 4701 3602 4759 haec
3629 4721 3661 4757 a

2060 4789 2173 4844 Deo
2201 4794 2351 4859 patre
2385 4788 2615 4843 facultas
2646 4791 2987 4846 conceditur.
3024 4790 3134 4846 Nec
3162 4791 3388 4864 idjsa’ne
3428 4793 3665 4850 ethnicis

2058 4884 2293 4940 debebat
2316 4885 2511 4939 mirum
2536 4884 2729 4948 videri,
2755 4885 2843 4955 qui
2868 4886 3093 4957 singulis
3109 4886 3211 4940 diis
3232 4886 3343 4942 suis
3360 4888 3665 4960 singulares

2057 4980 2317 5052 quasdam
2348 4987 2651 5050 potestates
2680 4980 2833 5034 datas
2861 4980 3247 5051 opinabantur;

2128 5074 2210 5130 Ad
2245 5083 2479 5129 veterem
2508 5072 2735 5139 deinde,
2769 5088 2832 5129 ac
2862 5074 3061 5144 saepius
3098 5075 3432 5139 refricatam,
3462 5077 3666 5133 transit

2060 5168 2329 5224 Arnobius
2351 5168 2629 5235 gentilium
2657 5168 3071 5239 querimoniam,
3107 5183 3210 5237 qua
3238 5168 3505 5224 novellam
3533 5185 3663 5227 esse

2062 5260 2485 5315 christianorum
2518 5259 2856 5331 religionem,
2896 5268 3058 5329 atque
3084 5260 3333 5330 antiquos
3373 5269 3428 5315 et
3454 5247 3663 5332 patrios

2062 5353 2197 5407 ritus
2240 5352 2294 5407 in
2325 5352 2589 5407 barbaros
2620 5353 3047 5423 peregrinosque
3086 5352 3373 5419 mutandos
3402 5369 3507 5407 Itun
3534 5368 3662 5412 esse

2063 5444 2504 5514 expostulabant.
2524 5443 2703 5499 Variis
2722 5457 2901 5500 autem
2921 5445 3219 5500 rationibus
3238 5444 3473 5501 ostendit
3488 5445 3663 5504 homi-

2065 5537 2224 5592 nibus
2250 5552 2346 5591 nsu
2375 5552 2594 5607 semper
2619 5538 2833 5592 venisse
2852 5580 2867 5605 ,
2910 5546 2970 5591 ut
3000 5537 3200 5592 salubri
3232 5540 3661 5599 commutatione

2064 5634 2224 5687 malis
2249 5642 2303 5688 et
2324 5633 2605 5687 inutilibus
2627 5630 2763 5687 bona
2788 5643 2841 5687 et
2866 5632 3013 5687 utilia
3039 5641 3434 5703 praeponerent.
3458 5632 3664 5701 Quam-

2065 5727 2253 5782 obrem
2287 5742 2393 5781 non
2433 5727 2547 5797 ipsa
2580 5725 2658 5781 rei
2686 5726 2913 5797 alicujus
2944 5725 3302 5795 permutatio,
3352 5725 3449 5781 sed
3480 5737 3661 5784 mutae

2065 5820 2227 5874 tionis
2260 5834 2421 5875 causa
2446 5834 2663 5889 semper
2708 5818 3025 5890 inquirenda
3074 5827 3177 5873 est.
3216 5817 3418 5875 Deinde
3444 5835 3578 5877 vero
3616 5825 3667 5880 si

2064 5921 2246 5970 vetera
2280 5914 2521 5969 instituta
2563 5919 2777 5969 mutare
2821 5911 3034 5968 crimini
3063 5918 3325 5979 vertatur,
3358 5912 3519 5981 hujus
3549 5915 3664 5971 eri.
