3918 6336
258 368 349 419 377

1492 364 1556 418 IN
1597 363 1971 425 ABNOBIUM.
2015 362 2174 419 CAP.
2219 364 2255 417 l.

3433 363 3541 418 378

258 482 401 537 minis
442 496 561 537 reos
609 496 736 537 esse
778 483 1015 552 gentiles
1054 482 1327 536 convincit
1370 481 1641 535 Arnobius
1670 481 1829 549 longa
1858 482 1911 540 Α
1936 476 2250 533 satisfacere
2279 477 2531 545 ethnicis,
2557 492 2775 549 semper
2794 482 3103 551 rogantibus
3129 496 3227 537 cur
3254 480 3537 536 christiani

257 580 511 642 ciborum,
548 592 797 642 morum,
832 578 1047 648 legum,
1099 590 1481 645 sacrorumque
1524 575 1725 629 rituum
1768 572 1834 627 ab

257 672 375 741 ipsis
404 679 728 726 mutatorum
752 670 1187 725 enumeratione.

321 762 577 818 Prmterea
626 766 845 818 tametsi
895 763 1185 818 christiana
1230 762 1419 833 religio
1463 770 1586 817 ante
1632 774 1832 831 paucos

256 853 361 909 dies
386 855 735 910 disseminata
767 857 988 921 fuisset,
1018 871 1196 911 nonne
1226 872 1312 912 res
1341 872 1529 911 omnes
1558 856 1829 918 humanae,

258 958 407 1012 artes,
438 948 702 1014 scientiae,
732 948 1055 1019 disciplinae.
1082 965 1308 1020 quarum
1340 950 1595 1019 quasdam
1642 961 1832 1004 auctor

256 1048 428 1093 noster
454 1051 725 1103 recenset,
777 1051 958 1095 ortum
1013 1040 1298 1095 habuere?
1340 1039 1553 1103 Nonne,
1586 1040 1829 1111 ipsismet

254 1131 525 1188 fatentibus
549 1133 813 1199 ethnicis,
846 1150 1031 1191 eorum
1058 1135 1157 1201 dii,
1203 1134 1430 1204 Jupiter,
1474 1135 1671 1204 aliique
1692 1148 1827 1200 quos

254 1224 334 1280 ille
374 1228 689 1283 nominatim
740 1231 1015 1301 appellat,
1061 1244 1183 1286 esse
1231 1230 1549 1299 caeperunt?
1594 1230 1650 1285 Si
1697 1245 1826 1301 ergo

251 1331 361 1373 ante
403 1319 508 1374 400
545 1335 725 1376 annos
767 1323 957 1393 religio
1002 1322 1291 1378 christiana
1323 1339 1429 1378 non
1458 1335 1605 1391 erat,
1650 1339 1823 1394 neque

248 1410 391 1465 etiam
436 1423 559 1465 ante
607 1412 718 1467 duo
770 1429 1032 1470 annorum
1074 1415 1242 1470 millia
1293 1415 1470 1470 nullos
1513 1415 1649 1471 deos
1691 1430 1819 1471 suos

245 1500 393 1557 fuisse
418 1519 612 1574 negare
643 1520 752 1560 non
785 1516 1049 1576 poterant.

304 1596 367 1649 At
387 1608 615 1665 constat,
636 1600 953 1670 inquiebant
973 1601 1068 1667 illi,
1089 1610 1326 1656 nostram
1345 1603 1657 1672 religionem
1682 1600 1819 1657 chri-

244 1686 392 1740 stiana
420 1688 577 1760 longe
607 1692 962 1748 vetustiorem
1005 1708 1158 1755 esse,
1190 1703 1352 1764 atque
1392 1694 1593 1751 idcirco
1634 1696 1812 1749 verio-

1939 569 2072 624 deos
2112 584 2211 624 nec
2242 570 2505 636 colerent,
2535 586 2633 626 nec
2672 570 2982 632 adorarent.
3016 573 3326 645 Respondet
3356 575 3538 643 itaque

1938 663 1989 717 in
2020 663 2129 718 Deo
2162 679 2344 719 rerum
2376 665 2615 719 omnium
2640 676 2887 722 creatore
2913 678 2968 722 et
2994 667 3353 736 moderatore,
3379 668 3538 738 quid-

1935 756 2062 827 quid
2106 756 2395 811 coleudum
2446 768 2500 811 et
2546 758 2878 815 adorandum
2920 770 3003 816 est
3032 776 3061 815 a
3090 760 3401 816 chrisﬁanis
3428 760 3536 816 coli

1931 862 1985 905 et
2005 850 2239 905 adorari.
2262 850 2317 905 Si
2341 853 2429 921 qui
2455 867 2583 922 ergo
2614 853 2685 907 dii
2713 853 2839 915 sint,
2870 854 2938 909 ab
2971 854 3062 908 illo
3086 853 3349 925 originem
3378 868 3533 909 suam

1932 944 2155 1007 ducunt,
2187 953 2350 1015 atque
2382 945 2437 999 iu
2487 961 2552 1001 eo
2610 947 2882 1002 coluntur.
2914 946 3020 1003 Sed
3052 963 3145 1002 eos
3191 963 3379 1003 revera
3411 962 3534 1003 esse

1933 1034 2064 1089 deos
2098 1036 2311 1105 probari
2342 1053 2612 1105 nunquam
2646 1040 2818 1107 potuit
2843 1039 2911 1093 ab
2937 1038 3186 1105 ethnicis,
3213 1040 3408 1109 quibus
3442 1039 3531 1094 in-

1933 1138 2272 1199 compertum
2307 1144 2525 1198 semper
2556 1130 2657 1185 fuit
2681 1142 2772 1185 aut
2821 1132 2963 1187 unde
2992 1132 3209 1187 nomina
3247 1146 3342 1187 sua
3371 1146 3531 1188 aocc-

1930 1223 2123 1293 perint,
2158 1233 2248 1277 aut
2278 1232 2474 1293 quanta
2506 1224 2578 1280 sit
2608 1225 2821 1280 illorum
2854 1225 3164 1281 multitudo.

1998 1318 2235 1375 Ulterius
2263 1337 2390 1376 vero
2418 1322 2759 1391 pragreditttr
2782 1332 2943 1390 atque
2963 1338 3025 1378 ex
3055 1322 3157 1385 his,
3180 1338 3299 1394 qua:
3325 1320 3530 1377 ethnici

1924 1411 1991 1465 de
2022 1410 2125 1466 diis
2181 1414 2293 1468 suis
2335 1414 2720 1482 praedicabant,
2778 1416 2953 1470 nullos
3007 1431 3127 1471 esse
3184 1415 3529 1485 apertissime

1920 1502 2277 1559 demonstrat.
2308 1504 2489 1560 Primo
2520 1508 2664 1561 enim
2696 1507 2828 1562 deos
2854 1523 3031 1563 mares
3057 1519 3111 1563 et
3151 1506 3403 1563 foeminas
3432 1523 3529 1564 ve-

1921 1597 2621 1654 nerabantur.Atdivinatn
2656 1610 2901 1656 naturam
2950 1618 3053 1656 non
3095 1601 3315 1667 diversi,
3358 1602 3526 1656 immo

1919 1688 2120 1743 nullius
2145 1704 2309 1744 sexus
2333 1705 2453 1746 esse
2483 1697 2735 1762 capacem
2784 1708 2889 1748 non
2935 1695 3110 1748 solum
3136 1692 3413 1748 Ciceronis
3441 1702 3526 1749 te-

242 1794 361 1834 rem.
400 1776 501 1836 Sed
550 1785 827 1839 Arnobius
868 1786 1005 1841 hanc
1050 1786 1495 1856 consequentiam
1542 1788 1660 1843 falsi
1692 1788 1816 1842 ideo
1847 1806 1893 1865 Β
1919 1781 2193 1847 ειίηιοηὶο,
2218 1782 2312 1837 sed
2345 1783 2469 1839 inde
2491 1785 2654 1840 etiam
2679 1787 2838 1855 plane
2870 1786 3106 1853 conﬁcit,
3132 1786 3274 1858 quod
3297 1801 3525 1843 sexuum

240 1874 427 1941 arguit,
456 1875 598 1944 qu'od
650 1887 883 1947 utraque
929 1877 1139 1932 initium
1184 1878 1437 1934 habuisse
1476 1880 1710 1945 dicatur,
1750 1894 1814 1935 ac

239 1960 333 2015 duo
356 1979 614 2021 annorum
644 1968 820 2022 millia
851 1985 957 2023 non
1000 1971 1228 2026 multum
1270 1971 1523 2026 aestimari
1554 1971 1810 2039 debeant,

238 2060 277 2111 si
297 2074 409 2115 cum
439 2064 738 2131 printeritis
764 2065 1138 2133 superioribus
1169 2068 1382 2122 sarculis
1406 2077 1809 2137 comparentur.

237 2149 304 2203 Ad
334 2149 440 2205 ba2c
466 2170 621 2220 vero,
657 2156 790 2211 nihil
820 2159 1192 2228 omnipotente
1219 2169 1275 2213 et
1301 2170 1504 2215 interno
1536 2162 1644 2215 Deo
1671 2160 1813 2213 anti-

233 2243 400 2311 quius,
442 2257 611 2316 atquc
638 2248 779 2304 adeo
826 2267 1021 2305 novum
1055 2266 1355 2323 recensque
1382 2269 1484 2306 non
1520 2262 1633 2320 est,
1668 2252 1812 2323 quod

235 2337 278 2389 in
302 2352 363 2391 eo
389 2340 611 2395 colitur.
664 2344 734 2396 At
772 2343 905 2397 illud
937 2344 981 2397 si
1018 2359 1174 2411 sero,
1206 2355 1262 2400 et
1304 2343 1503 2400 Christi
1535 2346 1814 2401 dumtaxat

233 2437 454 2499 tempore
483 2433 801 2499 didicimus,
837 2436 970 2489 nihil
1005 2436 1129 2492 inde
1156 2436 1348 2492 confici
1380 2446 1591 2507 poterat
1616 2438 1810 2493 adver-

232 2536 311 2576 sus
335 2524 684 2596 christianos,
711 2538 803 2583 aut
834 2545 931 2600 pro
957 2530 1209 2596 ethnicis,
1244 2532 1334 2603 qui
1367 2549 1475 2586 non
1509 2544 1613 2587 tam
1645 2535 1807 2603 longo

230 2630 256 2668 a
281 2627 512 2687 tempore
541 2620 849 2692 Serapidis,
879 2623 1054 2689 Isidis,
1082 2633 1138 2679 et
1163 2624 1433 2695 Apollinis
1457 2640 1677 2693 nomen,
1719 2635 1809 2687 at-

228 2723 317 2777 que
347 2709 594 2783 Phrygia:
636 2716 844 2781 matris,
889 2715 1208 2785 Cererisque
1239 2733 1392 2772 sacra
1424 2731 1797 2790 susceperant.

288 2802 475 2859 Verum
508 2809 863 2876 postulabant
890 2810 1115 2876 ethnici,
1146 2826 1245 2865 cur
1274 2812 1519 2867 tlhristus
1550 2825 1655 2872 tam
1686 2824 1808 2870 seto

226 2894 401 2951 missus
425 2913 455 2952 a
478 2899 597 2955 Deo
637 2899 816 2957 fuerit.
859 2902 963 2958 Sed
993 2904 1060 2958 ab
1098 2904 1165 2957 iis
1195 2904 1433 2960 vicissim
1461 2906 1593 2976 petit
1623 2910 1804 2962 Arno-

225 2987 348 3052 bius,
378 3006 473 3047 cur
500 2994 802 3065 aliquando
835 2994 1244 3067 hyems,:estas,
1263 2998 1460 3067 pluvia,
1506 3016 1611 3053 non
1639 3010 1798 3067 stato,

223 3096 620 3158 opportuuoque
659 3102 875 3158 semper
912 3099 1173 3160 tempore,
1224 3093 1318 3147 sed
1362 3094 1568 3148 tardius
1618 3112 1802 3150 recur-
1830 3119 1875 3182 ρ

220 3178 346 3231 rant?
364 3195 457 3235 cur
475 3181 765 3249 Hercules,
790 3181 1158 3252 Aisculapius,
1182 3184 1477 3241 Mercurius
1490 3196 1545 3242 et
1560 3188 1671 3255 alii,
1694 3198 1801 3244 tam

219 3282 325 3323 sero
378 3273 428 3325 in
479 3274 712 3328 deorum
737 3290 981 3346 gregem,
1029 3286 1379 3348 nOstramque
1433 3282 1802 3350 cognitionem

218 3366 483 3420 venerint?
510 3367 773 3434 Quamvis
797 3369 981 3440 itaque
1030 3372 1171 3424 ratio
1211 3385 1309 3426 cur
1352 3372 1554 3442 aliquid
1600 3373 1800 3430 factum

215 3456 292 3521 sit,
312 3460 455 3514 reddi
481 3472 749 3532 nequeat;
780 3479 885 3517 non
911 3462 1033 3518 inde
1057 3472 1237 3519 tamen
1260 3464 1455 3521 factum
1487 3467 1617 3522 illud
1636 3468 1801 3525 fuisse

216 3554 378 3621 negari
406 3554 596 3609 debet.
622 3555 762 3623 Quid
795 3566 1053 3626 prmterea
1077 3600 1093 3624 ,
1127 3560 1269 3628 quod
1290 3561 1522 3616 nihilest
1552 3562 1604 3615 in
1633 3576 1797 3618 teter-

215 3645 361 3701 nitate
387 3649 603 3703 tardum
654 3660 749 3704 aut
795 3652 1220 3721 priematuruni?
1251 3652 1412 3719 Quid,
1457 3655 1501 3707 si
1557 3655 1797 3713 deterior

214 3733 423 3793 humana
474 3740 739 3808 conditio,
796 3752 852 3797 et
893 3743 1177 3799 inﬁrmitas
1209 3746 1601 3814 posterioribus
1630 3766 1791 3820 quam

211 3829 458 3897 prioribus
487 3834 705 3887 saeculis
734 3834 928 3903 major,
976 3836 1027 3890 id
1067 3836 1359 3908 exigebat?
1412 3841 1653 3912 Denique
1683 3844 1795 3899 sin-

209 3922 313 3990 gula
334 3922 470 3981 facta
498 3936 629 3981 sunt
655 3928 949 3999 quomodo,
982 3944 1046 3983 ac
1065 3932 1281 4000 quando
1303 3931 1446 3988 Dens
1472 3934 1794 3993 immutabili

207 4012 405 4072 decreto
434 4020 816 4076 constituerat.

269 4108 541 4167 Postremo
582 4113 925 4184 inquirebant
964 4118 1191 4186 gentiles
1209 4135 1304 4174 cur
1341 4120 1487 4176 Deus
1520 4124 1605 4177 cui
1645 4124 1791 4181 chri-

205 4204 343 4257 stiani
359 4206 691 4271 serviebant,
717 4209 761 4262 si
780 4210 1123 4280 omnipotens
1140 4212 1225 4277 sit,
1251 4215 1481 4283 patiatur
1498 4216 1620 4271 illos
1641 4221 1789 4275 omni

204 4300 627 4363 persecutionum
652 4341 669 4366 ,
700 4316 980 4371 pretiorum
1001 4346 1017 4370 ,
1056 4319 1119 4359 ac
1150 4307 1536 4375 suppliciorum
1592 4326 1790 4381 genere

203 4392 373 4445 vexari
394 4402 458 4447 et
478 4394 739 4463 Opprimi?
760 4394 864 4451 Sed
881 4397 1113 4453 vicissim
1140 4400 1209 4453 ah
1231 4394 1336 4457 illis
1367 4404 1591 4471 requirit
1613 4408 1788 4461 Arno-

205 4480 327 4549 bius,
345 4499 442 4541 cur
458 4501 649 4541 eorum
663 4487 737 4542 dii
760 4490 997 4545 cultores
1012 4505 1141 4546 suos
1160 4492 1427 4551 similibus
1443 4502 1701 4555 aerumnis
1722 4516 1785 4557 ac

203 4577 583 4636 calamitatibus
604 4583 760 4637 obrui
789 4585 1234 4652 patiebantur.At
1261 4588 1560 4659 christiani,
1593 4595 1784 4665 inquit,

203 4671 379 4739 quibus
400 4674 533 4728 nihil
560 4675 615 4729 in
648 4676 751 4732 hac
777 4679 883 4731 vita
910 4681 1235 4747 promissum
1286 4694 1386 4745 est,
1421 4700 1629 4755 pmnas,
1660 4704 1789 4761 sup-

202 4762 365 4832 plicia,
395 4778 449 4822 et
470 4770 606 4823 dura
633 4772 816 4825 omnia
842 4773 1074 4830 libenter
1102 4774 1342 4845 perferre
1370 4780 1565 4846 edocti,
1592 4786 1786 4842 certis.-

204 4859 323 4914 sime
345 4873 609 4920 noverant
660 4864 745 4919 his
788 4883 893 4922 non
926 4870 1052 4924 mali
1080 4870 1280 4942 aliquid
1330 4873 1431 4927 sibi
1459 4874 1662 4945 afferri,
1691 4881 1788 4935 sed

203 4966 368 5008 veram
399 4957 797 5025 liberationem,
825 4977 929 5031 qua
984 4973 1243 5019 aeternam
1265 4968 1492 5022 salutem
1524 4984 1785 5027 consecu-

203 5046 299 5100 turi
350 5060 492 5104 sunt.
552 5052 631 5107 Ad
686 5069 809 5109 eam
862 5069 1025 5122 porro
1072 5060 1486 5128 comparandam
1514 5063 1785 5122 Arnobius

203 5140 409 5207 gentiles
436 5143 778 5214 adhortatus,
816 5148 975 5203 finem
1018 5150 1159 5207 libro
1198 5154 1446 5223 imponit.

776 5278 1069 5320 ABTICULUS
1106 5282 1184 5321 ΙΙΙ.

711 5378 935 5443 Analysis
956 5356 1073 5430 libri
1090 5364 1245 5433 tertii.

269 5501 506 5571 Quamvis
528 5509 830 5565 christiana
856 5509 1045 5580 religio
1070 5520 1175 5566 tam
1202 5528 1230 5567 a
1254 5512 1415 5585 lon‘go
1443 5521 1687 5586 tempore
1712 5517 1781 5573 ab

206 5600 393 5656 eximiis
428 5603 809 5663 defensoribus
859 5605 991 5659 satis
1037 5621 1305 5677 superque
1345 5621 1547 5664 asserta
1598 5609 1777 5678 fuerit,

208 5705 297 5746 nec
318 5696 414 5751 ullo
440 5716 656 5767 prorsus
682 5699 905 5755 vindice
936 5700 1200 5769 indigens,
1228 5716 1323 5769 per
1350 5717 1409 5756 se
1451 5702 1620 5773 ipsam
1648 5719 1782 5759 con-

208 5790 281 5835 Ira
304 5805 472 5847 omnes
514 5794 965 5851 adversariorum
1012 5793 1242 5865 impetus
1276 5804 1381 5849 stet
1410 5796 1572 5867 plane
1600 5796 1788 5852 incon-

208 5888 367 5950 “553;
394 5887 656 5950 Arnobius
692 5901 886 5948 tamen
919 5900 1101 5956 operae
1132 5888 1364 5960 pretium
1392 5904 1514 5947 esse
1528 5889 1791 5961 judicavit

1813 4540 1865 4601 D

1920 1871 2202 1928 diversitas
2246 1874 2312 1927 ad
2353 1875 2715 1946 generandam
2763 1878 3003 1933 sobolem
3058 1878 3181 1933 data
3210 1888 3315 1936 est.
3361 1880 3523 1950 Atqui

1918 1967 2161 2034 quamvis
2193 1983 2388 2023 nomen
2424 1969 2563 2023 Deus
2607 1972 2888 2025 masculini
2937 1973 3006 2026 sit
3060 1974 3297 2042 generis,
3340 1982 3526 2029 tamen

1916 2054 1989 2109 dii
2018 2057 2309 2125 gentilium
2349 2074 2450 2115 nec
2497 2077 2779 2131 generare,
2832 2079 2930 2118 nec
2971 2065 3220 2134 generari
3271 2076 3521 2134 possunt.

1917 2146 2049 2203 Cum
2076 2150 2221 2205 enim
2257 2153 2613 2220 immortales,
2648 2136 2701 2209 et
2723 2158 3017 2223 senectuti,
3046 2157 3275 2227 aliisque
3299 2158 3526 2213 inﬁrmi-

1916 2243 2117 2298 tatibus
2144 2259 2251 2299 non
2294 2244 2515 2301 obnoxii
2574 2247 2865 2325 ﬁngantur,
2897 2250 2940 2303 si
2970 2265 3233 2320 generare
3277 2259 3521 2320 possent,

1908 2338 2019 2407 jam
2048 2339 2288 2393 inﬁnitus
2317 2350 2462 2395 esset
2489 2357 2679 2397 eorum
2708 2359 2987 2399 numerus.
3014 2344 3095 2399 Ad
3121 2346 3235 2399 haec
3263 2360 3392 2400 vero
3423 2344 3525 2401 fm-

1914 2432 1997 2485 dis
2048 2433 2418 2501 voluptatibus
2464 2450 2528 2489 ac
2583 2436 2970 2504 cupiditatibus
3002 2439 3522 2492 contaminarentur.

1915 2524 2154 2595 Denique
2174 2528 2291 2581 dea:
2320 2528 2493 2597 turpia
2520 2538 2837 2599 paterentur
2859 2531 3214 2598 graviditatis.
3232 2540 3287 2586 et
3314 2540 3519 2599 partus,

1910 2616 2116 2687 aliaque
2145 2619 2431 2673 mulierum
2464 2620 2827 2675 incommoda.
2851 2620 2958 2675 Cur
2984 2639 3114 2692 ergo
3137 2622 3343 2678 ethnici
3371 2637 3517 2693 :rgre

1908 2706 2083 2761 ferant
2113 2709 2246 2764 tales
2273 2710 2406 2765 deos
2435 2712 2649 2781 genitos
2694 2724 2747 2767 et
2792 2724 3118 2783 generantes
3146 2730 3174 2770 a
3208 2714 3519 2771 christianis

1912 2804 2213 2870 reprobari,
2245 2806 2391 2859 nulla
2428 2820 2649 2876 prorsus
2678 2815 2761 2862 est
2788 2808 2944 2861 ratio.

1984 2896 2234 2953 Secundo
2265 2899 2426 2954 iidem
2469 2901 2723 2969 gentiles,
2760 2903 3215 2971 quemadmodum
3245 2904 3513 2973 Sadncazi,

1910 3002 2222 3057 persuasum
2246 2992 2513 3046 habebant
2532 2993 2664 3048 deos
2692 3010 2953 3064 corporea
2980 2996 3318 3067 humanaque
3344 2998 3517 3054 forma

1912 3080 2152 3149 ﬁgurari,
2187 3098 2250 3137 ac
2281 3087 2549 3152 componi.
2584 3088 2654 3138 At
2672 3096 2822 3141 certe
2847 3086 3105 3157 quidquid
3128 3104 3359 3158 corpore
3386 3106 3519 3147 con-

1908 3183 2034 3241 stat,
2069 3177 2294 3243 mortalc
2332 3180 2515 3248 utique
2537 3180 2606 3234 sit
2634 3189 2869 3250 Oportet.
2900 3182 3037 3250 Quid
3070 3199 3219 3251 vero,
3253 3185 3395 3252 quod
3418 3192 3517 3240 Ar-

1909 3267 2102 3322 nobius
2124 3267 2262 3323 facta
2288 3268 2647 3325 humanorum
2687 3274 3053 3328 membrorum
3080 3277 3510 3345 enumeratione,

1908 3361 1991 3416 his
2015 3361 2145 3417 deos
2171 3349 2421 3432 componi
2468 3380 2573 3417 non
2618 3380 2781 3434 posse
2833 3368 3115 3423 ostendit?
3151 3368 3269 3423 Huc
3304 3370 3514 3425 accedit

1906 3455 2046 3525 quod
2077 3454 2149 3509 dii
2182 3455 2283 3509 sibi
2317 3457 2548 3511 invicem
2592 3448 2698 3512 dici
2739 3458 3001 3515 deberent
3025 3472 3117 3515 aut
3162 3462 3387 3529 similes,
3418 3474 3513 3519 aut

1904 3546 2211 3603 dissimiles.
2262 3546 2380 3603 Non
2427 3550 2685 3619 primum.
2718 3550 2851 3617 Quis
2880 3552 3027 3606 enim
3085 3569 3249 3607 unum
3306 3554 3374 3609 ab
3403 3555 3509 3609 alio

1904 3654 2084 3714 posset
2107 3645 2457 3701 discernere?
2488 3646 2601 3701 Non
2623 3650 2918 3702 secundum
2942 3666 2956 3714 ;
2981 3665 3105 3703 nam
3126 3651 3311 3720 aliqui,
3335 3652 3411 3706 uti
3438 3654 3507 3707 ab

1899 3740 2130 3795 ethnicis
2163 3742 2714 3810 reprteseutabantur,
2744 3745 3027 3814 capitones
3053 3758 3259 3811 essent,
3278 3748 3503 3803 fronto-

1903 3846 2021 3895 nes,
2053 3833 2223 3900 pueri,
2253 3833 2503 3901 juvenes,
2532 3849 2715 3900 senes,
2750 3836 2998 3891 nonnulli
3034 3839 3114 3891 his
3142 3839 3502 3905 lineamentis,

1898 3924 1991 3979 alii
2014 3925 2136 3979 aliis
2164 3926 2508 3991 conformati,
2539 3929 2757 3999 quidam
2792 3930 2913 3995 hac,
2946 3932 3034 3986 alii
3077 3933 3179 3987 alia
3213 3933 3401 4005 ﬁgura.
3436 3940 3506 3992 At

1897 4016 1947 4071 id
1972 4036 2075 4073 non
2095 4021 2273 4075 minus
2300 4021 2616 4087 absurdum,
2640 4038 2800 4092 quam
2824 4024 3138 4081 animalium
3169 4026 3367 4084 formas
3396 4031 3501 4085 illis

1896 4112 2137 4179 attribui,
2170 4114 2313 4184 quod
2341 4129 2472 4169 sane
2502 4115 2572 4169 ab
2601 4113 2873 4187 Egyptiis
2896 4118 3092 4173 factum
3116 4121 3301 4176 cteteri
3324 4126 3502 4193 genti-

1894 4204 1981 4259 les
2003 4210 2195 4261 merito
2222 4207 2543 4263 irridehaut.

1967 4298 2150 4369 Neque
2202 4316 2265 4355 ex
2297 4299 2381 4354 his
2406 4302 2624 4369 quidam
2672 4302 2951 4368 audiendi,
2983 4306 3071 4375 qui
3102 4308 3499 4376 respondebant

1895 4391 2181 4448 humanam
2215 4394 2435 4464 figuram
2466 4396 2571 4448 diis
2604 4394 2826 4451 honoris
2854 4407 3062 4453 tantum
3095 4414 3257 4454 causa
3287 4417 3500 4460 accom-

1892 4488 2119 4543 modari.
2154 4487 2313 4555 Pejor
2332 4488 2599 4557 siquidem
2630 4504 2801 4561 error,
2858 4492 3141 4564 majorque
3170 4500 3498 4555 contumelia

1892 4590 1995 4645 est,
2027 4580 2130 4634 diis
2165 4578 2368 4634 formas
2397 4580 2731 4650 adscribere,
2756 4598 2890 4653 quas
2918 4583 3116 4640 habere
3138 4571 3245 4641 non
3271 4590 3497 4647 credan-

1893 4685 1997 4729 tur.
2030 4674 2195 4729 Addit
2233 4674 2375 4730 haud
2419 4675 2637 4746 illepide
2668 4678 2961 4745 Arnobius,
2989 4679 3034 4733 si
3066 4680 3258 4737 bellua:
3288 4684 3499 4741 ratione

1890 4768 2180 4839 aliquando
2204 4769 2439 4840 praeditas
2484 4770 2733 4826 homines
2764 4771 3033 4828 honorare
3080 4775 3301 4841 vellent,
3342 4793 3497 4835 num-

1890 4865 2015 4935 quid
2062 4864 2311 4921 homines
2367 4868 2632 4936 patienter
2671 4866 2875 4922 ferrent
2922 4883 2981 4923 se
3038 4869 3273 4926 bi'lloina
3323 4871 3495 4929 forma

1892 4958 2037 5029 pingi
2088 4970 2142 5013 et
2182 4960 2471 5015 exhiberi?
2503 4959 2654 5017 Nulla
2688 4962 2849 5032 igitur
2877 4962 2996 5027 Dei,
3031 4966 3243 5020 tametsi
3290 4968 3494 5038 audiat,

1891 5053 2091 5120 videat,
2136 5054 2420 5125 intelligat,
2450 5056 2661 5126 species
2688 5064 2783 5109 aut
2838 5054 3003 5125 ﬁgura
3034 5072 3154 5113 esse
3180 5068 3373 5131 potest.
3404 5074 3497 5118 aut

1888 5148 1932 5201 si
1955 5163 2073 5217 quae
2102 5148 2425 5218 sit,prorsus
2462 5150 2753 5203 nescimus.
2782 5148 2956 5205 Unum
2985 5152 3185 5206 scimus
3214 5154 3345 5208 nihil
3373 5169 3495 5211 cor-

1891 5242 2067 5311 porei,
2119 5251 2213 5295 aut
2261 5242 2617 5297 humanorum
2647 5242 3095 5300 lineamentorum
3128 5257 3181 5302 et
3204 5246 3492 5306 aﬁ‘ecutum

1888 5337 2089 5392 essein
2122 5337 2253 5403 Deo,
2307 5338 2461 5408 cujus
2510 5349 2699 5394 natura
2748 5339 2896 5394 nullo
2927 5350 3109 5411 potest
3139 5343 3353 5399 mortali
3378 5361 3489 5403 ser-

1888 5446 2048 5486 mone
2067 5432 2347 5500 explicari.

1958 5526 2143 5581 Tertio
2190 5526 2390 5583 ethnici
2452 5528 2585 5583 deos
2641 5528 2967 5601 inducebant
3022 5530 3197 5599 aliqua
3254 5533 3495 5604 singulos

1890 5633 2133 5688 quosque
2165 5631 2300 5680 arte,
2334 5629 2389 5673 et
2415 5622 2635 5674 scientia
2670 5622 3002 5685 informatos,
3036 5638 3101 5677 ac
3132 5625 3489 5693 particulatim

1892 5709 2147 5765 humanis
2176 5712 2389 5779 ofﬁciis,
2420 5714 2669 5782 negotiis.
2716 5716 2983 5781 rehuSque
3026 5717 3145 5770 aliis
3188 5718 3306 5773 sive
3335 5721 3491 5777 bonis

1893 5812 1987 5857 aut
2014 5802 2193 5869 malis,
2225 5805 2341 5859 sive
2391 5806 2631 5859 honestis
2678 5816 2769 5863 aut
2795 5808 3061 5875 turpibus,
3094 5808 3183 5865 hic
3207 5810 3277 5864 ah
3311 5813 3489 5869 Arno-

1892 5897 1985 5954 bio
2027 5908 2279 5955 accurate
2324 5899 2676 5969 enumeratis,
2726 5899 3101 5972 possidentes.
3138 5902 3331 5961 Verum
3372 5903 3490 5963 hac
