3918 6342
409 373 516 429 579

1654 382 2110 441 DlSSERTA'HO
2148 387 2306 444 PB/E
2315 391 2423 448 VIA

3594 406 3698 464 530

407 492 714 551 christianis
742 497 1135 566 quantumlibet
1161 497 1310 570 impii
1336 507 1389 554 et
1411 498 1554 554 athei
1581 497 1848 564 dicantur,
1873 498 1997 552 nul-
2026 503 2076 558 Α
2106 502 2271 570 misit,
2299 507 2528 579 singulis
2567 511 2730 567 rebus
2774 515 3018 584 praesint,
3063 531 3159 570 cur
3187 532 3292 571 non
3329 519 3579 576 similiter
3623 524 3693 577 dii

407 587 490 642 lus
523 605 773 658 umquam
798 591 1158 660 persuadebit.

477 680 699 750 Quarto,
750 686 1022 741 Arnobius
1063 687 1363 742 luculenter
1401 686 1736 741 demonstrat
1784 684 1996 740 fictitios

404 780 629 830 omnino
645 791 764 831 esse
791 779 1068 848 gentilium
1093 780 1240 843 deos,
1268 793 1331 832 ex
1355 779 1517 832 variis
1547 779 1755 831 illorum
1788 779 1995 848 opinio-

403 867 560 923 nibus
587 869 653 925 de
677 869 832 936 Jano,
857 872 1109 936 Saturno,
1142 871 1293 930 Jove,
1322 870 1553 935 Junone,
1573 870 1828 935 Minerva,
1858 870 1996 940 Nep—

403 968 550 1021 tuno.
605 961 890 1030 Mercurio,
934 963 1118 1033 Magna
1174 974 1366 1028 matre,
1423 962 1678 1028 Vulcano,
1723 963 1886 1017 Diana
1943 974 1996 1018 et

399 1052 538 1106 aliis.
570 1053 716 1108 Unus
741 1055 882 1108 enim
917 1056 1284 1108 tantummodo
1335 1070 1454 1108 cum
1483 1068 1601 1109 esse
1644 1055 1809 1121 possit
1839 1067 1996 1109 arter—

398 1161 497 1200 nus
525 1145 687 1212 Deus,
719 1162 876 1216 quem
905 1147 1100 1202 frustra
1131 1149 1369 1201 nonnulli
1421 1147 1677 1200 mundum
1708 1147 1850 1202 hunc
1873 1163 1994 1202 esse

398 1237 670 1305 putabant,
707 1249 1024 1294 cteterorum
1053 1241 1320 1307 omnium,
1374 1243 1443 1295 uti
1479 1243 1826 1308 vocabantur,
1866 1241 1992 1294 deo-

394 1344 510 1384 rum
538 1329 744 1387 falsitas
760 1348 828 1388 ex
858 1332 957 1387 hac
985 1336 1301 1403 opinionum
1337 1335 1493 1405 plane
1523 1335 1864 1389 ridicularum
1904 1350 1990 1386 va-

391 1423 580 1478 rietate
608 1425 1009 1481 evidentissime
1040 1427 1361 1482 ostenditur.

462 1517 686 1584 Quinto,
713 1520 888 1592 itaque
905 1521 1174 1576 Arnobius
1198 1521 1338 1577 idem
1365 1537 1468 1576 non
1498 1521 1674 1575 minus
1697 1519 1991 1575 efficaciter

388 1613 600 1667 conficit
623 1628 689 1667 ex
714 1615 1028 1668 earumdem
1061 1615 1398 1669 ethniCorum
1428 1615 1495 1669 de
1541 1616 1768 1683 origine,
1799 1623 1852 1666 ct
1891 1629 1991 1666 nn-

388 1720 541 1760 mero
565 1698 790 1761 deorum
822 1722 1063 1774 suorum,
1097 1718 1222 1779 puta
1265 1708 1557 1772 Musarum,
1591 1707 1983 1773 Novensilium,

2101 594 2264 666 aliqui
2297 602 2613 669 cucurbitis,
2665 607 2832 674 rapis,
2863 607 3078 674 culinre,
3125 611 3412 674 nasturlio,
3445 613 3580 678 ficis,
3605 613 3695 669 bc-

2101 691 2286 757 taceis,
2319 693 2585 760 caulibus,
2623 699 2906 767 unguibus,
2950 701 3090 769 pilis,
3149 700 3377 771 aliisque
3405 717 3693 775 corporum

2101 781 2340 847 partibus
2385 785 2786 852 praeficiuntur?
2838 789 3010 845 Unum
3064 792 3327 863 siquidem
3381 810 3487 848 non
3523 802 3694 869 magis

2101 888 2257 940 quam
2291 874 2520 930 alterum
2552 895 2580 932 a
2611 896 2734 935 vero
2759 882 3073 950 abhorrere,
3100 885 3322 957 deisque
3354 889 3551 956 probro
3575 907 3696 948 esse

2101 964 2192 1019 ille
2223 965 2524 1024 luculenter
2548 974 2806 1028 ostendit.

2168 1057 2376 1115 Necest
2404 1065 2544 1131 quod
2579 1066 2772 1135 aliquis
2807 1068 3026 1138 objiciat
3058 1071 3178 1126 illos
3221 1072 3343 1128 ideo
3382 1074 3517 1130 deos
3565 1092 3686 1132 esse

2099 1154 2242 1222 quod
2268 1156 2336 1209 ab
2375 1156 2748 1229 haruspicibus
2795 1165 2987 1230 vocati,
3019 1167 3278 1221 continuo
3308 1169 3544 1237 veniant,
3578 1186 3696 1226 cer-

2097 1255 2257 1316 taque
2307 1265 2573 1319 responsa
2626 1253 2986 1313 reddiderint.
3035 1258 3290 1325 Quamvis
3332 1264 3532 1316 etenim
3593 1265 3696 1320 hoc

2093 1341 2260 1406 gratis
2289 1345 2638 1409 concedatur,
2675 1349 2793 1416 quis
2822 1348 3127 1403 hhlloniam
3167 1363 3258 1406 aut
3305 1355 3691 1424 Limentinuni,

2095 1441 2150 1484 ut
2177 1448 2436 1503 responsa
2480 1436 2654 1505 daret,
2704 1441 2898 1494 alienis
2947 1441 3096 1496 fibris
3151 1445 3384 1500 insertos
3415 1447 3547 1502 vidit
3596 1466 3696 1504 un-

2095 1530 2290 1597 quam?
2319 1530 2454 1598 Quid
2483 1531 2526 1584 si
2562 1532 2688 1587 dolo
2710 1546 2760 1587 cl
2797 1535 3007 1602 fraude,
3044 1538 3124 1591 vel
3154 1537 3462 1595 dzcmonum
3492 1555 3611 1596 arte
3633 1559 3696 1597 ac

2095 1621 2318 1674 fallaciis
2347 1639 2605 1693 responsa
2635 1625 2757 1680 data
2789 1628 2938 1681 sint?
2961 1629 3039 1681 Ad
3072 1627 3188 1683 ba-c
3209 1645 3364 1697 vero,
3398 1649 3521 1687 cum
3551 1645 3695 1690 tanta

2091 1711 2315 1767 deorum
2351 1716 2642 1770 multitudo
2668 1717 2736 1770 ab
2765 1718 2996 1773 ethnicis
3042 1724 3363 1789 proferatur,
3398 1726 3538 1780 scire
3588 1743 3695 1781 non

387 1799 668 1864 Ρθηὲῐυω»
705 1799 920 1857 Larium
955 1803 1226 1880 ρρτροιυίε
1277 1802 1634 1871 ειδευνάίετιυθ
1683 1802 1986 1856 εοιιιθιιιὶυ-
2017 1821 2067 1880 Β
2093 1821 2360 1879 poterant,
2393 1821 2571 1865 utrum
2628 1827 2766 1866 unus
2825 1823 3030 1868 tantum
3079 1815 3213 1869 deus
3265 1819 3386 1871 aliis
3416 1821 3694 1883 omnibus,

384 1890 540 1945 nibus
565 1907 626 1946 ac
656 1890 912 1948 dissidiis.
943 1891 1153 1947 Nemini
1183 1893 1379 1963 quippe
1404 1894 1621 1948 ethuico
1644 1892 1847 1946 homini
1873 1904 1986 1946 tan-

385 1991 464 2037 tas
494 1984 636 2039 inter
661 1983 1023 2040 dissentiones
1053 1985 1199 2040 licuit
1228 1985 1558 2052 discernere,
1607 1987 1725 2055 quis
1767 2002 1829 2040 ex
1880 1986 1985 2040 illis

382 2092 543 2133 verus
563 2087 680 2132 erat
711 2079 872 2141 Deus.
905 2081 1026 2149 quis
1049 2080 1380 2134 invocandus
1401 2079 1837 2147 ethonorandus,
1864 2081 1982 2150 quis

382 2181 538 2241 opem
571 2171 874 2242 petentibus
901 2173 1043 2228 ferre
1070 2189 1323 2245 umquam
1352 2182 1580 2245 poterat.

967 2327 1259 2368 Αιτιουιυδ
1296 2329 1372 2369 ιν.

897 2423 1124 2489 Analysis
1145 2426 1261 2475 libri
1281 2428 1457 2490 quarti.

448 2553 740 2626 Incmptam
767 2553 1031 2610 adversus
1070 2556 1350 2626 gentilium
1379 2555 1514 2611 deos
1553 2556 1970 2628 disputationem

376 2651 718 2720 prosequitur
757 2649 1047 2716 Arnobius,
1104 2651 1367 2720 planeque
1411 2651 1654 2705 ostendit.
1687 2652 1968 2717 Pietatem,

375 2741 754 2809 Concordiam,
793 2742 1056 2810 Salutem,
1087 2743 1379 2810 Honorem,
1416 2743 1696 2810 Virtutem,
1725 2746 1973 2801 Felicita-

375 2837 730 2911 tem,aliaque
761 2837 1068 2907 bujusmodi
1102 2839 1341 2898 numina,
1371 2836 1566 2910 quibus
1602 2838 1763 2893 iidem
1791 2841 1968 2910 genti-

379 2932 457 2986 les
487 2932 768 3002 magnilica
795 2933 990 3002 templa
1011 2942 1444 2999 construxerant,
1467 2949 1564 2985 nec
1587 2933 1696 2985 risu
1717 2944 1803 2986 aut
1822 2934 1964 3002 joco,

376 3040 477 3079 nec
501 3025 647 3079 serio
674 3035 727 3077 et
749 3023 1014 3080 afﬁrmate
1035 3025 1140 3078 dici
1169 3039 1324 3094 posse
1353 3026 1457 3077 vim
1485 3025 1682 3079 habere
1709 3025 1967 3087 divinam,

2092 1917 2230 1970 quos
2256 1903 2598 1968 invocabant,
2631 1919 2736 1958 non
2777 1917 3132 1975 supponatur.
3165 1907 3296 1975 Quis
3322 1920 3502 1964 autem
3535 1928 3697 1967 verus

2091 1992 2236 2049 Deus
2290 1996 2377 2058 sit,
2411 2011 2602 2065 rogare
2641 2015 2742 2050 non
2791 1997 3012 2057 debent,
3057 2001 3496 2069 quandoquidem
3543 2003 3694 2060 illum

2086 2087 2345 2158 Egyptii,
2372 2089 2573 2155 Persm,
2607 2089 2718 2144 Indi
2743 2092 2942 2160 aliique
2963 2108 3156 2148 omnes
3186 2107 3548 2164 agnoverunt.

2160 2181 2265 2236 Sed
2298 2183 2462 2237 instat
2489 2183 2782 2246 Arnobius,
2807 2183 3134 2255 planumque
3159 2184 3280 2240 facit
3302 2188 3692 2244 absurdissima

2082 2273 2150 2327 ab
2177 2273 2406 2329 ethnicis
2455 2275 2678 2345 produci
2730 2275 2954 2330 deorum
3008 2292 3228 2332 suorum
3277 2291 3545 2338 monstra.
3581 2293 3693 2339 tres

2081 2366 2332 2431 videlicet
2359 2368 2541 2432 Joves,
2589 2370 2825 2440 quinque
2879 2369 3056 2437 Soles,
3099 2371 3321 2426 totidem
3368 2373 3688 2439 Mercurios,

2079 2460 2366 2524 Minervas,
2399 2471 2453 2515 et
2481 2462 2778 2533 Dyonisos;
2836 2473 2946 2518 tres
2972 2464 3188 2531 Dianas,
3223 2476 3277 2520 et
3305 2464 3687 2540 Esculapios;

2077 2563 2309 2624 quatuor
2339 2552 2630 2618 Vulcanos,
2661 2564 2716 2608 et
2745 2554 3022 2619 Veneres;
3049 2557 3148 2610 tria
3175 2572 3372 2626 genera
3400 2558 3688 2616 Castorum

2076 2659 2129 2702 et
2183 2647 2480 2714 Musarum,
2529 2661 2621 2701 sex
2673 2647 2954 2709 Hercules,
3007 2649 3171 2720 trigas
3222 2649 3570 2719 Cupidinum,
3632 2664 3690 2710 et

2076 2741 2470 2810 Apollinarium
2515 2741 2794 2796 nominum
2846 2741 3161 2811 quadrigas.
3195 2745 3264 2795 At
3304 2743 3357 2796 hi
3385 2759 3582 2801 omnes
3611 2746 3688 2800 dii

2072 2835 2316 2905 ejusdem
2342 2836 2575 2889 nominis
2603 2850 2722 2889 esse
2753 2851 2857 2889 non
2898 2845 3143 2904 possunt,
3191 2844 3286 2889 aut
3331 2838 3454 2906 quis
3482 2853 3550 2891 cx
3582 2839 3688 2892 illis

2077 2943 2235 2981 verus
2260 2928 2399 2980 Deus
2428 2927 2516 2990 sit,
2544 2928 3073 2997 penitusignoratur.
3097 2927 3302 2982 Deinde
3332 2943 3464 2982 vero
3494 2930 3540 2982 si
3569 2930 3685 2996 uni,

2076 3020 2225 3074 verbi
2254 3021 2421 3087 gratia
2453 3019 2732 3085 Minerva),
2771 3035 2870 3075 nec
2901 3018 3223 3073 nominatim
3273 3021 3560 3087 appellata
3593 3023 3689 3077 fiat

374 3125 428 3171 et
473 3117 525 3170 in
557 3131 838 3170 numerum
893 3115 1114 3171 deorum
1159 3117 1456 3188 aggregari.
1510 3116 1654 3171 Idem
1706 3119 1859 3186 plane
1907 3117 1975 3173 de
2001 3130 2047 3192 ρ
2079 3113 2426 3178 sacrificium,
2462 3129 2640 3168 nonne
2680 3114 2799 3166 alia:
2847 3123 3118 3181 tamquam
3148 3113 3248 3180 sibi
3289 3112 3489 3168 factum
3517 3117 3687 3171 stulta

376 3208 630 3276 Victoria,
658 3207 814 3274 Pace,
835 3217 885 3262 et
916 3207 1185 3276 .Eqiiitate
1217 3208 1731 3264 statuendum.Nam
1763 3233 1825 3264 ea
1854 3226 1972 3264 om—

375 3301 483 3368 nia,
513 3301 648 3355 sicut
671 3300 724 3355 et
746 3316 933 3355 eorum
965 3303 1257 3365 contraria,
1290 3303 1344 3354 in
1372 3303 1648 3356 hominum
1672 3303 1971 3358 aetionibns

374 3392 759 3465 aﬂ‘ectibusque
795 3394 964 3464 posita
994 3406 1139 3449 sunt.
1175 3395 1284 3450 Nec
1315 3396 1490 3450 minus
1536 3409 1866 3468 praepostere
1903 3399 1972 3451 ab

373 3488 606 3542 ethnicis
621 3488 895 3552 nonnulla,
914 3489 988 3542 uti
1006 3487 1655 3557 Somniaverant,propter
1671 3489 1970 3556 benefacta,

375 3583 556 3651 plures
592 3582 686 3647 dii,
725 3581 1177 3652 quemadmodum
1209 3581 1447 3652 LuperCa
1469 3624 1484 3647 ,
1519 3581 1791 3637 Praestana
1821 3625 1835 3645 ,
1878 3591 1972 3639 seu

376 3673 580 3745 Panda,
611 3677 694 3730 vel
727 3676 964 3739 Pantica,
997 3676 1258 3740 Pellonia,
1289 3679 1514 3747 aliaeque
1541 3679 1843 3749 ignotorum
1869 3696 1973 3752 nus

375 3767 578 3820 miuum
606 3777 838 3822 catervae
861 3767 1251 3822 educebantur.
1285 3769 1398 3822 Non
1427 3770 1569 3824 enim
1603 3771 1847 3835 benefici,
1876 3767 1974 3825 sed

375 3862 522 3915 solus
562 3875 739 3915 rerum
763 3861 1001 3923 omnium
1023 3871 1235 3916 creator
1265 3876 1421 3915 verus
1448 3862 1589 3916 Deus
1619 3871 1720 3916 est.

444 3956 576 4022 Quis
600 3955 760 4010 etiam
785 3956 901 4010 sine
951 3953 1326 4024 indignatione
1354 3971 1448 4010 eos
1501 3955 1687 4011 audire
1735 3967 1969 4028 poterat,

371 4049 459 4118 qui
483 4047 794 4120 garriebant
816 4048 1075 4118 quosdam
1116 4062 1236 4101 esse
1269 4046 1400 4101 deos
1422 4048 1758 4104 sinistrarum
1789 4051 1966 4122 regio-

372 4157 499 4196 num
533 4143 815 4212 prazsides,
842 4140 1186 4196 dexterarum
1221 4141 1510 4196 inimicos?
1541 4142 1767 4199 Mundus
1795 4143 1972 4198 enim-

372 4252 499 4292 vero
524 4253 646 4294 cum
694 4246 836 4292 teres
868 4237 939 4290 sit
980 4252 1042 4291 ac
1093 4236 1379 4299 rotundus,
1429 4251 1554 4303 pars
1592 4239 1709 4306 ejus
1758 4238 1888 4291 lzeva
1918 4246 1972 4292 et

371 4330 610 4394 dextera,
637 4331 819 4384 oriens
848 4339 901 4383 et
923 4329 1198 4394 occidens,
1227 4340 1413 4382 auster
1434 4339 1487 4382 et
1510 4329 1781 4395 meridies,
1801 4331 1968 4383 nostri

373 4434 597 4482 tantum.
629 4423 846 4494 quando
877 4424 1226 4492 quiescimus,
1259 4432 1512 4492 respectu
1542 4423 1644 4477 dici
1674 4433 1867 4491 potest.
1891 4424 1968 4478 Ab

370 4517 560 4572 iisdem
593 4531 808 4587 quoque
838 4515 1125 4584 gentilibus
1158 4515 1361 4570 insulse
1389 4518 1610 4570 oman
1635 4514 1970 4585 fingebantur

368 4609 585 4681 quidam
616 4609 689 4663 dii
717 4609 879 4663 rebus
921 4608 1264 4678 quibusdam,
1299 4625 1413 4664 nare
1443 4608 1563 4663 aliis
1597 4609 1857 4680 praefecti,
1887 4611 1967 4664 vi-

369 4702 568 4758 delicet
596 4702 916 4764 Lateranus,
945 4717 1040 4756 seu
1068 4700 1270 4757 Genius
1315 4702 1470 4770 focis,
1496 4701 1681 4759 Venus
1727 4701 1970 4759 Militaris

369 4794 584 4866 flagitiis
613 4794 982 4850 castrensibus
1036 4805 1088 4850 et
1145 4811 1431 4864 puerorum
1480 4801 1702 4864 stupris,
1737 4795 1967 4860 Perfica,

371 4885 660 4952 Pcrtunda,
713 4886 960 4940 Tutunus
1010 4886 1174 4942 rebus
1224 4887 1495 4951 obscenis,
1552 4887 1683 4941 Puta
1719 4889 1966 4958 putandis

369 4978 671 5042 arboribus,
695 4979 1008 5033 nemoribus
1034 4978 1425 5044 Nemestrinus,
1453 4980 1723 5035 Patellana
1774 4992 1829 5036 et
1868 4981 1970 5034 Pa-

371 5071 492 5126 tella
521 5071 904 5142 patefacieudis
934 5080 1026 5126 aut
1058 5072 1342 5142 patefactis
1367 5075 1556 5139 'ostiis,
1591 5073 1819 5128 Nodutis
1848 5072 1965 5128 fru-

369 5181 492 5236 gum
523 5163 700 5227 nodis,
737 5164 801 5217 iis
831 5164 1069 5219 tcrendis
1097 5165 1377 5229 Tercnsis,
1409 5164 1596 5220 Vibilia
1643 5168 1848 5221 viarum
1879 5182 1966 5223 er-

371 5258 605 5324 roribus,
638 5256 852 5312 Orbana
904 5257 1138 5312 ﬁliorum
1189 5258 1396 5313 orbatis
1425 5261 1759 5328 parentibus,
1784 5259 1968 5314 Nzenia

371 5355 496 5408 xitte
523 5352 803 5416 extremis,
833 5349 1080 5422 Ossilago
1123 5354 1334 5407 ossibus
1361 5355 1785 5421 consolidandis,
1817 5356 1967 5420 Peta,

371 5447 528 5508 Puta.
563 5446 764 5501 Patella
791 5446 1003 5517 apibus,
1059 5447 1205 5502 melli
1251 5447 1522 5511 Mellonia,
1566 5448 1744 5505 Lucrii
1793 5449 1965 5518 lucro,

370 5541 654 5596 Libentina
685 5551 738 5593 et
766 5539 1037 5594 Liburnus
1063 5540 1287 5610 libidini,
1331 5542 1608 5596 liminibus
1637 5543 1972 5600 Limcntinus

370 5642 428 5688 et
479 5631 652 5699 Lima,
706 5631 1111 5702 obliquitatibus
1167 5634 1382 5700 Limus,
1437 5637 1630 5691 sationi
1683 5637 1969 5706 Saturnus,

371 5723 644 5777 montibus
673 5723 963 5790 Montinus,
999 5725 1237 5780 Murcida
1270 5727 1546 5796 segnibus,
1577 5743 1639 5781 ac
1660 5731 1896 5796 pecunia:
1917 5740 1972 5784 et

372 5813 699 5869 divitiisdca
730 5814 983 5871 Pecunia.
1017 5818 1072 5871 Si
1121 5817 1264 5872 enim
1319 5818 1373 5871 hi
1423 5817 1624 5890 aliique
1648 5820 1835 5888 plures
1874 5822 1970 5889 dii,

375 5918 510 5974 quos
543 5908 747 5962 Auctor
780 5919 965 5965 noster
1018 5922 1086 5964 ne
1136 5910 1322 5966 lectori
1350 5910 1510 5968 ιιιιὰἱο
1555 5922 1719 5981 esset,
1749 5922 1975 5983 praetcr-

2071 3208 2415 3264 c0utentione
2447 3203 2718 3258 vindicare
2745 3205 3122 3258 conabuntur?

2146 3298 2304 3364 Quod
2330 3297 2372 3351 si
2416 3298 2538 3364 quis
2565 3296 2763 3350 dixerit
2804 3296 2903 3352 sibi
2957 3295 3129 3349 latere
3158 3310 3224 3348 an
3260 3295 3496 3365 theologi
3525 3298 3688 3352 aliive

2075 3395 2188 3447 suis
2243 3394 2294 3446 in
2325 3392 2474 3444 libris
2505 3391 2718 3460 cognita
2751 3400 2806 3443 et
2836 3391 3138 3458 explorata,
3169 3389 3252 3444 vel
3285 3388 3419 3444 falsa
3451 3392 3688 3461 fictaque

2076 3503 2175 3556 pro
2195 3484 2419 3539 libidine
2447 3485 2764 3552 scripserint
2797 3483 2968 3552 :quid
2992 3483 3060 3536 ad
3096 3483 3234 3538 nos?
3288 3485 3457 3553 inquit
3507 3486 3690 3540 Arno-

2077 3579 2214 3633 bius.
2240 3577 2451 3632 Sufficit
2483 3577 2569 3630 illa
2599 3577 2802 3635 omnia,
2834 3591 2953 3644 qua:
2991 3575 3059 3629 de
3089 3575 3192 3628 diis
3219 3574 3495 3640 dicuntur,
3530 3576 3686 3632 falsi-

2079 3670 2204 3725 tatis
2233 3670 2504 3725 Convinci.
2542 3669 2615 3724 De
2639 3668 2818 3723 medio
2853 3669 3013 3735 igitur
3043 3666 3266 3722 tollendi
3295 3678 3420 3722 sunt
3450 3669 3503 3722 hi
3531 3671 3688 3726 theo-

2076 3763 2342 3833 logorum,
2380 3763 2715 3832 pontificum,
2767 3761 3103 3830 aliorumque
3145 3769 3354 3815 veteres
3404 3759 3549 3827 libri,
3593 3772 3689 3817 aut

2075 3855 2274 3910 ethnici
2317 3871 2378 3908 ea
2410 3854 2714 3924 patefacere
2744 3854 2899 3908 nobis
2930 3852 3154 3916 debent,
3185 3869 3305 3920 qua:
3333 3869 3458 3908 vera
3491 3855 3546 3908 in
3605 3857 3688 3910 eis

2075 3950 2438 4018 reperiantur.

2146 4044 2214 4097 At
2243 4041 2517 4110 quomodo
2542 4043 2655 4095 veri
2685 4041 2885 4109 aliquid
2921 4040 2974 4094 in
3003 4040 3112 4095 illis
3140 4040 3366 4096 indicari
3393 4051 3598 4110 posset,
3630 4044 3687 4098 in

2078 4138 2273 4206 quibus
2303 4137 2463 4192 iidem
2497 4135 2570 4191 dii
2600 4135 2828 4190 summis
2872 4135 3220 4189 contumeliis
3250 4135 3450 4205 ubique
3479 4137 3684 4204 passim

2076 4229 2409 4286 afficiuntur.
2439 4229 2570 4283 Nam
2607 4228 2675 4282 ibi
2721 4226 3082 4297 praedicantur
3125 4227 3198 4281 dii
3247 4242 3355 4280 non
3410 4241 3565 4281 secus
3619 4243 3688 4284 ac

2076 4323 2326 4378 homines
2345 4321 2532 4392 geniti,
2557 4320 2847 4374 celebratis
2866 4319 3015 4389 prius
3042 4320 3265 4388 nuptiis,
3291 4329 3382 4372 aut
3409 4319 3688 4376 adulterio

2074 4426 2129 4472 et
2155 4418 2386 4478 incestu,
2419 4415 2576 4470 sicuti
2625 4413 2852 4483 Jupiter,
2887 4425 2941 4467 et
2989 4413 3083 4466 filii
3117 4413 3256 4480 ejus,
3304 4423 3397 4466 aut
3443 4426 3509 4467 ex
3563 4415 3688 4469 ovis

2075 4510 2223 4566 velut
2265 4507 2456 4563 Castor
2485 4519 2534 4562 et
2563 4506 2776 4569 Pollux,
2810 4515 2903 4559 aut
2949 4519 3015 4560 ex
3061 4503 3235 4574 pelagi
3260 4518 3495 4573 spuma,
3541 4505 3686 4560 sicut

2073 4603 2274 4659 Venus.
2303 4602 2493 4657 Nonne
2529 4616 2662 4671 ergo
2690 4599 2917 4670 publica:
2961 4600 3178 4669 generis
3209 4597 3427 4652 humani
3455 4597 3686 4655 calami-

2074 4705 2215 4750 tates
2241 4693 2429 4748 iisdem
2479 4694 2736 4759 ethnicis,
2769 4691 2884 4746 bzee
2912 4692 3340 4761 pertinacissime
3383 4696 3685 4748 asserenti-

2071 4793 2192 4856 bus,
2243 4792 2465 4861 haecque
2523 4793 2802 4846 numinum
2857 4798 3106 4860 portenta
3147 4788 3312 4859 impie
3369 4790 3685 4848 colentibus

2073 4884 2447 4941 adscribendaa
2505 4895 2652 4949 sunt,
2710 4899 2817 4938 non
2872 4891 3054 4937 autem
3098 4881 3435 4948 christianis,
3466 4884 3557 4954 qui
3590 4899 3679 4953 ea,

2070 4995 2176 5050 quo
2209 4996 2304 5050 par
2331 4987 2437 5046 est,
2470 4977 2695 5033 horrore
2718 4977 3097 5032 detestantur?

2145 5075 2330 5145 Neque
2355 5083 2532 5129 tamen
2557 5073 2628 5128 ibi
2656 5075 2804 5127 stetit
2853 5075 3039 5127 insana
3069 5072 3355 5143 gentilium
3401 5073 3677 5143 opinatio.

2073 5167 2178 5223 Sed
2209 5169 2323 5222 suis
2354 5167 2528 5222 adhuc
2559 5168 2610 5221 in
2637 5167 2788 5222 libris
2833 5165 3495 5221 venditabantSaturnum
3526 5168 3682 5222 vinc-

2074 5269 2208 5324 tum,
2235 5259 2420 5314 Jovem
2464 5257 2723 5314 infantem
2747 5274 2776 5313 a
2800 5257 3089 5313 Curetibus
3127 5267 3418 5324 servatum,
3444 5274 3677 5330 regnun.

2073 5353 2280 5420 expulsi
2311 5352 2342 5406 ὲ
2373 5368 2432 5407 se
2474 5354 2640 5422 patris
2667 5363 3045 5424 occupantem,
3085 5353 3330 5408 humanis
3361 5353 3682 5423 impruden-

2074 5455 2154 5499 ter
2185 5457 2397 5514 pastum
2443 5446 2714 5500 carnibus.
2747 5445 3042 5500 Vulcanum
3073 5445 3308 5512 fabrum,
3337 5448 3509 5502 altero
3525 5447 3678 5503 clau-

2076 5539 2202 5595 dum
2228 5540 2392 5610 pede;
2434 5539 2808 5610 Esculapium
2838 5555 3158 5610 percussum
3191 5539 3434 5606 fulmine,
3467 5544 3679 5611 Apolli-

2078 5648 2200 5686 nem
2239 5631 2387 5686 falsis
2412 5647 2550 5702 respi
2575 5634 2685 5687 usis
2715 5633 3118 5701 locupletatum,
3162 5631 3306 5686 fures
3347 5631 3674 5689 Mercurium

2077 5737 2127 5782 et
2157 5727 2473 5793 Lavernam,
2511 5725 2690 5780 Musas
2719 5725 3043 5796 Megaelonts
3071 5724 3374 5787 ancillulas,
3408 5725 3676 5782 Venerem

2077 5819 2443 5886 meretricem,
2490 5819 2786 5873 Palladium
2821 5834 2888 5873 ex
2917 5818 3135 5888 Pelopis
3159 5817 3403 5887 reliquiis
3431 5817 3674 5888 factum;

2083 5910 2269 5968 Martis
2291 5913 2546 5983 patriam,
2580 5911 2818 5981 vincula,
2845 5920 2900 5968 et
2922 5925 3046 5967 cum
3070 5908 3281 5967 Venere
3312 5910 3633 5970 adulterium
3658 5928 3680 5980 ;
