3918 6350
177 411 254 468 ’581
1434 411 1497 466 IN
1537 412 1759 468 ARNOE

1869 414 1916 480 il,
1960 413 2113 470 CAP.
2157 415 2196 468 Ι.

3367 414 3475 469 582

183 528 552 583 mercenariam
581 528 864 597 Herculis,
891 531 1152 601 Apollinis
1182 539 1237 585 et
1265 530 1498 599 Neptuni
1527 532 1764 588 servitu-
1793 533 1844 595 Α
1870 548 1988 588 esse
2017 534 2433 589 arbitrabantur.
2489 534 2668 590 Prima
2700 543 2782 588 est
2826 532 3014 589 Numze
3063 531 3335 603 Pompilii,
3383 532 3476 602 qui

183 633 300 684 tem;
330 622 635 677 Minervam
693 625 748 678 in
781 625 1151 693 conjugalibus
1182 627 1408 681 secretis
1465 627 1764 680 ministram

182 716 324 776 locis;
376 714 588 781 Martis,
637 716 888 781 Veneris,
933 717 1200 784 Plutonis,
1247 719 1474 774 .luu0nis
1503 720 1763 784 vulnera;

181 808 325 874 Jovis,
351 808 597 875 Saturni,
627 810 869 866 Castoris
903 822 955 865 et
982 813 1217 867 Pollucis
1249 815 1598 884 sepulturam,
1637 816 1762 869 bos-

179 917 267 970 que
300 903 527 955 alternis
580 904 827 957 viventes
857 919 917 958 ac
975 906 1297 972 morientes;
1332 907 1612 961 Herculem
1645 909 1764 977 igne

177 1005 452 1046 crematum
479 1011 494 1057 ;
528 992 862 1050 elfraenatam
903 996 1130 1066 Neptuni
1153 1009 1206 1051 et
1227 1000 1503 1068 iApollinis
1530 1001 1580 1054 in
1611 1000 1764 1054 femi-

177 1102 260 1140 nas
283 1088 350 1140 ab
379 1096 607 1142 auctore
636 1101 823 1142 nostro
847 1092 1157 1146 nominibus
1181 1093 1293 1147 suis
1315 1095 1612 1162 appellatas
1643 1095 1762 1148 libi-

176 1178 373 1244 dinem;
407 1182 586 1235 varias
625 1181 774 1235 Jovis
800 1198 919 1236 eam
954 1185 1025 1237 ob
1057 1200 1170 1238 rem
1222 1186 1628 1247 conversiones,
1682 1185 1764 1239 fu-

171 1282 366 1327 rentem
403 1273 564 1342 hujus
591 1284 646 1327 et
676 1274 900 1327 aliorum
926 1275 1148 1329 deorum
1206 1291 1268 1330 ac
1316 1276 1538 1331 dearum
1567 1279 1616 1329 in
1645 1293 1761 1331 ma-

172 1367 340 1420 sculus
371 1368 750 1436 petulantiam.
785 1369 942 1439 Atqui
977 1369 1090 1424 hmc
1120 1373 1298 1423 omnia
1330 1382 1420 1426 aut
1451 1372 1580 1426 falsa
1615 1383 1758 1438 sunt,

169 1469 424 1513 autvera.
460 1460 516 1514 Si
549 1463 805 1530 primum,
841 1464 913 1516 dii
949 1475 1124 1518 tantas
1165 1475 1378 1536 tamque
1422 1467 1761 1535 impudentes

169 1553 456 1607 calumnias
490 1565 666 1610 morte
722 1556 1062 1611 ethnicorum
1094 1561 1332 1613 omnium
1367 1561 1638 1615 vindicare
1666 1561 1760 1616 de-

166 1644 410 1699 buerunt.
451 1646 509 1700 Si
551 1649 790 1702 secundu
819 1670 866 1708 ι’.
907 1650 1069 1704 iidem
1103 1651 1175 1705 dii
1208 1651 1412 1712 miseri.
1449 1652 1679 1708 infames
1708 1665 1763 1709 et

168 1739 561 1794 sceleratissimi
587 1740 834 1795 homines
865 1741 1031 1798 fuisse
1059 1743 1468 1798 convincuntur.

233 1829 364 1897 Quid
391 1846 543 1897 vero,
577 1833 722 1900 quod
746 1832 981 1887 humana
1015 1835 1233 1889 illorum
1285 1847 1474 1890 natura
1508 1836 1762 1892 manifes—

1869 641 1897 677 a
1929 625 2061 680 Jove
2085 626 2271 688 Elicio,
2308 626 2446 680 dolis
2471 635 2522 681 et
2553 625 2757 680 artibus
2789 625 3039 696 decepto,
3067 625 3342 681 ferebatur
3365 624 3473 678 im-

1872 722 2166 790 petravisse
2189 721 2428 775 fulminis
2445 721 2902 790 procurationem.
2926 720 3000 774 Ex
3022 718 3274 774 omnibus
3296 728 3472 772 autem

1869 811 2029 881 hujus
2083 812 2319 866 historia:
2393 813 2811 868 circumstantiis
2883 813 3229 866 manifestum
3287 820 3476 867 auctor

1868 915 2052 960 noster
2079 907 2331 961 onmibus
2363 906 2488 961 facit
2538 906 2668 959 nihil
2715 919 2873 976 posse
2903 904 3028 975 fingi
3060 918 3088 957 a
3121 903 3367 968 veritate,
3420 910 3475 957 et

1866 998 2144 1053 divinitate
2176 1000 2344 1071 magis
2371 1001 2626 1054 alienum.

1937 1111 2183 1165 Secunda
2235 1111 2481 1166 Acdestis
2535 1121 2587 1164 et
2639 1109 2830 1182 Atydis
2879 1108 3107 1162 historia
3159 1115 3262 1170 est,
3313 1122 3472 1174 quant

1867 1217 2026 1255 nemo
2071 1204 2244 1258 nescit
2273 1204 2597 1270 turpissimis
2641 1202 2812 1266 lovis,
2858 1200 3038 1255 Matris
3069 1199 3252 1261 deum,
3286 1197 3471 1261 Name,

1866 1304 1919 1348 et
1945 1294 2025 1348 .lte
2049 1295 2285 1365 flagitiis,
2317 1296 2672 1364 ignominiosa
2698 1294 2886 1366 Atydis
2915 1293 3268 1354 eastratioue,
3303 1290 3474 1344 illius-

1865 1402 1968 1454 que
1987 1397 2040 1440 et
2061 1385 2138 1438 Jac
2170 1398 2361 1449 morte,
2406 1387 2630 1455 aliisque
2664 1386 2738 1440 illi
2769 1384 3055 1454 adjunetis,
3108 1384 3270 1438 luisse
3300 1383 3472 1436 famo-

1865 1478 2153 1532 sissimam.
2225 1478 2425 1532 Contra
2485 1479 2631 1532 illam
2709 1478 2867 1546 igitur
2937 1476 3210 1531 Arnobius
3279 1474 3472 1530 eodem

1865 1585 1978 1639 pro:
1997 1586 2087 1623 sus
2109 1571 2268 1624 modo
2290 1586 2352 1624 ac
2376 1585 2559 1624 t'ttllll‘d
2586 1570 2719 1623 alias
2742 1579 3167 1638 argumentatur,
3206 1566 3473 1636 planeque

1864 1664 2101 1717 ostendit
2128 1679 2245 1716 eam
2274 1663 2340 1717 ab
2373 1663 2604 1718 ethnicis
2629 1679 2734 1715 non
2767 1677 2925 1730 posse
2958 1660 3207 1715 falsitatis
3229 1658 3469 1727 coargui.

1865 1756 1948 1810 Ab
1974 1756 2364 1824 antiquissimis
2393 1757 2659 1826 siquidem
2689 1755 2902 1807 illorum
2951 1753 3307 1822 scriptoribus
3362 1765 3471 1806 tra-

1865 1848 1973 1902 dita
2028 1849 2216 1913 fuerat,
2249 1859 2301 1904 et
2345 1851 2411 1904 ab
2439 1864 2617 1902 animo
2665 1848 2898 1902 ethnicis
2926 1848 3110 1902 Matris
3139 1847 3298 1901 deum
3330 1845 3472 1900 festo

172 1925 366 1978 tissime
393 1925 783 1993 comprobatur
836 1942 942 1980 non
1001 1928 1177 1982 solum
1233 1928 1546 1994 Euhenteri,
1596 1929 1758 1984 Nica-

1869 1942 2096 1995 maxima
2122 1958 2241 1995 cum
2279 1958 2469 2013 pompa
2497 1952 2547 1996 et
2579 1941 2920 1995 solemnitate
2946 1939 3212 1996 celebrari
3241 1953 3476 1993 cunsue-

173 2033 324 2088 gone,
351 2017 594 2084 Leontis,
620 2018 914 2086 Theodori,
947 2020 1226 2090 Hipponis,
1252 2031 1305 2078 et
1330 2021 1576 2091 Diagora:
1606 2023 1762 2077 testi-

177 2114 365 2178 monio,
399 2129 587 2167 verum
642 2115 806 2168 etiam
841 2115 1001 2169 rebus
1056 2132 1083 2168 a
1129 2115 1261 2171 Jove
1295 2117 1482 2186 gestis,
1509 2116 1763 2171 Minerva:

176 2207 447 2277 Dianazque
473 2208 654 2273 bellis,
681 2207 936 2262 affectate
981 2224 1010 2262 a
1052 2209 1248 2264 Libero
1289 2209 1540 2263 ludorum
1571 2225 1758 2280 regno,

181 2311 323 2370 atque
348 2303 574 2357 aliorum
601 2305 936 2368 conditione,
959 2320 1146 2373 opera,
1165 2316 1370 2375 qumstu
1393 2315 1447 2361 et
1475 2306 1759 2376 eonjugiis.

182 2395 274 2448 Sed
295 2395 524 2450 declarat
555 2397 832 2451 Arnobius
861 2413 920 2451 se
943 2398 1173 2468 id,quod
1199 2398 1355 2453 facile
1373 2409 1506 2461 erat,
1534 2399 1760 2454 demon-

182 2487 435 2542 strandum
465 2504 570 2543 non
600 2491 927 2559 suscepisse,
952 2489 1047 2544 sed
1083 2491 1217 2546 deos
1264 2507 1293 2545 a
1331 2493 1545 2548 nemine
1573 2502 1762 2547 contu-

182 2579 440 2635 meliosius
464 2597 623 2651 quam
655 2582 724 2636 ab
750 2581 980 2636 ethnicis
1005 2585 1213 2639 vexari.

243 2671 381 2738 Quod
437 2672 654 2742 quidem
711 2674 800 2728 ille
845 2673 1222 2730 demonstrare
1260 2677 1454 2747 pergit,
1508 2689 1618 2731 tum
1665 2692 1755 2732 so-

182 2761 428 2817 lemnibus
447 2765 769 2834 statutisque
792 2765 846 2818 in
875 2767 1191 2820 earumdem
1221 2767 1443 2822 deormn
1472 2769 1758 2835 honorem,

185 2871 290 2920 qua:
317 2855 522 2925 quidem
556 2866 838 2925 poetarum
870 2869 1176 2913 commenta
1209 2859 1314 2912 dici
1350 2877 1454 2913 non
1487 2871 1756 2928 poterant,

182 2950 360 3013 sacris,
406 2951 696 3021 mysteriis,
750 2951 1109 3015 caeremoniis,
1143 2960 1199 3006 et
1241 2951 1402 3018 ludis,
1453 2963 1560 3006 tum
1593 2954 1755 3008 etiam

184 3056 240 3094 ex
264 3041 365 3108 jam
395 3044 680 3098 recensitis
711 3043 925 3097 illorum
954 3041 1188 3114 ﬂagitiis,
1218 3044 1538 3109 sceleribus,
1567 3047 1755 3101 vulnev

185 3133 312 3188 ribus
353 3145 403 3190 et
446 3136 622 3190 bellis.
672 3136 751 3189 Eo
791 3137 991 3206 quippe
1041 3137 1212 3205 major
1257 3147 1372 3190 erat
1421 3137 1755 3192 etbnieormn

1868 2045 2037 2088 verat.
2066 2033 2220 2090 Nulla
2250 2045 2428 2087 autem
2463 2042 2624 2087 tanta:
2657 2032 3013 2086 solemnitatis
3041 2047 3200 2086 causa
3232 2046 3350 2085 esse
3380 2047 3475 2100 po-

1867 2127 1987 2190 tuit,
2023 2127 2125 2181 nisi
2158 2128 2279 2194 quia
2308 2143 2368 2179 ea
2397 2127 2576 2180 omnia
2610 2127 2786 2195 reipsa
2817 2125 2954 2180 facta
2984 2124 3153 2178 fuisse
3178 2123 3473 2194 opinaban-

1869 2228 1972 2272 tur.
2007 2218 2062 2276 Si
2091 2234 2210 2289 quze
2242 2233 2374 2272 vero
2399 2218 2500 2273 alia
2533 2218 2672 2272 illius
2698 2217 2926 2272 obscura
2957 2217 3119 2271 fuerit
3164 2217 3322 2282 ratio,
3355 2231 3472 2270 eam

1867 2323 2036 2379 certe,
2082 2310 2518 2382 quandoquidem
2548 2310 2600 2365 iu
2635 2312 2774 2365 testo
2817 2310 2912 2364 illo
2944 2309 3305 2381 turpitudines
3354 2325 3471 2364 ma-

1866 2408 2026 2460 ximae
2053 2406 2372 2476 agebantur,
2401 2405 2844 2460 obscenissimam
2871 2411 2934 2458 ac
2959 2403 3326 2474 turpissimam
3354 2416 3474 2458 esse

1864 2508 2103 2570 oportet.

1937 2593 2125 2647 Plures
2155 2592 2289 2646 alias
2321 2591 2405 2647 his
2453 2591 2659 2646 similes
2690 2589 2984 2654 Arnobius,
3019 2587 3353 2645 exsecranda
3383 2602 3475 2642 ea—

1863 2703 1982 2740 rum
2029 2686 2268 2740 fmditate
2314 2685 2626 2750 deterritus,
2658 2699 2718 2739 se
2763 2683 3180 2754 praetermittere
3207 2682 3470 2737 declarat.

1867 2778 2054 2832 Paucis
2087 2789 2264 2831 tamen
2297 2778 2612 2848 persu-inxit
2636 2775 2894 2841 Faunam,
2927 2777 3040 2829 sive
3067 2775 3271 2830 Bonam
3316 2773 3472 2828 deam

1860 2872 2024 2941 virgis
2051 2887 2267 2938 cmsam,
2313 2884 2521 2942 turpem
2551 2871 2722 2925 Servii
2758 2880 2953 2934 ortum,
2988 2886 3050 2924 ac
3084 2869 3380 2924 foedissima
3417 2877 3474 2923 et

1863 2966 2116 3032 netauda,
2144 2981 2265 3036 qua:
2298 2968 2349 3020 in
2379 2965 2749 3035 Omophagiis,
2782 2963 3200 3036 Corybantibus,
3232 2961 3474 3017 Baccha-

1863 3059 2094 3122 nalilms,
2128 3058 2374 3129 Phrygiis
2419 3059 2587 3113 sacris
2633 3073 2698 3113 ac
2735 3058 3007 3128 mysteriis
3055 3057 3169 3111 fieri
3201 3055 3470 3110 solebant.

1866 3153 2068 3206 Horum
2099 3160 2275 3204 autem
2326 3151 2613 3204 occasione
2644 3147 2776 3204 seite
2806 3149 3060 3204 observat
3088 3157 3166 3202 tot.
3215 3157 3475 3218 tantaque

185 3225 432 3294 iniquitas,
473 3228 617 3297 quod
659 3244 870 3282 summa
919 3228 1096 3297 legunt
1143 3230 1430 3283 severitate
1483 3231 1533 3283 in
1568 3231 1757 3286 famosi

1869 3243 2014 3297 .lovis
2047 3243 2252 3296 narrari
2279 3242 2563 3306 adulteria,
2598 3243 2808 3312 aliaque
2840 3241 3037 3310 flagitia
3065 3258 3079 3303 ;
3136 3248 3186 3293 ut
3221 3256 3327 3294 non
3368 3241 3473 3295 alia

184 3318 390 3387 alicujus
415 3319 562 3381 dicti,
610 3320 889 3385 carminis,
940 3330 993 3373 et
1036 3320 1200 3374 libelli
1229 3331 1480 3375 auctores
1510 3324 1761 3376 animad-

185 3419 454 3473 verterent,
498 3411 898 3481 patientissime
931 3427 1059 3466 vero
1089 3413 1293 3466 ferrent
1339 3423 1480 3467 tanta
1533 3415 1758 3470 deormn

183 3503 450 3568 opprobria
472 3514 524 3556 et
542 3503 812 3557 dedecora
832 3504 994 3557 scribi
1024 3513 1078 3557 et
1109 3504 1406 3570 decantari,
1433 3522 1602 3576 eaque
1627 3512 1763 3562 scri-

186 3592 373 3656 bentes,
418 3603 576 3664 atque
623 3597 788 3648 etiam
839 3594 1133 3650 histriones
1164 3607 1218 3650 et
1260 3599 1454 3654 mimos
1485 3602 1675 3656 eadem
1709 3605 1760 3658 in

184 3685 388 3740 theatris
415 3687 750 3758 publicisque
778 3689 1103 3757 Spectaculis
1129 3703 1608 3760 repraesentantes,
1643 3711 1758 3749 ma-

183 3776 311 3829 xima
337 3780 621 3834 audiebant
666 3796 788 3834 cum
843 3782 1140 3850 voluptate,
1176 3794 1229 3837 ct
1271 3785 1393 3839 illos
1425 3786 1672 3843 laudibus
1698 3805 1760 3845 ac

184 3872 400 3936 praemiis
424 3872 936 3927 remunerabantur.

248 3960 366 4029 Quis
390 3980 512 4035 ergo
539 3965 824 4019 dubitandi
855 3965 1007 4020 locus
1035 3979 1340 4037 supererat,
1371 3971 1500 4040 quin
1525 3987 1588 4026 ex
1616 3982 1760 4029 tanta

186 4053 386 4111 deorum
414 4059 683 4122 irrisione,
719 4068 977 4128 tantoque
1009 4060 1240 4115 ludibrio
1269 4073 1400 4117 orta:
1432 4062 1632 4120 fuerint
1659 4081 1761 4137 pu-

187 4146 322 4203 blica:
358 4151 726 4206 calamitates?
752 4151 946 4206 Nullus
988 4154 1164 4224 itaque
1192 4171 1338 4210 same
1372 4160 1569 4215 mentis
1598 4159 1761 4216 homo

186 4255 395 4312 unquam
420 4246 630 4316 negabit
651 4245 738 4300 illa
762 4247 1046 4316 gentilium
1075 4250 1274 4319 scripta
1306 4253 1481 4320 potius
1507 4254 1760 4312 debuisse

187 4336 412 4399 cremari,
452 4354 612 4408 quam
642 4337 1064 4394 christianorum
1097 4341 1286 4407 libros,
1341 4353 1501 4416 atque
1545 4347 1759 4404 illorum

189 4426 370 4483 theatra
399 4433 590 4500 potius,
645 4450 808 4503 quam
853 4433 1044 4488 borum
1089 4440 1462 4496 conventicula
1491 4442 1672 4497 dirui?
1703 4444 1757 4500 In

187 4519 571 4580 christianorum
627 4527 894 4598 siquidem
923 4531 1315 4587 conventiculis
1358 4549 1422 4590 ac
1466 4537 1758 4607 synaxibus

191 4612 315 4671 Deus
341 4634 489 4674 verus
515 4633 798 4686 exoratur,
833 4637 935 4690 pax
964 4633 1018 4676 et
1048 4626 1199 4678 venia
1226 4641 1322 4696 pro
1343 4629 1614 4695 omnibus,
1643 4633 1756 4688 sive

191 4712 323 4776 vivis,
353 4715 457 4770 sive
486 4717 718 4770 mortuis
759 4717 1081 4785 postulatur,
1112 4718 1352 4789 nihilque
1380 4722 1617 4790 auditur,
1651 4725 1756 4782 nisi

191 4807 314 4873 quod
341 4809 614 4875 humanos,
645 4811 829 4877 mites,
857 4810 1215 4878 verecundos,
1251 4813 1472 4882 pudicos
1500 4825 1554 4870 et
1579 4827 1756 4873 castos

192 4901 346 4956 iaciat.
370 4904 442 4958 Dii
465 4921 591 4975 ergo
619 4905 664 4958 si
690 4905 790 4968 ira,
819 4905 895 4959 uti
921 4905 1281 4973 Opinabantur
1311 4908 1534 4976 ethnici,
1563 4926 1757 4966 accen-

191 4995 374 5061 dantur,
408 5015 508 5054 non
539 4998 879 5065 cbristianis,
913 4999 1005 5054 sed
1038 5000 1283 5070 ipsismet
1331 5003 1584 5072 ethnicis,
1634 5021 1754 5060 om-

191 5091 316 5144 nium
360 5106 476 5150 ante
507 5093 699 5149 oculos
742 5092 978 5148 dedecus
1021 5104 1074 5149 et
1116 5097 1502 5166 turpitudinem
1542 5099 1754 5154 illorum

188 5189 528 5253 statuentibus,
563 5187 726 5242 irasci
771 5185 1061 5242 debebant.
1114 5186 1170 5243 Si
1219 5205 1349 5245 vero
1386 5192 1479 5247 ira:
1506 5203 1756 5263 expertes

188 5275 294 5344 sint,
323 5277 622 5334 ebriStianis
651 5276 856 5332 fruStra
890 5279 1010 5332 irati
1054 5278 1323 5336 dicuntur.

760 5413 1056 5470 art-riemes
1089 5431 1141 5469 v.

685 5546 912 5612 Analysis
934 5547 1045 5599 libri
1067 5551 1243 5614 quinti.

232 5675 300 5730 Ad
325 5678 463 5734 aliud
502 5687 700 5735 contra
732 5675 1017 5746 gentilium
1046 5676 1179 5731 deos
1204 5686 1580 5749 argumentum
1611 5679 1757 5735 venit

172 5769 428 5840 Arnobius,
452 5773 701 5842 illudque
726 5769 862 5840 petit
887 5784 951 5821 ex
979 5769 1239 5835 historiis,
1259 5786 1394 5841 quas
1409 5786 1530 5826 cum
1554 5771 1758 5828 ethnici

172 5874 251 5916 usu
275 5866 584 5930 quotidiana
608 5864 940 5928 retinerent,
973 5861 1125 5916 festis
1169 5864 1511 5919 celebrarent
1537 5865 1752 5930 annuis,

174 5954 446 6018 simulacris
476 5964 978 6032 repmsentarent,
1029 5971 1120 6016 eas
1166 5958 1407 6027 profecto
1445 5959 1760 6017 verissimas

1867 3350 2026 3390 causa
2055 3333 2298 3388 videatur
2330 3344 2508 3401 natus,
2553 3335 2654 3389 nisi
2685 3345 2741 3388 ut
2768 3335 2819 3388 in
2853 3349 2976 3388 eum
3010 3335 3187 3387 omnis
3216 3334 3470 3398 intamia‘,

1867 3443 1928 3481 ac
1956 3427 2239 3497 cujuslibet
2269 3427 2546 3482 fmdissimi
2577 3428 2832 3481 facinoris
2853 3438 3012 3497 atque
3041 3426 3284 3491 sceleris,
3308 3427 3475 3481 Coliti-

1866 3525 1981 3577 vies
2009 3523 2368 3577 derivaretur.
2403 3521 2541 3577 Tum
2569 3522 2768 3577 deinde
2797 3522 2900 3576 alia
2929 3521 3273 3592 prosequitur
3293 3535 3470 3587 saera,

1867 3616 2116 3671 videlicet
2136 3615 2588 3684 'l‘hesntOphoria,
2625 3615 2919 3682 Eleusinia,
2967 3625 3127 3685 atque
3155 3614 3470 3680 Alimuntia,

1867 3709 1918 3762 in
1948 3709 2142 3775 quibus
2175 3724 2280 3761 non
2309 3708 2510 3774 minor,
2538 3723 2698 3777 quam
2731 3708 2782 3761 in
2811 3708 2932 3761 aliis
2961 3707 3176 3760 lascivia
3202 3722 3266 3761 ac
3315 3718 3473 3776 petu-

1867 3800 2053 3855 lantia.
2104 3801 2294 3855 POSIea
2321 3816 2450 3856 vero
2478 3815 2637 3869 quam
2669 3815 2730 3854 ea
2776 3800 2828 3853 in
2874 3799 3046 3854 oculis
3073 3809 3474 3869 conspectuque

1866 3895 2105 3948 omnium
2153 3895 2421 3963 expuSuit,
2471 3893 2535 3947 ab
2567 3893 2798 3947 ethnicis
2847 3893 3081 3962 postulat
3114 3890 3290 3945 utrum
3321 3892 3468 3946 ebri-

1866 3986 2024 4041 stiani
2058 3986 2123 4039 ad
2153 3981 2267 4039 ha-e
2295 4001 2446 4039 saera
2477 3985 2682 4050 agenda
2712 3983 2859 4038 omni
2889 3983 3277 4052 Supplieiorum
3309 3986 3471 4040 etiam

1865 4079 2260 4132 dirissimorum
2284 4093 2484 4148 genere
2509 4080 2626 4148 cogi
2657 4076 2912 4141 debeant,
2944 4093 3006 4132 ac
3047 4086 3226 4131 utrtun
3258 4076 3475 4147 ipsimet

1865 4173 2065 4228 ethnici
2088 4173 2211 4237 diis,
2239 4189 2467 4243 quorum
2510 4171 2716 4226 scelera
2743 4182 2796 4225 et
2820 4171 3018 4242 flagitia
3051 4172 3102 4224 in
3132 4171 3323 4226 iisdem
3351 4188 3473 4244 my-

1864 4267 2043 4321 steriis
2075 4265 2534 4327 memorabantur,
2566 4263 2774 4318 similes
2818 4278 2879 4318 se
2927 4277 3070 4327 esse,
3105 4263 3189 4317 vel
3229 4279 3322 4319 eos
3352 4264 3474 4320 tiliis

1864 4362 1979 4416 suis
2008 4369 2098 4415 aut
2128 4359 2448 4431 conjugibus
2498 4373 2802 4428 prOponere
2829 4357 2882 4411 in
2915 4358 3218 4429 exemplum
3272 4357 3474 4413 velint?

1863 4453 2053 4509 Mirum
2086 4454 2263 4523 itaque
2295 4452 2397 4506 sibi
2425 4451 2592 4506 videri
2626 4451 2715 4505 ille
2762 4451 2836 4504 ait
2861 4465 3022 4515 eum;
3075 4449 3164 4519 qui
3209 4449 3310 4504 hos
3340 4451 3474 4506 deos

1864 4561 1986 4602 esse
2012 4556 2170 4617 neget
2195 4546 2278 4600 vel
2312 4545 2547 4605 dubitet,
2583 4543 2801 4598 athenin
2832 4553 2885 4598 et
2915 4544 3239 4614 sacrilegum
3269 4545 3338 4598 ab
3365 4545 3473 4599 illis

1782 4617 1836 4676 Ῑ)
1864 4641 2152 4712 appellari.
2183 4640 2427 4709 Denique
2455 4655 2523 4694 ex
2551 4639 2636 4694 his
2661 4639 2915 4693 omnibus
2939 4637 3033 4693 ille
3055 4638 3334 4694 concludit
3365 4639 3468 4693 hu-

1857 4734 2096 4806 jusmodi
2129 4733 2284 4799 deos,
2313 4751 2420 4787 non
2445 4732 2782 4797 christianis,
2807 4745 2900 4786 eos
2933 4730 3342 4800 respuentibus,
3372 4731 3471 4786 sed

1863 4829 2097 4885 ethnicis
2124 4837 2270 4882 tanta
2302 4828 2518 4881 illorum
2546 4826 2776 4881 erimina
2809 4823 3256 4894 przcdicantibus,
3291 4823 3469 4880 infen-

1860 4939 1952 4980 sos
1982 4938 2103 4979 esse
2128 4922 2404 4978 debuisse.

1933 5019 2165 5074 Futilem
2195 5015 2392 5070 deinde
2422 5029 2730 5085 vanamque
2775 5013 3050 5070 Arnobius
3082 5013 3320 5070 ostendit
3348 5028 3472 5070 esse

1861 5113 2142 5187 gentilium
2178 5112 2618 5182 responsionem,
2667 5111 2757 5180 qui
2789 5125 2979 5164 omnes
3008 5109 3172 5165 hasce
3212 5109 3472 5166 historias

1861 5211 2153 5280 allegorieo
2177 5215 2386 5261 tantum
2416 5221 2580 5261 sensu
2622 5204 3002 5273 intelligendas
3023 5220 3145 5260 esse
3171 5206 3472 5262 contende-

1862 5307 2012 5360 bant.
2040 5303 2118 5356 Ad
2143 5316 2236 5356 eas
2254 5301 2520 5372 siquidem
2546 5299 2916 5369 explodendas
2941 5301 3101 5370 plane
3123 5301 3324 5356 sul‘ticit
3349 5303 3472 5359 illas

1863 5411 1970 5450 non
2027 5406 2187 5464 posse
2242 5393 2474 5447 naturali
2529 5407 2694 5448 sensu
2738 5393 2854 5446 sine
2906 5391 3189 5462 impietate
3247 5397 3466 5464 exponi.

1865 5488 2073 5547 Deinde
2117 5503 2250 5544 vero
2290 5503 2387 5544 cur
2413 5502 2442 5542 a
2473 5487 2834 5557 scriptoribus
2884 5495 2993 5541 tam
3047 5488 3191 5544 serio
3235 5490 3470 5558 posteris

1865 5585 2078 5640 tradita:
2105 5591 2252 5650 sunt,
2287 5594 2345 5637 ut
2391 5597 2490 5637 suo
2520 5580 2754 5636 naturali
2787 5595 2950 5636 sensu
2982 5596 3090 5636 non
3123 5582 3468 5651 explicaren-

1864 5680 1989 5735 tur?
2019 5677 2286 5748 Numquid
2319 5677 2374 5732 hi
2406 5677 2702 5747 scriptores
2752 5691 2844 5732 eas
2887 5675 3117 5748 mystico
3149 5676 3470 5746 allegorico-

1863 5787 1969 5843 que
2017 5769 2303 5825 dumtaxat
2347 5785 2508 5823 sensu
2558 5768 2903 5838 accipiendas
2947 5768 3144 5823 alicubi
3199 5769 3470 5826 testiticati

1863 5863 2024 5922 sunt?
2041 5863 2096 5918 Si
2113 5878 2241 5918 vero
2257 5864 2436 5934 plures
2452 5863 2660 5932 possint
2674 5877 2792 5918 esse
2814 5859 3058 5931 ejusdem
3086 5862 3323 5916 ltiStorim
3342 5878 3470 5932 par-

1870 5967 1954 6016 tes
1977 5958 2252 6034 allegorici
2282 5955 2479 6015 occulti
2510 5971 2723 6028 sensus,
2757 5956 2976 6012 ubinam
3009 5956 3082 6011 illi
3114 5972 3220 6026 quo
3246 5959 3477 6028 praecise
