3918 6342
417 371 522 426 385

1648 359 2099 418 DISSERTATIO
2137 357 2412 413 PRAEVIA

3605 343 3714 398 38L

417 487 644 558 intelligi
691 485 996 550 debebant,
1060 484 1219 540 alicui
1267 479 1692 553 'patef'ecerunt?
1741 476 2008 546 Numquid
2040 479 2086 536 Α
2116 475 2404 536 habebant,
2441 469 2764 542 turpissimis
2812 479 2868 523 et
2917 468 3093 523 divina
3123 465 3406 535 majeState
3433 464 3594 536 plane
3624 465 3703 518 ine

416 581 581 636 etiam
604 594 819 645 omnes,
844 579 928 634 vel
950 577 1146 649 aliqua:
1171 587 1372 631 tantum
1394 576 1550 630 unius
1575 571 1815 626 ltiSlOl‘i‘JB
1837 580 2015 640 partes

413 673 709 744 allegorico
739 672 1043 742 significatu
1075 668 1408 741 exponendm
1454 666 1618 720 sunt?
1663 664 1780 720 Non
1828 680 2015 719 omnes

415 764 658 837 quidem.
689 763 925 819 Necesse
955 765 1094 818 enim
1127 769 1294 824 esset,
1331 769 1386 812 ut
1412 758 1612 813 ethnici
1645 756 1851 827 singula
1877 773 2016 826 qua:-

413 871 520 925 que
555 855 713 919 facta,
762 857 929 921 locos,
961 854 1229 923 regiones,
1262 852 1471 914 domos,
1507 849 1774 912 natioiies,
1805 850 2016 920 aliaque

414 947 499 1002 bis
530 947 773 1002 historiis
801 945 1212 1012 comprehensa,
1244 942 1535 1013 allegorico
1557 956 1716 996 sensu
1745 942 2013 1008 interpre-

413 1049 695 1104 tarentur,
748 1054 846 1093 nec
903 1037 1009 1091 alio
1060 1035 1286 1106 intelligi
1346 1050 1504 1105 posse
1553 1035 2010 1091 demonstrarent.

414 1132 595 1188 Gratis
623 1133 783 1186 etiam
815 1133 1083 1201 fingerent
1131 1130 1338 1196 aliquas
1377 1129 1535 1183 unius
1568 1129 1812 1183 historia:
1839 1137 2015 1198 partes

411 1226 509 1279 illo
539 1225 855 1294 allegorico,
887 1225 1018 1278 alias
1045 1223 1273 1277 naturali
1300 1239 1462 1278 sensu
1490 1223 1854 1292 accipiendas.
1882 1223 2012 1288 Qua:

411 1316 612 1373 etenim
643 1332 766 1387 pars
784 1317 983 1386 potius,
1007 1332 1163 1386 quam
1191 1316 1293 1369 alia
1323 1317 1374 1370 iu
1404 1315 1687 1371 Summani
1717 1316 2013 1370 et‘Proser-

409 1409 574 1479 pinaa,
622 1408 708 1463 vel
757 1408 906 1464 .Iovis
931 1416 985 1462 et
1011 1408 1231 1463 Cereris
1270 1407 1496 1462 historia
1525 1407 1783 1477 assignari
1811 1417 2007 1476 potest,

408 1519 529 1574 quae
572 1505 865 1574 allegorice
896 1513 989 1557 aut
1015 1503 1247 1558 naturali
1274 1519 1436 1557 sensu
1468 1501 1725 1572 explicari
1777 1499 2011 1556 debeat?

407 1597 540 1665 Qua:
566 1598 708 1652 ratio
727 1597 881 1652 reddi
911 1598 1130 1671 poterit,
1152 1611 1249 1651 cur
1275 1599 1329 1650 in
1351 1595 1671 1666 quibusdam
1701 1593 1815 1649 sive
1838 1592 2009 1656 Jovis,

409 1689 528 1743 sive
582 1689 862 1744 Summani
922 1687 1163 1742 historia:
1217 1688 1462 1757 partibus
1519 1684 1912 1755 explanandis,
1979 1700 2010 1739 a

407 1781 642 1835 naturali
664 1781 730 1835 ad
757 1781 1107 1852 allegoricum
1135 1795 1354 1835 sensum
1383 1794 1610 1835 necesse
1632 1780 1704 1834 sit
1726 1779 2008 1834 transitum

406 1870 522 1927 ﬁeri
538 1871 561 1924 ?

477 1985 671 2038 Omnia
701 1985 883 2054 igitur,
911 2000 1030 2056 qua:
1059 2001 1162 2040 una
1189 1986 1490 2058 eademque
1511 1986 1732 2042 historia
1759 2002 2006 2059 compre-

409 2077 746 2146 henduntur,
781 2094 889 2134 uno
916 2081 1218 2150 eodemque
1248 2096 1410 2135 sensu
1436 2081 1557 2136 sive
1603 2081 1856 2145 naturali,
1891 2085 2005 2137 sive

403 2173 700 2243 allegorico
721 2172 918 2228 debent
947 2172 1195 2243 intelligi.
1220 2175 1380 2244 Atqui
1406 2173 1508 2229 hoc
1539 2177 1780 2230 secundo
1805 2177 2004 2246 allego-

402 2264 520 2320 rico
571 2263 876 2335 significatu
929 2273 1123 2319 cuncta
1155 2267 1206 2319 in
1241 2282 1345 2320 uua
1395 2267 1696 2338 eademque
1756 2268 2000 2336 historia,

401 2355 855 2426 quemadmodum
890 2356 941 2410 in
971 2356 1188 2424 Trojani
1221 2357 1346 2411 belli
1376 2358 1459 2412 vel
1487 2358 1784 2413 Cannensis
1814 2375 2002 2428 pugna:

397 2447 734 2512 narratione,
770 2465 877 2501 non
919 2459 1146 2518 possunt
1172 2449 1450 2519 explicari.
1485 2452 1561 2506 De
1591 2453 1694 2506 diis
1719 2454 2003 2510 enimvero

395 2556 518 2611 qme
547 2542 764 2612 scriptis
793 2543 1106 2613 consignata
1140 2544 1390 2614 legimus,
1438 2561 1500 2600 ea
1549 2547 1673 2602 inde
1707 2548 2002 2617 probantur

397 2635 574 2702 reipsa
605 2649 668 2689 ac
695 2649 823 2691 vere
854 2635 992 2690 facta
1023 2651 1166 2701 esse,
1196 2637 1322 2708 quia
1352 2636 1421 2693 de
1451 2639 1556 2693 illis
1583 2637 1714 2694 festa
1738 2640 1999 2696 solemnia

396 2738 541 2783 stato
570 2737 815 2797 tempore
837 2728 1271 2785 celebrabantur.
1307 2729 1506 2785 florum
1538 2730 1803 2801 siquidem
1836 2731 2001 2787 festo-

394 2839 518 2881 rum
561 2833 817 2878 constans
855 2832 910 2878 ct
951 2834 1096 2879 certa
1126 2823 1358 2879 debebat
1387 2840 1510 2880 esse
1540 2826 1714 2897 origo,
1777 2842 1876 2883 nec
1908 2828 1997 2883 illa

395 2919 514 2973 sine
542 2917 721 2988 aliqua
750 2918 961 2973 ratione
992 2918 1233 2974 instituta
1265 2919 1503 2975 fuerunt.

466 3035 576 3091 Fac
603 3044 806 3097 tamen,
847 3035 890 3089 si
921 3035 1075 3101 velis,
1129 3037 1182 3090 in
1213 3037 1452 3092 historiae
1482 3037 1769 3107 cujuslibet
1797 3038 1998 3095 descri-

393 3129 580 3199 ptione
606 3128 749 3183 aliud
773 3127 1017 3189 omnino,
1051 3141 1216 3198 quam
1243 3128 1406 3182 verba
1437 3139 1653 3195 sonant,
1678 3130 1995 3200 significari.

391 3220 509 3277 Non
543 3221 720 3275 minus
746 3229 899 3274 certe
925 3218 1056 3274 illud
1086 3219 1153 3273 ad
1184 3219 1412 3274 deorum
1463 3220 1697 3276 dedecus
1723 3233 1776 3276 et
1807 3233 1998 3278 contu-

392 3314 609 3369 meliaut
665 3311 1005 3368 redundabit.
1057 3310 1189 3379 Qua:
1220 3312 1422 3366 etenim
1472 3313 1644 3379 maior
1669 3313 1772 3368 diis
1801 3313 1993 3385 injuria

391 3407 513 3463 fieri
542 3414 742 3476 potest,
772 3422 931 3477 quam
961 3406 1110 3460 lovis
1137 3422 1197 3460 ac
1225 3404 1464 3468 Cereris,
1495 3405 1642 3459 verbi
1674 3406 1868 3476 gratia,
1901 3423 1993 3462 ne.

389 3502 526 3557 fario
551 3501 841 3556 concubitu
869 3511 1068 3555 terram
1093 3499 1266 3554 imbre
1285 3497 1638 3554 madefactam
1655 3500 1994 3570 significari?

391 3592 582 3648 Nonne
611 3593 782 3647 multo
804 3592 969 3646 satius
991 3600 1110 3646 erat
1135 3590 1406 3645 hominem
1435 3605 1556 3645 esse
1579 3600 1811 3656 mutum,
1829 3606 1989 3661 quam

389 3699 481 3740 res
508 3685 764 3740 honestas
792 3695 849 3740 et
879 3683 1150 3739 naturales
1183 3666 1509 3753 turpissimis
1537 3683 1764 3738 deorum
1808 3686 1991 3755 appele

393 3779 509 3832 lare
535 3776 866 3832 sceleribus?
891 3775 987 3847 Dic
1007 3785 1212 3842 autem,
1239 3790 1447 3844 quaeso,
1473 3774 1599 3842 quid
1625 3775 1839 3831 vetabat
1859 3793 1993 3845 quo-

389 3869 569 3924 minus
593 3883 932 3939 unaquaeque
969 3884 1058 3924 res
1084 3869 1348 3923 naturalis
1373 3870 1589 3940 proprio
1613 3886 1711 3925 suo
1741 3873 1986 3939 nomine,

390 3978 499 4018 non
527 3961 752 4017 deorum
784 3963 965 4032 aliquo
987 3962 1215 4018 crimine
1234 3961 1668 4032 significaretur?

458 4081 643 4152 Neque
672 4095 835 4151 porro
859 4079 1150 4136 dicendum
1177 4077 1312 4135 deos
1338 4080 1574 4134 noluisse
1601 4095 1696 4134 sua
1728 4081 1986 4150 publicari

385 4174 664 4246 mysteria,
707 4183 870 4243 atque
899 4172 1102 4228 idcirco
1146 4185 1334 4227 eorum
1385 4171 1640 4227 historias
1685 4174 1988 4244 allegoricis

383 4268 616 4338 scriptas
640 4281 762 4322 esse
778 4267 1112 4337 ambagibus.
1145 4265 1279 4322 Nam
1311 4267 1394 4322 hae
1419 4267 1728 4338 allegoricis
1750 4270 1987 4326 tenebris

388 4359 645 4414 involutae
675 4358 862 4431 paucis
892 4359 1110 4430 quidem
1140 4359 1370 4430 cognitae
1402 4372 1581 4427 erant,
1633 4359 1727 4415 sed
1759 4363 1987 4432 apertis-

383 4453 522 4507 sima
569 4451 823 4506 omnibus
863 4452 1306 4522 proponebantur
1351 4452 1578 4508 deorum
1621 4451 1842 4524 flagitia,
1870 4471 1988 4526 qua:

386 4545 700 4601 hominibus
741 4544 793 4599 in
819 4545 947 4599 vitia
977 4546 1198 4600 nimium
1251 4547 1530 4618 propensis
1576 4547 1776 4603 dabant
1800 4549 1985 4604 eadem

2119 567 2295 638 dignis
2325 565 2502 621 vocari
2535 560 2857 618 nominibus.

2693 693 2986 734 ABTICULUS
3039 694 3108 732 Vl-

2641 815 2865 878 Analysis
2885 814 2994 863 libri
3023 815 3170 863 sexti.

2187 943 2244 998 ln
2279 943 2382 997 hoc
2410 952 2464 997 et
2488 942 2835 1012 subsequenti
2867 941 3004 995 libro
3029 940 3188 994 aliam
3220 938 3490 994 Arnobius
3538 939 3714 1008 genti-

2118 1039 2245 1093 lium
2295 1037 2446 1091 diluit
2480 1038 2934 1098 criminationem,
2980 1050 3082 1103 qua
3113 1033 3436 1087 christianos
3466 1033 3716 1084 maximzc

2117 1132 2405 1201 impietatis
2439 1142 2718 1201 propterea
2751 1128 3095 1190 accusabant,
3128 1127 3270 1196 quod
3315 1126 3454 1179 nulla
3487 1124 3716 1179 deorum

2117 1227 2378 1280 haberent
2419 1227 2614 1293 templa
2644 1233 2737 1278 aut
2765 1224 3072 1284 simulacra,
3105 1236 3203 1276 nec
3237 1221 3337 1274 ulla
3371 1235 3606 1288 unquam
3655 1219 3720 1272 iis

2115 1319 2379 1374 sacrificia
2410 1318 2667 1373 facerent.
2699 1322 2737 1372 A
2774 1317 2990 1386 templis
3020 1325 3200 1371 autem
3230 1316 3457 1370 deorum
3480 1313 3717 1380 orditur,

2117 1415 2405 1485 palamque
2439 1414 2633 1468 fatetur
2662 1413 2726 1466 iis
2757 1411 3079 1466 christianos
3123 1425 3334 1474 carere,
3369 1424 3474 1464 non
3504 1410 3557 1462 in
3591 1407 3720 1462 deo-

2115 1523 2257 1565 rum,
2289 1507 2333 1560 si
2366 1505 2524 1559 modo
2570 1505 2704 1559 tales
2755 1503 2969 1574 quidam
2997 1504 3251 1569 existant,
3303 1512 3718 1571 contemptum;

2114 1598 2208 1652 sed
2239 1599 2362 1667 quia
2411 1614 2532 1652 cum
2583 1611 2799 1658 semper
2846 1596 3070 1651 benefici
3107 1609 3228 1650 esse
3271 1595 3523 1659 debeant,
3573 1595 3723 1649 omni

2115 1694 2370 1746 virtutum
2428 1707 2626 1762 genere
2687 1688 3081 1759 perfectissimi,
3136 1689 3442 1757 nulliusque
3487 1689 3582 1742 ira:
3635 1687 3721 1743 vel

2115 1783 2535 1854 perturbationis
2565 1797 2813 1852 capaces,
2847 1782 3046 1848 templa
3080 1783 3258 1835 omnia
3294 1797 3487 1850 magno
3515 1781 3724 1836 ducunt

2041 1873 2086 1931 B
2113 1875 2434 1945 despicatui.
2466 1875 2540 1927 Ea
2574 1889 2807 1943 namque
2831 1874 2959 1927 nulli
2991 1873 3120 1943 ipsis
3149 1873 3265 1927 usui
3309 1887 3430 1928 esse
3472 1884 3719 1942 possunt,

2108 1968 2356 2038 quamvis
2378 1969 2571 2037 exiguo
2601 1966 2878 2021 hominum
2924 1966 3141 2036 ingenio
3186 1964 3466 2030 fabricata,
3523 1964 3721 2019 iisdem

2108 2060 2240 2114 solis
2269 2059 2579 2113 hominibus
2605 2057 3134 2129 magnificentissima
3166 2059 3470 2113 videantur.
3501 2058 3721 2114 Primus

2107 2163 2287 2206 autem
2321 2151 2559 2204 omnium
2593 2150 2932 2212 Phoroneus.
2983 2151 3070 2205 vel
3118 2149 3328 2220 Merops
3349 2194 3363 2214 ,
3393 2150 3479 2206 vel
3509 2148 3720 2206 [Eacus

2107 2260 2169 2297 ea
2209 2245 2513 2300 aedificasse
2544 2243 2878 2314 perhibetur.
2904 2244 2967 2299 At
2998 2243 3331 2314 quantalibet
3359 2246 3720 2310 magnificen-

2110 2338 2177 2390 tia
2205 2349 2325 2406 post
2351 2337 2464 2390 Iure
2485 2346 2796 2390 constructa
2824 2337 2952 2402 sint,
2997 2335 3122 2406 quid
3149 2335 3255 2390 diis
3283 2336 3450 2406 magis
3490 2336 3718 2405 injuria.

2105 2443 2223 2482 sum
2251 2444 2312 2483 ac
2339 2429 2815 2492 contumeliosum,
2851 2443 3009 2497 quam
3042 2434 3246 2483 temere
3269 2441 3584 2482 asseverare
3612 2427 3713 2482 Joo

2107 2536 2247 2586 vem,
2303 2532 2393 2574 aut
2439 2522 2602 2575 alium
2653 2521 2898 2588 quemvis
2926 2520 3086 2576 deum
3141 2519 3363 2590 templo,
3419 2519 3713 2590 tuguriolo,

2104 2612 2351 2665 conclavi
2379 2622 2432 2667 et
2468 2612 2658 2668 cellula
2690 2611 2928 2666 includi?

2177 2704 2376 2759 Verum
2409 2705 2530 2771 diis,
2560 2705 2872 2777 iuquiebaut.
2895 2705 3116 2769 ethnici,
3143 2706 3345 2772 templa
3374 2707 3713 2770 extruimus;

2105 2807 2157 2850 ut
2178 2813 2298 2852 cum
2326 2800 2404 2853 cis
2425 2799 2826 2869 quodammodo
2855 2799 3210 2867 praesentibus
3237 2815 3342 2854 non
3375 2815 3565 2870 magna
3589 2801 3718 2856 sine

2100 2891 2404 2944 reverantia
2427 2891 2822 2957 collaquamur,
2851 2900 3010 2959 atque
3042 2891 3161 2945 illos
3187 2890 3256 2945 de
3284 2891 3531 2959 proximo
3558 2891 3719 2946 invo-

2101 2993 2306 3049 cautes,
2339 2983 2405 3037 ab
2433 2984 2561 3052 ipsis
2589 2981 2794 3038 facilius
2822 2982 3123 3037 audiamur.
3152 2982 3259 3038 Sed
3290 2997 3598 3052 perperam,
3632 2985 3716 3040 ait

2102 3073 2391 3128 Arnobius.
2413 3073 2606 3129 Omnia
2625 3077 2838 3145 quippe,
2863 3090 2925 3129 ac
2946 3076 3134 3130 tacitas
3157 3076 3317 3130 etiam
3342 3077 3507 3130 animi
3533 3078 3714 3131 nostri

2101 3166 2456 3230 cocitntioues
2500 3184 2655 3223 verus
2689 3169 2826 3222 Deus
2871 3170 3171 3236 cognoscit,
3205 3178 3395 3223 cuncta
3425 3166 3716 3239 mqualiter

2024 3269 2068 3331 ρ
2102 3259 2272 3323 audit,
2309 3261 2492 3314 uullihi
2523 3262 2693 3327 abest,
2727 3277 2826 3317 nec
2869 3263 3002 3316 sicut
3027 3261 3239 3331 Jupiter
3259 3275 3529 3318 οωηειιυηι
3563 3264 3718 3321 vadit

2100 3353 2168 3408 ad
2203 3353 2506 3424 [Ethiopas,
2569 3371 2672 3410 uno
2727 3355 2894 3410 verbo
2952 3357 3312 3411 immensitate
3359 3373 3453 3411 sua
3508 3357 3717 3429 ubique

2101 3460 2343 3514 prmseus
2365 3455 2466 3508 est,
2501 3461 2674 3510 neque
2706 3463 2955 3517 umquam
2983 3449 3101 3503 loco
3130 3459 3393 3504 movetur.

2173 3535 2288 3590 lluc
2313 3536 2525 3590 accedit
2557 3538 2812 3608 pleraque
2840 3539 3063 3593 deorum
3111 3542 3581 3610 sumptuosissima
3616 3558 3717 3597 au-

2099 3628 2513 3698 gustissimaque
2564 3630 2760 3699 templa
2804 3630 2935 3685 nihil
2968 3647 3089 3687 esse
3134 3633 3298 3696 aliud,
3331 3635 3432 3688 nisi
3461 3636 3715 3705 sepulcra

2099 3731 2457 3778 mortuorum.
2488 3721 2637 3777 Talia
2668 3725 2947 3779 enimvero
2976 3725 3276 3795 produntur
3306 3726 3473 3784 fuisse
3500 3727 3714 3784 Cecro-

2098 3814 2200 3882 pis,
2233 3815 2452 3881 Acrisii,
2485 3815 2806 3882 Ericthonii,
2842 3817 3033 3883 Dairm,
3063 3829 3118 3873 et
3148 3819 3384 3884 lmmari,
3416 3821 3562 3877 Celei
3600 3825 3718 3880 vir-

2092 3907 2302 3975 ginum,
2358 3906 2707 3979 Hyperoches
2747 3920 2800 3964 et
2845 3909 3125 3978 Laodices,
3179 3912 3448 3982 Clearchi,
3497 3915 3716 3971 Leuco-

2095 3999 2356 4072 phrynes,
2412 4000 2706 4069 'Iesmessi,
2755 4002 2990 4075 Cynirag
3021 4014 3078 4061 et
3103 4006 3330 4060 aliorum
3362 4023 3522 4078 quam
3582 4010 3716 4077 plu-

2093 4094 2232 4148 rium
2279 4106 2623 4150 monumenta
2652 4111 2714 4151 ac
2742 4097 3077 4167 polyandria.
3115 4098 3355 4169 Denique
3377 4098 3710 4171 Capitolium

2092 4187 2160 4241 ab
2191 4188 2408 4244 invento
2438 4189 2554 4243 Toli
2584 4193 2761 4262 capite
2816 4207 3012 4246 nomen
3066 4193 3296 4262 accepit.
3346 4200 3520 4263 Atque
3572 4197 3710 4253 inde

2092 4280 2597 4338 conficitArnobius
2619 4285 2724 4338 diis
2750 4283 2973 4354 frustra,
3001 4301 3065 4341 ac
3091 4297 3276 4342 contra
3302 4302 3489 4343 eorum
3509 4288 3711 4358 decus,

2092 4376 2294 4444 templa
2320 4375 2588 4432 fabricari.

2163 4466 2388 4522 Coleudi
2438 4483 2566 4525 vero
2595 4483 2781 4524 eorum
2829 4472 3118 4527 simulacra
3149 4489 3256 4528 non
3305 4475 3486 4545 potior
3513 4477 3711 4548 utique

2094 4566 2179 4612 est
2204 4559 2362 4614 ratio.
2392 4560 2469 4614 Dii
2501 4560 2698 4630 quippe
2726 4563 2770 4616 si
2807 4563 2857 4614 in
2882 4563 3022 4618 cmlo
3055 4565 3317 4633 habitant,
3365 4565 3432 4621 ad
3462 4583 3558 4622 eos
3589 4585 3706 4628 non

381 4638 615 4694 faciendi
639 4638 1004 4696 occasionem.
1032 4638 1232 4694 Deinde
1258 4655 1387 4694 vero
1413 4639 1501 4695 cui
1521 4657 1757 4711 unquam
1785 4642 1983 4698 homini
2013 4673 2067 4732 D
2090 4651 2158 4706 ad
2187 4651 2398 4706 illorum
2423 4653 2706 4708 simulacra
2737 4653 3022 4724 fundenda:
3042 4670 3166 4712 sunt
3199 4674 3408 4725 preces.
3433 4660 3490 4715 Si
3511 4673 3704 4719 autem

385 4729 463 4785 dii
484 4729 899 4785 declaraverunt
927 4729 1163 4783 voluisse
1188 4730 1288 4785 sub
1316 4730 1618 4801 allegoricm
1660 4732 1985 4801 interpreta-

387 4822 553 4877 tionis
582 4821 912 4876 obscuritate
942 4819 1215 4890 adscripta
1243 4821 1345 4875 sibi
1370 4822 1758 4877 obseeuissima
1785 4824 1984 4895 flagitia

382 4913 686 4969 venditari?
713 4913 850 4981 Quis
874 4927 1006 4968 vero
1033 4911 1245 4968 dubitat
1270 4929 1365 4970 eos
1393 4930 1497 4970 non
1527 4917 1727 4986 turpia,
1758 4918 1852 4973 sed
1890 4919 1986 4973 ho-

380 5015 534 5062 nesta
561 5007 631 5060 de
663 5021 723 5061 se
746 5004 851 5060 dici
882 5019 1097 5076 semper
1123 5005 1412 5062 maluisse?
1462 5007 1730 5064 Przeterea
1758 5011 1803 5064 si
1833 5011 1987 5083 Atty-

381 5097 468 5154 dis
498 5097 717 5153 nomine
761 5097 932 5152 solem
967 5107 1367 5166 nuncuparunt,
1420 5098 1546 5168 quid
1579 5099 1777 5154 factum
1808 5112 1891 5156 est
1916 5103 1985 5157 de

380 5192 497 5258 illo,
525 5208 687 5259 quem
722 5191 962 5246 historiae
1006 5191 1297 5262 perhibent
1332 5191 1384 5246 in
1417 5192 1646 5266 Phrygia
1692 5205 1895 5260 natum,
1924 5211 1990 5253 ac

381 5286 610 5357 plurima
643 5285 841 5355 egisse,
892 5300 1014 5355 quae
1045 5295 1508 5355 repraesentantur
1557 5289 1608 5341 iu
1657 5289 1991 5354 tbeatris,et

381 5378 580 5434 annuis
628 5378 1061 5434 solemnitatibus
1108 5379 1461 5434 recoluntur?
1504 5379 1642 5448 Quid
1695 5382 1856 5436 etiam
1907 5384 1990 5439 sol

382 5471 615 5533 meruit;
643 5480 699 5524 ut
727 5469 942 5543 Attydis
969 5471 1191 5526 castrati
1221 5471 1456 5528 hominis
1480 5482 1703 5529 vocetur
1731 5475 1988 5530 nomine?

384 5563 628 5633 Denique
681 5566 878 5619 Auctor
925 5575 1112 5621 noster
1162 5567 1325 5621 multa
1376 5567 1428 5621 in
1479 5567 1700 5623 deorum
1747 5568 1989 5625 historiis

382 5656 596 5712 lectitat-
662 5657 936 5726 ostendit,
995 5675 1117 5728 qua:
1175 5660 1469 5730 allegorica
1511 5675 1677 5716 sensu
1732 5663 1989 5733 explicari

383 5757 678 5819 nequeunt.
707 5747 784 5804 Ex
813 5751 1008 5820 quibus
1029 5753 1122 5808 ille
1147 5754 1424 5809 concludit
1446 5753 1600 5810 nefas
1621 5771 1841 5825 prorsus
1867 5772 1988 5813 esse

385 5841 518 5898 deos
545 5841 615 5899 ab
638 5843 954 5914 gentilibus,
983 5847 1029 5901 si
1051 5847 1171 5904 illos
1199 5863 1384 5905 revera
1412 5850 1650 5907 existere
1674 5865 1986 5920 persuasum

2091 4744 2213 4798 illos
2244 4744 2313 4798 ibi
2342 4743 2581 4801 habitare
2610 4746 2833 4801 dubium
2862 4747 2956 4809 sit,
2992 4747 3188 4803 frustra
3221 4751 3299 4805 rei
3331 4750 3508 4806 dubia:
3535 4754 3712 4809 simu-

2089 4838 2294 4893 lacrum
2331 4840 2566 4911 fingitur.
2604 4841 2869 4897 Praeterea
2922 4844 3011 4912 qui
3059 4843 3191 4898 deos
3219 4859 3341 4899 esse
3383 4845 3576 4912 credit,
3613 4847 3711 4904 hic

2089 4931 2155 4984 ad
2187 4931 2544 4987 exhibendam
2575 4933 2784 4988 illorum
2829 4936 3173 5005 praesentiain
3214 4937 3516 4994 simulacris
3560 4955 3708 5012 opus

2094 5037 2199 5076 non
2219 5022 2401 5078 habet.

2166 5113 2301 5169 Tum
2343 5115 2609 5171 Arnobius
2652 5117 2714 5170 iis
2759 5118 3013 5180 occurrit,
3063 5121 3151 5190 qui
3201 5121 3584 5177 asseverabant
3639 5140 3709 5182 se

2092 5220 2190 5277 per
2215 5208 2502 5263 simulacra
2518 5209 2648 5264 deos
2679 5209 2858 5266 colere
2884 5227 2947 5267 ac
2976 5212 3203 5281 precari.
3223 5212 3524 5285 Numquam
3547 5216 3707 5274 enim

2092 5313 2211 5364 eos,
2244 5300 2288 5353 si
2319 5314 2404 5355 res
2435 5301 2506 5354 ita
2536 5301 2626 5367 sit,
2658 5315 3069 5369 venerarentur,
3118 5305 3162 5358 si
3209 5306 3352 5360 nulla
3385 5317 3569 5362 essent
3595 5307 3708 5364 hu-

2086 5393 2324 5463 jusmodi
2349 5393 2657 5449 simulacra.
2692 5395 2829 5465 Quid
2858 5398 3019 5452 etiam
3043 5399 3349 5465 absurdius,
3379 5415 3539 5470 quam
3567 5418 3704 5459 cum

2092 5485 2197 5540 diis
2228 5485 2359 5555 ipsis
2386 5487 2520 5553 suis,
2556 5488 2629 5541 uti
2665 5490 2922 5558 putabant
2972 5490 3195 5547 ethnici.
3227 5492 3532 5562 supplicare
3563 5509 3702 5562 pos-

2092 5585 2233 5646 sent,
2264 5577 2382 5631 illos
2413 5594 2506 5648 per
2534 5587 2799 5634 mortuam
2831 5580 3085 5650 effigiem,
3123 5592 3372 5651 tauquam
3403 5598 3499 5653 per
3521 5587 3706 5654 quod-

2090 5669 2214 5724 dam
2247 5670 2369 5724 fidei
2414 5669 2765 5726 conuuiSsum
2792 5672 2996 5742 aliquid
3025 5674 3250 5744 rogare?
3276 5673 3414 5741 Quid
3461 5691 3705 5747 namque

2092 5761 2222 5818 illud
2250 5774 2354 5828 est,
2388 5763 2488 5819 nisi
2517 5762 2681 5818 Deum
2710 5765 2928 5820 alterum
2955 5767 3103 5834 scire,
3154 5777 3208 5824 et
3234 5766 3465 5839 effigiem
3493 5769 3703 5831 denre-

2092 5856 2203 5913 cari
2230 5856 2377 5912 omni
2408 5871 2573 5914 sensu
2600 5862 2912 5917 carentem?
