3918 6354
1451 360 1517 418 ΙΝ
1556 355 1941 427 ARNOBIUM,
1982 356 2140 416 CAP.
2182 353 2224 412 Ι.

3376 351 3486 408 586

242 480 506 536 Prmterea
535 480 726 552 imago
747 479 836 536 rei
862 477 1202 549 alicnjusipsi
1230 477 1421 534 similis
1444 493 1564 534 csse
1596 477 1778 543 debet,
1809 473 2154 543 ANumquid
2200 471 2272 526 dii
2321 472 2373 524 in
2415 468 2592 539 parvis
2629 464 2936 522 simulacris
2980 461 3244 519 dedicatis
3289 475 3490 531 corpus

191 571 400 642 alioquin
431 572 619 643 imago
648 588 764 626 non
796 573 920 627 erit.
948 571 1106 640 Atqui
1138 586 1298 625 nemo
1327 570 1572 625 ethnicus
1619 572 1781 622 homo

193 665 304 718 scire
331 674 516 734 potest
539 678 724 719 utrum
746 663 972 734 quilibet
995 663 1124 718 deus
1144 663 1264 717 talis
1289 677 1473 717 revera
1495 662 1582 726 sil,
1611 660 1783 731 qualis

191 759 286 826 ejus
299 756 506 827 imago.
528 756 600 812 At
622 766 778 811 certe
807 757 1006 811 scimus
1027 756 1159 810 tales
1175 756 1309 810 deos
1332 769 1450 809 esse
1467 770 1573 807 non
1601 767 1780 822 posse,

190 851 354 918 quales
384 851 492 915 sol,
526 851 677 915 luna,
714 850 884 916 venti,
915 849 1115 919 aliique
1147 848 1360 904 leonina
1392 849 1474 902 vel
1514 846 1614 901 alia
1649 846 1783 901 facie

189 945 731 1016 repraesentabuntur.
785 945 868 1000 Ab
917 943 1146 999 ethnicis
1195 950 1373 996 autem
1419 941 1541 1011 jure
1588 940 1783 994 merito

189 1038 332 1093 derisi
359 1048 491 1093 sunt
521 1037 682 1108 prisci
717 1037 982 1102 homines,
1014 1036 1105 1106 qui
1151 1050 1248 1105 pro
1276 1034 1381 1089 diis
1407 1033 1648 1098 ﬂuvium,
1675 1034 1784 1088 aci-

189 1145 386 1196 nacem,
421 1129 682 1197 lapidem,
734 1127 965 1183 informe
1019 1129 1242 1198 lignum,
1297 1136 1388 1182 aut
1434 1126 1561 1196 quid
1609 1125 1783 1181 simile

187 1221 447 1278 colebant.
478 1220 682 1276 Verum
715 1221 790 1275 illi
840 1221 940 1291 ipsi
991 1237 1097 1275 non
1153 1222 1332 1274 minus
1382 1218 1658 1283 irridendi,
1692 1220 1780 1289 qui

187 1317 539 1373 Hammonem
567 1331 692 1371 cum
722 1316 978 1370 cornibus
1005 1314 1271 1379 arietinis,
1321 1314 1612 1369 Saturnum
1661 1328 1780 1368 cum

186 1411 344 1476 falce,
399 1410 598 1465 nudam
667 1409 973 1476 Venerem,
1025 1407 1326 1463 Vulcanum
1375 1423 1497 1462 cum
1547 1408 1687 1476 pileo
1730 1414 1785 1462 et

184 1504 396 1568 malleo,
427 1520 552 1558 cum
585 1503 792 1574 plectro
815 1512 868 1558 et
892 1503 1086 1557 ﬁdibus
1127 1499 1455 1570 Apollinem,
1507 1510 1561 1554 et
1585 1497 1784 1568 Neptu-

183 1612 304 1652 num
332 1612 456 1651 cnm
493 1597 694 1652 fuscina
723 1596 1040 1666 depingunt.
1083 1593 1254 1661 Quam
1286 1593 1428 1649 enim
1457 1591 1572 1645 hinc
1599 1607 1626 1643 a
1659 1606 1782 1645 vera

183 1689 403 1744 deorum
429 1688 595 1757 ﬁgura
622 1689 974 1756 abhorreant,
1003 1688 1126 1758 quis
1155 1703 1259 1742 non
1304 1686 1486 1741 videt?
1515 1684 1781 1739 Praaterea

182 1783 222 1836 si
245 1781 363 1837 han:
395 1781 610 1851 propria
640 1782 750 1835 sint
771 1781 1188 1850 uniuscujusque
1210 1778 1297 1834 dei
1320 1786 1658 1842 ornamenta,
1695 1776 1780 1828 ubi

1887 583 2042 621 suum
2074 563 2425 629 contrahunt,
2460 572 2515 617 et
2546 560 2829 631 porrigunt
2855 558 2906 612 in
2939 556 3148 627 magnis
3176 563 3234 611 et
3261 556 3491 611 immen-

1886 660 1999 715 sis?
2026 656 2295 728 Numquid
2346 669 2485 708 unus
2527 652 2682 718 deus,
2717 660 2841 721 puta
2885 648 3187 714 Vulcanus,
3220 647 3274 701 in
3316 647 3492 702 omni-

1883 751 1984 805 bus
2014 749 2126 804 suis
2167 745 2472 802 simulacris
2517 743 2718 812 ubique
2756 741 2998 813 gentium
3045 739 3232 810 positis
3265 747 3320 794 et
3361 753 3494 793 con-

1885 841 2111 898 secratis
2146 841 2231 896 vel
2263 837 2568 907 multiplex,
2601 837 2686 892 vel
2718 835 2982 892 indivisus
3022 849 3243 889 manere
3271 830 3492 903 p0terit?

1956 935 2094 1004 Quid
2142 934 2331 1004 plura?
2361 931 2419 989 Si
2461 932 2536 986 dii
2579 931 2631 984 in
2675 930 2759 1011 his
2788 930 2900 985 suis
2944 926 3250 983 simulacris
3300 941 3492 982 revera

1887 1027 2154 1089 habitant,
2186 1040 2282 1079 cur
2310 1039 2372 1080 ea
2401 1022 2655 1095 gentiles,
2685 1037 2755 1077 ne
2783 1037 2887 1092 qua
2924 1019 3118 1090 injuria
3147 1016 3490 1083 adﬁciantur,

1885 1118 2158 1184 claustris,
2189 1116 2453 1183 clavibus,
2480 1114 2732 1185 pessulis,
2760 1113 3006 1180 canibus,
3027 1110 3312 1168 anseribus
3337 1117 3494 1166 tuen-

1887 1219 1996 1274 tur,
2055 1226 2118 1265 ac
2165 1209 2581 1279 diligentissime
2630 1204 2986 1261 custodiunt?
3033 1203 3143 1259 Cur
3178 1201 3388 1273 Jupiter
3438 1210 3496 1257 et

1889 1302 2236 1370 [Esculapins
2269 1310 2374 1356 tam
2408 1301 2677 1372 patienter
2706 1299 2949 1353 tulerunt
2976 1296 3265 1350 simulacra
3293 1308 3390 1348 sua
3423 1293 3493 1347 ab

1886 1394 2158 1450 Antiocho
2185 1408 2241 1450 et
2259 1393 2515 1466 Dionysio
2544 1389 2802 1460 spoliari?
2829 1390 2886 1444 Si
2914 1387 3118 1443 dixeris
3140 1387 3208 1442 de
3247 1385 3330 1440 his
3357 1384 3494 1438 nihil

1885 1489 2017 1544 deos
2043 1503 2284 1553 curasse,
2318 1495 2466 1543 certe
2492 1485 2678 1542 Venus
2709 1483 3082 1540 incredibilem
3128 1479 3494 1554 Pygmalionis

1886 1591 1941 1636 et
1963 1581 2186 1636 alterius
2215 1580 2410 1650 perditi
2439 1578 2677 1633 hominis
2709 1577 2761 1631 in
2790 1576 3097 1631 sumulacra
3127 1589 3221 1629 sua
3250 1570 3496 1642 petulan-

1889 1671 2013 1724 tiam
2050 1671 2368 1741 propulsare
2397 1670 2649 1725 debebat.
2682 1667 2874 1723 Nonne
2904 1668 3066 1723 etiam
3097 1665 3308 1737 Jupiter
3336 1664 3496 1734 Capi-

1887 1764 2120 1830 tolinus,
2181 1763 2323 1819 Juno
2364 1761 2558 1833 Argiva
2586 1803 2601 1827 ,
2656 1761 2874 1830 Serapis
2898 1801 2914 1826 ,
2965 1759 3130 1814 Diana
3178 1757 3488 1828 Ephesina,

181 1871 244 1926 ab
289 1848 408 1927 uno'
447 1848 604 1927 διέπει,
653 1870 953 1926 detraxeris
983 1848 1037 1926 έι
1080 1848 1298 1926 dederis
1327 1868 1505 1930 aperi,
1557 1877 1782 1936 uterque
1814 1872 1860 1930 Β
1889 1855 2082 1924 Apollo
2110 1862 2165 1908 ct
2190 1855 2278 1909 alii
2307 1855 2613 1909 debuerunt
2641 1852 2924 1907 simulacra
2954 1861 3009 1906 et
3039 1849 3181 1917 fana,
3213 1851 3264 1904 in
3296 1848 3495 1920 quibus

183 1962 416 2019 discerni
442 1964 675 2033 amplius
695 1979 803 2037 non
831 1962 1046 2034 poterit.

247 2056 432 2127 Neque
460 2055 680 2126 indigna
712 2066 916 2110 tantum
948 2054 1144 2111 ethnici
1191 2054 1294 2109 diis
1318 2053 1432 2109 suis
1462 2063 1778 2108 ornamenta

184 2147 463 2211 dederunt,
519 2147 614 2203 sed
643 2148 999 2218 quorumdam
1053 2146 1356 2214 hominum,
1409 2158 1568 2217 atque
1613 2147 1777 2200 etiam

186 2241 522 2295 meretricum
578 2241 805 2310 ﬁguram
853 2249 907 2295 et
953 2239 1300 2294 lineamenta.
1362 2240 1442 2293 Ad
1492 2238 1780 2308 Alcibiadis

188 2335 372 2401 quippe
410 2331 584 2386 instar
613 2331 979 2398 Mercurium,
1024 2331 1091 2386 ad
1149 2329 1382 2387 Cratinze
1429 2341 1483 2386 et
1539 2331 1779 2402 Phrynes

190 2423 465 2490 Venerem,
497 2423 852 2479 fabricarunt.
869 2423 1006 2492 Quid
1033 2439 1182 2490 vero,
1211 2424 1354 2495 quod
1381 2422 1596 2478 Phidias
1627 2423 1781 2478 lasei-

193 2515 347 2582 vicus,
379 2518 431 2571 in
485 2515 638 2572 Jovis
684 2515 948 2589 Olympici
978 2532 1006 2570 a
1036 2531 1095 2571 se
1126 2516 1251 2571 lacti
1279 2515 1444 2588 digito
1476 2515 1776 2582 Pantarces,

200 2611 340 2678 pueri
365 2625 392 2663 a
421 2625 480 2665 se
509 2613 696 2678 amati,
729 2626 925 2666 nomen
973 2611 1284 2681 inscripsit?
1314 2611 1393 2665 Eo
1417 2620 1598 2665 autem
1631 2619 1780 2680 petu-

200 2700 361 2757 lantia!
388 2713 546 2774 atque
578 2704 819 2758 audacia:
851 2702 1088 2769 devenit,
1123 2706 1248 2774 quia
1279 2713 1508 2759 noverat
1536 2720 1633 2758 suo
1657 2720 1779 2758 mu-

202 2809 337 2859 nere,
364 2807 414 2850 et
441 2807 561 2852 arte
588 2813 685 2851 sua
709 2795 898 2852 Jovem
927 2795 996 2852 ab
1028 2796 1337 2852 hominibus
1364 2796 1596 2851 adorari.
1631 2795 1778 2863 Qua-

203 2897 402 2958 propter
429 2889 675 2945 etlmicos
707 2889 955 2944 hortatur
986 2889 1288 2954 Arnobius;
1328 2899 1386 2943 ut
1417 2890 1482 2942 ad
1512 2890 1779 2944 saniorem

203 2988 416 3036 mentem
471 2982 786 3049 redeuntes,
843 2981 1058 3036 tandem
1116 2980 1415 3050 intelligant
1469 2980 1778 3042 simulacra,

200 3086 304 3140 qum
331 3083 474 3129 tanto
496 3074 704 3130 honore
734 3073 1055 3141 adorabunt,
1085 3088 1210 3128 ossa
1240 3089 1383 3137 esse,
1417 3073 1643 3142 lapides,
1682 3089 1777 3139 aes,

199 3177 480 3234 argentum,
507 3183 726 3232 aurum,
757 3183 820 3222 ac
845 3167 1043 3236 saepius
1073 3166 1414 3231 vilissimum,
1437 3179 1500 3219 ac
1525 3181 1646 3234 qua:
1670 3175 1781 3219 tur-

1883 1949 2215 2014 habitabant,
2249 1948 2316 2003 ab
2357 1946 2606 2003 incendio
2633 1946 2863 2017 aliisque
2903 1944 3117 1999 casibus
3153 1945 3348 1999 intacta
3371 1957 3492 1998 ser-

1883 2059 2011 2098 vare
2028 2043 2051 2096 ?
3219 2115 3221 2117 ,

1956 2135 2216 2193 Ultimum
2249 2151 2412 2206 porro
2449 2133 2732 2207 gentilium
2775 2133 2842 2188 ad
2889 2132 3170 2190 retinenda
3203 2131 3495 2188 simulacra

1884 2230 2346 2301 propugnaculum
2367 2229 2487 2293 fuit,
2516 2230 2630 2285 lizec
2647 2229 2829 2284 omnia
2858 2229 3110 2298 antiquos
3129 2245 3236 2284 non
3267 2226 3493 2298 fugisse,

1885 2326 1979 2380 sed
2023 2325 2112 2379 illo
2166 2325 2584 2379 simulacrorum
2633 2323 2780 2377 cultu
2838 2321 3147 2392 imperitum
3193 2323 3387 2393 vulgus
3441 2323 3496 2377 in

1884 2417 2070 2473 ofﬁcio
2092 2426 2148 2471 et
2175 2417 2436 2488 religione
2464 2414 2875 2471 continendum.
2911 2414 3017 2470 Sed
3045 2413 3148 2469 hoc
3176 2413 3357 2484 seipso
3387 2414 3498 2469 ruit

1885 2517 1938 2563 et
1964 2509 2247 2564 evertitur.
2301 2507 2439 2575 Quid
2488 2509 2632 2562 enim
2661 2507 2806 2578 plebi
2843 2507 3185 2578 quantumvis
3230 2506 3497 2576 imperitae

1884 2599 2289 2656 formidandum
2338 2616 2410 2655 ex
2469 2599 2694 2656 deorum
2746 2599 3055 2654 simulacris
3103 2599 3350 2668 spoliatis
3404 2607 3498 2654 aut

1885 2692 2147 2762 direptis?
2175 2692 2312 2761 Quid
2345 2691 2699 2747 metuendum
2722 2707 2786 2746 ex
2817 2691 3037 2747 Saturni
3065 2690 3225 2758 falce,
3260 2690 3380 2746 Jani
3411 2691 3494 2745 bi-

1884 2785 2064 2855 cipitis
2111 2785 2265 2841 clave
2310 2775 2565 2849 dentata,
2611 2783 2764 2839 lovis
2791 2783 3001 2848 fomite,
3029 2794 3197 2838 etestu
3241 2776 3494 2851 Junonis,

1885 2875 2142 2932 Minerva:
2162 2877 2338 2947 galea,
2367 2876 2586 2931 Cereris
2613 2876 2888 2943 mammis,
2922 2885 2978 2931 et
3007 2876 3220 2931 cmleris
3247 2874 3499 2946 hujusce-

1885 2970 2032 3023 modi
2073 2969 2320 3024 ridiculis
2349 2970 2576 3024 deorum
2625 2968 2968 3039 insignibus?
2995 2968 3132 3036 Quid
3164 2968 3279 3024 hzrc
3309 2979 3362 3025 et
3392 2970 3497 3025 alia

1886 3060 2047 3132 longe
2102 3062 2344 3132 turpiora
2389 3069 2642 3130 poterant
2692 3061 2758 3115 ad
2818 3060 3158 3116 retinendam
3213 3059 3494 3116 hominum

1885 3154 2224 3225 religionem
2249 3154 2540 3225 conferre?
2586 3154 2815 3209 Tantum
2869 3153 3110 3225 profecto
3150 3155 3325 3221 abest,
3361 3166 3416 3211 ut
3445 3157 3499 3212 Id

202 3262 422 3330 ρίεείηιίε
468 3263 655 3317 usibus
684 3262 969 3326 servierat,
1001 3261 1301 3314 materiem,
1355 3259 1488 3328 Quis
1534 3260 1677 3314 enim
1725 3259 1776 3313 in
1808 3267 1854 3329 ρ
1889 3247 2168 3314 acciderit,
2185 3249 2314 3317 quin
2333 3249 2513 3319 potuis
2536 3247 2786 3304 homines
2802 3249 2950 3304 nullo
2965 3249 3140 3321 legum
3158 3251 3498 3307 severiorum

204 3355 422 3409 animum
453 3355 672 3411 inducat
701 3365 758 3410 ut
787 3355 945 3409 deum
971 3352 1121 3408 illum
1146 3368 1269 3408 esse
1293 3353 1587 3420 existimet,
1614 3368 1773 3424 quem

195 3441 300 3514 ipse
324 3462 384 3500 ex
414 3445 578 3501 haece
605 3447 832 3502 materia
864 3445 1164 3501 fabricavit.

257 3535 408 3608 Urget
431 3539 706 3594 Arnobius
730 3539 1004 3595 neminem
1032 3554 1155 3594 esse
1185 3539 1257 3592 ita
1286 3539 1536 3595 insanum
1570 3541 1660 3611 qui
1695 3542 1773 3595 si-

191 3628 400 3684 mulacri
447 3631 679 3701 alicujus
729 3639 914 3700 partes
943 3631 1234 3701 separatim
1277 3629 1480 3701 positas
1527 3633 1689 3700 colat,
1719 3643 1776 3688 et

191 3723 384 3779 adoret.
409 3724 518 3780 Cur
534 3741 666 3798 ergo
692 3726 897 3781 ethnici
928 3725 1051 3781 illas
1072 3727 1233 3780 simul
1263 3728 1584 3795 coniunctas
1607 3743 1776 3782 vene-

190 3817 464 3876 rabantur?
513 3820 630 3875 Non
663 3820 923 3891 majorem
972 3833 1120 3877 certe
1146 3823 1470 3891 conjunctae,
1501 3839 1660 3894 quam
1687 3825 1792 3879 di--

189 3913 333 3976 visze,
360 3915 460 3968 vim
483 3914 724 3970 divinam
754 3915 972 3971 habent.
998 3915 1116 3972 Huc
1132 3915 1343 3971 accedit
1381 3916 1526 3987 quod
1574 3923 1619 3972 si
1652 3919 1773 3990 quis

189 4003 241 4058 in
276 4005 565 4078 Olympiaci
601 4006 775 4068 Jovis.
833 4018 923 4061 aut
953 4007 1178 4063 alterius
1225 4009 1502 4066 simulacri
1555 4012 1772 4067 intimas

191 4108 359 4166 partes
385 4099 673 4167 introierit,
697 4099 825 4170 quid
859 4111 1055 4170 prmter
1085 4102 1331 4168 laminas,
1361 4104 1445 4158 vel
1470 4103 1600 4173 ligni
1630 4107 1772 4159 saxi-

189 4205 284 4257 que
331 4203 521 4261 partes,
576 4192 799 4262 plumbo
843 4192 1070 4260 suﬁusn,
1103 4204 1193 4249 aut
1239 4195 1476 4261 catenis,
1513 4200 1685 4265 uncis,
1719 4207 1774 4252 et

189 4281 377 4338 ansulis
393 4297 508 4339 com
516 4294 724 4355 pactas,
744 4295 796 4340 et
816 4296 1221 4356 coagmentatas
1238 4290 1564 4359 COIISpiCiel?
1580 4289 1771 4346 Nonne

187 4373 372 4431 videbit
397 4387 573 4449 caput,
601 4388 871 4444 ventrem,
895 4379 1138 4450 aliasque
1168 4392 1348 4451 partes
1371 4382 1517 4439 intus
1547 4399 1767 4452 vacuas,

189 4464 380 4536 inanes,
419 4482 579 4542 atque
619 4471 1007 4540 imperfectas?
1056 4473 1162 4529 Sed
1201 4491 1263 4530 ea
1313 4492 1540 4533 cernere
1584 4479 1626 4533 si
1661 4495 1769 4534 non

191 4556 356 4628 liceat,
387 4578 561 4618 nonne
588 4564 769 4620 cernit
794 4577 975 4636 partes
1004 4565 1279 4623 simulacri
1304 4580 1558 4627 externas
1581 4573 1769 4630 nidore

1884 3350 2057 3424 metu,
2107 3356 2209 3396 nec
2257 3341 2382 3397 ullis
2444 3342 2725 3414 suppliciis
2767 3359 2798 3398 a
2839 3341 3139 3399 sceleribus
3180 3354 3235 3399 et
3280 3344 3498 3414 ﬂagitiis

1881 3433 2160 3502 potuerint
2217 3433 2477 3490 hactenus
2504 3434 2771 3490 cohiberi.
2807 3435 3092 3492 Postremo
3123 3435 3398 3492 Arnubius
3428 3435 3498 3492 de

1884 3525 2175 3584 sacriﬁciis
2199 3526 2460 3599 deinceps
2486 3527 2753 3600 agendum
2772 3527 3062 3599 signiﬁcat,
3091 3539 3146 3585 et
3175 3529 3312 3586 llbro
3331 3527 3493 3586 ﬁnem

1879 3617 2131 3689 imponit.

2484 3773 2778 3815 ARTICULUS
2806 3775 2903 3816 νυ.

2375 3891 2601 3957 Analysis
2625 3890 2738 3942 libri
2764 3895 2986 3957 septimi.

1950 4014 2188 4070 Primum
2231 4015 2332 4072 hoc
2357 4017 2408 4072 in
2438 4018 2574 4074 libro
2620 4019 2891 4075 Arnobius
2937 4020 3199 4077 Varronis
3239 4026 3476 4081 auctori-

1881 4115 2010 4169 tate,
2043 4122 2108 4160 ac
2158 4107 2355 4164 deinde
2404 4110 2612 4165 ratione
2659 4111 2856 4181 probat
2886 4112 3028 4166 nulla
3087 4114 3192 4170 diis
3242 4116 3488 4174 facienda

1877 4214 2000 4254 esse
2047 4201 2334 4257 sacriﬁcia.
2386 4202 2464 4256 Dii
2512 4205 2711 4274 quippe
2753 4206 2868 4260 sive
2917 4207 3029 4262 veri
3061 4207 3334 4277 dicantur,
3376 4213 3489 4268 sive

1876 4307 2137 4362 corporea
2187 4296 2413 4350 materia
2441 4299 2749 4364 compositi,
2791 4300 2904 4354 sive
2934 4300 3214 4356 hominum
3244 4318 3405 4358 manu
3433 4316 3490 4361 et

1873 4397 1991 4444 arte
2022 4389 2170 4455 facti,
2207 4391 2356 4451 nulla
2392 4393 2658 4447 sacrilicia
2698 4393 3038 4451 desiderant.
3069 4397 3196 4453 Veri
3247 4399 3390 4454 enim
3440 4402 3487 4456 si

1873 4481 1963 4548 qui
1992 4482 2097 4537 sint
2124 4527 2137 4550 ,
2173 4484 2305 4539 tales
2351 4499 2472 4540 esse
2501 4485 2722 4553 debent,
2756 4489 2972 4558 qualem
3004 4491 3287 4547 christiani
3324 4492 3482 4550 adse-

1874 4585 1999 4628 runt
2026 4590 2148 4631 esse
2179 4593 2361 4632 rerum
2407 4584 2648 4634 omnium
2678 4579 2988 4651 dominum,
3024 4586 3479 4658 omnipotentem,

187 4661 236 4745 ct
264 4652 399 4709 fumo
425 4655 750 4720 decolorari,
780 4660 911 4726 situ,
940 4659 1208 4731 rubigine,
1236 4678 1299 4719 ac
1345 4667 1648 4734 putredine,
1679 4679 1769 4724 aut
1796 4674 1850 4734 D
1875 4674 2037 4735 atque
2088 4668 2383 4738 ingenitum
2437 4670 2627 4726 Deum.
2661 4671 2762 4740 Qui
2796 4690 2925 4731 vero
2968 4679 3103 4734 tales
3152 4652 3278 4736 sunt
3301 4724 3314 4745 ,
3350 4652 3483 4738 nihil

185 4741 512 4803 diuturnitate
542 4763 798 4804 corruere
819 4792 833 4815 ,
865 4759 1024 4821 atque
1052 4770 1078 4806 a
1123 4755 1385 4820 muribus,
1419 4757 1621 4824 blattis,
1650 4776 1770 4815 ara-

189 4836 300 4890 neis
324 4849 374 4893 et
402 4841 804 4909 hirundinibus,
843 4843 1075 4916 aliisque
1119 4849 1460 4906 animalculis
1489 4852 1678 4910 foederi
1706 4872 1770 4912 ac

187 4929 544 5000 coinquinari?
932 4995 936 5002 ν

255 5019 420 5089 Erras,
449 5026 763 5098 iuquichaut
801 5029 1024 5087 ethnici.
1056 5031 1171 5086 Non
1206 5033 1617 5092 simulacrorum
1653 5057 1766 5094 ma-

189 5115 382 5180 teriam,
415 5119 508 5173 sed
549 5120 681 5175 deos
710 5121 763 5175 in
792 5122 1122 5193 simulacris,
1173 5141 1295 5197 post
1321 5145 1531 5185 sacram
1579 5148 1766 5188 eorum

187 5204 561 5266 dedicationem
605 5213 945 5284 habitantes,
989 5220 1239 5276 colimus.
1289 5221 1358 5277 At
1399 5239 1496 5278 vos
1527 5225 1649 5294 ipsi,
1681 5243 1769 5281 re—

189 5305 322 5369 ponit
356 5307 624 5363 Arnobius
646 5353 660 5374 ,
694 5311 928 5380 gentiles
957 5323 1065 5369 tota
1092 5317 1288 5372 erratis
1329 5317 1431 5372 via.
1466 5319 1566 5376 Cui
1595 5322 1767 5376 enim-

189 5409 301 5452 vero
328 5402 580 5458 credibile
611 5405 704 5458 ﬁet
736 5405 868 5461 deos
892 5449 905 5470 ,
938 5410 1252 5465 ctelcstibus
1282 5409 1481 5466 relictis
1511 5414 1727 5469 sedibus
1752 5458 1766 5483 ,

191 5487 236 5542 in
265 5493 550 5553 simulacris
597 5497 879 5565 habitare,
913 5507 1072 5574 atque
1111 5503 1288 5574 aliqua
1322 5520 1507 5560 eorum
1555 5508 1769 5563 dedica-

192 5579 315 5641 tione
351 5589 411 5644 ad
453 5606 513 5646 ea
565 5591 923 5647 inhabitanda
964 5597 1255 5665 Compelli?
1286 5597 1488 5653 Deinde
1520 5600 1562 5653 si
1607 5601 1658 5654 in
1689 5603 1769 5657 eis

190 5689 375 5752 semper
412 5692 707 5752 maneant,
753 5684 886 5738 nihil
919 5685 1017 5742 hac
1047 5687 1380 5746 habitatione
1409 5691 1682 5746 miSerius.
1711 5694 1770 5748 Si

184 5770 329 5834 abeis
384 5779 686 5852 aliquando
752 5777 1044 5848 recedant,
1105 5781 1370 5838 incertum
1434 5783 1616 5855 utique
1669 5786 1771 5840 erit

179 5872 357 5945 quando
408 5874 716 5940 simulacra
773 5871 990 5931 adorari
1045 5876 1298 5933 debeant.
1353 5879 1464 5936 Sed
1515 5879 1765 5952 agedum.

1875 4762 2089 4831 penitus
2119 4777 2183 4817 ex
2217 4773 2433 4820 terrena
2479 4768 2701 4822 materia
2732 4770 3026 4840 accipiunt,
3059 4789 3166 4841 quo
3204 4784 3299 4830 aut
3327 4776 3480 4831 alan-

1873 4865 1980 4920 tur,
2010 4867 2101 4910 aut
2147 4857 2504 4914 delectentur.
2548 4859 2702 4915 Nulla
2758 4863 2919 4934 igitur
2948 4866 3334 4923 sacriﬁciorum
3377 4869 3482 4926 diis

1873 4947 2237 5004 faciendorum
2258 4965 2415 5005 cauSa
2441 4962 2619 5022 potest
2646 4955 2866 5011 adferri.
2897 4956 3012 5012 Non
3041 4959 3182 5014 enim
3207 4960 3292 5015 his
3313 4961 3482 5016 sacri-

1873 5042 2009 5096 ﬁciis
2037 5044 2378 5110 nutriuntur;
2442 5045 2878 5118 quandoquidem
2931 5052 3191 5122 quidquid
3249 5054 3480 5109 nutritur

1873 5136 2101 5190 mortale
2129 5145 2231 5191 est.
2266 5136 2404 5206 Quid
2444 5153 2604 5206 vero,
2638 5142 2783 5212 quod
2814 5157 2878 5196 ex
2915 5142 3027 5210 his,
3075 5161 3195 5216 qua:
3221 5147 3480 5205 altaribus

1872 5227 2250 5294 admoventur,
2275 5229 2407 5284 nihil
2439 5231 2509 5285 ad
2537 5231 2670 5287 deos
2698 5235 2978 5305 pervenit?

1950 5320 2068 5375 Non
2103 5322 2398 5393 voluptatis
2424 5324 2589 5379 etiam
2618 5342 2784 5382 causa
2813 5327 2919 5384 diis
2947 5328 3139 5385 hostiae
3177 5331 3476 5389 caeduntur.

1875 5413 2115 5469 Mortalis
2145 5416 2412 5488 siquidem
2443 5417 2618 5474 adhuc
2635 5430 2738 5488 est,
2770 5422 2860 5492 qui
2891 5422 3195 5492 hnjusmodi
3229 5426 3480 5484 adﬁcitur

1873 5508 2254 5566 delectatione.
2309 5511 2441 5579 Quae
2485 5528 2618 5568 vero
2669 5514 2721 5569 in
2766 5515 3109 5573 innoxiorum
3161 5521 3475 5578 animalium

1874 5602 2232 5669 mactatione,
2276 5619 2436 5672 aqua
2482 5606 2645 5659 etiam
2699 5606 2917 5659 homine
2960 5622 3106 5678 saepe
3155 5611 3471 5680 abhorrent,

1872 5703 2049 5764 potest
2071 5695 2170 5751 diis
2199 5712 2318 5751 esse
2342 5699 2632 5766 voluptatis
2661 5698 2955 5754 illecebra?

1948 5789 2231 5859 Popularis
2244 5791 2464 5863 quidem
2487 5806 2552 5846 ac
2575 5791 2813 5863 vulgaris
2835 5793 3022 5864 Opinio
3045 5806 3167 5851 erat
3193 5797 3479 5856 sacriﬁciis

1875 5882 2104 5940 deorum
2137 5885 2270 5941 iram
2302 5887 2525 5960 placari.
2559 5884 2665 5943 Sed
2697 5885 2794 5942 irae
2827 5895 3034 5954 motus,
3064 5889 3171 5946 diis
3200 5888 3477 5964 indignus,
