3918 6370
408 337 511 392 587

1614 332 2062 392 DISSERTATIO
2101 332 2375 390 l’R.EVl.-\

3598 341 3702 394 5528

408 454 458 506 in
515 451 868 507 immortalem
915 451 1153 506 animum
1203 451 1399 506 cadere
1445 469 1549 506 non
1598 461 1797 521 potest.
1833 453 1998 506 Detur
2027 453 2074 510 Α
2103 453 2265 506 altera
2314 454 2467 508 alteri
2519 455 2690 510 hosna
2738 445 3524 525 immolatur?Numquidnna
3578 458 3681 510 hui.

409 558 583 599 tamen
626 546 756 599 deos
789 545 1062 600 iracundia
1104 548 1358 616 percelli,
1406 546 1514 599 illis
1553 563 1683 599 sane
1721 563 1824 600 non
1878 557 2000 600 ante

405 650 727 708 occupatum
775 638 1046 691 iracundia
1089 640 1326 693 animum
1376 638 1718 691 innnolaudar
1749 644 1875 692 su’nt
1905 637 2000 689 ho-

405 731 539 784 stia:.
571 731 685 785 Non
733 732 878 786 enim
913 733 1020 788 illis
1053 734 1189 786 sicut
1218 731 1346 786 feris
1371 739 1426 786 et
1447 731 1636 785 belluis
1667 732 1785 785 οηὶιι
1818 741 1870 786 et
1892 732 1996 786 cibi

404 822 687 889 oll'ercndi,
719 839 787 877 ne
821 839 1006 877 earum
1043 824 1116 877 ira
1151 823 1410 892 furorque
1454 823 1777 877 concitetur.
1815 823 2000 892 Neque

405 917 564 969 etiam
608 929 890 986 postquam
928 926 1145 984 propter
1176 914 1650 979 hountnculorum,
1681 918 1724 969 si
1759 915 1872 970 ﬁeri
1905 931 1999 986 po-

405 1019 542 1084 test,
576 1011 926 1066 otl‘eusionem
961 1012 1036 1064 ira
1072 1010 1450 1064 incenduntur.
1479 1009 1612 1064 Nam
1641 1023 1996 1080 praeterquam

405 1103 545 1179 quod
577 1103 709 1156 nihil
740 1119 801 1156 ea
831 1101 897 1156 de
929 1120 986 1156 re
1025 1103 1098 1156 dii
1149 1118 1401 1170 umquam
1435 1111 1770 1166 statuerunt,
1803 1102 1998 1156 nemini

406 1193 718 1263 probabitur
748 1209 844 1250 eos
875 1205 1106 1249 maCtata
1133 1209 1186 1249 et
1213 1196 1392 1248 oblata
1430 1195 1608 1264 aliqua
1651 1194 1876 1264 pecude,
1907 1202 2000 1247 aut

404 1287 538 1339 iram
571 1301 793 1354 ponere,
834 1296 924 1339 aut
967 1285 1283 1355 injuri-arum
1335 1300 1554 1339 suarum
1588 1287 1828 1341 oblivisci
1865 1301 1878 1338 :
1909 1293 2000 1338 aut

404 1377 486 1431 his
513 1379 812 1444 sacriﬁciis,
845 1389 1113 1446 tamquam
1139 1387 1288 1446 pacta
1317 1377 1564 1433 mercede
1592 1379 1719 1432 dare
1750 1386 1997 1447 peccato-

404 1490 520 1527 rum
565 1475 617 1527 in
666 1489 724 1528 se
773 1475 1185 1528 commissorum
1240 1476 1472 1528 veniam.
1522 1474 1802 1529 Cresceret
1855 1473 1995 1527 enim

404 1566 691 1622 multitudo
743 1569 1078 1637 peccantium
1118 1568 1421 1634 hominum,
1453 1568 1496 1622 si
1527 1568 1602 1622 sic
1626 1567 1831 1621 venalis
1858 1576 2000 1621 esset

404 1660 628 1716 deorum
660 1661 1052 1731 ignoscentium
1083 1671 1276 1733 gratia.
1324 1661 1437 1714 Huc
1467 1661 1692 1727 accedit,
1727 1659 1870 1728 quod
1902 1659 1999 1713 iiii-

404 1770 566 1824 quam
597 1754 804 1809 videtur
833 1757 1096 1810 innocens
1144 1755 1340 1810 animal
1384 1769 1479 1824 pro
1511 1754 1727 1809 homine
1758 1754 1917 1809 noxio
1947 1763 2001 1807 et

406 1860 688 1918 peccatore
715 1849 908 1903 occidi.

475 1941 584 1996 Nec
613 1954 693 1996 eSt
715 1952 884 2004 certe,
917 1941 1058 2010 quod
1090 1940 1209 2011 quis
1239 1951 1428 2011 arguat
1451 1939 1655 1995 hostias
1678 1940 1780 1994 diis
1811 1941 2001 1994 immo-

406 2032 522 2096 lari;
543 2043 597 2086 ut
616 2049 702 2088 res
727 2035 963 2086 tribuant
983 2047 1291 2102 prosperas,
1313 2043 1366 2086 et
1386 2032 1640 2087 adversas
1664 2044 1998 2086 removeaut.

405 2126 538 2180 Nam
584 2136 943 2197 praeterquam
996 2126 1138 2196 quod
1213 2127 1510 2181 doctissimi
1564 2128 1701 2180 inter
1759 2125 2003 2181 ethnicos

407 2221 711 2290 philosophi
765 2220 873 2274 l'ato
933 2221 1110 2273 omnia
1173 2219 1288 2275 ﬁeri
1353 2221 1793 2285 arbitrabantur,
1850 2231 2000 2274 certe

404 2315 445 2365 si
507 2329 670 2382 penes
717 2312 849 2366 deos
897 2314 966 2366 sit
1017 2313 1249 2367 secunda
1307 2323 1360 2366 et
1408 2313 1634 2367 adversa
1696 2313 2003 2367 hominibus

407 2405 658 2469 tribuere,
695 2419 791 2457 cur
824 2414 929 2456 tam
961 2404 1170 2473 ingrato
1210 2403 1391 2457 animo
1423 2405 1604 2457 sinunt
1654 2404 1915 2472 plurimos
1941 2418 2002 2457 ac

407 2497 517 2551 fere
549 2497 875 2562 innumeros,
910 2495 999 2565 qui
1042 2495 1314 2565 perpetuis
1359 2495 1638 2549 sacriﬁciis
1682 2505 1734 2549 et
1773 2495 2002 2548 vietimis

405 2603 526 2642 aras
553 2588 770 2642 illorum
799 2596 1048 2652 onerant,
1083 2585 1148 2640 ad
1177 2597 1450 2641 extremas
1477 2587 1753 2656 angustias
1783 2585 1953 2654 redigi
1979 2584 2002 2635 ?

407 2678 609 2733 Deinde
655 2695 783 2732 vero
813 2678 958 2732 dictu
988 2675 1282 2731 absurdum
1314 2687 1396 2732 est
1434 2676 1566 2730 deos
1611 2676 2000 2732 sacriﬁciorum

406 2772 579 2840 pretio
608 2770 872 2825 beneﬁcia
906 2786 1000 2824 sua
1047 2769 1301 2823 vendere.
1339 2769 1494 2824 Dives
1534 2770 1676 2824 enim
1708 2769 1798 2839 qui
1830 2770 2000 2837 pluri-

406 2880 521 2917 mas
570 2873 829 2917 mactaret
857 2861 1081 2926 h0stias,
1118 2861 1268 2932 plura
1299 2861 1521 2916 deberet
1549 2879 1578 2914 a
1609 2861 1709 2914 diis
1743 2860 2003 2916 beneﬁcia

404 2956 690 3025 accipere,
736 2956 884 3011 nulla
938 2972 1067 3010 vero
1116 2965 1209 3008 aut
1250 2955 1574 3023 paucissima
1625 2969 1867 3025 pauper,
1916 2952 2005 3022 qui

403 3049 654 3117 exiguum
689 3047 812 3101 thus
841 3045 1080 3101 olferret.
1111 3046 1383 3100 Praeterea
1412 3045 1454 3098 si
1485 3044 1590 3098 duo
1625 3045 1828 3114 populi,
1860 3043 2006 3098 bello

404 3139 765 3205 decertantes,
804 3138 994 3194 eadem
1035 3138 1248 3206 penitus
1295 3137 1397 3191 diis
1440 3137 1680 3191 facerent
1719 3136 2002 3202 sacriﬁcia,

2103 558 2257 614 grata
2290 556 2402 608 est,
2433 548 2532 599 alia
2564 546 2718 599 alti-ri
2752 546 3208 614 injucundaﬂlur
3241 548 3360 600 huic
3393 567 3590 613 mares,
3624 549 3699 601 illi

2107 641 2316 692 femina!
2349 641 2738 703 saeriliCantur,
2770 657 2891 694 cum
2924 641 3067 694 nulla
3097 642 3168 695 sit
3195 643 3245 695 in
3286 641 3390 694 diis
3419 658 3584 695 sexus
3617 640 3702 695 δὶα

2104 731 2321 784 stiucliu
2343 728 2606 784 ?Cnrtliis
2629 733 2839 799 superis
2857 731 2984 794 albi,
3009 729 3193 785 inferis
3211 747 3338 784 vero
3369 734 3473 785 atri
3502 734 3702 788 coloris

2105 823 2316 875 vit-uina
2369 823 2630 875 carditnr?
2673 821 2940 890 Numquid
2985 839 3121 875 littllS
3167 823 3316 877 color
3360 824 3462 877 diis
3507 828 3700 892 magis,

2104 929 2260 982 quam
2287 917 2421 966 ":iittS
2449 925 2630 983 gratus
2668 931 2788 968 esse
2823 917 3062 985 postest?
3101 918 3237 984 Quid
3272 932 3419 981 vero,
3455 917 3594 985 quod
3625 919 3702 972 dii

2105 1006 2276 1064 inferi,
2338 1008 2786 1074 quemadmodum
2835 1011 3054 1074 Manes,
3098 1009 3228 1062 nulli
3281 1011 3437 1062 sunt?
3466 1009 3572 1065 Sed
3603 1027 3702 1066 eos

2103 1112 2221 1150 esse
2248 1099 2606 1152 Concedamus
2644 1115 2656 1150 :
2684 1101 2726 1153 si
2761 1100 2949 1154 hostia:
2981 1101 3147 1171 nigra:
3171 1102 3276 1154 illis
3307 1101 3572 1170 placeant,
3603 1120 3703 1157 cur

2103 1189 2413 1244 earumdem
2464 1191 2758 1245 hostiarum
2787 1192 3001 1258 dentes,
3049 1210 3194 1254 ossa,
3226 1209 3374 1257 caro,
3417 1210 3511 1249 cur
3553 1198 3698 1260 Ilius,

2104 1279 2204 1341 lac,
2231 1283 2432 1349 oleum,
2483 1293 2536 1338 et
2577 1285 2678 1337 alia
2707 1325 2720 1342 .
2749 1301 2867 1354 qua:
2898 1285 2997 1337 atri
3031 1300 3134 1339 non
3165 1294 3288 1339 sunt
3319 1287 3536 1347 coloris,
3573 1289 3704 1356 ipsis

2103 1375 2438 1430 oll'eruntur?
2469 1378 2574 1432 Nec
2605 1377 2717 1431 vult
2746 1379 3013 1432 Arnobius
3043 1379 3144 1432 sibi
3179 1381 3491 1450 responderi
3522 1382 3703 1450 aliqua

2105 1472 2496 1525 consuetudine
2536 1473 2765 1526 diversis
2807 1471 2909 1527 diis
2948 1472 3189 1527 diversas
3227 1474 3468 1529 victimas
3494 1474 3705 1530 sacriﬁ-

2106 1561 2236 1614 cari.
2271 1561 2386 1616 Non
2417 1563 2558 1618 enim
2580 1564 2868 1634 inquiritur
2887 1574 3064 1618 utrum
3097 1565 3362 1627 homines,
3395 1567 3489 1619 sed
3520 1577 3702 1620 utrum

2105 1654 2176 1707 dii
2201 1656 2531 1710 sancivcrint
2555 1657 2788 1726 aliquam
2818 1656 3051 1710 hostiam
3083 1657 3173 1710 uni
3197 1657 3299 1712 deo
3318 1658 3506 1727 magis,
3540 1673 3704 1727 quam

2106 1747 2261 1801 alteri
2320 1749 2631 1813 convenire,
2689 1760 2741 1802 ct
2788 1758 2966 1802 utrum
3020 1749 3236 1818 ipsimet
3287 1749 3363 1802 illi
3404 1749 3476 1802 dii
3546 1759 3706 1819 pacto

2032 1848 2079 1907 Β
2107 1856 2168 1895 ac
2211 1850 2478 1896 convento
2517 1840 2870 1898 sacriﬁcauda
2914 1842 3164 1896 animalia
3215 1842 3360 1897 inter
3407 1855 3469 1897 sc
3508 1839 3712 1898 divise-

2109 1944 2240 1988 rint.

2183 2027 2445 2080 Praeterea
2474 2042 2580 2096 quo
2601 2027 2722 2095 jure
2752 2027 2947 2081 dicitur
2976 2026 3176 2080 Telluri
3221 2028 3377 2080 matri
3416 2026 3708 2097 scropham

2107 2118 2377 2186 gravidam
2405 2161 2417 2183 ,
2451 2118 2696 2173 Minervae
2728 2119 2916 2188 virgini
2953 2119 3216 2188 virginem
3254 2119 3476 2173 vitulam
3507 2135 3709 2175 cenve—

2111 2211 2226 2263 nire
2273 2210 2459 2262 eadem
2518 2214 2725 2263 ratione
2778 2208 3094 2263 conﬁcietur
3148 2209 3386 2264 musicos
3443 2210 3709 2280 Apollini,

2107 2299 2414 2369 Alculapio
2437 2300 2694 2360 medicos.
2727 2300 2909 2353 fabros
2935 2299 3197 2364 Vulcano,
3218 2309 3275 2356 et
3297 2299 3567 2355 Mercurio
3590 2301 3712 2356 elo-

2107 2400 2334 2462 quentes-
2365 2393 2508 2446 viros
2535 2407 2856 2462 congruere,
2892 2403 3052 2462 atque
3099 2393 3221 2447 ideo
3269 2393 3364 2447 hos
3398 2394 3536 2457 illis,
3571 2396 3714 2449 sicut

2109 2485 2392 2556 scropham
2425 2485 2649 2553 Telluri,
2682 2497 2733 2540 ct
2773 2487 3026 2540 Minerva:
3054 2487 3295 2554 vitulam,
3331 2488 3710 2543 immolandos.

2180 2578 2520 2649 Objiciebant
2557 2593 2685 2632 vero
2711 2577 2908 2632 etlmici
2951 2579 3052 2632 iiiis
3082 2579 3256 2641 boois,
3291 2589 3346 2631 ut
3382 2581 3627 2647 prosint.
3661 2589 3717 2634 et

2108 2673 2263 2726 malis
2293 2688 2357 2724 ne
2377 2682 2626 2735 noceant,
2652 2671 3084 2724 sacriﬁcandum.
3109 2670 3420 2740 Respondet
3437 2671 3713 2726 Arnobius

2107 2766 2241 2820 deos
2277 2783 2462 2820 omnes
2495 2777 2680 2819 natura
2731 2781 2823 2818 sua
2856 2766 3026 2818 honos
3061 2780 3181 2819 esse
3211 2765 3430 2819 debere.
3460 2765 3714 2834 Quapro-

2110 2870 2226 2929 pter
2251 2875 2371 2914 cum
2423 2859 2600 2912 nullus
2639 2859 2772 2912 deus
2817 2869 3004 2911 natura
3037 2873 3129 2911 sua
3162 2859 3224 2911 sit
3263 2858 3456 2923 malus,
3496 2859 3713 2912 etiarnsi

2111 2950 2256 3003 nullo
2287 2950 2490 3003 honore
2531 2950 2597 3001 ab
2642 2949 2950 3003 hominibus
2999 2948 3306 3015 adﬁciatur,
3351 2949 3492 3003 male
3533 2960 3716 3004 tamen

2110 3045 2218 3098 illis
2249 3045 2450 3098 idcirco
2484 3045 2660 3097 facere
2691 3051 2782 3096 aut
2816 3058 3014 3096 nocere
3055 3042 3316 3111 nequibit.
3364 3041 3477 3095 Huc
3531 3053 3717 3097 autem

2111 3137 2337 3201 accedit,
2366 3136 2505 3207 quod
2540 3136 2582 3190 si
2617 3150 2739 3190 vera
2770 3136 2836 3188 sit
2878 3136 2991 3189 ha-c
3022 3135 3361 3190 ethnicorum
3394 3135 3600 3204 opinio,
3642 3151 3712 3190 ex

405 3234 579 3288 neutri
606 3249 823 3299 eorum,
854 3247 954 3287 nec
1004 3231 1163 3286 etiam
1200 3230 1362 3286 alicui
1391 3231 1507 3285 sine
1538 3230 1796 3301 injustitia
1845 3246 2000 3301 Opem
2033 3240 2078 3301 ρ
2111 3247 2171 3285 ea
2221 3232 2466 3300 sequitur
2502 3231 2700 3284 bonum
2749 3229 2929 3288 deum.
2966 3231 3009 3283 si
3055 3229 3232 3284 debila
3280 3228 3355 3282 illi
3389 3229 3566 3283 hostia
3605 3244 3715 3284 non

407 3326 548 3382 ferre
575 3337 817 3398 possent.

479 3421 660 3491 Neque
692 3420 885 3490 potiori
929 3420 1137 3474 ratione
1167 3417 1435 3473 adseritur
1461 3416 1722 3470 sacrilicia
1765 3415 1870 3469 diis
1900 3416 1997 3467 lio-

407 3513 586 3578 noris,
637 3523 796 3581 atque
845 3511 1236 3582 ampliﬁcanda:
1279 3511 1494 3564 illorum
1534 3508 1786 3578 potentia:
1829 3509 1998 3577 gratia

407 3611 542 3664 ﬁeri.
575 3608 768 3676 Quidni
798 3608 940 3675 enim
984 3607 1122 3661 idem
1164 3606 1228 3659 de
1275 3606 1486 3659 ett-teris
1531 3602 1803 3656 hominum
1835 3602 1998 3656 aetio-

405 3705 560 3758 nibus
589 3703 832 3756 dicatur?
862 3700 996 3768 Quid
1029 3700 1266 3768 insuper,
1299 3697 1441 3768 quod
1475 3697 1692 3749 honoris
1717 3706 1771 3749 et
1796 3706 1984 3763 poten-

410 3799 494 3849 tiac
527 3793 874 3862 ampliﬁcatio
918 3793 1182 3853 homines,
1222 3801 1278 3845 ut
1311 3801 1431 3860 pote
1459 3789 1697 3844 inﬁrmos
1739 3799 1793 3844 et
1827 3790 1998 3844 ambi-

409 3890 597 3955 tiosos,
631 3903 735 3941 non
766 3902 894 3939 vero
925 3883 1056 3938 deos
1089 3884 1342 3953 spectat?

479 3981 698 4034 Fatetur
727 3989 906 4032 tamen
935 3976 1204 4030 Arnobius
1237 3975 1500 4030 honorem
1537 3975 1842 4030 habendum
1876 3992 2001 4030 vero

410 4076 518 4130 Deo
539 4115 552 4138 ,
585 4073 676 4143 qui
705 4073 841 4126 sicut
873 4072 946 4124 ira
979 4084 1081 4124 non
1131 4067 1396 4133 ardescit,
1434 4069 1502 4120 ita
1535 4083 1633 4122 nec
1675 4068 1870 4122 collato
1902 4067 2001 4121 ho-

409 4184 540 4221 nore
586 4164 806 4236 gaudet,
840 4179 938 4217 nec
985 4172 1178 4231 negato
1221 4160 1550 4230 indignatur,
1610 4176 1780 4229 neque
1817 4161 2004 4214 alienis

407 4258 800 4312 adulationibus
830 4271 887 4310 se
914 4255 1172 4322 majorem
1206 4253 1320 4308 ﬁeri
1358 4254 1648 4307 existimat.
1694 4251 1844 4306 Adde
1876 4266 2006 4306 vero

409 4352 542 4408 nihil
579 4351 804 4405 honoris
843 4349 944 4402 diis
975 4347 1236 4402 accedere
1280 4363 1344 4402 ex
1378 4345 1625 4400 mactatis
1664 4344 2003 4410 animalibus,

410 4461 635 4517 quorum
658 4443 804 4497 fumo
826 4441 1134 4506 simulacra,
1159 4456 1220 4495 ac
1249 4440 1509 4510 sanguine
1528 4448 1581 4492 et
1599 4449 1788 4508 putore
1812 4437 2005 4507 templa

408 4551 568 4609 atque
593 4538 777 4592 altaria
808 4535 1240 4605 coinquinantur.

2107 3336 2389 3390 mactetur,
2439 3327 2552 3379 ﬁeri
2584 3330 2805 3388 malum,
2839 3325 2996 3380 deum
3043 3340 3172 3380 vero
3203 3327 3424 3388 malum,
3461 3324 3602 3379 facto
3633 3340 3719 3380 sa-

2104 3420 2304 3474 criﬁcio
2352 3420 2547 3472 bonum
2582 3420 2717 3473 ﬁeri.
2752 3418 2883 3484 Quis
2923 3429 3102 3472 autem
3134 3432 3277 3472 sanae
3311 3419 3508 3472 mentis
3541 3416 3712 3472 homo

2105 3513 2297 3567 dixerit
2323 3524 2568 3565 naturam
2604 3510 2694 3564 Dei
2725 3510 2961 3564 mutari?

2175 3603 2439 3659 C:eterum
2464 3604 2709 3674 quamvis
2746 3605 2822 3657 fas
2859 3603 2969 3656 ﬁeri
3001 3612 3181 3672 posset
3225 3613 3279 3656 ut
3320 3602 3459 3656 tauri
3499 3601 3719 3672 aliaque

2103 3699 2354 3751 animalia
2388 3697 2488 3751 diis
2514 3697 2942 3763 immolarentur,
2964 3697 3086 3766 quid
3117 3697 3196 3751 eis
3221 3697 3527 3751 conducere
3553 3695 3703 3750 vale-

2106 3791 2233 3845 bant
2264 3791 2545 3843 innumera
2579 3788 2938 3853 farcimintnn,
2976 3788 3220 3858 pultinm,
3253 3789 3508 3855 liberum,
3541 3799 3594 3843 et
3626 3789 3719 3843 fri-

2107 3884 2342 3937 tillarum
2378 3898 2598 3953 genera,
2633 3882 2699 3935 ab
2745 3892 2962 3936 auctore
3011 3891 3193 3936 nostro
3225 3892 3562 3945 enumerata,
3593 3899 3720 3953 quae

2107 3977 2159 4030 in
2197 3977 2534 4046 ethnicorum
2588 3976 2860 4046 mysteriis
2906 3991 2968 4031 ac
3012 3975 3294 4030 sacriﬁciis
3336 3975 3716 4030 adhibentur?

2108 4067 2371 4138 Numquid
2401 4083 2460 4121 ea
2493 4069 2692 4135 omnia,
2723 4084 2841 4136 quic
2871 4068 3116 4122 obscuris
3146 4066 3452 4121 nominibus
3472 4109 3487 4135 ,
3519 4079 3573 4121 ut
3607 4084 3708 4121 au-

2107 4167 2344 4232 gustiora
2379 4161 2574 4224 forent,
2607 4163 2966 4232 appellantur,
3000 4161 3223 4216 deorum
3253 4163 3430 4232 palato
3457 4174 3632 4232 grata,
3663 4174 3721 4219 et

2110 4260 2382 4330 languenti
2417 4260 2696 4313 stomacho
2737 4260 2885 4313 utilia
2928 4261 3088 4314 sunt?
3115 4259 3224 4313 Cur
3253 4259 3337 4312 illa
3372 4259 3459 4313 vel
3486 4277 3717 4332 separa-

2111 4355 2223 4419 tim,
2258 4353 2338 4408 vel
2368 4352 2525 4406 modo
2549 4352 2734 4419 cruda,
2771 4353 2931 4408 tnodo
2955 4364 3128 4419 cocta,
3165 4353 3246 4408 vel
3280 4370 3401 4408 assa
3431 4370 3720 4425 apponun-

2114 4458 2218 4499 llll‘.

2184 4539 2382 4594 Thuris
2412 4556 2622 4611 quoque
2647 4557 2834 4596 eorum
2867 4542 2974 4595 aris
2998 4540 3248 4595 adolendi
3271 4555 3373 4595 non
3407 4541 3600 4596 melior
3631 4551 3719 4598 est

481 4633 632 4702 Quod
663 4634 706 4686 si
740 4630 916 4683 adhuc
949 4628 1300 4683 nihilominus
1323 4626 1640 4693 contendas,
1676 4625 1777 4679 hoc
1805 4626 2006 4679 anima-
2036 4641 2088 4702 Ι)
2116 4634 2269 4688 ratio.
2306 4633 2516 4687 Recens
2563 4635 2760 4704 quippe
2809 4646 2890 4688 ρει
2923 4637 3054 4688 riuis
3090 4635 3200 4698 ille,
3232 4645 3284 4690 οι
3313 4635 3549 4704 antiquis
3582 4648 3720 4690 ιριη-

413 4730 539 4781 lium
570 4742 761 4780 cruore
792 4724 925 4778 deos
965 4721 1245 4784 honorari,
1280 4737 1374 4774 cur
1412 4721 1487 4772 eis
1523 4735 1626 4772 non
1662 4720 2009 4774 immolantur

412 4819 705 4890 elephanti,
752 4816 967 4876 cameli,
1001 4815 1218 4877 leones,
1252 4813 1479 4882 aquilae,
1534 4814 1775 4874 ciconiae.
1809 4825 1859 4868 ct
1905 4814 2007 4866 alia

412 4912 665 4966 animalia
696 4910 853 4980 longe
884 4908 1155 4979 plurima?
1199 4905 1308 4961 Nec
1339 4906 1666 4974 respondere
1690 4908 1841 4975 juvat
1877 4907 2008 4961 deos

413 5006 476 5059 iis
506 5014 734 5068 tantum,
771 5017 889 5072 qua!
933 5001 998 5055 ad
1049 5001 1244 5054 victum
1289 4999 1444 5052 nobis
1492 4999 1716 5068 benigne
1747 5003 2005 5070 suppedi-

415 5105 548 5161 tant,
593 5095 883 5149 honestari.
915 5093 1046 5148 Nam
1075 5103 1129 5148 ct
1157 5094 1449 5150 cuminum.
1484 5093 1820 5157 nasturtium,
1858 5110 2006 5163 rapa,

415 5206 466 5244 ct
495 5192 596 5244 alia
628 5191 828 5250 omnia,
869 5204 988 5258 qua:
1021 5199 1208 5242 nostro
1238 5195 1364 5240 sunt
1390 5187 1503 5239 usui
1534 5227 1547 5249 ,
1580 5185 1766 5240 iisdem
1811 5187 1912 5240 diis
1945 5187 2008 5240 li-

418 5288 513 5340 tari
543 5285 836 5340 debebunt.
896 5283 1097 5338 Deinde
1143 5283 1187 5337 si
1233 5283 1502 5352 ﬁngantur
1554 5297 1746 5349 canes,
1789 5293 1880 5336 aut
1908 5283 2008 5336 alia

418 5381 666 5435 animalia
690 5420 704 5445 ,
737 5392 890 5431 usum
934 5377 1206 5446 accepisse
1237 5375 1456 5429 rationis
1478 5416 1491 5438 ,
1521 5385 1679 5443 atque
1705 5374 2011 5428 hominibus

420 5483 667 5540 tauquam
700 5470 802 5524 diis
847 5470 957 5524 suis
988 5485 1072 5536 ea,
1123 5470 1318 5538 quibus
1347 5469 1580 5531 aluntur,
1617 5466 1811 5524 oﬁ‘erre
1846 5478 1899 5524 et
1928 5483 2010 5523 sa-

418 5569 695 5631 criﬁCare,
728 5581 906 5619 nonne
935 5564 1180 5618 homines
1212 5564 1262 5617 in
1292 5563 1375 5617 sui
1407 5562 1786 5617 contumeliam
1815 5563 2011 5634 potius,

419 5676 579 5730 quam
612 5658 876 5714 honorem
909 5657 959 5711 id
990 5655 1191 5712 factum
1222 5655 1548 5711 censerent?

493 5753 661 5827 Urget
689 5757 908 5826 insuper
948 5752 1240 5819 Arnobius,
1287 5751 1509 5809 deorum
1559 5753 1698 5809 sicut
1728 5770 1888 5810 uuutn
1915 5770 2010 5826 ge-

424 5866 545 5918 nus,
579 5853 648 5906 ita
677 5861 780 5906 una
811 5865 932 5905 esse
963 5847 1124 5904 debet
1149 5848 1453 5914 sententia;
1484 5863 1581 5903 cur
1606 5863 1737 5918 ergo
1765 5850 1855 5903 uni
1887 5864 2013 5916 una,

2115 4727 2331 4796 poribus
2366 4727 2690 4796 incognitus.
2721 4727 3084 4795 Quamobrem
3120 4738 3206 4780 aut
3243 4728 3450 4781 inutilis
3503 4729 3719 4783 censeri

2114 4820 2291 4883 debet,
2341 4833 2430 4874 aut
2462 4837 2753 4890 peccavere
2804 4823 2962 4891 prisci
3012 4822 3281 4888 homines,
3312 4822 3504 4892 quibus
3561 4841 3721 4876 num-

2113 4931 2269 4983 quam
2292 4931 2387 4967 ttstt
2415 4917 2626 4968 venisse
2649 4922 2877 4970 constat.
2905 4917 3041 4981 Quid
3069 4932 3214 4984 vero,
3240 4915 3381 4982 quod
3409 4914 3564 4971 thure
3588 4916 3721 4970 dato

2114 5008 2215 5060 diis
2264 5008 2487 5060 honoris
2537 5007 2738 5077 aliquid
2789 5009 2946 5062 tribui
2996 5018 3195 5062 trustra
3219 5008 3535 5078 jartitatur?
3573 5007 3723 5063 Nihil

2115 5101 2310 5168 quippe
2339 5099 2460 5152 thus
2490 5108 2592 5165 est,
2641 5099 2740 5152 nisi
2772 5100 2948 5152 viscus
2977 5115 3041 5153 ex
3074 5100 3391 5169 quihusdam
3425 5099 3722 5154 corticibus

2118 5191 2407 5261 proﬂuens.
2437 5191 2544 5243 Cur
2587 5206 2714 5259 ergo
2762 5207 2824 5244 ex
2881 5191 3001 5243 aliis
3056 5191 3341 5243 arboribus
3373 5189 3712 5255 coalescens,

2117 5286 2246 5353 ipsis
2275 5283 2522 5336 similiter
2550 5299 2654 5336 non
2685 5283 3111 5336 iuccnditur‘.’.~\n
3135 5283 3256 5352 quia
3291 5300 3395 5336 non
3432 5283 3502 5336 ita
3533 5283 3721 5335 suavis

2115 5390 2195 5434 est
2219 5378 2438 5432 odoris?
2468 5377 2604 5445 Quid
2641 5376 2798 5431 inde?
2821 5375 3084 5446 Numquid
3114 5375 3238 5443 diis,
3259 5374 3721 5446 quemadmodum

2121 5475 2449 5536 hominibus;
2492 5473 2582 5526 alii
2629 5472 2824 5526 odores
2861 5471 2994 5542 grati
3025 5483 3168 5534 sunt,
3221 5471 3308 5524 alii
3362 5470 3612 5525 insuaves
3665 5481 3722 5524 et

2119 5564 2434 5636 iujucuadi?
2476 5564 2692 5618 Minime
2721 5564 2958 5634 quidem.
2993 5563 3124 5618 Nam
3154 5562 3440 5618 latentibus
3471 5563 3723 5631 philoso-

2121 5661 2238 5732 phis
2265 5661 2334 5715 dii
2367 5661 2668 5728 incorporei
2693 5670 2836 5723 sunt,
2863 5660 3144 5730 nullasque
3173 5674 3332 5712 nares
3360 5657 3582 5727 habent,
3616 5676 3720 5715 nec

2121 5763 2347 5827 possunt
2368 5753 2479 5808 ullo
2506 5751 2678 5811 thuris
2708 5761 2799 5807 aut
2824 5752 2930 5807 alio
2960 5752 3127 5808 odore
3157 5751 3400 5806 mulceri.

2196 5847 2413 5903 Frustra
2460 5847 2644 5915 etiam,
2690 5859 2752 5900 ac
2800 5844 2938 5900 nulla
2994 5844 3198 5915 pariter
3246 5843 3454 5902 ratione
3500 5843 3722 5904 adducti
