3918 6346
230 327 319 382 389
1455 326 1518 380 ΙΝ
1559 323 1937 391 ARNOBIUM,
1981 321 2133 380 CAP.
2175 324 2239 380 il.

3405 330 3510 386 3‘30

229 447 435 516 gentiles
462 457 672 500 merum
695 443 753 497 in
775 441 943 498 sacris
961 441 1089 507 suis,
1109 441 1286 496 thuris
1301 441 1504 495 socium
1535 439 1796 494 libabant.
1831 440 1883 499 Α
1908 437 2036 492 illud
2067 437 2259 493 altiore
2287 439 2351 492 ad
2382 439 2645 494 orientem
2675 439 2846 494 solem
2874 438 2993 496 loco
3022 440 3344 498 collocatum
3375 442 3510 498 fuis-

235 540 330 591 biis
358 537 628 591 enimvero
658 550 762 590 nec
793 534 917 596 siti,
953 536 1089 590 sicut
1120 550 1220 589 nec
1247 532 1387 587 fame
1414 532 1805 596 laborantibus,

235 645 390 700 neque
433 631 540 684 ullo
572 630 940 698 indigentibus
984 629 1121 692 ribo,
1154 630 1363 698 inutilis
1391 630 1546 697 plane
1577 639 1658 682 est
1698 627 1809 682 viui

234 739 364 776 usus.
404 722 693 793 Pcrperam
724 737 940 793 quoque
968 722 1165 776 ethnici
1195 721 1324 775 illud
1355 731 1446 776 aut
1476 722 1526 775 in
1558 721 1803 788 deorum,

234 818 491 881 honorem,
525 827 619 871 aut
651 828 706 871 ut
735 817 950 887 propitii
973 816 1178 880 ﬁerent,
1215 814 1368 869 fundi
1397 815 1760 884 opinabantur
1790 833 1802 869 :

233 909 647 979 quandoquidem
697 911 951 963 virtutum
999 909 1238 964 omnium
1285 923 1481 963 nervos
1520 907 1800 974 debilitat,

233 1002 462 1066 cistitati,
489 1002 702 1068 pudori,
724 1017 786 1056 ac
806 1001 1142 1056 verecundiae
1164 1002 1503 1067 adversatur,
1536 1017 1598 1054 ac
1623 1003 1668 1054 si
1690 1001 1804 1054 avi-

231 1092 335 1146 dius
373 1101 637 1158 sumatur,
672 1102 907 1147 mentem
958 1093 1010 1147 in
1057 1092 1296 1147 furorem
1331 1102 1491 1162 atque
1541 1092 1805 1147 insaniam

234 1183 527 1252 prmripitat.
559 1183 697 1251 Quid
730 1185 892 1239 etiam
937 1186 1106 1255 magis
1139 1185 1424 1250 insulsdm,
1457 1201 1616 1255 quam
1643 1186 1805 1240 certis

230 1276 390 1330 verbis
434 1276 542 1330 vini
585 1277 784 1347 aliquid
825 1277 1003 1344 libari,
1044 1293 1110 1331 ne
1148 1275 1593 1345 quodlibetaliud
1623 1277 1804 1331 vinum

231 1384 419 1422 sacrum
451 1369 562 1437 liat,
593 1380 647 1423 et
674 1370 920 1424 humanis
959 1369 1142 1425 usibus
1169 1370 1468 1439 eripiatur?
1496 1369 1687 1424 Nonne
1718 1371 1806 1426 lex

229 1475 283 1515 ac
297 1458 520 1516 conditio
544 1462 648 1516 diis
666 1463 743 1517 sic
763 1463 1078 1532 imponitur,
1103 1478 1169 1518 ue
1185 1462 1308 1532 plus
1321 1477 1480 1532 quam
1498 1463 1805 1518 hominibus

229 1553 402 1622 placet,
433 1555 560 1619 vini,
587 1565 748 1625 atque
775 1557 910 1610 adeo
943 1556 1165 1610 honoris
1192 1555 1500 1625 accipiant?

287 1647 386 1702 Nec
418 1648 560 1704 dictu
588 1651 769 1705 minus
798 1650 1084 1705 nefandum
1117 1665 1237 1707 esse
1264 1651 1503 1706 ostendit
1533 1651 1806 1706 Arnobius

226 1740 341 1796 deos
387 1742 566 1810 sertis,
601 1743 841 1808 coronis,
887 1743 1130 1808 iloribns,
1179 1743 1465 1815 cymbalis,
1512 1743 1802 1815 tympanis,

1913 542 2025 594 set,
2071 543 2179 584 tum
2227 535 2463 602 patuisse
2502 547 2590 588 res
2620 533 2866 600 abditas,
2897 545 3276 607 sumptumque
3305 537 3370 591 de
3404 537 3510 593 reis

1915 639 2012 692 pro
2041 626 2237 679 merito
2268 625 2610 694 supplicium.

1984 713 2197 778 Tertio,
2243 717 2592 786 iniquissimis
2645 717 2954 788 reipublicae
3006 719 3342 790 temporibus
3391 721 3510 776 dira

1912 806 2028 862 lues
2053 809 2425 876 grassabatur,
2457 827 2520 866 ae
2562 811 2789 866 Romani
2832 812 2900 865 ab
2944 813 3185 869 hostibus
3224 815 3336 868 suis
3377 829 3512 884 pene

1913 899 2038 952 victi
2060 909 2234 954 erant.
2267 901 2392 955 Post
2416 902 2669 958 advectos
2693 913 2872 959 autem
2897 920 2962 958 ex
2985 906 3360 960 transmarinis
3382 921 3510 977 gen-

1914 992 2054 1046 tibus
2080 993 2245 1059 deos,
2278 995 2487 1050 scilicet
2517 996 2814 1067 ASsenla-pii
2847 1015 2909 1052 ex
2945 999 3214 1066 Epidauro
3244 1000 3296 1053 in
3329 996 3512 1055 tiberi-

1912 1099 2034 1137 nam
2064 1084 2324 1153 insulam,
2348 1097 2402 1140 et
2431 1086 2615 1142 Matris
2646 1088 2804 1143 deum
2836 1099 2900 1143 ex
2935 1089 3167 1160 Phrygio
3196 1091 3513 1147 Pessinunte

1912 1177 1964 1230 in
1993 1176 2180 1231 urbem
2208 1177 2492 1234 simulacra
2518 1223 2531 1247 ,
2578 1196 2640 1235 ac
2685 1193 2965 1252 postquam
2998 1183 3281 1253 magnifica
3312 1186 3513 1256 templa

1909 1269 1974 1323 iis
2013 1279 2322 1326 constructa
2354 1282 2511 1336 sunt,
2549 1283 2660 1328 tmn
2690 1277 2950 1330 continuo
2982 1275 3149 1346 pestis
3179 1277 3362 1331 sedata
3392 1287 3510 1344 est;

1912 1363 2083 1418 hostis
2108 1364 2175 1418 ab
2202 1363 2349 1418 Italia
2382 1366 2596 1436 pulsus,
2628 1369 2792 1422 decus
2826 1369 2972 1423 urbis
3009 1370 3313 1424 restitutum
3337 1412 3350 1433 ,
3379 1371 3514 1427 ﬁnes

1911 1455 2123 1524 imperii
2154 1455 2311 1526 longe
2339 1458 2554 1529 lateque
2587 1462 2864 1530 propagati
2886 1503 2900 1526 ,
2931 1477 2991 1515 ac
3019 1462 3198 1516 multis
3225 1461 3370 1517 domi
3427 1464 3512 1518 lo-

1912 1549 2093 1616 risque
2135 1549 2392 1616 praeclare
2436 1553 2602 1620 gestis
2623 1593 2638 1616 ,
2670 1568 2869 1606 nomen
2911 1568 2973 1608 ac
2995 1553 3251 1624 maiestas
3275 1569 3513 1612 romanae

1910 1642 2117 1711 gentis.
2152 1644 2474 1699 inconcussa
2507 1646 2763 1702 ﬁrmitate
2790 1647 3025 1702 stabilita
3059 1648 3294 1705 fuerunt.

1985 1740 2054 1792 At
2095 1737 2178 1792 his
2218 1741 2468 1795 omnibus
2511 1744 2804 1814 respondet
2834 1745 3138 1812 Arnobius,
3173 1749 3263 1803 illa
3295 1749 3514 1820 quidem

225 1837 537 1906 symphoniis
581 1847 635 1892 et
675 1839 922 1892 cantibus
951 1838 1234 1903 oblectari,
1281 1848 1373 1893 aut
1405 1839 1680 1894 honorari.
1715 1838 1801 1893 Si-

1915 1829 2129 1897 scriptis
2156 1827 2324 1885 fuisse
2355 1832 2583 1898 tradita,
2612 1835 2707 1888 sed
2737 1835 3125 1892 miraculorum
3154 1853 3263 1908 prae
3285 1846 3345 1895 se
3371 1840 3515 1896 ferre

225 1929 320 1982 ιιιὶιὶ
340 1930 495 1983 etiam
526 1929 688 1984 modo
728 1930 1064 1986 demonstrat
1090 1930 1333 1985 ethnicos
1358 1930 1613 1985 irrisione
1643 1941 1802 2001 atque

222 2024 670 2080 commiseratione
715 2024 871 2093 plane
897 2025 1088 2094 dignos
1127 2041 1268 2090 esse,
1303 2025 1496 2095 quibus
1527 2040 1645 2080 mos
1684 2037 1802 2080 erat

221 2114 474 2170 celebrare
503 2115 692 2172 Matris
720 2117 876 2171 deum
917 2116 1261 2184 lavationem,
1293 2118 1444 2187 quasi
1487 2120 1795 2185 sordescat;

220 2206 348 2262 Iovis
376 2210 594 2278 epulum
620 2253 634 2276 ,
681 2212 832 2281 quasi
880 2211 1013 2266 cibis
1043 2222 1229 2281 egeat;
1272 2210 1564 2280 Esculapii
1615 2213 1802 2268 vinde-

219 2303 394 2363 miam,
439 2303 596 2371 quasi
642 2303 784 2357 colat
829 2304 1044 2369 vineas;
1093 2304 1481 2360 lectisternium
1530 2304 1756 2360 Veneris
1783 2349 1797 2373 ,

219 2395 350 2462 quasi
378 2393 514 2447 lecto
541 2408 682 2464 opus
715 2393 942 2460 habeat;
979 2394 1219 2449 Telluris
1243 2396 1500 2462 natalem,
1529 2399 1684 2467 quasi
1706 2398 1802 2451 ali-

217 2487 408 2555 quando
432 2489 482 2541 in
513 2489 679 2542 vitam
710 2489 942 2558 primum
971 2491 1199 2544 venerit.

280 2578 394 2632 Post
420 2579 535 2634 hace
566 2581 659 2636 ille
685 2581 1000 2636 eorumdem
1028 2582 1309 2650 gentilium
1341 2597 1492 2638 sacra
1513 2624 1528 2649 ,
1553 2599 1616 2638 ac
1645 2584 1801 2640 ludos

219 2669 410 2727 llorales
433 2684 487 2728 et
511 2675 856 2745 megaienses
880 2676 931 2729 in
959 2675 1183 2731 deorum
1209 2676 1472 2732 honorem
1499 2679 1796 2748 institutos,

219 2773 264 2818 et
288 2767 468 2834 quibus
496 2783 595 2824 eos
629 2769 828 2837 placari
859 2771 1206 2839 garriebant,
1241 2775 1509 2831 acerrime
1539 2777 1798 2846 exagitat.

217 2856 343 2913 Nihil
367 2862 525 2915 etiam
557 2878 587 2915 a
611 2872 760 2917 recta
785 2879 813 2917 a
838 2864 1047 2919 ratione
1070 2866 1240 2936 magis
1261 2866 1499 2922 alienum
1524 2885 1647 2925 esse
1672 2886 1802 2928 con-

221 2951 396 3018 vincit,
430 2970 594 3023 quatn
636 2956 952 3012 existimare
994 2959 1241 3027 turpibus
1278 2968 1334 3013 et
1371 2961 1646 3024 ridiculis,
1677 2976 1800 3033 quae

221 3054 315 3100 tum
352 3048 674 3116 agebantur,
699 3051 982 3105 comtediis
1023 3061 1077 3104 et
1117 3053 1429 3124 tragoediis,
1472 3070 1536 3109 ac
1575 3056 1799 3112 nefariis

221 3137 718 3212 obscenissimisque
747 3143 1036 3198 mimorum
1065 3145 1305 3215 gestibus
1337 3145 1471 3202 deos
1500 3147 1798 3218 delectari,

220 3233 456 3303 mitigari,
491 3251 558 3290 ac
586 3239 948 3292 reconciliari.

279 3326 490 3382 Planum
516 3345 652 3384 vero
675 3330 804 3385 facit
827 3340 904 3385 tot
929 3340 1183 3400 tantaque
1209 3335 1525 3404 opinionum
1548 3349 1802 3409 portenta

219 3418 328 3474 inde
353 3431 468 3476 orta
497 3437 648 3488 esse,
677 3423 805 3492 quia
829 3423 1029 3479 ethnici
1059 3427 1276 3495 penitus
1303 3430 1651 3501 nesciebant,
1685 3446 1804 3503 quae

221 3511 276 3564 sit
297 3513 399 3566 veri
430 3514 525 3568 Dei
553 3525 766 3577 natura,
794 3530 857 3570 ac
880 3531 1194 3584 persuasum
1221 3519 1351 3574 falso
1376 3521 1647 3578 habebant
1672 3525 1805 3582 deos

218 3618 326 3658 suos
363 3606 612 3674 ejusdem
655 3623 838 3662 secum
872 3625 993 3664 esse
1021 3611 1373 3680 substantiae,
1404 3614 1596 3671 iisdem
1629 3635 1802 3674 mem-

218 3696 342 3766 bris,
371 3702 675 3771 eodemque
721 3716 950 3772 curpore
989 3708 1274 3774 COXllpOlli,
1319 3717 1480 3780 atque
1519 3713 1656 3768 adeo
1697 3730 1804 3770 non

216 3804 354 3845 secus
379 3808 439 3845 ac
471 3792 727 3848 homines
757 3796 939 3862 nasci,
973 3798 1238 3866 gaudere,
1275 3801 1485 3870 dolere,
1519 3805 1767 3862 mundari
1790 3850 1803 3874 ,

217 3881 494 3938 vindemias
526 3900 708 3954 agere,
741 3895 902 3955 amne
936 3888 1126 3944 iisdem
1158 3893 1362 3946 morbis
1395 3894 1579 3967 affligi.
1609 3893 1682 3953 ibi
1712 3917 1804 3955 au-

219 3984 308 4027 tem
334 3988 519 4031 auctor
551 3992 735 4033 uoster
762 3979 1104 4035 ethnicitrum
1135 3983 1666 4060 Christianuruntque
1689 3993 1804 4062 Opi-

219 4071 360 4125 nione
386 4085 572 4126 secum
602 4085 913 4142 comparat,
944 4091 1006 4129 ac
1035 4077 1136 4131 sibi
1169 4078 1399 4134 invicem
1433 4086 1692 4152 opponit,
1725 4095 1803 4140 at-

217 4178 306 4231 que
348 4167 468 4220 inde
519 4168 800 4222 concludit
844 4169 1170 4225 christianos
1217 4173 1331 4241 pios
1374 4189 1526 4240 esse,
1571 4180 1802 4247 gentiles

218 4272 331 4313 vero
358 4261 628 4316 dementis
650 4304 663 4327 ,
697 4280 857 4333 quam
892 4264 999 4317 illis
1027 4266 1463 4338 exprobrabant,
1506 4274 1802 4343 impietatis

217 4366 321 4406 csse
348 4369 536 4408 revera
567 4370 694 4410 reos
723 4373 785 4410 ac
814 4359 1082 4412 conscios.

278 4446 350 4500 Ad
378 4449 731 4502 ever-tendum
763 4460 949 4519 postea
981 4455 1188 4508 accedit
1215 4455 1496 4525 ultimum,
1531 4471 1585 4514 et
1614 4456 1687 4514 uti
1721 4462 1802 4516 vi-

221 4535 456 4606 debatur,
500 4542 736 4598 validius
774 4546 1114 4602 ethnicorum
1157 4554 1651 4623 propugnaculum,
1696 4574 1802 4628 quo

1909 1930 2112 1975 tantum
2137 1925 2394 1993 Speciem.
2416 1926 2652 1996 Singulis
2672 1929 2868 1999 quippe
2891 1928 3148 1987 harumce
3168 1931 3512 1989 historiarum

1906 2014 2323 2072 circumstantiis
2345 2033 2596 2074 accurate
2620 2024 2941 2078 examinatis
2958 2067 2973 2092 ,
2997 2025 3401 2083 evidentissime
3420 2027 3514 2084 de-

1907 2115 2171 2160 monstrat
2201 2109 2329 2162 nihil
2358 2125 2514 2178 posse
2540 2129 2772 2183 unquam
2801 2113 2961 2185 litigi,
2988 2117 3131 2187 quod
3153 2132 3360 2173 summa
3387 2120 3516 2176 deo-

1905 2212 2021 2250 rum
2058 2199 2445 2270 amplitudine,
2479 2202 2779 2274 dignitate,
2813 2208 3127 2279 majestate,
3158 2221 3323 2281 atque
3352 2213 3511 2268 etiam

1906 2289 2126 2345 nomine
2156 2293 2325 2364 magis
2357 2295 2635 2368 indignum
2672 2300 2774 2368 sit,
2805 2303 3054 2373 quodque
3093 2304 3304 2360 veritati
3343 2305 3514 2378 magis

1903 2394 2196 2453 repugnet,
2233 2395 2284 2440 et
2315 2385 2472 2443 ﬁdem
2507 2391 2686 2447 minus
2717 2403 3006 2449 mereatur.

2408 2527 2635 2586 CAPUT
2685 2530 3082 2591 SECUNDUM.

1904 2678 1983 2735 De
2019 2693 2222 2737 auclore
2250 2696 2295 2738 et
2334 2695 2483 2739 celate
2521 2688 2704 2741 [torum
2744 2689 3026 2758 librorum,
3075 2704 3135 2748 ac
3178 2711 3281 2766 qua
3317 2693 3517 2748 ratione

2439 2780 2501 2834 ab
2542 2782 2633 2836 illo
2673 2786 2961 2854 compositi.

2370 2916 2754 2958 ARTICULUS
2791 2920 3047 2961 Ριιιιιυε.

1905 3036 2023 3094 Quis
2045 3037 2219 3086 horum
2245 3037 2477 3107 librorum
2504 3050 2693 3107 auctor,
2721 3057 2815 3105 qua
2839 3051 2987 3094 aetate
3014 3060 3070 3096 ac
3094 3051 3290 3100 ratione
3316 3051 3377 3103 ad
3402 3051 3517 3107 illos

2277 3104 2604 3154 conﬁciendos
2627 3104 2843 3154 animum
2869 3108 3137 3170 appulerit.

1830 3237 1874 3297 C
1978 3245 2271 3302 Arnobium
2327 3250 2520 3306 horum
2574 3261 2784 3322 septem
2839 3254 3099 3313 librorum
3150 3276 3336 3317 verum
3384 3281 3510 3322 esse

1909 3351 2182 3395 auctorem
2225 3353 2370 3398 certa
2413 3355 2775 3417 constansque
2815 3356 2898 3404 ‘est
2940 3352 3181 3408 omnium
3223 3351 3512 3414 sententia.

1909 3431 1976 3485 Et
2006 3441 2152 3487 certe
2194 3431 2291 3503 ipsi
2321 3434 2386 3488 ab
2420 3431 2749 3509 Hieronymo
2783 3441 2944 3495 variis
2987 3443 3038 3497 in
3082 3443 3246 3514 locis,
3293 3465 3417 3504 mox
3439 3451 3518 3506 ci-

1911 3523 2105 3588 tandis,
2135 3539 2196 3579 ae
2222 3525 2478 3597 deinceps
2505 3528 2573 3583 ab
2599 3530 2714 3584 aliis
2733 3532 3092 3602 scriptoribus
3124 3546 3272 3594 tanto
3300 3545 3517 3613 tamque

1908 3617 2145 3671 unanimi
2177 3633 2445 3674 consensu
2479 3621 2812 3679 adseruntur
2838 3669 2851 3691 ,
2890 3635 2947 3681 ut
2975 3628 3028 3682 id
3062 3629 3380 3699 probatione
3409 3635 3514 3689 alio

1909 3726 2009 3778 qua
2042 3712 2272 3781 amplius
2305 3714 2545 3785 indigere
2572 3732 2676 3771 non
2709 3719 2975 3775 videatur.

1979 3805 2062 3860 Ah
2085 3807 2274 3862 eodem
2307 3823 2520 3880 quoque
2557 3809 2892 3884 Hieronymo
2930 3815 3191 3874 discimus
3219 3819 3517 3881 Arnobium

1908 3895 2084 3960 Sicca,
2113 3914 2233 3968 quae
2260 3900 2455 3956 Africa:
2481 3902 2889 3962 mediterranem
2912 3907 3042 3962 urbs
3066 3920 3118 3966 et
3139 3909 3351 3968 colonia
3375 3929 3512 3983 erat,

1908 3989 2224 4056 oriundum,
2250 3991 2432 4062 ibique
2457 3995 2631 4063 impia:
2654 3997 2921 4052 addictum
2946 4001 3227 4070 gentilium
3247 4005 3513 4079 religioni,

1911 4097 1969 4134 ac
2001 4082 2302 4152 imperante
2339 4084 2691 4152 Diocletiano,
2724 4088 2974 4147 docuisse
3007 4094 3355 4157 rhetoricam.
3397 4098 3518 4170 Ipsa

1908 4186 2085 4231 autem
2131 4178 2442 4251 Hieronymi
2496 4181 2607 4237 lucc
2653 4193 2778 4239 sunt
2824 4184 3020 4243 verba:
3054 4209 3072 4241 ι
3100 4182 3371 4247 Arnobius
3416 4196 3517 4250 sub

1908 4266 2242 4324 Diocletiano
2275 4272 2534 4341 principe,
2566 4273 2733 4329 Siccae
2759 4278 2898 4346 apud
2927 4279 3160 4336 Africam
3187 4283 3515 4342 rhetoricam

1907 4359 2290 4417 florentissime
2315 4362 2529 4428 docuit,
2555 4367 2880 4438 scripsitque
2905 4370 3164 4428 adversus
3185 4388 3373 4444 gentes
3396 4395 3515 4449 qua:

1906 4454 2064 4524 vulgo
2095 4468 2282 4511 extant
2308 4459 2586 4514 volumina
2621 4462 2639 4533 (
2667 4461 2972 4536 Hieronym.
3009 4468 3073 4522 de
3103 4467 3296 4540 Seript.
3335 4471 3512 4541 Eccl.,

1910 4547 1936 4618 §
1969 4549 2040 4604 39
2065 4547 2106 4621 ),
2138 4571 2154 4601 ι
2190 4567 2309 4622 quae
2337 4565 2603 4624 suscepta:
2633 4572 2663 4609 a
2695 4572 2754 4612 se
2785 4560 3062 4631 religionis
3091 4563 3308 4621 obsides
3336 4559 3513 4623 divol-

219 4629 281 4682 illi
325 4648 384 4686 ex
432 4637 594 4690 variis
636 4637 1058 4705 miraculorum,
1091 4642 1232 4696 sicut
1271 4641 1514 4714 aiebant,
1563 4648 1801 4705 historiis

1915 4646 2072 4715 gavit.
2109 4645 2342 4716 ipsemet
2374 4665 2504 4703 vero
2541 4652 2812 4707 Arnobius
2841 4654 3051 4710 nefario
3081 4657 3307 4714 deorum
3341 4660 3515 4716 idolo-

215 4725 432 4791 probare
458 4728 770 4783 nitebantur
792 4729 924 4786 deos
943 4773 956 4797 ,
985 4732 1055 4786 ob
1083 4745 1299 4802 peccata
1326 4736 1603 4794 hominum
1630 4741 1805 4797 oﬂ'cn-

218 4832 322 4883 sos,
357 4823 434 4875 ira
463 4824 736 4878 exarsisse
756 4865 770 4890 ,
805 4826 898 4880 sed
930 4841 1117 4881 eorum
1151 4829 1520 4888 satisfactione
1551 4834 1807 4906 deinceps

218 4911 460 4980 placatos.
491 4915 732 4970 Primum
760 4923 904 4972 enim
933 4920 1224 4975 narrabant
1251 4931 1538 4993 antequam
1566 4926 1674 4980 ludi
1705 4931 1808 4982 cir-

218 5015 419 5070 censes,
461 5007 579 5062 Jovi
620 5009 885 5071 dedicati.
916 5012 1321 5083 inchoarentttr,
1354 5031 1569 5073 servium
1613 5037 1805 5091 quent-

219 5094 329 5150 dam
357 5102 515 5170 virgis
545 5118 642 5172 per
671 5105 902 5158 mediam
936 5108 1062 5162 circi
1094 5117 1275 5164 aream
1306 5123 1504 5167 exesum
1526 5158 1540 5180 ,
1571 5131 1633 5169 ac
1662 5119 1804 5187 pati-

225 5186 321 5243 buli
352 5206 503 5260 ptena
533 5195 875 5252 mulctatum.
909 5197 1043 5253 Tum
1083 5197 1280 5257 dehinc
1305 5204 1612 5263 celebratos
1642 5186 1806 5267 hosce

222 5279 393 5350 ludos,
420 5288 612 5356 quibus
642 5289 799 5358 plane
826 5291 1066 5349 oiTensus
1093 5305 1172 5348 est
1200 5295 1426 5365 Jupiter.
1453 5299 1509 5354 in
1542 5303 1674 5357 tanti
1705 5304 1808 5357 ila-

223 5389 314 5442 que
340 5377 615 5446 facinoris,
642 5382 720 5435 uti
748 5383 956 5438 aiebant
981 5428 995 5452 ,
1028 5388 1319 5444 vindictam
1349 5393 1650 5459 pestilentia
1680 5399 1810 5451 civi-

226 5478 370 5526 tatem
393 5474 712 5546 depopulata
739 5489 842 5534 est.
880 5481 986 5536 Sed
1020 5482 1107 5537 ubi
1153 5484 1393 5552 ejusdem
1425 5486 1576 5543 .lovis
1605 5493 1810 5547 monitu

227 5559 272 5616 lii
299 5564 395 5622 ludi
414 5568 513 5625 rite
540 5571 825 5627 instaurati
853 5571 1117 5642 fuissent,
1151 5588 1274 5633 tunc
1305 5578 1422 5634 lues
1447 5583 1700 5636 cessavit.

289 5655 540 5731 Secundo,
591 5666 874 5722 memerita
916 5667 1166 5738 proditur
1196 5670 1444 5726 ferebant
1482 5673 1811 5745 Capitolium

229 5746 425 5812 fulmine
451 5759 616 5816 ictum
635 5803 650 5827 ,
681 5769 736 5818 et
766 5761 1118 5818 simulacrum
1149 5762 1300 5820 Jovis
1324 5764 1393 5822 de
1423 5767 1554 5825 sede
1584 5785 1682 5826 sua
1711 5767 1811 5826 de-

233 5846 470 5909 turbatum
496 5853 686 5915 fuisse.
721 5852 1090 5929 Haruspicum
1121 5867 1301 5916 autem
1341 5874 1644 5933 responso,
1685 5877 1809 5920 cum

1912 4755 2137 4808 rumque
2165 4741 2328 4795 cultui
2359 4743 2722 4813 mancipatum
2751 4761 2808 4801 se
2839 4747 3005 4804 fuisse
3027 4750 3275 4821 deplorat
3304 4758 3327 4824 (
3347 4754 3512 4822 Idem,

1912 4830 2102 4886 Chron.
2134 4829 2349 4900 Euseb.,
2371 4837 2436 4888 ud
2456 4838 2582 4890 ann.
2610 4837 2787 4910 2M?)
2811 4858 2824 4906 ;
2851 4857 2950 4895 nec
2973 4841 3062 4897 ditt
3089 4855 3382 4915 antequam
3413 4849 3513 4903 hos

1911 4925 2078 4979 libros
2110 4927 2406 4993 scriberet,
2441 4944 2498 4985 se
2529 4930 2595 4983 ad
2628 4933 2875 4988 veritatis
2907 4935 3086 4991 lmneu
3107 4979 3122 5003 ,
3164 4936 3383 4995 Christo
3419 4938 3518 4996 do-

1909 5030 2086 5085 ccttle,
2112 5019 2397 5077 adductum
2427 5023 2508 5080 his
2534 5025 2714 5081 verbis
2743 5030 3094 5085 testiﬁcatur:
3129 5050 3147 5082 ‹
3175 5019 3512 5102 Venerabar,

1911 5127 1944 5166 ο
1988 5113 2234 5168 caecitas!
2292 5131 2464 5186 nuper
2508 5119 2825 5186 simulacra,
2881 5118 3042 5178 modo
3091 5140 3158 5178 ex
3206 5124 3518 5184 fornacibus

1913 5209 2158 5280 prompta
2192 5210 2243 5264 in
2277 5210 2564 5267 incudibus
2594 5213 2748 5280 deos,
2775 5219 2829 5270 et
2858 5229 2922 5270 ex
2952 5215 3160 5273 malleis
3192 5216 3512 5287 fabricatos,

1913 5303 2324 5372 elephantorum
2363 5319 2517 5360 ossa:
2553 5305 2787 5376 picturas
2816 5311 3116 5365 veternosis
3144 5312 3197 5365 in
3230 5312 3516 5370 arboribus

1912 5396 2100 5450 taznias
2128 5397 2168 5449 si
2197 5395 2412 5466 quando
2441 5411 2831 5469 conspexeram
2850 5444 2863 5465 ,
2895 5393 3216 5458 ltibi'icatum
3250 5402 3516 5475 lapidem,

1914 5500 1965 5544 et
1992 5503 2056 5543 ex
2086 5489 2210 5543 olivi
2243 5491 2480 5562 unguine
2511 5487 2877 5561 sordidatum,
2908 5504 3178 5567 tamqiiant
3206 5501 3411 5556 inesset
3437 5504 3518 5558 vis

1916 5597 2189 5652 prmsens,
2221 5583 2502 5651 adulanar,
2537 5582 2782 5653 adfabar,
2817 5599 2869 5642 ct
2904 5589 3160 5649 beneﬁcia
3191 5594 3514 5669 poscebant,

1915 5673 2050 5729 nihil
2091 5676 2361 5731 sentiente
2400 5676 2470 5732 de
2511 5687 2732 5746 trunco;
2762 5683 2817 5736 et
2838 5695 2932 5736 eos
2972 5682 3120 5754 ipsos
3146 5685 3333 5753 divos,
3378 5704 3518 5761 quos

1916 5782 2036 5823 esse
2078 5767 2205 5823 mihi
2240 5782 2648 5839 persuaseram,
2682 5769 2982 5831 alliciebam
3017 5777 3363 5838 contumeliis
3393 5801 3520 5857 gra-

1918 5861 2100 5932 vibus,
2134 5878 2256 5920 cum
2287 5877 2381 5922 eos
2410 5865 2558 5937 ipsos
2582 5883 2705 5925 esse
2733 5867 3021 5928 credebam
3055 5872 3233 5948 ligna,
3265 5875 3510 5953 lapides,
