3918 6334
381 340 481 398 591

1599 339 2056 401 DISSERTATIO
2096 339 2374 398 PRIEVIA

3585 343 3688 396 392

383 463 543 523 atque
571 467 723 516 ossa,
754 461 847 507 aut
876 452 928 506 in
957 450 1266 522 hujusmodi
1308 468 1485 508 rerum
1523 453 1766 509 habitare
1797 465 1966 509 mate-
1998 457 2048 515 Α
2076 465 2295 524 postea,
2340 469 2646 523 temporum
2687 453 2961 524 designari
2999 455 3245 512 ordinem
3265 500 3280 524 ,
3315 458 3361 513 is
3390 465 3542 513 certe
3588 474 3686 512 nec

387 547 488 602 ria.
522 545 674 600 Nunc
703 546 926 601 doctore
968 555 1117 602 tanto
1160 547 1213 602 in
1258 548 1370 602 vias
1411 549 1650 602 veritatis
1693 550 1973 613 inductus,

383 640 561 693 omnia
603 639 706 694 ista
752 655 871 710 quae
913 641 1052 703 sint,
1092 643 1203 696 scio
1225 683 1239 706 ,
1281 641 1439 711 digna
1468 643 1533 696 de
1559 643 1735 713 dignis
1761 643 1936 696 sentio
1958 684 1973 707 ,

381 735 760 788 contumeliam
786 735 984 788 nomini
1011 736 1209 790 nullam
1237 735 1370 790 facio
1392 736 1604 801 divino;
1631 747 1686 793 et
1710 737 1834 808 quid
1862 739 1975 792 cui-

380 841 486 895 que
525 825 782 880 debeatur
827 827 910 880 vel
950 841 1228 896 personat,
1272 828 1356 882 vel
1396 829 1600 898 capiti,
1644 829 1976 885 inconcussis

379 917 651 986 gradibus,
681 927 843 990 atque
869 919 1282 976 auctoritatibus
1311 923 1485 978 tribuo
1514 922 1531 986 l
1555 924 1773 990 Arnob.,
1802 925 1889 979 lib.
1923 942 1968 989 I,

379 1026 497 1078 pag.
524 1008 596 1062 22
621 1018 676 1064 et
695 1009 764 1064 25
861 1031 880 1062 ι

449 1101 622 1155 Tanto
647 1104 825 1173 itaque
848 1103 1049 1160 lumine
1073 1148 1088 1170 ,
1117 1114 1368 1176 tantaque
1393 1106 1589 1162 Christi
1613 1109 1780 1179 gratia
1809 1109 1973 1164 dona.

378 1204 461 1248 tus
478 1236 492 1258 ,
517 1211 577 1248 ac
600 1196 825 1248 somniis
847 1195 1010 1250 etiam
1038 1198 1277 1266 pulsatus
1294 1240 1310 1263 ,
1337 1198 1596 1268 pristinos
1614 1216 1828 1255 errores
1851 1201 1967 1270 eju-

377 1286 562 1351 randi,
594 1296 648 1342 et
673 1286 1022 1341 Christianam
1075 1290 1391 1359 religionem
1434 1293 1643 1361 publice
1688 1292 1970 1361 proﬁtendi

379 1385 591 1435 veniam
615 1381 683 1435 ab
708 1381 876 1437 Siccze
899 1384 1156 1452 episcopo
1182 1385 1354 1453 petiit.
1380 1385 1486 1440 Sed
1513 1387 1634 1455 quia
1669 1385 1811 1439 illam
1843 1403 1972 1439 sem-

376 1490 484 1542 per,
522 1485 577 1528 ut
612 1474 686 1528 ait
715 1474 1110 1547 Hieronymus,
1153 1493 1214 1532 ac
1258 1479 1486 1546 publicis
1525 1479 1637 1533 suis
1678 1479 1729 1532 in
1772 1478 1970 1533 scholis

373 1575 529 1620 antea
551 1567 935 1638 impugnauerat
953 1609 967 1632 ,
991 1569 1056 1622 ad
1087 1569 1228 1623 illius
1258 1568 1645 1639 professionem
1673 1570 1970 1640 Episcopus

374 1675 494 1712 eum
521 1675 666 1729 prius
690 1660 975 1715 admittere
998 1662 1197 1726 noluit,
1225 1678 1382 1730 quam
1410 1663 1635 1718 sincera:
1657 1664 1773 1733 ejus
1801 1665 1972 1734 βαδιιί-

373 1754 552 1804 tentia:
577 1763 726 1806 certo
755 1753 958 1810 certior
983 1754 1154 1806 lactus
1181 1752 1387 1809 luisset.
1422 1755 1584 1810 Morte
1613 1757 1771 1826 igitur
1798 1758 1968 1826 impa-

2086 551 2224 604 ullus
2267 551 2402 604 alius
2440 549 2757 604 dilﬁtobitur
2800 549 2947 604 illum
2981 550 3080 604 sibi
3113 565 3217 605 non
3247 551 3645 606 contradixisse
3667 594 3682 615 ,

2083 642 2372 711 verbisque
2415 641 2559 695 illius
2601 643 2779 711 potius
2823 641 3112 708 standum,
3155 658 3278 713 quae
3323 643 3375 698 in
3408 643 3682 714 genuine,

2081 749 2238 804 quam
2265 750 2384 804 quae
2410 735 2459 787 in
2493 735 2674 789 alieno
2704 749 2869 804 opere
2899 736 3138 805 scripsit.

2149 825 2257 882 Sed
2297 829 2420 896 quia
2466 828 2552 882 ille
2594 828 2644 880 in
2677 843 2777 882 suo
2805 829 2874 882 de
2902 828 3262 898 scriptoribus
3291 828 3683 884 ecclesiasticis

2074 919 2319 988 catalogo
2354 919 2487 973 dixit
2516 919 2732 990 quidem
2766 922 2988 974 Arnohii
3021 921 3193 976 nostri
3226 922 3428 984 libros,
3476 922 3684 976 Diode-

2077 1010 2224 1064 tiano
2251 1011 2582 1080 imperante,
2617 1013 2824 1074 editos,
2861 1030 2965 1066 non
2999 1023 3178 1069 autem
3206 1028 3314 1083 quo
3343 1014 3556 1084 imperii
3587 1014 3686 1069 hn-

2070 1101 2161 1168 jus
2183 1119 2348 1165 anno,
2381 1104 2430 1158 id
2452 1120 2480 1156 a
2513 1105 2668 1158 nobis
2693 1105 2997 1159 accuratius
3026 1105 3407 1175 inquirendum
3433 1117 3536 1160 est.
3566 1106 3682 1161 Non

2072 1194 2288 1250 aliunde
2314 1206 2490 1250 autem
2523 1197 2747 1262 melius;
2778 1212 2937 1268 quam
2963 1211 3028 1250 ex
3053 1197 3246 1252 iisdem
3281 1198 3556 1267 ipsiusmet
3584 1213 3681 1252 au-

2075 1288 2243 1342 ctoris
2277 1289 2447 1342 nostri
2479 1289 2628 1342 libris
2660 1299 2837 1358 p0test
2869 1289 3135 1360 dignosci.
3186 1293 3256 1345 At
3297 1292 3494 1362 prioris
3527 1294 3682 1347 initio

2073 1383 2216 1438 hunc
2257 1383 2346 1438 ille
2390 1383 2624 1455 loquitur
2664 1385 2714 1437 in
2757 1385 3011 1439 modum:
3045 1383 3339 1439 «Trecenti
3383 1395 3510 1439 sunt
3553 1387 3682 1442 anni

2072 1475 2260 1538 ferme,
2292 1476 2468 1530 minus
2495 1476 2577 1531 vel
2610 1476 2729 1545 plus
2759 1477 2959 1548 aliquid
2985 1518 3000 1541 ,
3029 1493 3096 1531 ex
3128 1492 3238 1547 quo
3265 1479 3532 1547 carpimus
3558 1493 3682 1535 esse

2072 1570 2355 1622 christiani
2378 1611 2392 1631 ,
2423 1578 2477 1623 et
2506 1579 2772 1624 terrarum
2809 1571 2860 1624 in
2892 1571 3024 1624 orbe
3051 1571 3261 1624 censeri
3295 1568 3554 1642 (Arnob.,
3587 1572 3678 1624 lib.

2072 1677 2121 1725 ι,
2155 1679 2274 1734 pag.
2306 1661 2407 1734 9).
2438 1684 2456 1716 ι
2486 1664 2771 1720 Manifesle
2813 1675 2991 1719 autem
3037 1665 3161 1720 inde
3201 1665 3490 1736 Colligitur,
3533 1666 3680 1735 quod

2071 1772 2262 1812 omnes
2305 1758 2462 1813 facile
2501 1759 2837 1825 concedunt,
2877 1759 2975 1812 hos
3005 1758 3172 1812 libros
3213 1758 3281 1812 ab
3323 1773 3390 1813 eo
3428 1772 3682 1814 exaratos

370 1843 511 1898 tiens
541 1845 810 1898 Arnobius
831 1839 1038 1915 ,‘atque
1069 1857 1120 1899 ut
1156 1847 1261 1899 voti
1291 1863 1513 1916 compos
1542 1865 1700 1918 quam
1738 1851 1966 1918 primum
2002 1849 2047 1908 B
2074 1852 2215 1907 circa
2257 1852 2363 1907 500
2401 1852 2606 1908 Christi
2649 1869 2876 1907 annum.
2909 1852 3016 1908 Sed
3051 1852 3191 1906 nulla
3221 1851 3399 1906 adhuc
3427 1862 3575 1906 certa
3610 1853 3678 1906 ilo

371 1936 553 2002 ﬁeret,
589 1937 824 1991 animum
864 1937 930 1991 ad
973 1938 1287 1992 scribendos
1331 1939 1431 1994 hos
1473 1940 1638 1994 libros
1683 1941 1962 2010 adiunxit,

369 2029 542 2098 iisque
583 2039 852 2099 tamquam
885 2031 1107 2085 totidem
1139 2031 1258 2085 lidei
1295 2048 1406 2085 sua:
1435 2033 1662 2101 publicis
1689 2034 1966 2090 obsidibus

369 2123 546 2190 datis,
581 2125 644 2178 ad
679 2125 1073 2194 optatissimam
1105 2123 1413 2179 Christianae
1446 2129 1720 2198 religionis
1759 2129 1964 2198 proles-

369 2217 576 2270 sionem
613 2217 824 2285 publice
867 2216 1181 2273 mittendam
1237 2218 1536 2285 admissus,
1570 2221 1737 2274 sacris
1768 2222 1963 2278 nostris

367 2309 643 2378 mysteriis
669 2309 737 2361 ab
765 2309 956 2363 eodem
987 2309 1244 2379 episcopo
1269 2311 1506 2364 initiatus
1533 2323 1635 2366 est.
1664 2312 1768 2367 Sed
1799 2330 1963 2382 pries—

369 2410 444 2455 tat
473 2401 855 2472 Hieronymum
889 2403 1065 2456 adhuc
1093 2403 1206 2457 ha:c
1237 2416 1544 2460 narrantem
1571 2407 1788 2461 audire:
1820 2427 1836 2457 ι
1863 2408 1962 2462 Ar-

366 2496 558 2549 nobius
587 2498 787 2562 rhetor,
819 2499 996 2553 clarus
1030 2501 1080 2554 in
1110 2498 1290 2554 Africa
1333 2501 1583 2566 habetur,
1621 2504 1711 2572 qui
1750 2518 1870 2557 cum
1910 2505 1960 2558 in

367 2590 583 2645 civitate
612 2591 777 2645 Sicca:
805 2592 868 2646 ad
902 2593 1315 2648 declamandmn
1345 2594 1573 2661 juvenes
1605 2594 1872 2659 erudiret,
1909 2606 1964 2650 et

366 2683 540 2738 adhuc
569 2685 821 2739 ethnicus
850 2685 915 2740 ad
943 2685 1319 2741 credulitatem
1349 2669 1578 2742 somniis
1608 2689 1964 2757 Compellere-

366 2789 473 2844 tur,
499 2796 674 2851 neque
695 2782 762 2835 ab
787 2780 1056 2851 EpiscOpo
1085 2783 1398 2850 impetraret
1423 2783 1579 2837 tidem
1601 2824 1614 2846 ,
1640 2799 1797 2852 quam
1825 2799 1966 2837 sem-

366 2889 462 2941 per
500 2874 947 2944 impugnaverat,
990 2876 1330 2930 elucubravit
1371 2877 1632 2931 adversus
1674 2877 1958 2946 pristinam

367 2965 677 3033 religionem
722 2966 1178 3021 luculentissimos
1219 2967 1418 3030 libros,
1462 2978 1516 3022 et
1563 2969 1774 3023 tandem
1819 2969 1962 3022 velut

365 3057 682 3126 quibusdam
715 3058 988 3114 obsidibus
1023 3061 1232 3128 pictatis
1266 3060 1440 3115 latdus
1479 3061 1782 3130 impetravit
1814 3060 1964 3132 (Hie-

365 3167 588 3220 ronynt.,
617 3151 667 3203 in
690 3151 866 3204 cliron.
893 3154 961 3204 ad
981 3168 1103 3204 ann.
1128 3151 1270 3206 25-52
1290 3150 1332 3222 ).
1363 3154 1494 3220 Quae
1523 3170 1650 3208 vero
1681 3164 1863 3223 postea
1895 3155 1963 3209 ab

2068 1943 2242 1998 lorum
2271 1955 2404 1999 tetas
2432 1946 2500 1999 ibi
2532 1945 2867 2015 designatur.
2897 1943 3126 2011 Quidam
3156 1944 3337 2014 itaque
3366 1944 3681 2000 existimant

2071 2037 2218 2092 illam
2263 2053 2326 2093 ex
2382 2039 2464 2091 his
2490 2038 2823 2107 deprehendi
2855 2053 3014 2108 posse
3043 2038 3214 2107 ipsius
3243 2038 3459 2093 verbis:
3491 2057 3510 2089 ς
3540 2039 3678 2093 Nos-

2071 2143 2149 2185 tra
2191 2131 2408 2200 quidem
2441 2132 2640 2200 scripta
2673 2146 2769 2185 cur
2798 2131 3010 2201 ignibus
3041 2141 3355 2185 meruerunt
3380 2131 3539 2185 dari?
3568 2131 3678 2186 Cur

2068 2224 2375 2279 immaniter
2402 2223 2776 2278 conventicula
2820 2223 2995 2277 dirui?
3028 2220 3185 2294 (Lib.
3216 2224 3284 2289 .l,
3319 2240 3437 2293 pug.
3474 2222 3620 2292 152)
3651 2244 3667 2273 ι

2067 2314 2199 2369 Nam
2243 2315 2332 2369 ubi
2369 2315 2638 2369 Eusebius
2678 2315 2746 2369 de
2781 2315 3095 2369 Diocletiani
3127 2324 3315 2368 contra
3349 2315 3677 2369 christianos

2067 2407 2342 2462 saevientis
2373 2407 2706 2475 temporibus
2734 2407 3004 2476 disputat:
3038 2425 3054 2457 ι
3081 2406 3240 2460 Tunc
3265 2406 3412 2461 cedes
3441 2422 3624 2460 sacras
3652 2429 3668 2458 ι

2068 2500 2235 2571 inquit
2260 2498 2500 2573 (Euseb.,
2528 2500 2619 2553 lib.
2647 2515 2740 2554 vtlt
2759 2542 2772 2564 ,
2804 2499 3000 2553 Histor.
3027 2500 3227 2562 ecclcs.,
3254 2516 3370 2567 cap.
3395 2515 3488 2553 vni
3510 2543 3523 2565 ,
3553 2517 3672 2572 pag.

2065 2593 2172 2647 293
2194 2592 2236 2664 ),
2263 2612 2281 2642 ι
2305 2593 2421 2646 solo
2447 2593 2646 2654 temtari
2665 2633 2678 2656 ,
2710 2607 2772 2646 ac
2803 2592 3041 2646 funditus
3068 2593 3304 2648 subverti
3326 2634 3338 2651 .
3372 2607 3556 2648 sacros
3592 2595 3674 2647 di-

2069 2686 2314 2738 vinarum
2347 2686 2750 2754 Scripturarum
2782 2685 2948 2740 libros
2978 2684 3028 2737 in
3070 2684 3248 2739 medio
3288 2683 3407 2738 loro
3449 2699 3672 2739 concre-

2065 2781 2201 2834 mari
2230 2780 2399 2834 oculis
2433 2780 2634 2832 nostris
2663 2779 2914 2834 vidimus.
2943 2799 2961 2830 ι
2993 2777 3118 2832 Haec
3145 2787 3326 2833 autem
3357 2779 3493 2833 facta
3527 2789 3670 2838 sunt,

2066 2872 2204 2926 sicut
2230 2871 2357 2924 alibi
2398 2871 2802 2934 annotavimus,
2848 2871 3176 2924 Diocletiano
3200 2868 3307 2930 IX.
3340 2868 3668 2923 Maximiano

2066 2964 2157 3019 VII
2178 3007 2193 3029 ,
2227 2974 2320 3018 aut
2351 2975 2405 3017 ut
2434 2964 2673 3018 nonnulli
2705 2973 2930 3018 censent
2963 2964 3292 3018 Diocletiano
3317 2963 3460 3023 Vlll,
3489 2972 3546 3018 et
3566 2964 3676 3017 Ma—

2067 3057 2304 3110 ximiano
2335 3055 2404 3110 Vl
2426 3098 2439 3119 .
2473 3055 2786 3110 consulibus
2808 3097 2821 3119 ,
2856 3058 2955 3108 hoc
2983 3064 3101 3118 est,
3133 3070 3275 3108 anno
3304 3053 3502 3110 Christi
3534 3055 3672 3120 503,

2067 3150 2152 3203 vel
2178 3150 2284 3204 5L2
2311 3147 2564 3221 (Disserl.
2599 3150 2651 3202 in
2685 3148 2806 3203 Luc.
2840 3149 3018 3208 σαρξί..
3050 3165 3165 3216 cap.
3195 3148 3260 3214 8,
3290 3157 3388 3202 art.
3415 3147 3506 3218 5).
3536 3148 3673 3203 Tum

363 3260 429 3299 eo
460 3253 575 3298 acta
607 3244 734 3309 sint,
769 3244 925 3298 nobis
954 3243 1146 3299 invidit
1175 3254 1266 3299 aut
1299 3245 1489 3314 injuria
1520 3257 1844 3316 temporum,
1878 3258 1969 3301 aut
1996 3243 2041 3304 C
2073 3246 2212 3299 enim
2243 3247 2346 3298 lata
2379 3245 2494 3312 lege
2521 3245 2785 3298 sancitum
2816 3244 2944 3307 fuit,
2979 3252 3036 3296 ut
3075 3244 3213 3296 sacri
3253 3242 3673 3298 christianorum

362 3338 684 3404 scriptorum
733 3338 1080 3407 negligentia.
1129 3341 1194 3391 At
1239 3347 1386 3392 ct-rte
1425 3339 1548 3408 quia
1593 3349 1698 3394 tam
1748 3340 1956 3395 ardenti

362 3429 541 3484 studio
565 3428 910 3483 Christianam
937 3429 1253 3500 religionem
1286 3429 1626 3500 amplexatus
1648 3440 1752 3494 est,
1779 3431 1959 3484 nullus

363 3521 606 3592 profecto
630 3521 744 3576 dari
775 3523 986 3576 videtur
1013 3523 1320 3593 ambigendi
1352 3527 1522 3586 locus,
1551 3523 1679 3593 quin
1708 3525 1959 3579 omnibus

361 3616 520 3686 plane
549 3616 874 3671 satisfecerit
901 3617 1010 3671 veri
1045 3618 1226 3687 piique
1253 3618 1532 3670 christiani
1561 3616 1774 3672 ol‘liciis.

434 3708 551 3775 Quo
579 3719 754 3764 autem
788 3711 1016 3779 pra-cise
1049 3721 1292 3778 tempore
1324 3709 1422 3764 hos
1453 3710 1540 3763 ille
1578 3711 1753 3764 libros
1791 3711 1961 3780 scrip-

364 3801 526 3865 serit,
559 3799 612 3854 in
644 3800 1070 3855 controversiam
1103 3802 1657 3873 disceptationemque
1685 3803 1752 3857 ab
1778 3803 1958 3858 erudi-

362 3892 589 3948 tissimis
626 3895 798 3948 :etalis
832 3905 1036 3948 nostra:
1068 3895 1430 3963 scriptoribus
1463 3905 1702 3951 vocatur.
1747 3898 1955 3952 Prolata

361 3987 640 4042 enimvero
668 4003 697 4041 a
729 3988 883 4041 nobis
915 3987 1228 4060 Hieronymi
1261 3991 1456 4055 verba,
1492 3991 1836 4046 inchronico
1866 4009 1957 4046 eu-

361 4079 585 4136 sebiano
628 4082 868 4150 proxime
901 4083 1099 4152 scripta
1135 4093 1260 4138 sunt
1294 4095 1413 4152 post
1448 4095 1624 4139 notata
1663 4088 1955 4142 vicennalia

362 4172 718 4234 Constantini.
745 4175 1075 4230 Nicomedia:
1099 4194 1244 4231 anno
1268 4177 1465 4232 ChriSti
1493 4222 1504 4244 ,
1539 4181 1612 4233 uti
1643 4181 1826 4244 aiunt,
1852 4180 1959 4236 526

361 4268 655 4324 celebrata.
683 4266 878 4323 Contra
910 4279 1088 4326 tamen
1117 4271 1254 4326 idem
1285 4273 1400 4342 ipse
1431 4273 1788 4346 Hieronymus
1817 4276 1953 4339 aliis,

361 4376 481 4430 qua:
524 4372 681 4415 antea
724 4361 1036 4428 retulimus,
1081 4363 1259 4417 verbis
1303 4365 1443 4418 haud
1485 4365 1716 4419 obscure
1755 4366 1955 4435 Mglllll-

361 4469 488 4510 care
513 4453 725 4509 videtur
751 4455 969 4510 eosdem
1000 4457 1168 4511 libros
1196 4455 1264 4510 ab
1292 4457 1534 4513 Arnobio
1563 4469 1671 4512 tum
1703 4460 1756 4512 in
1785 4461 1954 4514 lucem

361 4545 536 4600 editos
557 4589 571 4611 ,
607 4562 726 4600 cum
765 4547 1120 4602 Diocletianus
1152 4549 1411 4604 Rommis
1441 4551 1764 4619 imperabat.
1799 4554 1954 4622 Atqui

2065 3337 2312 3403 codices,
2341 3347 2434 3391 aut
2458 3337 2611 3390 sicuti
2639 3338 2690 3390 in
2719 3337 2822 3390 vita
2853 3335 3045 3389 Felicis
3069 3335 3308 3404 episeopi
3338 3335 3671 3391 tubiacensis

2065 3430 2319 3500 legimus,
2371 3431 2485 3484 libri
2535 3431 2734 3499 deiﬁci,
2787 3430 2894 3500 igni
2943 3438 2998 3483 et
3051 3428 3280 3482 ﬂammis
3326 3430 3668 3484 traderentur

2063 3522 2264 3592 (Optat.
2299 3522 2500 3588 Milev.,
2527 3539 2640 3576 nov.
2675 3522 2823 3588 edit.,
2857 3540 2977 3592 pag.
3007 3521 3114 3575 227
3141 3524 3180 3590 ),
3209 3521 3534 3592 illorumque
3564 3521 3672 3576 Ec-

2062 3617 2239 3672 clesiae
2260 3659 2274 3682 ,
2309 3616 2392 3670 vel
2425 3619 2563 3670 sicut
2592 3626 2779 3670 auctor
2810 3625 2996 3670 noster
3026 3614 3173 3684 loqui
3202 3624 3376 3680 amat,
3427 3629 3669 3670 conven-

2063 3709 2221 3764 ticula
2262 3710 2622 3765 diruerentur.
2668 3712 2738 3763 At
2775 3725 2840 3763 ex
2883 3709 2997 3773 his,
3032 3724 3152 3778 quae
3181 3709 3250 3763 ab
3282 3709 3588 3778 Augustino
3617 3720 3672 3765 et

2062 3804 2408 3859 Theodoreto
2438 3806 2853 3866 conﬁrmantur.
2889 3803 3131 3857 nonnulli
3159 3801 3351 3857 conﬁci
3379 3819 3540 3874 posse
3569 3821 3672 3874 pu-

2061 3903 2178 3949 tant
2207 3896 2502 3950 Arnobium
2535 3895 2882 3949 conﬁciendis
2911 3893 3060 3948 libris
3090 3894 3204 3949 suis
3233 3895 3336 3949 hoc
3365 3894 3483 3964 ipso
3524 3911 3671 3949 anno

2062 4003 2282 4058 operam
2323 3987 2538 4043 dedisse
2581 3987 2879 4058 (August.,
2921 3987 3010 4040 lib.
3053 4001 3160 4052 vn,
3205 3986 3268 4039 de
3306 3985 3458 4055 Bapt.
3499 4000 3666 4043 contr.

2063 4082 2283 4149 Donot.,
2314 4100 2432 4152 cap.
2459 4082 2523 4147 2,
2554 4099 2677 4153 pag.
2704 4082 2844 4146 187;
2875 4092 2918 4134 et
2947 4079 3144 4134 Brevic.
3169 4099 3181 4143 ;
3206 4078 3392 4134 Collat.
3418 4097 3531 4134 cum
3562 4079 3670 4134 Do-

2062 4188 2168 4231 nat.
2193 4219 2209 4244 ,
2241 4195 2359 4248 cap.
2389 4179 2488 4241 15,
2520 4195 2637 4248 pag.
2674 4175 2780 4231 569
2801 4218 2816 4242 ,
2845 4185 2892 4229 et
2934 4175 3076 4236 573;
3102 4171 3407 4227 Tlteodorel.
3436 4215 3446 4238 ,
3483 4175 3570 4226 lib.
3617 4191 3666 4240 v,

2062 4272 2203 4326 Hist.
2239 4274 2441 4336 eccles.,
2473 4289 2588 4341 cap.
2622 4271 2713 4332 '59,
2747 4287 2865 4341 pag.
2899 4267 3064 4340 248).

2134 4366 2240 4423 Sed
2269 4365 2350 4420 his
2378 4366 2464 4420 alii
2489 4373 2770 4437 opponunt
2802 4364 3000 4419 nullam
3029 4363 3096 4418 de
3126 4364 3244 4434 lege
3277 4373 3467 4418 contra
3497 4364 3669 4419 chris-—

2061 4458 2325 4513 tianorum
2364 4457 2736 4512 convenzicula
2777 4465 2832 4510 et
2872 4455 3039 4510 libros
3079 4455 3236 4520 data,
3279 4455 3372 4509 sed
3413 4455 3481 4510 dc.
3520 4472 3669 4510 com-

2061 4551 2230 4604 bustis
2265 4551 2416 4605 lihris
2455 4560 2510 4605 et
2548 4549 2936 4604 conventiculis
2975 4548 3176 4602 eversis
3216 4548 3409 4601 laetam
3453 4549 3521 4602 ab
3563 4551 3666 4602 Ar-

361 4640 722 4697 Diocletianus
766 4643 953 4712 viginti
999 4644 1213 4700 circiter
1253 4660 1457 4709 annos,
1494 4647 1561 4700 ab
1605 4647 1800 4700 Christi
1846 4648 1951 4702 sci-
1981 4644 2218 4705 Dnohio
2260 4645 2608 4699 mentionem.
2658 4644 2784 4698 Esto
2824 4654 3043 4703 tamen,
3093 4641 3370 4707 inquiunt,
3423 4642 3487 4695 ad
3540 4659 3660 4697 eam

362 4735 488 4790 licet
516 4751 657 4788 anno
678 4735 817 4800 284,
850 4736 914 4790 ad
946 4752 1143 4791 annum
1172 4739 1303 4792 305.
1335 4755 1589 4809 regnasse
1618 4739 1951 4803 perhibetur.

361 4825 550 4882 Nonne
586 4844 714 4898 ergo
748 4828 1109 4900 Hieronymus
1139 4829 1237 4882 hos
1269 4831 1431 4884 lilorOs
1463 4842 1586 4886 ante
1617 4832 1955 4886 Censtantini

360 4922 661 4976 vicennalia
706 4923 819 4978 sive
850 4939 1049 4977 annum
1079 4923 1186 4978 526
1227 4925 1293 4977 ab
1340 4928 1576 4981 Arnohio
1617 4927 1792 4982 editos
1834 4944 1954 4982 esse

360 5013 656 5069 arbitratus
684 5016 802 5068 est?
830 5015 995 5070 Nobis
1035 5026 1212 5070 tamen
1245 5019 1455 5072 videtur
1495 5037 1650 5088 posse
1691 5022 1953 5092 Hierony-

360 5121 507 5160 tnntn
553 5106 652 5160 sibi
699 5107 797 5177 ipsi
845 5107 1000 5161 facile
1042 5110 1337 5163 conciliari.
1387 5111 1514 5164 Nam
1562 5114 1611 5165 in
1645 5113 1951 5167 Eusebiano

359 5200 617 5254 Chronico
641 5213 758 5269 post
783 5211 962 5254 notata
988 5200 1322 5256 Constantini
1347 5203 1641 5259 vicennalia
1670 5207 1781 5274 ipse
1805 5207 1950 5275 adje-

360 5293 466 5348 cit:
501 5313 517 5344 ι
546 5293 659 5346 lluc
703 5309 872 5362 usque
917 5295 1192 5348 historiam
1235 5296 1423 5349 scribit
1465 5298 1754 5360 Eusebius,
1794 5299 1950 5351 Pam-

361 5385 491 5455 phili
541 5387 792 5455 martyris
837 5387 1276 5454 contubernalis,
1320 5392 1403 5441 cui
1447 5406 1543 5444 nos
1587 5392 1682 5445 ista
1720 5392 1953 5460 subjeci-

360 5493 502 5533 mtts.
534 5497 551 5529 ι
580 5477 714 5532 Tum
759 5489 1138 5534 eonttncntcr:
1186 5481 1468 5543 Arnobius,
1517 5483 1715 5552 inquit,
1761 5484 1952 5546 rhetor,

359 5582 465 5627 etc.
513 5571 700 5626 Nonne
738 5583 915 5627 autem
958 5572 1061 5626 dici
1108 5585 1282 5642 potest
1317 5577 1429 5630 ll'I-PC.
1456 5576 1572 5643 ejus
1605 5578 1762 5631 verba
1797 5593 1955 5648 snpe-

360 5665 598 5720 rioribus
633 5664 843 5719 Eusebii
874 5665 1114 5734 subjecta
1149 5666 1349 5731 fuisse,
1382 5685 1448 5722 ne
1480 5667 1624 5722 illius
1651 5685 1958 5726 sermonem

363 5757 815 5828 intetrumperet.
848 5773 944 5812 nec
974 5759 1045 5812 ibi
1078 5776 1257 5815 veram
1289 5762 1554 5818 indicasse
1586 5764 1802 5818 Arnobii
1833 5775 1962 5819 aita-

365 5860 493 5905 tcm.
529 5851 584 5906 Si
616 5849 736 5920 quis
767 5865 895 5904 vero
928 5849 1081 5906 nobis
1112 5852 1327 5921 objiciat
1371 5857 1436 5910 ab
1477 5874 1541 5908 eo
1583 5856 1684 5914 ibi,
1731 5860 1868 5912 sicut
1908 5866 1963 5912 et

2057 4735 2422 4804 spectaverit,
2451 4751 2628 4789 nonne
2659 4735 2846 4788 similis
2872 4743 3028 4787 antea
3071 4733 3244 4786 fuerat
3286 4733 3477 4787 Jttslini
3519 4751 3666 4788 mar-

2061 4830 2192 4901 tyris
2215 4845 2335 4883 cum
2359 4828 2648 4898 gentilibus
2671 4828 2736 4882 de
2759 4843 3034 4882 sacrorum
3069 4826 3326 4880 librorum
3356 4837 3668 4880 nostrorum

2057 4921 2454 4992 proscriptione
2476 4921 2869 4989 expos'tulatio?
2896 4945 2915 4971 ι
2937 4920 3111 4988 Opera
3141 4938 3157 4969 ι
3186 4919 3259 4972 ait
3286 4940 3302 4969 ι
3329 4929 3380 4973 et
3410 4919 3669 4975 instinctu

2054 5017 2318 5070 malorum
2341 5015 2644 5069 daemonum
2671 5015 2860 5068 mortis
2881 5013 3202 5081 supplicium
3221 5013 3479 5067 adversus
3501 5015 3666 5068 libro-

2055 5126 2173 5166 rum
2208 5109 2484 5181 llystasiis
2509 5121 2600 5162 aut
2627 5107 2844 5178 Sybilla:
2863 5150 2878 5171 ,
2905 5114 2998 5159 aut
3027 5104 3672 5187 prophetarun't‘lectorcs

2053 5203 2405 5258 constitutum
2448 5211 2568 5267 est,
2615 5212 2669 5254 ut
2709 5216 2802 5270 per
2845 5201 3092 5252 timorem
3132 5197 3380 5251 homines
3420 5199 3486 5251 ab
3528 5199 3668 5285 illis,

2054 5295 2344 5366 qu0ntinus
2379 5293 2584 5362 scripta
2614 5310 2673 5347 ea
2707 5294 2946 5364 legentes
2969 5335 2982 5354 ,
3018 5307 3195 5345 rerum
3236 5290 3494 5344 bonarum
3529 5293 3671 5346 noti-

2057 5392 2186 5444 tiam
2222 5391 2521 5460 percipiant
2547 5431 2560 5452 ,
2596 5389 2689 5443 sed
2719 5390 2768 5443 in
2799 5390 3058 5442 servitute
3083 5403 3271 5440 corum
3305 5386 3668 5452 retineantur,

2056 5485 2468 5537 absterreantttr
2502 5480 2716 5553 (Justin.
2757 5481 2997 5550 Mur!yr.,
3032 5482 3248 5548 Apolog.
3282 5496 3326 5541 t,
3358 5497 3476 5547 pag.
3503 5479 3666 5549 82).)

2133 5576 2271 5643 Quid
2306 5592 2456 5639 vero,
2493 5576 2635 5643 quod
2665 5576 2926 5644 Origenes
2959 5575 3236 5627 memoria.-
3272 5572 3504 5641 proditlit
3541 5584 3672 5626 ante

2060 5671 2284 5726 Arnohii
2328 5671 2496 5724 nostri
2539 5680 2813 5741 tempora,
2860 5684 3023 5740 atque
3063 5668 3354 5722 Maximino
3382 5684 3529 5723 anno
3556 5670 3666 5725 255

2064 5771 2350 5833 regnante,
2379 5764 2628 5816 incensas
2659 5762 2823 5817 fuisse
2851 5761 3133 5823 ecclesias,
3164 5768 3325 5830 atque
3353 5760 3580 5824 idcirco,
3615 5770 3674 5815 ut

2066 5858 2302 5914 auctoris
2329 5859 2499 5914 nostri
2533 5858 2708 5912 verbis
2739 5867 2975 5915 utamur.
3007 5853 3185 5909 diruta
3219 5853 3384 5910 luisse
3411 5853 3667 5909 ειη-ρεαδ-
