3918 6376
351 401 460 463 395

355 522 538 579 minus
582 506 888 567 luculenter
938 497 1224 556 veritatem
1293 483 1601 545 christiana:
1667 469 1940 544 religionis
1970 475 2025 535 Α

359 563 620 669 adstruit,
662 613 825 671 quam
864 591 1095 651 etltnicze
1141 582 1426 641 falsitatem
1454 570 1686 629 destruit
1714 563 1940 639 (Hiero-

360 724 504 784 ηψπ.
522 746 537 771 ,
564 702 618 756 in
647 699 824 753 chron.
855 688 923 745 ad
944 702 1069 743 ann.
1096 675 1283 751 2542).

435 759 506 857 λι
524 759 734 866 quanto
755 784 924 857 magis
951 780 1051 837 hos
1077 772 1309 832 auctoris
1338 759 1702 860 nostrilibros
1729 760 1947 826 propter

360 845 801 964 argumﬁentorum
963 880 1016 929 et
1044 865 1254 941 pondus
1295 845 1528 918 extollit'
1554 852 1947 921 Hieronymus,

1123 961 1153 964 __
1298 955 1312 964 ,
1608 940 1822 964 ΑΔΗ-ι
1869 935 1921 964 ..ε

362 935 513 1043 taiito
543 979 713 1050 magis
743 973 861 1044 ejus
889 961 1160 1024 scribendi
1196 972 1261 1014 ac
1298 946 1556 1024 loquendi
1608 940 1825 999 modum
1869 935 1954 992 vi-

362 1082 596 1151 tuperat.
617 1032 696 1125 id
712 1032 989 1122 Paulinum
1010 1056 1154 1113 enim
1172 1054 1288 1106 hate
1300 1042 1513 1113 scripsit
1533 1040 1587 1095 in
1604 1036 1767 1093 verba
1789 1050 1802 1087 :
1824 1051 1843 1084 ‹
1856 1032 1956 1085 Ar-

361 1125 558 1231 nolhius
574 1156 874 1231 inaequalis,
893 1161 949 1209 et
963 1148 1163 1205 nimius
1180 1151 1293 1207 est,
1311 1138 1515 1205 absque
1535 1129 1717 1201 operis
1733 1125 1814 1183 sui
1833 1137 1899 1196 pa

364 1215 557 1323 ξἶῦξὲ
576 1215 871 1315 23am;
896 1266 915 1300 ι
947 1243 1139 1319 (Epist.
1169 1236 1260 1301 49,
1285 1252 1338 1306 ρ.
1368 1227 1517 1301 567).
1546 1223 1655 1282 Sed
1685 1215 1960 1323 disttlicuit

364 1352 653 1417 recentiori
667 1345 878 1406 cuidam
892 1342 1031 1396 inter
1043 1329 1341 1391 beterodox
1349 1339 1410 1380 os
1423 1318 1673 1389 scriptori
1692 1316 1704 1368 i

364 1448 575 1523 ronymi
590 1440 849 1517 judicium
866 1478 882 1502 ,
917 1446 980 1488 ac
999 1435 1123 1499 post
1144 1423 1300 1479 allata
1318 1419 1435 1472 haec
1454 1410 1624 1513 ipsius
1639 1404 1801 1461 verba

364 1489 609 1606 trariam:
630 1532 783 1607 quasi
814 1543 881 1585 ex
906 1521 1142 1593 tripode,
1166 1514 1244 1571 sic
1267 1511 1370 1567 fert
1389 1501 1715 1562 sententiam
1744 1515 1756 1550 :
1786 1512 1806 1547 ι
1832 1489 1965 1547 Mihi

367 1593 609 1693 disertus
632 1593 821 1684 auctor
847 1615 1118 1677 Arnobius
1138 1606 1371 1666 videtur,
1396 1608 1450 1655 et
1468 1595 1561 1667 qui
1587 1593 1966 1662 argumentum

367 1745 525 1790 suum
554 1732 742 1783 contra
768 1715 998 1791 gentiles
1025 1709 1161 1765 adeo
1190 1710 1438 1759 accurate
1472 1703 1526 1749 et
1558 1688 1819 1746 concinne
1840 1693 1966 1750 per-

370 1821 644 1885 tractarit,
680 1823 741 1870 ut
768 1811 1025 1866 adversus
1059 1803 1191 1857 istos
1216 1794 1440 1851 meliora
1465 1784 1572 1842 dici
1593 1793 1783 1852 posse,
1806 1785 1969 1845 quam

372 1935 494 1993 quas
516 1916 584 1970 ab
602 1870 836 1979 antiquis
854 1904 934 1991 sic
958 1901 1095 1976 bene
1109 1894 1377 1993 disputata
1400 1889 1545 1993 sunt,
1564 1870 1915 1993 :ix‘videa‘n;
1933 1883 1967 1993 ὶι
2010 1886 2059 1946 Β

951 1957 1301 2057 theolog.,tib.
1319 1996 1356 2042 I,
1371 1991 1483 2045 cap.
1506 1972 1557 2038 l,
1574 1967 1733 2083 51'“,
1749 1981 1804 2034 ρ.
1823 1957 1980 2027 151).

373 2059 613 2165 \S—edvdic,
632 2059 838 2167 quaeso,
862 2084 1072 2143 erudite
1090 2074 1363 2167 theologe,
1383 2067 1601 2124 ubinam
1617 2059 1980 2125 Hieronymus

371 2193 571 2253 dixerit
598 2152 971 2259 argumentum
1001 2171 1133 2230 illud
1157 2160 1225 2225 ab
1249 2162 1489 2222 Arnobio
1518 2172 1623 2213 non
1646 2157 1896 2207 accurate
1924 2152 1980 2205 et

372 2287 635 2347 concinne
658 2238 1004 2353 pertractari?
1042 2266 1150 2323 Cur
1166 2264 1332 2319 libros
1369 2256 1485 2327 ejus
1523 2238 1978 2306 luculentissimos

374 2333 633 2347 υνΙΙυ---υσν
658 2333 739 2353 ’ντί
765 2333 787 2334 νγ

374 2380 632 2456 appellat,
654 2373 756 2429 nisi
774 2370 894 2440 quia
916 2380 1012 2421 suo
1029 2353 1360 2417 stabilienda:
1378 2345 1685 2405 christiana:
1698 2333 1977 2408 religionis

1286 2446 1297 2456 .
1338 2444 1357 2456 ³
1420 2442 1451 2456 .‘
1473 2442 1497 2456 ⁵
1545 2430 1810 2456 ιθ---Λ---ιιλ
1844 2442 1977 2456 Ion-un

374 2430 654 2549 piop‘osito
690 2457 1150 2525 abundantissime
1200 2442 1497 2503 satisfecit?
1544 2430 1812 2503 Numquid
1844 2442 1979 2483 vero

416 2520 427 2533 '
445 2520 647 2545 Vr'""
693 2520 703 2522 ν
1020 2522 1021 2525 η

376 2520 577 2642 negare
604 2573 758 2635 potes
783 2557 935 2612 illum
955 2552 1008 2606 in
1022 2541 1302 2604 suislibris
1321 2552 1445 2593 esse
1460 2533 1665 2603 absque
1687 2525 1872 2594 operis
1892 2520 1977 2576 sui

1226 2640 1233 2642 λ
1369 2636 1380 2642 “
1537 2640 1544 2642 -
1646 2641 1653 2642 κ
1706 2641 1713 2642 κ
1752 2622 1807 2642 ,1-
1836 2618 1976 2642 In“...

377 2618 532 2642 ..-οη
556 2618 573 2622 -
606 2618 623 2635 ,
654 2618 657 2619 ν

376 2662 672 2739 partitione
686 2649 993 2713 confusum?
1016 2647 1204 2702 Nonne
1224 2640 1277 2693 in
1300 2636 1477 2708 primo
1498 2640 1551 2685 et
1570 2622 1813 2682 secundo
1836 2618 1978 2674 libro

1072 2738 1095 2739 η
1272 2731 1289 2739 ι
1355 2730 1363 2739 .
1421 2722 1727 2739 ιιηῗινμΔᾉ--
1753 2711 1971 2739 n-‘u-AAm

375 2711 576 2828 ubique
601 2750 799 2823 passim
821 2741 1027 2800 occurit
1048 2738 1139 2792 illa
1161 2726 1444 2790 confusio?
1472 2722 1727 2777 Fateatur
1749 2711 1976 2784 quidem

377 2854 432 2908 in
482 2814 625 2904 libro
652 2840 816 2898 tertio
844 2838 1160 2906 argumenta
1189 2824 1319 2881 satis
1337 2819 1623 2877 concinne,
1642 2820 1699 2867 et
1718 2814 1980 2863 accurate

379 2937 659 3009 distingui.
693 2932 891 3003 verum
922 2926 976 2979 in
1025 2922 1093 2976 iis
1140 2914 1390 2972 omnibus
1418 2907 1617 2964 clarior
1644 2900 1829 2971 utique
1856 2908 1979 2967 par-

380 3036 502 3091 titio
540 2996 906 3085 desideratur.
935 3016 1129 3073 Testes
1173 3021 1363 3066 omnes
1412 2999 1661 3072 appello.
1717 2996 1983 3065 quotquot

382 3128 484 3183 hos
533 3122 701 3177 libros
743 3114 1121 3186 perlegerunt,
1172 3116 1236 3156 ac
1281 3098 1384 3154 nisi
1433 3096 1571 3148 hanc
1610 3087 1981 3145 confusionem

384 3176 920 3290 agnoscant,'illosv
942 3194 1228 3253 aristarchi
1281 3189 1449 3245 nostri
1500 3187 1659 3257 lynce
1711 3176 1983 3251 perapica-

384 3287 560 3367 ciores
588 3302 772 3360 oculos
798 3296 999 3351 habere
1030 3287 1340 3343 fatebimur.

459 3401 625 3459 Nobis
656 3408 818 3467 porro
845 3388 1126 3454 theologus
1168 3398 1197 3433 a
1242 3376 1398 3432 nobis
1439 3370 1686 3427 laudatus
1717 3363 1982 3433 explicet,

390 3498 516 3572 quid
548 3456 723 3548 diserti
754 3484 968 3541 nomine
1000 3476 1299 3544 intelligat:
1326 3472 1369 3523 si
1397 3467 1615 3522 doctam
1646 3475 1709 3516 ac
1732 3456 1981 3527 peritum,

391 3544 469 3649 illi
497 3583 795 3645 Arnobium
846 3577 1109 3631 disertum
1160 3580 1283 3622 esse
1331 3562 1473 3616 ultro
1519 3553 1904 3614 concedimus;
1942 3544 1989 3600 si

396 3687 544 3741 clare
570 3695 633 3735 ac
662 3674 825 3748 polite
858 3671 1169 3740 loquentem
1194 3702 1209 3725 ,
1242 3660 1287 3715 si
1316 3657 1517 3712 bonum
1545 3647 1831 3706 latinitatis
1861 3658 1989 3696 auc-

402 3790 605 3837 torem,
638 3780 917 3839 negamus.
954 3759 1085 3814 ‘Nam
1127 3749 1436 3824 sct"_tionis
1481 3745 1623 3800 illius
1670 3754 1837 3812 genus
1885 3750 1993 3789 non

407 3868 569 3925 modo
617 3857 915 3930 inmquale,
970 3850 1197 3907 nimium
1254 3852 1311 3899 et
1362 3837 1669 3896 redundans
1725 3840 1837 3897 est,
1897 3826 1995 3883 sed

406 3961 569 4018 etiam
612 3919 875 4011 incultum
899 3988 913 4013 ,
963 3942 1096 3999 rude
1116 3983 1131 4007 ,
1164 3935 1467 4007 impolitum
1490 3972 1505 3993 ,
1546 3936 1709 3998 atque
1737 3919 1997 3979 obsoletis

406 4045 816 4123 quampluribns
842 4038 1020 4094 verbis
1050 4034 1243 4089 durum
1266 4037 1316 4083 et
1339 4037 1611 4096 asperum.
1632 4018 1799 4088 Hujus
1818 4023 1997 4070 autem

410 4136 1098 4211 incomptaiuornataeque
1148 4122 1400 4180 dictionis
1428 4116 1699 4187 duplicem
1756 4107 2001 4166 nonnulli

410 4198 647 4292 afferunt
720 4198 1025 4283 rationem.”
1058 4218 1271 4280 Primo,
1332 4213 1456 4283 quia
1506 4204 1776 4265 Arnobius
1830 4198 2005 4272 patria

413 4332 543 4389 Afer
567 4344 689 4385 cum
714 4332 893 4386 esset,
924 4318 1221 4376 africanum
1252 4307 1507 4382 loquendi
1552 4303 1766 4359 modum
1814 4311 1880 4353 eo
1922 4294 2005 4350 fa-

415 4425 570 4481 cilius
597 4428 835 4477 sectatus
861 4425 944 4470 est
963 4455 979 4481 ,
1026 4426 1132 4482 quo
1169 4407 1327 4463 citius
1366 4402 1534 4457 libros
1561 4411 1689 4453 suos
1716 4393 2005 4465 perficere,

420 4532 624 4588 eosque
652 4512 774 4567 fidei
805 4524 916 4565 suze
937 4550 952 4575 ,
980 4514 1039 4561 ut
1074 4502 1185 4574 jam
1232 4496 1565 4560 notavimus,
1615 4488 1833 4545 obsides
1882 4483 2013 4539 dare

422 4575 656 4669 vote-bat.
688 4602 967 4668 Secundo,
999 4600 1114 4653 haec
1144 4598 1258 4666 ipsa
1284 4606 1378 4648 eos
1424 4587 1654 4645 celerius
1694 4575 2011 4637 absolvendi

1618 347 2069 421 DISSERTATIO
2106 336 2388 402 PREVIA

2047 459 2365 518 divisionem
2420 450 2614 506 factam
2677 442 2929 500 vidimus.
2983 437 3343 509 Hieronymus
3386 441 3520 484 vero
3574 424 3646 480 de

2312 557 2500 605 nostro
2530 542 2583 596 in
2612 554 2706 595 sua
2751 536 2819 593 ad
2847 534 3095 605 Magnum
3125 525 3354 599 epistola
3377 513 3604 591 scripsit
3629 533 3648 571 :

2055 670 2074 703 ι
2110 650 2331 720 Septem
2360 642 2527 699 libros
2554 637 2812 693 adversus
2857 641 3079 704 gentes,
3127 623 3463 692 totidemque
3489 612 3655 672 disci-

2050 708 2208 815 pulus
2219 739 2336 809 ejus
2351 731 2661 791 Lactantius
2673 725 2934 785 condidit.
2961 742 2980 777 ι
3008 719 3375 795 (Hieronym,
3392 708 3653 785 epist.85,

2054 855 2177 909 pag.
2202 832 2306 889 656
2326 829 2372 903 ).

3534 302 3649 365 596

2126 893 2483 984 liullaa'utem
2508 921 2562 975 in
2591 917 2803 987 capita,
2855 910 3141 979 nutlasque
3180 906 3235 961 in
3288 900 3557 959 sectiones
3601 893 3663 950 hi

2058 1019 2181 1079 libri
2204 1014 2479 1074 distributi
2508 1025 2759 1082 umquam
2786 1007 3028 1061 fuerunt.
3053 1004 3121 1056 At
3141 999 3260 1054 haec
3284 994 3507 1068 quidem
3529 1002 3666 1045 con-

1903 1137 1957 1177 r.
2055 1116 2246 1185 juncto
2286 1106 2711 1175 continuatoque
2762 1111 3017 1155 sermone
3069 1088 3347 1149 scribendi
3397 1086 3540 1141 ratio
3576 1082 3667 1137 vi-

2061 1208 2219 1264 detur
2247 1218 2355 1259 non
2390 1216 2576 1272 parum
2618 1198 2686 1251 ad
2731 1209 2855 1251 eam
2908 1188 3202 1248 contulisse
3248 1181 3666 1243 confusionem,

1711 1268 1820 1368 ibid
1838 1309 1962 1365 Hie-
2063 1313 2224 1371 quam
2272 1268 2431 1364 paulo
2475 1300 2600 1346 ante
2646 1286 2971 1343 notavimus.
3020 1281 3367 1349 Quapropter
3390 1274 3436 1330 si
3466 1272 3587 1343 quis
3613 1268 3673 1324 in

2065 1406 2202 1448 nova
2231 1387 2407 1456 aliqua
2439 1387 2628 1440 horum
2659 1380 2919 1435 librorum
2950 1374 3191 1431 editione
3217 1384 3315 1425 eos
3335 1409 3352 1435 ,
3385 1364 3533 1438 quod
3562 1376 3677 1417 non

2068 1484 2141 1539 ita
2171 1480 2392 1537 difficile
2417 1486 2529 1545 est,
2581 1476 2632 1529 in
2672 1472 2849 1541 capita
2897 1475 2989 1522 aut
3034 1464 3306 1522 sectiones
3346 1456 3675 1522 distribuat,

2070 1578 2117 1632 is
2144 1588 2277 1630 sane
2302 1578 2358 1629 et
2396 1570 2520 1625 huic
2561 1562 2869 1624 confusioni
2910 1559 3237 1623 medebitur,
3268 1563 3322 1611 et
3348 1550 3570 1609 taedium
3601 1548 3680 1603 la-

2070 1670 2369 1738 boremque
2397 1662 2615 1720 lectoris
2643 1658 2940 1732 plurimum
2966 1650 3289 1709 sublevabit.

2671 1804 2965 1849 ABTICULUS
3002 1803 3080 1843 ιιι.

2083 1939 2160 1989 De
2194 1938 2370 1986 horum
2404 1934 2636 1984 librorum
2675 1928 2983 1990 integritate
3013 1936 3084 1990 ac
3121 1928 3291 1990 textus
3328 1914 3689 1990 corruptione;

2145 1983 2407 2059 utrm—met
2428 1983 2457 2045 a
2479 1996 2659 2057 quibus
2684 1983 2820 2056 plur'a
2834 1983 3443 2059 parnobiusdetibaverit:
3469 1993 3531 2030 an
3553 1987 3693 2042 quat-

2142 2046 2257 2113 iis;
2279 2046 2546 2123 Scriptura:
2569 2046 2720 2107 sacrae
2745 2051 3029 2104 testimonia
3050 2046 3298 2098 citaverit.

2154 2191 2427 2259 [ntegrum
2474 2200 2538 2241 ac
2586 2184 2746 2256 plane
2799 2178 3097 2252 perfectum
3143 2175 3250 2229 hoc
3297 2172 3524 2230 Arnobii
3553 2185 3699 2241 opus

2085 2283 2149 2338 ad
2198 2296 2297 2336 nos
2335 2296 2439 2335 non
2486 2277 2750 2349 pervenit.
2783 2276 2829 2330 Α
2860 2272 3036 2328 doctis
3080 2269 3345 2339 siquidem
3398 2267 3533 2322 viris
3579 2265 3698 2337 jam

2085 2376 2434 2431 observatum
2463 2381 2547 2427 est
2584 2371 2636 2424 in
2669 2369 2814 2424 illius
2845 2358 3179 2434 flne‘aliqnid
3209 2359 3547 2427 desiderari,
3596 2366 3697 2414 aut

2084 2468 2502 2527 detruncatum,
2554 2471 2645 2518 aut
2688 2457 3034 2515 librariorum
3110 2453 3317 2510 incuria
3386 2451 3690 2518 omissum,

2085 2569 2179 2613 aut
2223 2556 2394 2629 quod,
2427 2553 2568 2611 fceda
2613 2552 2854 2624 priorum
2904 2548 3154 2604 codicum
3200 2544 3551 2613 corruptione
3593 2540 3699 2597 de-

2086 2651 2277 2715 letum,
2312 2648 2415 2717 legi
2473 2644 2706 2716 amplius
2757 2657 2867 2698 non
2907 2638 3100 2711 potuit.
3135 2636 3243 2692 Nos
3303 2650 3433 2691 vero
3456 2634 3568 2705 jam
3601 2631 3707 2687 ob-

2087 2742 2420 2798 servavimus
2463 2739 2693 2809 primam
2761 2730 3121 2801 manuscripti
3172 2728 3379 2784 codicis
3424 2726 3556 2798 regii
3605 2739 3706 2795 pa-

2087 2838 2268 2907 ginam
2354 2833 2618 2887 sublatam
2698 2827 2888 2882 fuisse.
2937 2825 2993 2878 ιιι
3051 2822 3216 2877 totius
3261 2830 3445 2876 autem
3515 2818 3709 2887 operis

2090 2930 2195 2983 line
2243 2925 2444 2997 aliquid
2500 2920 2763 2978 similiter!
2798 2917 3266 2990 prmtermissum,
3315 2921 3409 2967 aut
3452 2910 3712 2966 avulsum

2090 3036 2210 3076 esse
2236 3018 2359 3073 inde
2386 3015 2575 3086 colligi,
2618 3020 2828 3082 potest,
2880 3008 3025 3080 quod
3071 3006 3143 3061 ibi
3196 3004 3469 3061 Arnobius
3521 3002 3714 3058 varias

2096 3113 2436 3168 ethnicorum
2482 3106 2754 3171 historias,
2785 3118 2917 3173 quas
2948 3099 3331 3155 miraculorum
3358 3098 3543 3166 plenas
3569 3108 3719 3151 ven-

2090 3207 2365 3269 ditabant,
2413 3200 2533 3257 fuse
2572 3199 2879 3267 invicteque
2930 3194 3157 3258 refellit;
3211 3193 3279 3248 ad
3328 3207 3447 3249 eam
3509 3188 3719 3246 nihilo-

2020 3283 2064 3346 C
2100 3295 2306 3360 minus,
2353 3307 2512 3363 quam
2564 3290 2684 3360 ipse
2713 3302 2779 3342 ex
2811 3284 3077 3355 Capitolio
3124 3283 3231 3337 ictu
3288 3281 3529 3336 fulminis
3577 3294 3718 3350 per-

2092 3388 2275 3449 culso,
2300 3396 2356 3440 ct
2398 3383 2605 3453 dejecta
2637 3379 2785 3434 Jovis
2818 3383 2995 3431 statua
3026 3375 3127 3430 sibi
3154 3374 3433 3445 objeccrat
3458 3372 3569 3439 (lib.
3610 3387 3715 3440 vu,

2095 3496 2215 3551 pag.
2244 3476 2408 3548 245),
2445 3474 2581 3529 nihil
2624 3485 2847 3544 prorsus
2896 3466 3210 3538 reSpondet.
3262 3467 3522 3537 Quamvis
3561 3464 3722 3521 enim

2097 3585 2197 3626 suo
2246 3568 2310 3622 ad
2366 3567 2601 3638 priorem
2654 3563 2934 3619 historiam
2984 3574 3277 3630 t'espnnso,
3335 3560 3467 3615 alias
3520 3572 3723 3614 omnes

2099 3662 2336 3718 funditus
2389 3663 2557 3715 everti
2604 3660 2736 3712 satis
2790 3664 2977 3724 aperte
3023 3653 3321 3725 significet;
3374 3653 3497 3723 quia
3529 3660 3727 3708 tamen

2101 3767 2325 3813 exteras
2355 3769 2547 3809 omnes
2573 3768 2603 3807 a
2634 3766 2693 3807 se
2733 3752 3035 3821 propositas
3078 3748 3390 3817 singillatim
3434 3748 3727 3815 confutat,

2106 3852 2196 3904 vix
2228 3848 2321 3902 ulli
2363 3845 2639 3917 probabile
2689 3844 2780 3897 fiet
2826 3841 2965 3896 hanc
3010 3840 3183 3895 solam
3230 3840 3299 3894 ab
3345 3838 3442 3893 illo
3493 3836 3727 3909 penitus

2105 3950 2361 4003 intactam
2406 3957 2563 4009 esse,
2618 3939 2839 4009 ulloque
2885 3936 3310 4007 prmtermissam
3363 3932 3566 4004 absque
3596 3946 3723 3989 res-

2109 4054 2299 4111 pouso.

2184 4132 2451 4187 Praeterea
2472 4170 2485 4194 ,
2543 4127 2636 4181 ille
2668 4133 2790 4195 post
2838 4122 3003 4178 diluta
3035 4134 3091 4177 et
3133 4133 3327 4177 eversa
3358 4117 3731 4175 Ethnicorum

2114 4231 2456 4295 argumenta,
2500 4234 2567 4274 ex
2601 4214 2971 4282 hujuscemodi
3024 4211 3266 4267 hiStoriis
3316 4211 3521 4281 petita,
3575 4211 3733 4266 solet

2115 4319 2348 4387 aliquam
2398 4320 2589 4367 contra
2613 4310 2737 4365 illos
2784 4317 2839 4363 et
2871 4320 2968 4377 pro
2997 4304 3322 4363 Christianis
3351 4304 3553 4359 elicere
3583 4318 3731 4358 con-

2116 4408 2435 4463 clusionem.
2466 4405 2536 4460 At
2564 4403 2733 4461 sicubi
2768 4416 3000 4471 unquam
3021 4442 3037 4469 ,
3069 4414 3135 4455 eo
3163 4386 3312 4455 cerle
3350 4397 3468 4453 loco
3500 4396 3551 4451 id
3596 4396 3731 4456 fieri

2119 4502 2334 4565 debuit,
2385 4498 2474 4553 ubi
2506 4513 2663 4567 quam
2703 4495 2935 4567 gentiles
2984 4492 3371 4547 validissimam
3426 4490 3732 4561 putabant,

2121 4593 2642 4664 argumentationem
2669 4586 2964 4653 diluendo,
3004 4585 3155 4639 libris
3202 4584 3314 4639 suis
3356 4583 3513 4638 finem
3546 4583 3736 4653 impo-

419 4703 693 4764 festinatio
740 4693 1015 4771 prohibuit
1063 4700 1225 4753 sane,
1273 4685 1559 4758 quominus
1611 4677 1699 4732 ille
1742 4672 1983 4728 sermoni

2118 4690 2244 4744 suit.
2270 4686 2655 4741 Verumtamen
2699 4683 2744 4735 si
2791 4682 2910 4750 quis
2959 4677 3011 4733 id
3054 4677 3154 4748 ipsi
3182 4676 3249 4729 ad
3279 4674 3444 4730 libros
3468 4689 3597 4730 suos
3628 4674 3738 4730 ab—

427 4798 709 4871 elegantize
732 4770 784 4849 et
805 4788 1080 4846 munditia:
1103 4784 1301 4852 ubique
1321 4779 1582 4836 studeret.
1609 4770 1803 4841 Negari
1835 4778 2015 4822 tamen

430 4909 537 4949 non
569 4898 743 4961 potest
774 4884 1001 4956 plurima
1029 4876 1226 4950 passim
1275 4882 1558 4927 occurrere
1607 4875 1761 4935 apte,
1815 4859 2016 4931 polite,

429 4988 705 5053 eleganter
751 4987 805 5034 et
841 4974 1110 5032 rhetorice
1154 4970 1293 5023 dicta
1316 5008 1331 5028 ,
1378 4979 1441 5018 ac
1465 4957 1797 5032 gravissimis
1827 4961 2021 5009 ornata

432 5084 801 5147 illustrataque
832 5072 1008 5128 verbis
1036 5077 1091 5123 et
1118 5060 1418 5121 sententiis.

504 5176 781 5233 Summam
807 5183 937 5223 vero
964 5161 1321 5220 eruditionem
1366 5156 1421 5208 in
1460 5152 1538 5206 eis
1579 5150 1775 5219 passim
1824 5143 2024 5213 ubique

436 5268 841 5328 disseminatam
895 5256 1102 5330 magnis
1156 5252 1400 5324 plerique
1462 5243 1690 5299 efferunt
1746 5236 2018 5295 laudibus.

437 5365 541 5421 Sed
587 5358 859 5417 fatendum
892 5364 974 5410 est
1018 5365 1136 5406 eam
1175 5358 1346 5415 magis
1369 5341 1435 5396 ad
1462 5354 1552 5393 res
1580 5335 1829 5407 profanas
1858 5346 2021 5403 quam

438 5469 653 5520 sacras,
700 5463 920 5520 eo,qno
973 5444 1242 5505 diximus,
1303 5433 1465 5491 modo
1514 5440 1790 5500 spectare,
1833 5426 1909 5480 uti
1950 5438 2021 5479 ex

441 5551 577 5607 infra
604 5541 937 5615 disputandis
960 5539 1053 5593 tiet
1077 5532 1327 5591 omnibus
1354 5527 1484 5583 satis
1512 5519 1876 5578 manifesmm.

512 5643 704 5697 Totum
749 5644 923 5689 autem
951 5644 1085 5700 opus
1110 5627 1177 5681 ab
1208 5625 1437 5694 ipsomet
1464 5614 1704 5673 Arnobio
1730 5623 1935 5683 septem
1964 5610 2020 5663 in

442 5736 607 5793 libros
630 5730 859 5789 divisum
891 5724 1005 5779 fuit.
1051 5718 1202 5790 Quod
1244 5714 1457 5787 quidem
1507 5724 1628 5764 cum
1678 5702 2025 5773 manuscripti

443 5831 671 5895 codicis,
723 5836 834 5880 tum
888 5815 1194 5887 Hieronymi
1242 5808 1560 5866 auctoritate
1604 5801 2026 5861 luculentissima

448 5923 717 5994 probatur.
753 5916 871 5973 1am
915 5911 1058 5968 enim
1110 5908 1164 5962 in
1220 5912 1403 5960 vetere
1448 5898 1598 5970 regio
1648 5893 1835 5954 codice
1889 5893 2027 5948 hanc

2122 4778 2410 4835 solveudos
2465 4774 2734 4829 festinanti
2784 4770 3054 4826 excidisse
3107 4766 3620 4832 contendat,.huic
3679 4767 3741 4823 si

2122 4872 2263 4929 istud
2292 4878 2436 4927 recte
2468 4864 2802 4940 probaverit,
2834 4879 2940 4919 non
2988 4862 3392 4917 reluctabimur.
3426 4858 3530 4915 Sed
3573 4861 3742 4930 prius

2128 4967 2435 5022 meminisse
2457 4962 2619 5017 debet
2650 4958 2884 5014 Arnobio
2917 4972 2945 5011 a
2969 4960 2980 5007 t
3011 4954 3442 5021 conclusionem,
3468 4968 3534 5008 ex
3561 4952 3740 5012 dictis

2132 5061 2243 5116 suis
2274 5060 2341 5115 ibi
2371 5055 2697 5119 eruendatn,
2734 5068 2840 5108 non
2880 5051 3046 5107 multa
3079 5052 3322 5120 proiecto
3370 5061 3506 5118 Opus
3557 5047 3742 5106 fuisse

2132 5169 2279 5209 mora
2307 5162 2360 5207 et
2386 5148 2751 5205 cunctatione.

2202 5245 2439 5314 Longum
2470 5243 2687 5311 insuper
2712 5236 3070 5309 fragmentum
3092 5276 3108 5300 ,
3152 5233 3362 5289 duabus
3389 5243 3445 5289 et
3491 5235 3741 5304 amplius

2130 5338 2339 5409 paginis
2369 5334 2853 5403 comprehensum,
2886 5330 3116 5401 legimus
3144 5327 3269 5383 libri
3299 5327 3517 5383 secundi
3548 5328 3739 5401 initio,

2130 5432 2198 5486 ab
2261 5430 2343 5483 his
2390 5429 2569 5483 verbis
2613 5444 2625 5479 :
2681 5424 2748 5479 Et
2798 5441 2896 5478 non
2951 5426 3177 5477 omnium
3231 5423 3468 5476 virtutum
3515 5438 3739 5496 amore,

2133 5540 2302 5596 usque
2322 5523 2531 5578 adilla:
2564 5520 2891 5590 impendeant
2911 5517 3183 5573 credituri:
3209 5516 3320 5589 (lib.
3354 5532 3422 5581 ll,
3452 5534 3575 5589 pag.
3609 5520 3739 5593 45),

2131 5616 2274 5683 quod
2323 5616 2375 5670 in
2422 5613 2789 5681 manuscripto
2830 5610 3019 5665 codice
3047 5618 3105 5665 et
3133 5607 3371 5678 antiquis
3398 5606 3740 5669 editionibus

2134 5708 2523 5777 transpositam
2569 5704 2766 5761 fuerat.
2800 5701 2875 5758 Ibi
2908 5716 3142 5771 namque
3175 5715 3235 5755 ea
3267 5698 3446 5755 omnia
3473 5717 3596 5771 quae
3636 5702 3739 5759 ha-

2138 5802 2355 5868 bentur,
2389 5799 2614 5856 Arnobii
2668 5800 2835 5855 textui
2871 5796 3022 5853 nullo
3054 5797 3215 5866 plane
3240 5793 3401 5850 modo
3425 5797 3731 5858 cohaerent.

2134 5894 2499 5965 Quamobrem
2544 5894 2598 5952 in
2640 5893 2845 5951 ultimis
2888 5888 3221 5949 editionibus
3250 5887 3459 5961 singula
3494 5906 3739 5966 quaeque
