3918 6388
241 431 325 488 397
1465 417 1532 475 IN
1572 409 1943 475 ARNOBIUM.
1985 411 2139 468 CAP.
2181 407 2244 465 ll.

3388 413 3492 472 598

241 548 341 603 loco
365 558 453 601 suo
470 544 593 600 satis
614 542 868 614 apposite
888 539 1132 596 restituta
1148 538 1418 602 videntur,
1447 536 1529 592 his
1551 533 1792 604 exceptis

1903 548 1922 581 ι
1961 529 2332 599 Numquamne
2355 519 2486 583 illud
2515 527 2789 599 vulgatum
2840 527 3160 596 perstrinxit
3183 542 3343 585 aures
3373 545 3496 586 vcs-

237 639 388 694 verbis
417 657 429 692 :
460 648 511 690 ut
538 651 637 690 non
678 637 734 690 in
778 643 987 688 cunctos
1015 633 1182 686 lumen
1209 641 1254 684 et
1283 627 1606 700 pratenderit
1635 627 1751 680 vitta
1769 667 1785 694 ,

239 736 558 811 ctpcriculttm
602 734 944 807 ignoratianis
985 733 1264 798 amouerit;
1313 745 1432 802 quae
1460 728 1680 800 quidem
1734 725 1791 782 in

236 828 516 900 quibusdam
544 828 873 885 editionibus
899 825 1097 883 omissa
1117 869 1131 894 ,
1162 835 1218 883 et
1245 823 1297 880 in
1326 824 1516 879 ultima
1546 821 1788 878 editione

237 923 342 977 loco
360 921 522 977 adhuc
549 921 723 976 alieno
753 921 956 976 inserta
979 934 1140 975 nemo
1165 916 1412 973 fortassis
1448 914 1785 971 diiﬁtebitur.

234 1012 396 1069 Nonne
421 1023 596 1068 autem
622 1012 674 1067 id
722 1012 929 1068 indicio
973 1011 1115 1066 haud
1156 1010 1316 1080 plane
1357 1009 1590 1066 obscuro
1637 1005 1790 1061 nobis

235 1115 305 1162 est
327 1106 520 1161 illorum
547 1147 561 1172 ,
588 1104 679 1176 qui
710 1103 916 1160 ultimis
948 1107 1140 1158 horum
1170 1102 1434 1158 librorum
1462 1094 1793 1157 editionibus

235 1197 565 1267 prteruerunt,
598 1197 816 1266 propria
861 1193 1186 1251 auctoritate
1231 1193 1422 1248 factam
1450 1192 1618 1248 fuisse
1645 1201 1789 1263 prre-

237 1300 470 1359 posteram
499 1289 643 1345 illius
669 1287 953 1360 lragmenti
982 1289 1400 1344 restitutionem.

291 1381 432 1437 Aliud
463 1396 620 1453 porro
649 1389 778 1437 ante
821 1382 986 1436 linem
1037 1379 1160 1435 libri
1206 1379 1423 1450 septimi
1453 1387 1794 1449 segmentum

233 1476 288 1531 ab
310 1477 382 1530 his
408 1477 580 1533 verbis
607 1494 621 1532 :
647 1475 772 1531 Non
797 1476 930 1531 imus
956 1475 1165 1544 inﬁcias
1185 1517 1200 1542 ,
1253 1483 1425 1545 usque
1455 1470 1524 1529 ad
1569 1473 1656 1528 illa
1707 1473 1792 1527 itt-

231 1569 406 1624 clusive
435 1587 450 1622 :
481 1567 609 1624 Post
635 1570 903 1634 aduectos,
939 1577 1070 1634 etc.,
1119 1568 1171 1622 in
1203 1567 1571 1637 manuscripto
1607 1563 1795 1622 codice

231 1661 358 1732 regio
378 1669 430 1717 et
452 1662 841 1732 antiquissimis
867 1660 1200 1718 editionibus
1230 1657 1538 1729 exhibetur,
1588 1661 1642 1714 in
1687 1673 1796 1731 quo

229 1754 392 1824 plura,
443 1770 560 1825 quae
610 1756 761 1826 prius
808 1753 1068 1826 dispersis
1113 1754 1167 1809 in
1196 1754 1328 1809 locis
1351 1753 1496 1809 dicta
1541 1747 1792 1820 fuerant,

231 1847 425 1904 totidem
464 1848 648 1905 verbis
702 1850 898 1905 iterum
944 1849 1216 1918 descripta
1250 1853 1395 1903 sunt.
1426 1847 1793 1918 Quapmpter.

1895 633 2009 679 tras
2067 642 2079 678 :
2138 623 2470 692 Sapientiam
2538 621 2773 678 hominis
2830 622 3111 677 stultitiam
3166 637 3288 679 esse
3344 623 3491 692 apud

1892 717 2060 772 Deum
2091 734 2112 768 ι
2149 714 2389 787 (Arnob.,
2419 714 2510 768 lib.
2535 729 2605 782 ll,
2653 730 2774 786 pag.
2807 713 2960 784 46.)?
3012 714 3296 798 Sumptum
3343 715 3494 773 enim

1891 809 2158 880 aliquibus
2189 808 2328 864 haud
2362 807 2636 864 immerito
2687 807 2984 873 videbitur,
3031 823 3096 864 ex
3130 810 3212 866 his
3239 803 3390 864 Pauli
3418 810 3490 866 ad

1893 901 2200 958 Corinthios
2233 903 2447 959 verbis:
2484 903 2756 974 Sapientia
2779 903 2934 972 hujus
2963 904 3140 958 mundi
3171 904 3388 959 stultitia
3414 915 3492 961 est

1893 996 2033 1065 apud
2080 997 2247 1050 Deum
2279 997 2332 1067 (Ι
2371 1002 2438 1050 ad
2481 994 2739 1060 Corinth.,
2771 1012 2809 1060 ι,
2836 997 2948 1067 19).
2975 995 3278 1067 Utcumque
3312 1007 3495 1055 autem

1894 1104 1982 1144 res
2008 1104 2064 1143 se
2097 1089 2324 1151 habeat,
2356 1088 2452 1143 vix
2485 1088 2653 1144 ullum
2698 1087 2846 1143 aliud
2878 1089 2930 1143 in
2961 1087 3215 1143 omnibus
3262 1089 3494 1146 Arnobii

1896 1181 2048 1237 libris
2076 1181 2444 1238 testimonium
2478 1179 2741 1250 invenies,
2775 1197 2842 1238 ex
2873 1197 3026 1238 sacra
3057 1182 3336 1253 Scriptura
3365 1183 3498 1239 toti-

1895 1273 2017 1330 dem
2045 1274 2217 1344 ipsius
2240 1273 2443 1342 verbis,
2475 1274 2562 1329 vel
2590 1275 2828 1330 auctoris
2860 1275 3077 1330 nomine
3106 1276 3355 1330 citatum.
3387 1274 3496 1331 No-

1897 1366 1995 1421 luit
2023 1367 2222 1437 itaque,
2247 1379 2435 1437 aperta
2454 1367 2700 1436 ejusdem
2727 1382 2898 1424 sacra:
2926 1368 3220 1440 Scriptura:
3249 1370 3497 1425 auctori-

1897 1469 2028 1529 tate,
2081 1462 2342 1521 a‘dversus
2372 1465 2618 1522 ethnicos
2671 1465 2966 1533 dimicare,
3021 1470 3273 1538 quamvis
3315 1469 3407 1524 alii
3442 1470 3501 1526 in

1897 1554 2086 1611 iisdem
2135 1558 2395 1615 adversus
2446 1560 2570 1615 illos
2615 1561 3073 1631 disputationibus
3138 1562 3368 1620 feliciter
3417 1563 3505 1621 usi

1897 1647 2026 1704 sint.
2061 1649 2224 1707 Suam
2254 1654 2454 1725 quippe
2501 1653 2764 1712 adversus
2810 1655 3060 1712 homines
3114 1656 3261 1713 illam
3309 1672 3504 1730 asper-

1899 1753 2114 1812 nantes,
2144 1760 2366 1816 operam
2399 1747 2627 1818 perdere
2654 1748 2797 1804 haud
2827 1749 2988 1806 dubie
3010 1750 3320 1808 verebatur.

1969 1833 2335 1904 Quamobrem
2385 1839 2643 1912 pleraque
2687 1841 2868 1897 omnia
2919 1841 3118 1899 Christi
3152 1845 3414 1900 miracula
3448 1846 3504 1903 in

228 1940 536 1997 Stevvechius
555 1939 612 1997 in
636 1956 734 1997 sua
765 1938 956 1996 horum
984 1939 1210 1997 Arnobii
1240 1937 1502 1995 librorum
1529 1938 1791 2006 editione,
1825 1939 1873 2000 Β
1899 1923 2050 1983 “Oili.
2075 1928 2408 1986 TeSlamenli
2459 1932 2614 1989 libris
2659 1933 2934 2006 descripta
2957 1978 2972 2000 ,
3019 1950 3128 1991 non
3163 1943 3269 1991 lam
3298 1953 3366 1993 ex
3397 1937 3507 1995 illis

229 2049 279 2088 ea
319 2036 487 2090 omnia
535 2035 604 2090 ad
658 2035 842 2107 operis
887 2034 1095 2091 calcem
1146 2024 1450 2104 rejecit.'ln
1504 2032 1796 2103 postremis

226 2144 334 2184 vero
374 2127 702 2184 editionibus
763 2128 979 2200 penitus
1038 2127 1251 2183 'omissa
1319 2137 1468 2182 sunt.
1520 2125 1630 2182 Sed
1675 2125 1796 2181 haec

225 2220 419 2274 emissio
449 2221 652 2289 notari,
711 2229 803 2276 aut
839 2219 990 2276 illius
1028 2214 1209 2290 aliqua
1253 2218 1444 2275 saltem
1473 2217 1613 2273 ratio
1642 2213 1797 2273 reddi

222 2315 440 2372 debebat.

279 2407 482 2476 Qumret
501 2409 739 2466 fortasse
763 2404 960 2480 aliquis
978 2418 1075 2463 cur
1100 2402 1352 2462 librarius
1374 2413 1482 2461 tam
1505 2405 1796 2461 absurdum

219 2499 551 2573 fragmentum
586 2504 639 2558 in
673 2497 897 2558 Arnobii
933 2507 1138 2557 textum
1183 2499 1460 2556 intrudere
1489 2513 1657 2554 ausus
1702 2497 1794 2552 sit.

220 2593 309 2647 Sed
338 2593 712 2664 hujuscemodi
748 2593 1073 2649 temeritatis
1119 2602 1340 2647 causam
1386 2589 1630 2663 proferre
1656 2588 1798 2646 diffi-

217 2685 450 2744 cillimum
491 2697 599 2745 est.
633 2687 827 2744 Nonne
858 2696 1041 2745 tamen
1069 2680 1213 2744 haud
1240 2687 1423 2759 inepte
1451 2686 1555 2742 dici
1601 2687 1800 2758 poterit

217 2778 474 2847 quamdam
499 2778 553 2835 in
590 2781 760 2852 priori
782 2777 1083 2837 arnobiano
1111 2773 1324 2847 codice,
1358 2787 1425 2835 ex
1452 2790 1561 2851 quo
1591 2779 1798 2850 primus

215 2871 437 2929 librarius
484 2890 650 2930 suum
704 2876 1078 2946 transcripsit,
1132 2873 1311 2931 fuisse
1359 2872 1650 2942 lacunam,
1705 2882 1800 2931 aut

213 2965 351 3023 verba
379 2976 656 3025 vetustate
677 3011 694 3035 ,
744 2979 839 3025 aut
883 2969 994 3025 alio
1039 2969 1224 3040 aliquo
1254 2985 1386 3026 casu
1426 2965 1642 3038 deleta,
1674 2985 1797 3042 quas

212 3054 290 3112 ille
329 3075 540 3131 quoquo
596 3060 814 3117 tandem
868 3059 1032 3117 modo
1077 3061 1334 3132 supplere
1382 3060 1581 3129 voluit,
1615 3073 1671 3116 ut
1700 3077 1795 3117 co-

213 3147 362 3204 dicem
383 3165 540 3208 suum
566 3153 781 3224 majore
810 3153 1074 3209 venderet
1096 3155 1274 3223 pretio
1294 3195 1309 3219 ,
1342 3158 1398 3209 et
1424 3153 1678 3208 omnibus
1711 3156 1795 3208 in-

214 3250 396 3314 tegrum
431 3261 560 3302 esse
607 3243 1004 3317 persuaderet?
1047 3243 1121 3303 Ut
1165 3254 1223 3301 ut
1251 3244 1357 3312 sit,
1389 3238 1506 3301 haec
1533 3259 1642 3301 non
1674 3260 1797 3303 esse

210 3336 405 3392 Amobii
431 3336 722 3393 monuisse
749 3336 1002 3394 sufﬁciat.

272 3428 500 3486 Plurima
523 3437 712 3485 autem
736 3431 790 3485 in
811 3430 1004 3486 eodem
1027 3426 1252 3487 Arnobil
1276 3437 1427 3487 testu
1450 3425 1566 3487 loca
1594 3430 1794 3500 passim

207 3532 513 3589 occurrunt,
554 3537 590 3576 a
623 3521 846 3578 librario
875 3521 1143 3579 oscitante
1173 3531 1227 3579 et
1255 3525 1444 3595 ignaro
1485 3523 1627 3580 {aede
1668 3538 1794 3579 cor-

205 3625 363 3686 rupta.
389 3615 496 3672 Sed
527 3629 599 3672 ea
625 3615 936 3685 singulatim
962 3627 1248 3673 recensere
1279 3625 1388 3672 tam
1416 3616 1574 3672 nobis
1601 3616 1791 3685 facile,

204 3724 345 3778 quam
371 3709 493 3766 aliis
527 3708 830 3766 molestum
870 3707 1014 3764 haud
1041 3707 1201 3764 dubie
1229 3708 1387 3765 foret.
1417 3709 1465 3764 Α
1496 3720 1604 3764 tam
1633 3709 1793 3780 longa

203 3803 362 3875 itaque
388 3804 614 3860 illorum
643 3804 1056 3860 enumeratione
1095 3819 1238 3859 nunc
1280 3820 1346 3860 eo
1375 3804 1649 3861 lubentius
1692 3803 1791 3860 ab-

200 3897 442 3951 stinemus
465 3936 484 3963 ,
529 3907 647 3966 quo
698 3894 927 3950 inferius
972 3897 1244 3966 praecipua
1272 3905 1450 3953 errata
1481 3897 1791 3970 corrigendi

201 3996 245 4040 et
292 3986 627 4044 emendandi
677 3989 1036 4059 opportunior
1083 3987 1374 4047 identidem
1427 3990 1643 4047 dabitur
1693 4009 1788 4050 oc-

195 4081 340 4134 casio.

252 4169 556 4230 Observare
587 4173 805 4228 interim
821 4173 974 4244 juvat
1001 4184 1104 4230 nec
1125 4186 1329 4246 paucos
1349 4217 1365 4243 ,
1395 4185 1497 4232 nec
1525 4177 1790 4249 ignobiles

191 4266 233 4318 in
257 4263 334 4320 bis
355 4266 510 4322 libris
543 4265 619 4322 ab
643 4266 886 4322 Arnobio
917 4278 1168 4323 anetores
1189 4268 1365 4324 citari.
1396 4270 1467 4325 At
1491 4284 1558 4326 ex
1578 4270 1790 4327 duobus

192 4357 434 4426 imprimis
456 4401 470 4424 ,
505 4357 779 4414 Cicerone
808 4367 864 4414 et
888 4359 1170 4416 Clemente
1195 4360 1566 4418 Alexandrino
1591 4405 1606 4430 ,
1651 4378 1789 4433 quo-

188 4462 289 4505 rum
321 4451 564 4522 primum
613 4451 812 4508 alicubi
859 4467 1154 4522 expresso,
1209 4454 1443 4510 alterum
1493 4469 1788 4526 suppresso

191 4546 387 4602 nomine
409 4548 645 4613 laudnt,
688 4546 919 4617 plurima
946 4546 1223 4604 delibavit.
1253 4548 1425 4618 Quam
1453 4552 1622 4606 multa
1659 4565 1789 4608 vero

185 4653 244 4693 ex
268 4642 541 4700 Cicerone
572 4643 942 4713 decerpserit,
984 4645 1163 4700 disces
1227 4645 1310 4702 his
1365 4646 1676 4718 Hieronymi
1719 4649 1787 4704 ad

1901 2021 2421 2097 deprompta,quam
2444 2041 2511 2083 ex
2533 2036 2705 2092 certa,
2724 2028 2999 2085 constanti
3028 2044 3092 2086 ac
3119 2029 3327 2100 publica
3362 2031 3507 2089 fama

1900 2126 1953 2173 et
1983 2120 2224 2174 omnium
2258 2119 2603 2178 confessione
2632 2122 2858 2193 probata
2884 2125 3152 2196 proponit.
3183 2125 3254 2181 At
3279 2126 3502 2197 alicubi,

1900 2218 1959 2264 ut
1983 2208 2036 2264 id
2058 2211 2239 2267 obiter
2263 2213 2639 2282 observemus,
2668 2216 2736 2271 de
2759 2217 2988 2286 panibus
3018 2233 3047 2273 a
3077 2217 3298 2275 Christo
3325 2221 3509 2278 multi-

1902 2303 2115 2373 plicatis
2136 2306 2216 2361 sic
2247 2306 2528 2378 loquitur:
2555 2327 2574 2361 ε
2601 2308 2954 2381 Sequentium
2978 2326 3039 2368 se
3055 2313 3221 2369 millia
3243 2315 3504 2387 quinque,

1901 2397 2141 2469 quinque
2170 2401 2436 2456 saturavit
2463 2402 2711 2472 panibus,
2748 2419 2812 2460 ac
2844 2421 2912 2461 ne
2943 2420 3068 2462 esse
3098 2409 3385 2480 praestigim
3416 2409 3506 2464 in-

1901 2489 2140 2546 credulis
2175 2491 2287 2546 illis
2317 2489 2635 2550 viderentur
2661 2505 2715 2552 et
2735 2494 2887 2552 duris
2907 2540 2922 2566 ,
2948 2499 3032 2554 bis
3061 2514 3315 2556 senarum
3344 2517 3505 2573 spor—

1900 2591 2075 2640 tarum
2106 2586 2261 2643 sinus
2308 2587 2660 2660 reliquiarum
2718 2590 3072 2661 fragminibus
3127 2597 3439 2667 aggerebat.
3479 2621 3501 2651 ρ

1901 2672 2041 2750 (Lib.
2074 2693 2110 2745 ι,
2148 2697 2267 2753 pag.
2301 2680 2423 2753 26).
2454 2674 2524 2740 At
2556 2682 2610 2739 in
2644 2677 2882 2741 Matthmi
2917 2687 3192 2759 Marcique
3210 2689 3510 2764 Evangelio

1901 2770 2130 2840 legimus
2160 2790 2174 2826 :
2209 2772 2418 2846 Septem
2458 2793 2713 2847 panes....
2740 2788 2787 2833 et
2824 2781 2962 2851 quod
2988 2784 3243 2855 superfuit
3270 2784 3334 2840 de
3359 2786 3509 2857 [rag-

1902 2863 2086 2920 mentis
2127 2865 2354 2921 tulerunt
2398 2878 2592 2940 septem
2631 2880 2834 2940 sportas
2889 2872 3265 2945 plenas.Apnd
3300 2876 3502 2936 Lucam

1901 2973 2070 3013 vero:
2098 2959 2334 3031 Acceptis
2356 2962 2578 3033 quinque
2608 2965 2856 3034 panibus.
2880 3005 2895 3020 .
2919 3008 2930 3020 .
2955 3009 2968 3022 .
3022 2977 3070 3022 et
3119 2969 3378 3025 sublatum
3428 2980 3508 3028 est

1902 3050 2039 3121 quod
2065 3055 2325 3122 superfuit
2349 3051 2456 3109 illis
2491 3053 2702 3126 cophini
2731 3057 3021 3112 duodecim.
3080 3057 3323 3133 Denique
3362 3064 3508 3134 apud

1901 3140 2166 3197 Joannem
2194 3161 2206 3197 :
2240 3143 2567 3216 Collegerunt
2589 3163 2710 3218 ergo
2730 3189 2745 3215 ,
2795 3161 2843 3206 et
2869 3150 3209 3221 impleverunt
3235 3153 3508 3212 duodecim

1903 3235 2150 3307 cophinos
2176 3235 2585 3308 fragmentorum
2607 3256 2674 3296 ea:
2693 3241 2916 3311 quinque
2942 3245 3158 3313 panibus
3184 3246 3506 3304 hordeaceis.

1825 3334 1869 3398 ο
1902 3327 2114 3398 (Matth.
2144 3345 2237 3396 xv,
2265 3329 2334 3386 54
2365 3339 2421 3387 et
2449 3346 2598 3402 seq.;
2633 3331 2826 3400 Μαι-οη
2856 3349 2969 3401 vut,
2999 3335 3032 3391 6
3053 3346 3109 3393 et
3129 3353 3317 3410 seqq.;
3348 3339 3509 3410 Luc.,

1899 3437 1980 3489 ix,
2012 3423 2111 3488 i7;
2143 3421 2304 3479 Joan.
2327 3466 2342 3491 ,
2369 3440 2422 3479 vi
2452 3466 2468 3492 ,
2503 3426 2616 3496 13).
2647 3427 2810 3497 Atqui
2841 3437 3049 3499 septem
3081 3440 3304 3500 Spartae,
3329 3443 3387 3490 ut
3415 3435 3513 3490 ali-

1897 3514 1988 3584 qui
2019 3525 2371 3584 annotarunt,
2405 3515 2547 3588 plus,
2583 3532 2743 3589 quam
2785 3520 3072 3578 duodecim
3116 3523 3383 3595 cophinos
3413 3541 3508 3582 ca.

1899 3607 2134 3674 piebant.
2173 3608 2307 3666 Vide
2335 3623 2465 3682 ergo
2496 3621 2676 3666 utrum
2709 3613 2983 3672 Arnobius
3009 3659 3023 3683 ,
3062 3632 3184 3673 cum
3219 3620 3335 3677 haec
3363 3623 3502 3678 scri-

1897 3697 2072 3767 beret,
2099 3703 2380 3755 memoris:
2411 3701 2599 3773 lapsu,
2630 3717 2830 3762 nomen
2859 3718 3155 3778 sportarum
3185 3719 3286 3783 pro
3312 3713 3507 3786 cophi-

1932 3807 2086 3848 orum
2118 3792 2192 3848 ibi
2222 3795 2484 3865 posuerit.

2509 3930 2804 3972 ARTICULUS
2826 3932 2901 3972 ιν.

2080 4048 2158 4101 De
2179 4051 2468 4115 quibusdam
2493 4056 2744 4106 erroribus
2772 4055 2993 4110 Arnobio
3028 4063 3304 4128 adscriptis.

1981 4173 2196 4236 Nemini
2243 4191 2391 4238 certe
2435 4184 2628 4240 mirum
2680 4185 2852 4242 videri
2902 4186 3126 4247 deberet
3174 4192 3500 4267 Arnobium,

1892 4270 2130 4327 nondum
2161 4272 2396 4342 perfecta
2424 4274 2629 4333 divina:
2658 4277 2954 4350 Scripturze
2991 4292 3388 4358 Sacrorumque'
3412 4305 3502 4346 re-

1893 4363 2106 4433 ligionis
2131 4377 2330 4422 nostra:
2368 4372 2749 4440 mysteriorum
2783 4373 2971 4429 notitia
3006 4375 3352 4434 informatum
3375 4423 3392 4448 ,
3439 4383 3495 4439 in

1891 4456 2174 4529 quosdam,
2207 4476 2328 4514 cum
2362 4461 2461 4518 hos
2488 4463 2653 4519 libros
2682 4468 3071 4538 componebat,
3099 4471 3388 4544 impegisse
3414 4491 3502 4532 er-

1891 4566 2075 4636 rorum
2098 4555 2367 4623 scopulos.
2388 4553 2582 4612 Utrum
2600 4567 2777 4614 autem
2793 4560 2916 4630 jure
2938 4563 3023 4618 vel
3049 4565 3244 4636 injuria
3275 4567 3494 4627 illorum

1889 4634 2194 4710 accusetur,
2227 4649 2645 4717 expendendum
2677 4661 2781 4706 cst.
2816 4651 3034 4710 Primus
3077 4634 3258 4728 itaque
3285 4659 3336 4715 in
3373 4675 3492 4717 me-

188 4728 416 4802 llagnum
449 4735 643 4791 verbis
676 4752 689 4787 :
724 4736 866 4801 Quos
887 4775 901 4802 ,
938 4735 1163 4793 Aruoin
1192 4737 1387 4804 libros,
1423 4739 1468 4793 si
1509 4741 1676 4812 tegere
1698 4757 1784 4794 vo-
1813 4743 1868 4804 1)
1892 4738 2037 4792 dium
2066 4737 2292 4808 prodeat
2322 4741 2811 4816 llieronymus,qui
2836 4745 2903 4802 ad
2926 4739 3358 4820 Tranquillinum
3381 4753 3498 4812 hzcc

187 4825 360 4894 lucris,
417 4827 766 4900 dialogorum
826 4825 1122 4894 Ciceronis,
1179 4829 1433 4886 videlicet
1490 4831 1558 4887 de
1587 4831 1789 4889 Natura

187 4916 391 4976 deorum
423 4925 482 4977 in
509 4927 589 4977 eis
613 4922 861 4996 ἕπιτόμην
910 4925 1130 4994 reperies
1181 4919 1526 4998 (Hieronym.
1550 4969 1564 4990 ,
1629 4929 1783 4998 epist.

186 5029 396 5081 uniti,
447 5019 524 5072 ad
574 5016 754 5088 Magn.
777 5058 792 5083 ,
839 5033 959 5088 pag.
991 5016 1142 5091 656).
1175 5016 1306 5086 Quae
1347 5031 1529 5074 autem
1562 5034 1626 5075 ex
1659 5020 1789 5075 Cle-

188 5122 351 5166 mente
397 5111 785 5170 Alexandrino
826 5122 1013 5167 auctor
1045 5124 1231 5170 nOSter
1262 5113 1476 5181 hausit,
1511 5131 1572 5171 ea
1608 5133 1674 5172 ex
1706 5117 1787 5186 ip.

185 5200 284 5256 sius
321 5203 388 5258 ad
420 5203 656 5260 Graecos
699 5201 1068 5262 admonitione
1101 5215 1373 5262 mutuatus
1418 5215 1520 5263 est.
1569 5208 1789 5279 Singula

190 5307 363 5365 porro,
395 5312 530 5369 qua:
558 5311 624 5352 ex
661 5306 892 5368 utroque
913 5299 1177 5370 scriptore
1207 5315 1334 5355 suos
1364 5299 1417 5356 in
1445 5301 1614 5357 libros
1644 5308 1792 5356 tran-

186 5392 348 5457 stulit,
401 5406 536 5448 cum
583 5390 724 5446 intra
771 5407 800 5444 a
852 5391 1006 5449 nobis
1057 5393 1377 5463 exponenda
1424 5395 1562 5459 sint,
1610 5394 1693 5448 his
1721 5409 1791 5449 ne

187 5485 360 5540 eadem
386 5493 716 5557 repetamus
735 5525 752 5553 ,
784 5499 924 5541 nunc
948 5485 1299 5543 recensendis
1324 5486 1787 5558 supersedendum

187 5577 453 5636 duximus.

250 5672 401 5730 Nulla
429 5682 611 5731 autem
643 5672 727 5731 his
770 5675 824 5730 in
851 5673 1004 5732 libris
1031 5689 1286 5746 expressa
1304 5717 1320 5742 ,
1349 5683 1440 5731 aut
1469 5674 1634 5729 citato
1663 5686 1795 5728 auc-

192 5766 568 5834 wrisnomine,
586 5767 900 5826 testimonia
921 5781 1094 5825 sacrae
1117 5767 1408 5841 Scripturae
1429 5765 1671 5838 protulit,
1689 5765 1793 5820 nisi

194 5856 314 5915 iilud
341 5860 493 5932 quod
518 5878 619 5919 non
649 5871 763 5919 tam
791 5879 860 5919 ex
890 5877 1050 5919 sacro
1079 5863 1262 5934 aliquo
1287 5864 1554 5933 scriptore
1575 5904 1589 5929 ,
1630 5851 1793 5931 Quam

196 5964 250 6005 εἴ
295 5955 530 6025 quodam
573 5957 787 6031 vulgari
840 5971 1099 6016 sermone
1129 5955 1434 6028 profectum
1474 5953 1788 6026 significat:

1893 4833 2106 4902 scripsit
2132 4831 2184 4887 in
2218 4833 2420 4890 verba:
2458 4855 2478 4889 ‹
2512 4835 2626 4909 Ego
2653 4839 2945 4911 Origenem
2978 4856 3197 4915 propter
3227 4848 3494 4905 eruditio-

1895 4936 2017 4979 nem
2049 4925 2127 4979 sic
2154 4925 2422 4980 interdum
2457 4927 2739 4999 legendum
2769 4933 3026 5002 arbitror,
3058 4939 3329 5008 quomodo
3357 4939 3496 4997 Ter-

1894 5017 2209 5085 tullianum,
2255 5018 2557 5088 Novatum,
2607 5026 2939 5094 Arnobium,
2987 5030 3390 5100 Apollinarem,
3445 5046 3504 5094 et

1893 5111 2179 5166 nonnullos
2219 5111 2619 5170 ecclesiasticos
2657 5119 2991 5188 scriptores;
3046 5134 3101 5177 ut
3132 5125 3266 5180 bona
3300 5141 3492 5183 corum

1893 5207 2184 5277 seligamus
2207 5250 2222 5274 ,
2255 5208 2597 5280 vitemusque
2623 5215 2898 5269 contraria
2924 5256 2940 5282 ,
2984 5215 3140 5284 juxta
3171 5221 3490 5291 Apustolum

1895 5301 2162 5357 dicentem
2189 5319 2202 5355 ε
2235 5303 2426 5357 Omnia
2457 5304 2706 5376 probate,
2749 5308 2890 5378 quod
2924 5309 3122 5366 bonum
3152 5319 3236 5370 est
3255 5325 3434 5372 tenete
3468 5335 3488 5370 ι

1890 5392 2256 5467 (Ηίενοηψηη
2289 5398 2438 5468 epist.
2474 5397 2577 5466 56,
2609 5401 2678 5453 ad
2706 5399 2996 5472 Tranquill.
3021 5447 3036 5474 ,
3073 5422 3191 5480 pag.
3228 5409 3379 5482 589).
3414 5410 3495 5468 Ita

1895 5503 2025 5544 sane
2052 5489 2284 5544 eximius
2312 5490 2400 5545 ille
2427 5491 2507 5546 vir
2535 5493 2781 5563 quaedam
2806 5497 2858 5551 in
2880 5497 3103 5554 Arnobii
3132 5503 3329 5568 nostri,
3355 5504 3498 5560 sicut

1899 5592 1954 5636 et
1982 5581 2208 5635 aliorum
2238 5585 2593 5652 quorumdam
2638 5587 2789 5645 libris
2823 5589 3064 5647 cavenda
3095 5606 3218 5649 esse
3244 5609 3345 5651 nos
3373 5611 3493 5653 mo-

1898 5674 2053 5727 deste
2082 5672 2381 5730 admonuit.

1970 5765 2169 5821 Verum
2224 5768 2556 5826 recentiores
2598 5772 2816 5843 quidam
2849 5786 2957 5833 non
2987 5786 3096 5834 tam
3127 5782 3266 5851 animi
3285 5822 3301 5850 ,
3331 5791 3496 5854 atque

1897 5857 2278 5931 llieronymus,
2309 5863 2361 5917 in
2390 5864 2642 5932 antiquos
2684 5873 2901 5926 nostros
2954 5870 3252 5942 scriptores
3299 5873 3492 5943 animi,

1896 5951 2151 6013 audacter
2193 5953 2467 6014 afﬁrmant
2493 5955 2792 6021 Arnobium
2817 5979 2922 6024 non
2948 5963 3002 6022 in
3024 5964 3453 6041 qualescumque
3472 6012 3490 6041 ,
