3918 6412
373 417 482 478 399

1596 408 2047 471 DISSERTATIO
2085 407 2368 465 PRIEVIA

3567 399 3666 457 400

365 537 467 594 sed
501 535 737 591 omnium
768 532 1119 605 gravissimos
1168 529 1426 588 incidisse
1470 543 1708 586 errores.
1739 530 1819 585 Ab
1854 529 1961 584 He-
1991 526 2046 588 A
2071 529 2380 597 nuscriptus
2423 521 2626 589 codex,
2671 522 2723 576 in
2775 521 3193 592 locupletissima
3229 519 3664 577 christianissimi

367 630 523 686 raldo
555 628 818 697 siquidem
854 625 1209 682 intolerabilis
1243 625 1403 694 plane
1445 623 1766 691 ignorantiae
1791 632 1842 677 et
1875 637 1968 677 er-

364 723 511 778 roris
553 722 755 777 idcirco
792 721 1209 787 condemnatur,
1246 717 1391 791 quod
1421 716 1687 772 adversus
1729 716 1961 788 gentiles

361 814 711 886 disputando,
733 814 969 870 fateatur
997 828 1057 868 se
1085 812 1296 866 nescire
1328 811 1417 879 qui
1449 810 1560 864 veri
1590 809 1698 865 sint
1723 809 1817 864 dii.
1839 808 1964 863 Haec

359 920 546 964 autem
595 918 722 964 sunt
765 905 988 962 Arnobii
1018 905 1083 958 ad
1113 905 1361 959 ethnicos
1384 903 1546 959 verba
1580 919 1594 955 :
1635 922 1654 954 ‹
1686 903 1788 970 Qui
1815 910 1960 969 sunt,

359 1002 608 1074 inquitis,
639 1003 712 1058 dii
737 1001 890 1057 veri?
931 999 997 1056 Ut
1025 998 1298 1053 communi
1339 998 1490 1053 vobis
1517 1005 1572 1050 et
1596 996 1826 1066 simplici
1852 1011 1966 1051 res-

360 1098 700 1170 pomleamns
731 1094 894 1151 verbo
923 1111 937 1148 :
988 1092 1107 1147 Non
1156 1092 1356 1148 scimus
1393 1109 1411 1143 ι
1448 1088 1708 1161 (Arnob.,
1744 1088 1833 1143 lib.
1866 1103 1958 1153 vu,

360 1210 484 1265 pag.
514 1192 668 1260 2H).
703 1190 870 1256 Quem
913 1188 966 1242 in
1005 1187 1180 1242 locum
1229 1184 1529 1240 lleraldus:
1572 1201 1590 1235 ‹
1630 1183 1958 1245 Enimvero,

357 1283 452 1348 ait,
480 1284 598 1337 haec
626 1281 892 1352 ignoratio
915 1278 1215 1335 tolerabilis
1247 1294 1354 1332 non
1383 1286 1484 1343 est,
1515 1286 1680 1346 atque
1705 1274 1827 1328 hinc
1850 1288 1961 1342 ap—

352 1387 510 1446 paret
529 1376 848 1438 Arnobium,
874 1390 996 1428 cum
1022 1373 1121 1427 hos
1143 1373 1313 1427 libros
1334 1371 1619 1435 scriberet,
1649 1371 1700 1423 in
1721 1367 1846 1423 ﬁdei
1874 1366 1958 1420 vel

353 1469 644 1539 praecipuis
673 1467 943 1538 capitibus
971 1465 1139 1521 fuisse
1164 1464 1498 1534 hospitem.»
1530 1462 1678 1518 Itane
1708 1474 1840 1514 vero
1859 1460 1958 1512 Ar-

352 1561 550 1616 nobius
602 1577 709 1615 non
763 1568 971 1628 tantum
1015 1557 1068 1612 in
1096 1572 1206 1612 uno
1235 1572 1301 1612 ex
1335 1553 1620 1626 praecipuis
1676 1548 1957 1619 religionis

349 1652 653 1724 capitibus,
697 1652 792 1708 sed
841 1651 1086 1706 omnium
1135 1649 1307 1719 primo
1334 1664 1397 1702 ac
1428 1645 1799 1709 fundamento,
1833 1655 1956 1695 cum

349 1744 520 1801 hosce
554 1745 720 1801 libros
745 1746 1057 1810 conﬁceret,
1085 1758 1271 1799 errare
1304 1739 1514 1812 potuit?
1547 1736 1707 1805 Quid,
1753 1749 1850 1790 oro
1881 1744 1954 1799 te,

349 1847 469 1894 toto
497 1838 599 1893 hoc
627 1839 676 1892 in
710 1853 877 1906 Opere
907 1836 1050 1891 aliud
1073 1837 1202 1906 agit.
1240 1834 1344 1888 nisi
1377 1843 1435 1886 ut
1462 1831 1630 1885 falsos
1659 1844 1782 1885 esse
1822 1844 1956 1900 gen-

2071 622 2212 690 regis
2257 620 2426 676 nostri
2481 616 2809 672 bibliotheca
2843 621 3192 684 asscr'vatus,
3237 609 3416 690 ibique
3445 631 3666 672 numero

2069 713 2196 769 olim
2231 714 2388 777 15M,
2423 726 2566 766 nunc
2595 708 2759 775 3975,
2794 720 3032 766 notatus.
3065 709 3125 764 ln
3147 725 3214 765 eo
3241 723 3420 765 autem
3453 719 3662 779 septem

2069 806 2295 862 Arnobii
2323 805 2477 859 libris
2498 804 2788 875 adjunctus
2817 813 2902 860 est
2929 803 3147 859 Minucii
3173 803 3368 859 Felicis
3388 804 3661 869 Octavius,

2069 911 2342 969 tamquam
2373 909 2596 953 octavus
2646 898 2869 954 Arnobti
2901 899 3061 954 liber.
3091 897 3206 966 Qua
3233 897 3302 953 de
3325 913 3382 952 re
3413 907 3576 967 atque
3598 894 3665 951 de

2069 995 2290 1064 hujusce
2317 993 2671 1063 manuscripti
2696 994 2904 1049 codicis
2927 994 3249 1063 antiquitate
3280 993 3412 1048 satis
3434 996 3485 1048 in
3507 1006 3662 1062 supe-

2058 1088 2197 1142 riori
2245 1088 2630 1144 dissertatione
2680 1086 3344 1161 disputavimuswiuert.
3377 1087 3431 1142 in
3461 1088 3660 1143 Minue.

2069 1180 2276 1252 Oetam,
2304 1200 2420 1256 cap.
2454 1183 2511 1248 2,
2534 1193 2633 1237 art.
2663 1181 2745 1255 2).
2793 1183 3147 1238 Observatum
3200 1192 3377 1238 autem
3431 1198 3462 1237 a
3511 1182 3661 1238 nobis

2071 1275 2271 1332 ibidem
2307 1278 2403 1330 init
2444 1278 2673 1347 plurima
2705 1278 2756 1332 in
2789 1280 2891 1333 hoc
2925 1277 3114 1332 codice
3147 1277 3345 1347 passim
3373 1291 3662 1332 occurrere

2062 1366 2268 1423 librarii
2316 1369 2482 1423 latine
2535 1384 2758 1439 prorsus
2798 1370 3090 1425 nescientis
3118 1381 3322 1424 errata.
3355 1368 3462 1425 Sed
3496 1370 3548 1424 in
3582 1368 3662 1424 bis

2063 1459 2288 1516 Arnobii
2322 1460 2477 1516 libris
2506 1461 2663 1532 longe
2687 1461 3052 1534 frequentiora
3074 1471 3222 1529 sunt,
3237 1478 3300 1518 ac
3321 1461 3660 1532 potissimum

2061 1554 2116 1609 in
2142 1555 2374 1627 propriis
2393 1565 2486 1610 aut
2512 1557 2690 1613 minus
2715 1557 2927 1613 usitatis
2954 1557 3265 1612 nominibus
3289 1556 3661 1613 describendis

2061 1647 2311 1704 indoctus
2342 1649 2430 1704 ille
2455 1650 2628 1705 scriba
2661 1652 2858 1719 saepius
2884 1652 3232 1722 crassiusque
3259 1651 3483 1706 erravit.
3534 1649 3659 1705 Inu-

2061 1739 2167 1794 tilis
2194 1753 2378 1797 autem
2404 1757 2586 1812 opera:
2625 1741 2768 1798 foret
2797 1744 3167 1813 longissimam
3223 1758 3471 1798 errorum
3517 1742 3660 1797 illius

2059 1834 2256 1888 seriem
2291 1833 2375 1889 hic
2401 1844 2668 1891 retexere.
2701 1835 2866 1891 Multa
2901 1835 3046 1891 enim
3077 1835 3165 1890 illa
3193 1845 3373 1892 errata
3402 1837 3452 1889 in
3489 1834 3661 1889 vario-

341 1928 521 1985 tiliutn
546 1930 699 1996 deos,
717 1939 770 1984 et
799 1946 962 1983 unum
990 1929 1298 1993 dumtaxat,
1322 1941 1482 1996 quem
1513 1923 1820 1986 christiani,
1841 1920 1954 1976 illis
1984 1940 2032 2000 B
2061 1941 2176 1980 rum
2202 1927 2365 1994 notis,
2391 1939 2442 1982 et
2474 1928 2645 1983 multo
2672 1929 2823 1998 plura
2849 1928 2902 1982 in
2929 1929 3199 1983 variarum
3231 1927 3522 1983 lectionum
3548 1926 3660 1982 col-

345 2023 604 2079 omnibus
656 2022 1046 2078 commentitiis
1100 2021 1316 2091 penitus
1361 2015 1950 2084 rejeCtis,adorabant,

346 2115 524 2171 Deum
557 2115 933 2171 demonstret?
967 2113 1158 2168 Nonne
1181 2112 1306 2166 inde
1333 2108 1741 2165 evidentissitne
1769 2116 1952 2161 Osteu~

343 2207 428 2264 dit
447 2209 788 2263 Christianos
807 2209 962 2278 plane
992 2205 1263 2261 immerito
1295 2203 1436 2259 hanc
1464 2203 1535 2257 ob
1565 2216 1680 2256 rem
1714 2201 1780 2254 ah
1814 2198 1950 2282 Eth-

345 2302 487 2358 uicis
506 2302 708 2368 vexari,
724 2313 780 2358 et
797 2301 944 2357 omni
965 2299 1352 2372 suppliciorum
1371 2297 1535 2352 etiam
1554 2295 1952 2352 dirissitnorum

347 2410 551 2467 genere
576 2393 757 2449 allici?

421 2486 630 2543 Deinde
660 2501 790 2542 vero
817 2502 938 2542 cum
971 2485 1204 2541 ethnicis
1231 2481 1694 2554 interrogantibus
1722 2481 1813 2550 qui
1845 2482 1955 2534 sint

348 2584 465 2639 veri
517 2583 631 2646 dii,
677 2580 952 2636 Arnobius
1002 2577 1296 2650 respondet
1327 2593 1387 2633 se
1416 2575 1648 2640 nescire,
1682 2576 1952 2632 rationem

347 2676 610 2731 Continuo
633 2674 829 2738 reddit,
863 2674 986 2744 quia
1013 2673 1131 2727 illos
1154 2686 1445 2741 numquam
1476 2671 1703 2724 viderat.
1731 2668 1806 2722 Ex
1834 2667 1953 2720 eth-

348 2767 488 2826 nicis
516 2779 697 2824 autem
731 2784 792 2824 se
819 2767 1091 2823 audivisse
1143 2765 1340 2822 fatetur
1371 2780 1466 2821 eos
1492 2779 1612 2819 esse
1639 2777 1798 2832 quam
1835 2761 1954 2830 plu-

344 2863 517 2918 rimos
539 2878 554 2918 :
580 2862 669 2932 qui
701 2862 920 2932 quidem
940 2902 955 2924 ,
989 2862 1032 2915 si
1064 2861 1296 2928 uspiam,
1330 2868 1389 2913 ut
1417 2857 1619 2912 ethnici
1649 2854 1952 2925 opinaban-

346 2967 455 3020 tur,
505 2959 768 3022 existant;
820 2957 905 3012 vel
947 2956 992 3010 si
1035 2955 1147 3010 veri
1176 2955 1318 3016 sint,
1373 2962 1431 3008 ut
1472 2951 1776 3018 Terentius,
1811 2950 1953 3004 haud

346 3049 513 3106 dubie
546 3050 736 3112 Varro,
765 3049 948 3113 credit,
978 3048 1180 3103 debent
1226 3049 1469 3118 proiecto
1504 3045 1640 3100 tales
1667 3058 1790 3099 esse
1818 3058 1954 3114 qna-

346 3143 430 3197 les
470 3143 844 3206 nominantur,
881 3142 1140 3212 ingeniti,
1174 3140 1362 3194 aeterni
1385 3180 1399 3204 ,
1435 3137 1568 3192 nihil
1603 3147 1833 3191 terrente
1859 3151 1953 3190 vo—

346 3233 573 3305 luptatis
624 3245 945 3305 appetentes
969 3277 984 3301 ,
1014 3249 1078 3289 ac
1101 3233 1276 3303 qualis
1303 3241 1385 3287 est
1420 3231 1559 3285 Deus
1583 3230 1950 3299 mnnipotens.

2055 2017 2315 2074 lectaneis
2340 2061 2353 2084 ,
2400 2020 2453 2074 in
2487 2019 2672 2075 ultima
2703 2019 2896 2076 horum
2930 2021 3193 2076 librorum
3218 2019 3462 2075 editione
3486 2018 3660 2090 publi-

2054 2111 2231 2179 catis,
2285 2121 2562 2168 notantur.
2607 2107 2728 2168 Alia
2776 2122 2953 2169 tamen
2996 2114 3070 2168 ibi
3107 2113 3472 2183 praetermissa
3503 2114 3659 2171 nobis

2053 2205 2274 2261 eosdem
2299 2206 2468 2263 libros
2498 2206 2689 2276 majori
2731 2223 2860 2263 cura
2899 2209 3205 2278 legentibus
3254 2217 3657 2277 occurrerunt,

2053 2314 2175 2370 qua:
2204 2308 2412 2368 postea,
2441 2300 2528 2354 ubi
2557 2315 2618 2355 se
2641 2301 2857 2356 oceaisio
2883 2301 3054 2365 dabit,
3080 2299 3459 2357 indicabimus.

2125 2391 2332 2447 Praeter
2363 2391 2506 2448 hunc
2533 2394 2960 2464 manuscriptum
3004 2393 3250 2449 codicem
3279 2403 3511 2450 testatur
3539 2395 3657 2452 Ste-

2055 2486 2300 2540 vvechius
2329 2485 2494 2541 alium
2529 2495 2782 2540 vetustum
2803 2526 2819 2554 ,
2851 2497 2900 2540 et
2926 2495 3060 2540 nota
3088 2489 3327 2553 perbono:
3355 2485 3654 2559 (Stcwecli.,

2053 2583 2204 2652 epist.
2239 2581 2306 2634 ad
2333 2579 2523 2653 Lect.),
2555 2581 2823 2652 quondam
2856 2582 2908 2636 in
2935 2580 3111 2637 Flacci
3158 2581 3383 2654 Illyrici,
3415 2598 3479 2638 ac
3507 2584 3659 2638 dein-

2054 2690 2186 2744 ceps
2217 2674 2436 2729 Henrici
2459 2674 2654 2730 Petra-.i
2680 2683 2945 2744 potestate
2974 2674 3161 2740 fuisse,
3186 2691 3248 2730 ei
3270 2675 3422 2744 cujus
3445 2676 3658 2729 varian-

2058 2768 2198 2823 tibus
2247 2768 2575 2824 lectionibns
2593 2807 2608 2831 ,
2641 2784 2672 2822 a
2697 2768 2990 2824 Francisco
3018 2767 3196 2822 Modio
3225 2768 3487 2839 Brugensi
3509 2767 3656 2824 .l.—C.

2055 2861 2300 2915 collectis
2326 2870 2382 2915 et
2407 2860 2473 2915 ad
2508 2876 2566 2916 se
2595 2860 2794 2922 missis,
2830 2860 3056 2915 Arnobii
3087 2870 3295 2917 textum
3325 2860 3552 2916 inlinitis
3580 2862 3662 2918 lo.

2056 2953 2136 3009 cis
2165 2969 2223 3009 se
2252 2955 2597 3019 correxisse,
2647 2954 2937 3024 magnique
2974 2955 3236 3010 momenti
3275 2957 3496 3010 lacunas
3531 2970 3664 3026 sup-

2058 3045 2293 3116 plevisse
2324 3047 2668 3102 testiﬁcatur.
2697 3050 2764 3101 At
2785 3047 2854 3103 de
2885 3047 3047 3117 hujus
3069 3047 3192 3102 libri
3218 3090 3233 3113 ,
3278 3064 3439 3119 quem
3473 3049 3666 3105 videre

2057 3143 2214 3197 nobis
2242 3158 2353 3196 non
2387 3142 2561 3210 licuit,
2595 3142 2917 3211 antiquitate
2947 3152 3004 3198 et
3028 3143 3300 3213 elegantia
3347 3143 3481 3198 nihil
3511 3153 3667 3200 certo

2058 3245 2302 3292 statuere
2350 3250 2658 3306 possumus.
2689 3236 2850 3293 Fama
2883 3247 3061 3292 tamen
3105 3236 3502 3294 Stewecbianze
3529 3239 3669 3293 alia-

346 3349 508 3404 quem
537 3331 814 3388 christiani
841 3345 1031 3384 omnes
1062 3330 1240 3383 sciunt
1265 3337 1428 3396 atque
1461 3326 1768 3396 intelligunt
1813 3323 1953 3392 Quid
1984 3335 2029 3398 ρ
2063 3348 2290 3402 rumque
2323 3331 2484 3400 hujus
2505 3334 2687 3402 operis
2708 3332 3007 3388 editionum
3039 3332 3333 3389 collatione
3357 3332 3671 3403 deprehen-

350 3441 482 3497 ergo
531 3425 647 3481 haec
690 3425 958 3480 adversus
1007 3421 1257 3479 ethnicos
1299 3420 1616 3490 disputatio,
1656 3433 1718 3472 ac
1750 3428 1954 3471 natura:

355 3520 555 3576 divinae
584 3518 877 3591 explicatio
907 3517 1070 3571 habet
1110 3512 1449 3569 intolerabile
1472 3553 1486 3575 ,
1521 3523 1614 3565 aut
1641 3509 1872 3565 hominis
1901 3510 1953 3563 in

349 3616 640 3686 praecipuis
688 3613 810 3668 lidei
858 3612 1125 3682 capitibus
1170 3609 1393 3664 omnino
1444 3607 1712 3677 hospitis?
1765 3604 1956 3659 Nonne

350 3724 480 3764 vera
520 3717 604 3763 est
654 3708 743 3762 illa
779 3705 872 3761 Dei
919 3702 1309 3774 omnipotentis
1356 3701 1506 3765 idea,
1539 3699 1829 3767 explicatio
1854 3739 1869 3763 ,
1903 3705 1960 3752 et

351 3800 691 3870 descriptio?
734 3798 905 3853 Porro
932 3806 1112 3852 autem
1143 3811 1330 3851 sanam
1363 3809 1484 3849 esse
1515 3793 1754 3847 auctoris
1787 3789 1957 3844 nostri

353 3895 422 3951 de
454 3895 566 3950 Deo
599 3893 890 3963 divinaque
937 3900 1129 3947 natura
1162 3889 1471 3958 opinionem
1504 3886 1638 3940 inira
1670 3883 1955 3939 evidenter.

353 3987 727 4044 ostendemus.

426 4083 516 4142 At.
570 4080 803 4149 inquies,
859 4077 991 4132 dicit
1035 4092 1094 4132 se
1135 4091 1242 4131 non
1288 4074 1431 4130 scire
1458 4074 1549 4144 qui
1579 4074 1689 4128 sint
1714 4071 1828 4127 veri
1859 4070 1955 4134 dii,

352 4175 482 4248 quid
518 4176 617 4229 hac
649 4175 812 4245 igitur
843 4172 1145 4241 ignorantia
1195 4171 1373 4225 minus
1421 4168 1797 4223 tolerandum?
1851 4163 1958 4221 Sed

353 4268 475 4339 quis
501 4282 607 4322 non
633 4266 831 4330 videat,
850 4261 1009 4329 hanc,
1036 4274 1093 4318 ut
1120 4263 1292 4326 aiunt,
1315 4277 1437 4318 esse
1455 4266 1686 4316 oratoris
1710 4259 1954 4329 ﬁguram,

354 4362 500 4432 quia,
537 4362 818 4415 rhetorum
837 4375 1007 4425 more,
1034 4374 1098 4414 ex
1122 4359 1354 4427 ipsamet
1375 4355 1804 4410 adversariorum
1830 4369 1960 4408 con-

355 4457 595 4512 fessione
645 4453 808 4511 falsiis
865 4454 1148 4524 nullosque
1179 4469 1302 4509 esse
1331 4450 1614 4523 gentilium
1642 4450 1773 4504 deos
1798 4465 1957 4504 coar-

354 4550 492 4619 guit,
517 4564 578 4601 ac
599 4548 831 4618 proinde
858 4546 1058 4600 nemini
1091 4561 1191 4601 nec
1218 4545 1317 4599 sibi
1346 4543 1642 4614 cognitam,
1668 4557 1786 4612 qua:
1815 4541 1959 4595 nulla

355 4656 480 4697 esse
503 4650 737 4710 poterat,
768 4640 984 4693 illorum
1013 4637 1372 4693 divinitatem.

2059 3425 2238 3479 dimus
2263 3449 2268 3454 ’
2292 3424 2438 3480 hunc
2491 3426 2772 3488 codicem,
2815 3425 2960 3492 alio,
3011 3441 3119 3496 quo
3155 3427 3235 3481 usi
3267 3442 3451 3484 sumus
3473 3426 3672 3484 codice

2060 3519 2231 3590 regio.
2269 3535 2375 3574 non
2403 3534 2527 3575 esse
2555 3521 2724 3576 multo
2752 3521 3179 3587 correctiorem,
3213 3521 3520 3592 iisdemque
3551 3525 3672 3578 lere

2060 3627 2276 3679 semper
2327 3622 2544 3668 scatere
2594 3612 2842 3679 mendis,
2893 3611 3086 3667 ltedari
3143 3613 3672 3682 tranSpositionibus

2061 3717 2114 3761 et
2142 3705 2546 3772 additionibus,
2586 3722 2652 3763 ac
2687 3706 2925 3762 hiatibus
2963 3723 3220 3763 mancum
3266 3723 3388 3764 esse
3427 3717 3484 3764 et
3523 3707 3676 3764 hiul-

2061 3815 2204 3854 cum.

2133 3892 2210 3947 Ex
2261 3893 2439 3962 priore
2475 3900 2655 3948 autem
2694 3893 3066 3963 manuscripto
3093 3893 3282 3950 codice
3312 3894 3463 3965 regio
3493 3894 3675 3965 prima

2063 3985 2257 4040 horum
2310 3985 2538 4040 Arnobii
2594 3985 2852 4041 librorum
2894 3987 3062 4041 editio
3107 3985 3294 4040 Romae
3321 4003 3466 4042 anno
3494 3987 3673 4055 1542,

2063 4082 2211 4136 curis
2253 4079 2436 4134 Fausti
2487 4078 2664 4135 Saba:i
2709 4080 2947 4134 Brixiani
2978 4081 3242 4134 adornata
3272 4089 3378 4141 est,
3409 4092 3574 4151 atque
3603 4097 3681 4137 ex

2062 4188 2126 4228 ea
2158 4171 2274 4227 fere
2294 4185 2486 4227 omnes
2509 4180 2694 4240 postea
2724 4170 3064 4242 prodierunt.
3085 4172 3334 4228 Secunda
3361 4188 3492 4228 vero
3521 4173 3682 4228 Basi-

2063 4267 2162 4322 leae
2196 4269 2336 4337 apud
2368 4269 2720 4336 Frobenium,
2747 4284 2891 4324 anno
2921 4268 3080 4335 1546,
3103 4285 3331 4324 excussa
3365 4270 3463 4324 l'uit
3490 4270 3680 4327 studio

2063 4358 2390 4427 Sigismundi
2436 4360 2648 4417 Gelenii
2680 4404 2694 4429 ,
2743 4361 2834 4432 qui
2868 4361 3050 4430 plores
3081 4361 3382 4422 superioris
3409 4362 3679 4420 editionis

2065 4468 2280 4509 errores
2309 4454 2378 4510 ab
2407 4454 2474 4509 iis
2494 4496 2510 4521 ,
2566 4455 2657 4525 qui
2690 4455 2741 4509 in
2777 4454 3023 4525 tegendis
3070 4456 3265 4525 priscis
3297 4455 3682 4514 caractcribus

2064 4549 2343 4603 exercitati
2388 4563 2496 4603 non
2531 4559 2722 4614 erant,
2757 4550 2810 4604 in
2844 4550 3068 4604 Aruobii
3108 4561 3310 4606 textum
3336 4550 3583 4607 intrusos
3610 4568 3682 4608 se

2065 4645 2368 4699 correxiSse
2419 4646 2670 4699 artirmat.
2715 4644 2851 4700 Cittn
2896 4661 3027 4701 vero
3057 4646 3148 4701 ille
3182 4657 3358 4702 taceat
3384 4657 3568 4702 utrum
3600 4663 3681 4704 ex

432 4735 535 4790 Alii
565 4733 808 4804 profecto
844 4732 1057 4803 plurimi
1089 4740 1215 4785 sunt
1243 4747 1458 4786 errores
1485 4729 1553 4785 de
1574 4728 1771 4799 Quibus
1793 4729 1961 4782 Arno—
1989 4744 2042 4804 Ι)
2069 4737 2438 4804 manuscrilqo
2503 4738 2693 4793 codice
2742 4738 2925 4809 aliqua
2984 4750 3188 4794 ιρχιιηη
3247 4741 3620 4798 emendaverit
3657 4790 3675 4813 ν

355 4827 481 4884 bins
514 4827 834 4896 postulatur.
880 4825 1133 4878 nimirum
1163 4824 1231 4879 de
1260 4839 1471 4878 summo
1502 4824 1610 4876 Deo
1637 4863 1650 4888 ,
1704 4826 1770 4876 de
1821 4819 1963 4873 illius

356 4924 461 4986 ira,
495 4922 562 4976 de
590 4923 766 4975 anima
815 4918 1073 4985 hominis,
1103 4918 1170 4971 dc
1204 4926 1442 4986 peccato,
1476 4916 1543 4970 de
1570 4915 1748 4971 carnis
1778 4930 1958 4969 resur-

355 5015 622 5081 rectioue,
652 5012 720 5068 de
745 5015 917 5083 poenis
941 5015 1251 5083 impiorum,
1281 5012 1350 5067 de
1372 5012 1706 5081 publicarum
1732 5009 1958 5065 calami—

360 5120 530 5166 tatum
564 5124 746 5173 causa,
770 5110 998 5179 aliisque
1030 5108 1306 5178 religionis
1331 5107 1638 5160 christianze
1661 5105 1958 5160 documen-

360 5207 448 5260 tis.
486 5205 590 5258 Sed
622 5215 798 5257 utrum
823 5203 944 5273 jure
988 5201 1067 5255 vel
1111 5199 1303 5255 merito
1333 5201 1413 5252 vel
1447 5200 1716 5254 immerito
1766 5197 1956 5252 horum

358 5301 601 5352 omnium
657 5312 902 5350 errorum
952 5305 1229 5362 arguatur,
1258 5307 1356 5346 nos
1380 5291 1516 5344 infra
1543 5292 1701 5345 Solito
1722 5290 1958 5345 candore

357 5387 818 5448 exatniuabimus,
865 5386 952 5440 ubi
997 5387 1064 5440 de
1117 5385 1303 5438 iisdem
1351 5383 1455 5436 illis
1484 5399 1649 5438 sacra:
1683 5381 1958 5450 religionis

358 5495 559 5538 nostra:
587 5475 927 5551 dogtiiatibtts
955 5492 1008 5535 et
1039 5480 1375 5550 argumentis
1424 5476 1727 5547 disputandi
1780 5475 1957 5546 aptior

357 5577 512 5632 locus
535 5575 688 5630 nobis
717 5589 838 5629 sese
869 5573 1076 5628 oili-ret.

968 5683 1262 5724 ABTICULUS
1294 5685 1342 5722 ν.

357 5787 435 5838 De
462 5790 609 5837 variis
654 5790 827 5839 horum
851 5789 1087 5862 librorum
1116 5790 1363 5901 colt’iicibus
1394 5795 1734 5855 mauuscriptis
1768 5802 1820 5844 et
1846 5794 1955 5844 edi-

1041 5861 1158 5901 ttont
1197 5867 1268 5901 us.
1847 5893 1854 5898 .

1041 5861 1268 5903 ιιυηιυυδ.

2066 4847 2242 4885 ηοιιηθ
2296 4830 2419 4884 inde
2468 4830 2646 4901 colligi
2693 4842 2867 4900 potest
2905 4832 3048 4887 hunc
3079 4837 3254 4902 ipsum
3283 4833 3396 4888 suis
3425 4845 3678 4889 tantum—

2065 4925 2225 4977 modo
2254 4923 2586 4993 c0njccturis
2611 4932 2850 4978 tentasse
2877 4925 3141 4978 medicam
3175 4927 3238 4981 iis
3267 4925 3526 4981 adhibere
3553 4943 3680 4982 ma-

2066 5017 2234 5072 num?
2267 5017 2475 5070 Rursus
2504 5031 2633 5069 vero
2667 5016 2716 5069 lii
2748 5017 2969 5071 Arnobii
3000 5018 3120 5072 libri
3152 5035 3218 5073 ex
3245 5021 3432 5074 iisdem
3458 5021 3679 5081 Frobe-

2065 5111 2238 5165 nianis
2283 5111 2423 5182 typis
2473 5125 2616 5163 anno
2657 5111 2840 5176 1560,
2891 5113 2941 5166 in
2975 5113 3163 5167 eadem
3195 5115 3359 5181 urbe,
3389 5131 3454 5170 ac
3478 5127 3678 5187 postea

2065 5205 2284 5258 Parisiis
2308 5219 2450 5258 anno
2486 5191 2644 5266 1370,
2680 5205 2729 5258 in
2757 5206 2948 5276 vulgus
2968 5207 3243 5261 exii-runt.

2137 5297 2455 5352 Theodorus
2482 5298 2712 5354 subinde
2745 5301 3007 5354 Canterus
3051 5317 3243 5356 novam
3298 5303 3545 5372 illorum,
3597 5311 3679 5365 ad

2065 5392 2412 5460 manusi-ripti
2462 5391 2628 5458 regii,
2675 5402 2730 5445 ut
2774 5393 2865 5447 ille
2910 5393 3010 5458 ait,
3044 5394 3202 5448 [idem
3231 5437 3244 5460 ,
3279 5407 3334 5449 et
3362 5397 3676 5458 Clementis

2064 5485 2421 5540 Alexandrini
2453 5485 2654 5538 auxilio
2671 5488 3016 5554 castigatam.
3037 5487 3329 5542 editionem
3349 5490 3676 5558 Antnerpize

2064 5580 2204 5650 apud
2254 5580 2584 5646 Plautinum,
2623 5594 2766 5634 anno
2810 5580 2970 5646 1582,
3012 5597 3266 5637 excusam
3301 5585 3498 5652 publici
3523 5587 3674 5656 juris

2065 5675 2212 5730 fecit.
2250 5673 2474 5729 Fatetur
2501 5687 2676 5727 autem
2710 5690 2770 5728 se
2810 5675 3131 5744 aliquando,
3170 5675 3259 5730 ubi
3293 5677 3514 5733 meliora
3557 5697 3674 5736 non

2062 5773 2457 5843 suppetabant,
2511 5770 2688 5822 varias
2737 5769 2978 5832 Gelenii,
3019 5786 3178 5842 quem
3207 5774 3541 5841 conjecturis
3580 5784 3672 5829 ta-

2063 5882 2186 5922 men
2238 5866 2463 5922 nimium
2494 5860 2784 5921 indulsisse
2832 5864 3037 5936 arguit,
3091 5873 3336 5922 secutum
3383 5865 3667 5943 fuissele-

355 5953 579 6034 ‘L_Unus
609 5966 812 6018 tantum
839 5959 995 6020 nobis
1023 5967 1273 6029 superest
1300 5959 1492 6021 horum
1544 5962 1806 6026 librorum
1836 5979 1952 6020 ma-
2029 5975 2060 6017 c
2093 5962 2283 6024 tiones.
