3918 6334
243 376 331 433 401
1474 371 1540 427 lN
1581 370 1935 429 ARNOBIUM
1960 415 1974 441 ,
2015 372 2169 429 CAP.
2210 376 2273 432 ll.
3434 372 3547 431 402

304 490 495 549 Dehinc
537 490 959 563 quadragesimo
988 498 1109 562 post
1136 489 1462 561 divulgatam
1489 487 1677 543 Romre
1707 489 1819 560 pri-
1849 502 1902 563 Α
1927 490 2253 559 summulas,
2295 491 2492 562 quibus
2521 490 2848 562 explanatur
2874 489 3143 548 obscurus
3171 488 3399 547 Arnobii
3422 500 3540 547 tex-

243 602 367 641 mam
414 586 601 640 horum
628 586 895 641 librorum
926 586 1240 651 editionem,
1277 600 1421 639 anno
1439 582 1639 639 Christi
1670 584 1827 638 ttimi-
1932 592 2037 651 tus,
2071 600 2397 650 erroresque
2422 586 2539 654 ejus
2570 594 2844 639 notantur.

243 695 347 735 rum
377 680 527 747 1585,
563 678 783 734 Fulvius
818 680 1049 736 Ursinus
1073 679 1231 732 aliam
1266 678 1318 731 in
1348 676 1536 732 eadem
1566 678 1698 731 urbe
1726 692 1823 731 cu-
2000 677 2259 731 Desidc-rii
2290 677 2505 731 Heraldi
2544 693 2706 749 opera
2739 686 2793 731 et
2822 672 3004 732 studio
3055 693 3193 733 nova
3239 679 3429 732 horum
3460 680 3534 735 li-

243 772 366 825 ravit
413 772 463 824 in
509 772 683 827 lucem
740 772 996 841 proferri.
1043 771 1225 825 Palam
1278 780 1456 823 autem
1494 770 1734 824 declarat
1763 783 1825 824 se
1926 769 2146 825 brorum
2175 770 2341 824 editio
2370 770 2609 832 Parisiis,
2640 786 2784 825 anno
2830 770 2989 836 “.05,
3014 772 3080 826 ad
3112 774 3436 836 Romanam,
3461 776 3540 829 uti

240 862 441 917 Joannis
474 864 725 933 Baptista:
756 865 1023 936 sighicelli
1048 906 1062 927 ,
1117 872 1173 918 et
1210 862 1357 917 Petri
1387 862 1668 917 Chiaeonii
1708 863 1821 917 his-
1927 863 2016 917 ille
2042 864 2297 929 |0t|0illlr,
2330 873 2613 935 castigata,
2641 874 2694 918 et
2721 864 3041 934 quibusdam
3075 866 3208 919 locis
3232 883 3298 920 ex
3328 882 3528 921 mauu-

241 962 348 1027 pani
394 958 867 1014 entettdatiouibns
911 959 1175 1029 adjutum,
1210 958 1264 1012 in
1297 972 1360 1012 ea
1392 957 1651 1027 plurimas
1681 954 1818 1012 Ger-
1926 956 2129 1025 scripto
2171 954 2322 1026 regio
2348 967 2505 1010 aucta
2556 966 2609 1010 et
2638 958 2921 1012 emendata
2975 958 3244 1029 divulgata
3274 971 3377 1013 est.
3414 962 3525 1016 Sed

240 1064 548 1112 manorum,
609 1050 700 1119 qui
752 1050 978 1105 Arnobii
1033 1060 1237 1104 textum
1288 1047 1516 1102 inﬁnitis
1545 1048 1680 1101 locis
1720 1062 1819 1117 pro
1923 1048 2013 1103 ille
2039 1048 2210 1119 majus
2264 1050 2312 1103 in
2362 1051 2505 1105 netis
2534 1050 2857 1111 scribendis.
2888 1067 3048 1118 quam
3098 1054 3149 1107 iu
3182 1054 3529 1110 emendando

237 1140 371 1195 libitu
410 1152 463 1196 et
519 1141 744 1197 arbitrio
801 1152 1182 1211 corruperant,
1214 1140 1629 1209 depravationes
1657 1152 1819 1208 atque
1921 1143 2141 1198 Arnobii
2176 1152 2345 1205 textu,
2382 1144 2557 1212 posuit
2582 1143 2842 1199 studium.
2864 1144 2975 1199 Nos
3002 1160 3181 1203 autem
3204 1162 3524 1204 commoue-

236 1235 621 1291 immutationes
674 1236 1004 1291 correxisse.
1055 1234 1197 1290 Nihil
1252 1243 1431 1289 tamen
1477 1234 1530 1287 in
1578 1233 1816 1288 auctoris
1920 1234 2049 1289 ἰεεοίι
2078 1250 2139 1291 se
2184 1236 2251 1291 ad
2302 1236 2353 1290 id
2415 1236 2703 1305 impulsum
2756 1235 2943 1303 fuisse,
3000 1238 3124 1309 quia
3179 1240 3391 1309 plurimi
3426 1254 3527 1295 suo

234 1337 416 1381 textum
456 1344 517 1384 se
565 1330 839 1399 recepisse
895 1337 1145 1395 testator,
1180 1326 1281 1381 nisi
1311 1324 1453 1393 quod
1485 1324 1817 1380 ntanifeSIis-
1922 1336 2167 1397 tempore
2218 1329 2592 1383 instaurandis
2635 1331 3044 1385 humanioribus
3090 1331 3283 1383 litteris
3310 1347 3376 1386 eo
3405 1332 3527 1385 l't-li-

230 1424 350 1478 sime
392 1436 551 1495 atque
583 1426 689 1479 ulla
716 1427 923 1492 absque
953 1424 1325 1480 controversia
1356 1438 1546 1477 verum
1574 1434 1713 1483 erat.
1750 1438 1814 1478 ac
1917 1419 2146 1484 ciorem,
2175 1435 2284 1491 quo
2338 1420 2620 1491 majorem,
2656 1420 2826 1477 sacris
2859 1436 2990 1475 vero
3038 1430 3094 1476 et
3143 1422 3531 1479 ecclesiasticis

228 1518 499 1571 multorum
530 1518 949 1589 comprobatum
1002 1517 1227 1588 judicio.
1288 1515 1420 1586 Quae
1451 1532 1581 1570 vero
1607 1532 1712 1571 non
1740 1517 1811 1572 ita
1917 1513 2167 1568 illustran
2189 1515 2253 1568 lis
2296 1526 2386 1569 aut
2419 1516 2727 1578 minimum,
2757 1525 2850 1569 aut
2882 1517 3087 1570 nullum
3131 1517 3368 1572 laborem
3418 1518 3523 1572 im-

226 1621 355 1666 certa
387 1613 729 1677 videbantur,
762 1631 823 1669 ea
857 1614 1127 1684 adiunctis
1155 1613 1221 1668 ad
1252 1612 1593 1683 cettjecturas
1622 1613 1811 1667 conﬁr-
1915 1608 2238 1677 pettderant.
2269 1608 2597 1664 Persuasum
2648 1611 2829 1679 itaque
2863 1611 3052 1664 habuit
3102 1610 3259 1680 longe
3289 1612 3525 1666 utilioris

225 1704 427 1761 mandas
456 1706 718 1763 brevibus
747 1706 1070 1777 quibusdam
1098 1704 1701 1771 animadversionihus,
1754 1704 1808 1758 in
1914 1713 2039 1754 esse
2067 1714 2248 1769 opera:
2292 1700 2357 1755 ad
2392 1701 2600 1755 edenda
2630 1711 2686 1756 et
2732 1702 3072 1771 explmanda
3120 1712 3365 1757 veterum
3418 1704 3523 1758 Er.-

222 1813 301 1852 οη
331 1809 541 1855 nam,“
570 1802 911 1872 paginarum,
1912 1790 2093 1845 clesim
2137 1791 2355 1846 Patrum
2395 1794 2596 1863 scripta
2627 1804 2949 1849 convertere
2982 1796 3245 1849 animum.
3278 1796 3521 1851 Primum

280 1892 411 1945 Duas
462 1892 777 1949 (κωκυ-ωε
827 1893 1266 1949 Ειπηθηιιοιιειῖυε
1314 1893 1475 1965 huius
1506 1891 1801 1949 Arnobinni
1835 1911 1882 1969 Β
1912 1881 2094 1951 itaque
2124 1883 2192 1938 de
2237 1884 2576 1954 publicandis
2609 1895 2664 1940 et
2713 1886 3067 1941 emendandis
3110 1886 3429 1943 Tertulliani
3455 1890 3521 1943 li-

218 1985 379 2053 opcris
421 1984 712 2049 εάίιίηηεε,
750 2000 911 2039 "nam
938 1984 1262 2049 Ηεηηονίεε,
1296 2000 1439 2040 anno
1462 1986 1624 2047 “03,
1656 1985 1801 2041 alie-
1908 1978 2021 2031 bris
2049 1980 2329 2048 cegitavit.
2361 1979 2466 2034 Sed
2518 1980 2721 2034 laboris
2772 1980 3140 2051 magnitudine
3194 1982 3515 2049 deterritus,

216 2090 313 2127 ram
342 2075 525 2146 majori
556 2079 876 2131 charactere
893 2077 1262 2143 etvtllumiue,
1295 2076 1588 2145 llamburgi
1610 2117 1624 2139 ,
1656 2090 1801 2129 anno
1907 2070 2095 2125 maluit
2122 2071 2179 2123 itt
2205 2071 2521 2127 aruobianis
2545 2078 2723 2129 facere
2756 2074 3055 2144 periculum
3096 2095 3141 2127 ι(
3173 2076 3348 2147 Atque
3375 2094 3519 2147 rem,

216 2167 369 2228 1610,
419 2156 738 2237 divulgavit.
789 2168 901 2222 Ν.οε
929 2180 1109 2222 autem
1139 2170 1377 2223 monitos
1407 2170 1458 2222 in
1491 2168 1654 2237 priori
1686 2166 1801 2223 edi-
1908 2162 2103 2231 inquit,
2138 2164 2209 2217 ita
2234 2178 2354 2217 sum
2388 2165 2613 2219 adotsus
2636 2177 2717 2233 ut,
2750 2177 3009 2222 currente
3037 2184 3245 2232 mense,
3271 2170 3338 2222 alt
3360 2171 3515 2224 iusti-

214 2261 343 2314 tione
365 2259 488 2314 facit
516 2258 721 2333 (Epist.
739 2262 807 2314 ad
822 2259 1147 2331 Lector.)se,
1167 2261 1344 2316 adhuc
1365 2261 1796 2327 adolescentem,
1906 2262 2021 2307 tuto
2051 2270 2217 2325 opere
2249 2257 2510 2322 secundo,
2545 2258 2609 2311 ad
2643 2258 2764 2313 libri
2816 2258 3023 2315 calcem
3077 2262 3397 2330 perduCtutn
3426 2278 3516 2318 me

212 2352 284 2407 his
309 2354 529 2409 edendis
563 2355 719 2411 libris
750 2355 1082 2424 impendisse
1107 2371 1353 2425 operam,
1386 2371 1449 2410 ac
1478 2369 1578 2409 suo
1608 2370 1798 2410 exem-
1903 2351 2169 2404 senserim
2203 2370 2221 2403 ι
2256 2349 2427 2423 (epist.
2454 2352 2730 2423 dedicat.).

207 2447 325 2518 plari
349 2464 467 2503 cum
496 2447 676 2504 Fulvii
708 2447 890 2503 Ursini
926 2447 1167 2504 editione
1221 2448 1515 2519 diligenter
1559 2448 1793 2514 collato,
1975 2441 2170 2497 Postea
2197 2459 2344 2498 anno
2376 2444 2539 2509 1651,
2576 2444 2627 2498 hi
2659 2453 2868 2515 septem
2911 2448 3149 2503 auctoris
3187 2450 3357 2504 nostri
3384 2448 3490 2505 libr

206 2555 287 2594 eos
308 2540 613 2597 reddidisse
637 2541 967 2597 ornatiores.
988 2541 1142 2610 Quod
1172 2551 1349 2596 autem
1374 2542 1603 2611 qualeve
1632 2538 1799 2595 fuerit
1902 2532 2155 2605 Lugduni
2187 2534 2541 2601 Butavomm,
2565 2552 2686 2592 eum
2714 2540 3026 2606 recensione,
3059 2542 3132 2595 uti
3168 2542 3218 2595 in
3249 2542 3406 2597 titulo
3426 2543 3511 2597 in-

204 2636 317 2691 illud
344 2638 647 2707 exemplar,
684 2638 899 2707 penitus
925 2636 1068 2692 silet.
1088 2638 1153 2690 At
1182 2638 1236 2689 in
1268 2637 1473 2707 prtevio
1497 2635 1563 2688 ad
1593 2648 1792 2689 secun-
1901 2629 2179 2697 scribitur,
2224 2630 2334 2684 Viri
2361 2632 2706 2699 celeberrimi,
2740 2644 2787 2687 et
2836 2635 3046 2706 integris
3089 2638 3316 2689 omnium
3376 2652 3518 2691 com-

202 2730 308 2784 dam
352 2733 653 2787 editionem
690 2733 899 2787 monito
926 2732 1168 2787 decltrat
1200 2748 1257 2786 se
1284 2734 1337 2786 in
1366 2748 1426 2787 ea
1457 2730 1792 2786 reccn-enda
1898 2728 2166 2780 mentariis
2219 2728 2477 2796 pnblicati
2534 2728 2767 2783 fuerunt.
2800 2730 2904 2784 Sed
2962 2729 3174 2786 tametsi
3216 2732 3512 2786 reticeatur

201 2840 336 2879 usum
366 2825 536 2881 fuisse
564 2834 780 2881 vetusto
807 2826 998 2881 codice
1022 2826 1300 2881 Francisei
1326 2824 1502 2878 Sabaei
1533 2823 1789 2887 Brixiani,
1898 2818 2059 2888 hujus
2084 2821 2185 2873 viri
2216 2837 2436 2886 nomen,
2486 2821 2723 2883 Tbvsius
2754 2822 3110 2877 nihilominus
3139 2828 3280 2878 hanc
3306 2823 3508 2879 editio-

200 2934 325 2974 anno
368 2921 548 2986 1542,
591 2922 836 2976 romanis
875 2923 1017 2992 typis
1062 2920 1228 2975 edito.
1274 2918 1374 2975 Ubi
1397 2934 1529 2971 vero
1554 2917 1641 2971 hic
1667 2932 1792 2973 cor-
1896 2928 2019 2968 nem
2054 2930 2120 2969 ex
2156 2924 2307 2984 parte
2345 2931 2673 2987 procttrasse
2718 2917 2939 2971 dicitur.
2969 2916 3023 2970 In
3053 2933 3115 2973 ea
3147 2933 3309 2988 porro
3333 2934 3510 2989 quan-

197 3025 368 3083 ruptus
392 3024 540 3080 erat,
570 3014 636 3069 ad
664 3025 950 3085 excerptas
980 3026 1110 3068 mss.
1146 3022 1201 3068 et
1218 3013 1503 3067 doctorum
1527 3011 1788 3067 emeuda-
1896 3008 2099 3061 lumViS
2128 3010 2373 3063 omnium
2401 3010 2809 3064 aCCIIrﬂliSSima
2840 3011 3169 3077 νθηάίιειιινν
3195 3013 3377 3079 Plures
3405 3012 3505 3067 άθ·

197 3106 351 3163 iiones
379 3124 439 3163 se
468 3106 787 3177 confugisse
813 3148 826 3172 ,
885 3116 1047 3176 atque
1096 3105 1180 3159 his
1221 3104 1561 3158 adminiculis
1620 3102 1788 3157 libros
1896 3100 2290 3168 prehendimus
2339 3118 2445 3155 non
2481 3103 2655 3156 solum
2689 3104 3151 3174 typographorum
3178 3106 3381 3176 lapsus,
3406 3106 3505 3162 sed

194 3198 396 3254 Arnobii
426 3199 735 3253 innumeris
763 3198 931 3252 navis
961 3211 1218 3267 pingasse
1249 3207 1558 3259 asseverat;
1600 3195 1670 3249 ita
1704 3205 1785 3248 ta-
1892 3191 2138 3262 quadam
2167 3196 2329 3247 etiam
2369 3195 2534 3249 verba
2567 3196 2806 3260 poenitus
2836 3198 3057 3251 omissa.

194 3308 302 3347 men
324 3304 377 3347 ttt
400 3309 533 3348 raro
562 3292 709 3347 illius
756 3292 923 3346 textui
979 3289 1181 3360 aliquid
1236 3289 1551 3344 inseruerit.
1584 3289 1785 3355 Aperte
1814 3306 1858 3368 ρ
1966 3284 2167 3340 Ultima
2200 3286 2413 3340 illorum
2444 3287 2610 3341 editio
2642 3306 2667 3339 a
2702 3288 2913 3344 Priorio
2940 3289 3198 3362 Cypriani
3218 3291 3501 3363 operibus,

191 3385 533 3443 nihilominus
564 3386 806 3440 declarat
848 3384 1075 3454 plurima
1118 3382 1295 3437 adhuc
1335 3396 1621 3453 superesse
1650 3380 1783 3435 falsa
1890 3393 2035 3431 anno
2067 3378 2204 3433 l666
2233 3380 2443 3447 adjecta
2476 3391 2580 3434 est.
2614 3380 2815 3436 Verum
2845 3398 2966 3437 cum
3002 3384 3117 3439 haec
3146 3387 3285 3442 sicut
3326 3396 3380 3443 et
3410 3404 3505 3445 su-

190 3490 232 3531 et
254 3488 500 3549 σωτηρία
539 3480 680 3545 ioca,
710 3493 829 3547 qua:
856 3476 1097 3548 quidem,
1124 3491 1245 3530 cum
1272 3476 1389 3530 sine
1418 3476 1659 3530 melioris
1686 3488 1782 3529 co-
1891 3469 2073 3537 perior
2094 3471 2162 3525 ad
2192 3473 2443 3542 antiquas
2470 3473 2757 3528 dumtaxat
2781 3475 3050 3531 editiones
3074 3477 3501 3548 adornata~sint,

190 3570 308 3627 dicis
333 3588 435 3643 ope
463 3572 699 3642 intelligi
732 3580 1024 3642 nequeant,
1046 3586 1107 3624 ea
1139 3571 1338 3624 intacta
1366 3580 1418 3623 et
1448 3567 1782 3623 felicioribus
1888 3566 2082 3620 iisdem
2139 3567 2497 3636 proculdubio
2556 3569 2785 3641 aliisque
2836 3573 2993 3626 novis
3039 3577 3501 3645 typographorum

190 3666 397 3735 ingeniis
424 3666 761 3739 corrigenda
791 3665 1030 3736 reliquit.
1057 3663 1165 3721 Sed
1195 3663 1285 3719 ille
1311 3663 1466 3717 nobis
1498 3680 1603 3716 non
1638 3662 1782 3716 indi-
1886 3658 2098 3712 mendis
2128 3659 2379 3727 vitiisque
2405 3660 2811 3733 adsperguntur
2839 3678 2902 3717 ac
2924 3664 3367 3735 coinquinentur.

186 3772 258 3815 eat
284 3764 367 3831 qui
400 3762 609 3818 fuerint
641 3761 863 3817 codices
904 3760 1013 3826 illi,
1040 3776 1103 3815 ex
1136 3759 1328 3829 quibus
1358 3769 1630 3827 excerptas
1656 3768 1781 3812 sum
1958 3753 2221 3819 Quamtis
2266 3769 2398 3818 emo
2446 3756 2642 3827 siusuli
2671 3758 2872 3828 quique
2900 3760 3216 3821 editi'mem-
3243 3766 3327 3819 cui
3359 3782 3500 3836 prae-

188 3857 333 3911 variaa
360 3858 467 3911 illze
498 3855 793 3910 lectiones.
826 3856 895 3909 At
920 3870 1049 3909 mss.
1076 3863 1132 3909 et
1152 3853 1436 3907 doctorum
1472 3853 1780 3908 nominibus
1886 3847 2009 3901 feeli
2041 3849 2209 3913 fuere.
2243 3850 2536 3920 plurimum
2578 3852 2864 3919 εΧιοΙΙυηΙ,
2890 3862 3053 3925 atque
3088 3856 3323 3911 inﬁnitas
3356 3860 3497 3915 alio-

184 3951 299 4005 nihil
322 3952 471 4007 anno
513 3962 713 4022 prmler
744 3951 907 4020 regia:
935 3948 1279 4004 bibliotheca:
1307 3947 1575 4013 codicem,
1604 3958 1658 4002 et
1683 3965 1776 4002 su-
1883 3956 2002 3995 rum
2058 3941 2298 3996 maculas
2350 3942 2549 3997 eluisse
2581 3944 2840 4001 audacter
2867 3946 3230 4013 adseverent,
3279 3962 3498 4009 constat

183 4047 472 4113 perieribus
521 4045 853 4099 editiouibus
900 4042 1218 4113 prtefectos,
1254 4050 1415 4112 atque
1440 4042 1779 4096 observatio.
1884 4034 2236 4089 nihilominus
2266 4035 2473 4089 nullam
2532 4036 2598 4090 ad
2650 4052 2749 4091 nos
2785 4039 3095 4107 pervenisse
3126 4042 3283 4111 plane
3310 4044 3494 4114 perfe—

182 4155 295 4194 num
342 4140 711 4212 quorumdam
761 4148 1012 4194 auctores
1059 4136 1391 4209 signiﬁcasse
1423 4137 1776 4209 proculdubio
1882 4140 2049 4194 ctam,
2084 4139 2137 4184 et
2186 4130 2440 4185 omnibus
2491 4132 2736 4187 numeris
2766 4134 3093 4189 absolutam.
3125 4136 3271 4192 Talis
3304 4150 3491 4197 autem

181 4234 395 4289 videtur.
1880 4239 2175 4293 numquam
2233 4222 2424 4279 conﬁci
2472 4227 2691 4295 poterit.
2743 4227 2843 4281 nisi
2898 4238 3098 4298 praeter
3130 4243 3494 4291 memoratum

240 4332 407 4386 Anam
457 4330 779 4387 earumdem
828 4331 1091 4386 librorum
1116 4330 1435 4395 edilionem,
1461 4328 1774 4399 Αηιιιει-ρίω
1880 4332 1909 4371 a
1940 4318 2099 4372 uobis
2132 4318 2271 4387 regis
2299 4318 2471 4373 nostri
2500 4320 2957 4383 christiattissimi,
2984 4338 3054 4378 ac
3083 4324 3225 4380 forte
3255 4326 3492 4383 alterum

179 4438 305 4479 anno
335 4425 478 4481 1604
525 4425 870 4494 publicatam,
906 4425 1261 4481 Godeschalci
1286 4425 1574 4482 Stewecltii
1605 4425 1774 4480 labori
1880 4412 2309 4481 manuscripw'“
2348 4413 2594 4469 εοάίοθιη
2620 4457 2636 4482 9
2689 4416 2782 4470 ³¹ίί
2825 4431 2854 4470 ³
2889 4417 3123 4474 librariis
3180 4424 3491 4481 accuratius

178 4516 427 4573 debemus
451 4516 553 4587 (In
583 4517 732 4586 epist.
763 4518 987 4572 dedicat.
1011 4518 1252 4589 Augusta
1270 4516 1616 4585 Trevirorum,
1638 4532 1774 4570 anno
1879 4512 2068 4581 setipti
2122 4516 2487 4586 reperiantur.
2516 4516 2573 4574 Si
2612 4519 2702 4589 qui
2754 4533 2883 4575 vero
2911 4534 2979 4576 ex
3034 4521 3489 4581 bibliothecarum

182 4611 349 4679 l587).
402 4611 562 4667 Hanc
610 4611 703 4664 ille
750 4612 917 4666 variis
961 4612 1285 4667 lectionibus
1316 4611 1519 4668 veteris
1554 4628 1775 4668 mattus-
1879 4604 2070 4663 forulis
2123 4611 2319 4666 alicubi
2370 4614 2488 4668 erui
2547 4615 2775 4683 possint,
2813 4630 2936 4671 cum
2972 4617 3132 4672 editis
3182 4618 3488 4690 diligentis-

179 4704 361 4772 cripti,
419 4704 585 4758 sicuti
638 4704 1091 4771 observavimus,
1124 4721 1154 4760 a
1183 4705 1363 4760 Medio
1406 4707 1616 4773 missis,
1664 4724 1772 4763 non
1802 4700 2016 4778 DSime
2064 4706 2423 4773 componendi
2473 4717 2641 4772 sunt;
2672 4718 2836 4778 atque
2888 4718 2947 4764 ut
3004 4710 3225 4767 tollatur
3280 4721 3483 4782 testus,

178 4801 372 4849 tantum
426 4795 737 4851 auctiorem
791 4798 977 4852 multis
1024 4799 1074 4852 in
1120 4798 1289 4866 locis,
1326 4801 1424 4856 sed
1468 4803 1719 4857 emendat

1941 4795 2056 4849 toad
2123 4798 2237 4852 ﬁeri
2270 4799 2491 4868 poterit,
2529 4799 2804 4867 confusio,
2835 4818 2887 4855 tn
2921 4802 3096 4873 capita
3130 4814 3187 4859 et
3215 4806 3488 4863 sectioues

178 4888 324 4942 etiam
377 4891 689 4944 innumeris
734 4892 1014 4946 erroribus
1066 4893 1345 4949 meliorem
1378 4909 1438 4950 se
1469 4894 1666 4951 fecisse
1696 4911 1723 4949 a

1940 4892 2156 4957 stingui,
2177 4893 2435 4965 claraque
2462 4893 2701 4965 capitum
2735 4906 2791 4953 et
2829 4897 3135 4955 sectionum
3164 4911 3487 4971 argumenta

176 4982 366 5040 ﬁrmat.
406 4986 669 5040 Diversas
691 4994 872 5041 autem
899 4987 1013 5042 sive
1036 4986 1160 5042 libri
1188 5004 1349 5043 manu
1377 4990 1613 5057 exarati,
1660 4993 1775 5049 sive
1880 4988 2113 5059 proferri
2142 4988 2364 5047 debent.

174 5074 387 5130 aliarum
441 5078 747 5133 editionum
806 5080 1065 5135 lectiones
1136 5082 1455 5152 paginarum
1526 5085 1777 5155 ascripsit
2460 5124 2759 5166 ητιουωε
2798 5126 2873 5166 γι.

173 5172 392 5240 margini
427 5190 440 5225 :
496 5181 663 5243 atque
709 5172 851 5229 idem
882 5215 897 5240 ,
954 5175 1409 5244 quemadmodum
1443 5178 1535 5234 ille
1565 5191 1770 5250 mouet,

175 5260 410 5319 tacturus
437 5266 637 5319 eratin
664 5266 751 5326 iis.
798 5282 918 5337 quae
952 5266 1135 5323 Ursini
1156 5270 1322 5325 editio
1354 5272 1493 5327 bene
1524 5276 1775 5331 restituta

174 5368 275 5422 prae
300 5372 360 5412 se
391 5358 518 5424 fert,
545 5359 592 5412 si
613 5368 813 5413 tantum
844 5362 1015 5415 aliena
1034 5379 1067 5416 a
1094 5364 1199 5418 suis
1229 5364 1319 5418 ille
1342 5367 1652 5433 secrevisset,
1686 5386 1769 5423 ne-
1952 5371 2145 5427 Plures
2183 5373 2495 5429 arnobianis
2540 5374 2693 5431 libris
2720 5374 2951 5432 edendis
2978 5377 3277 5448 praepositi,
3320 5385 3487 5450 atque

175 5462 260 5515 que
304 5451 484 5504 omnia
514 5492 533 5519 ,
591 5461 647 5505 ut
702 5468 831 5517 sua,
867 5469 970 5508 uno
1000 5458 1277 5527 eodemque
1294 5458 1417 5527 jure
1451 5472 1772 5531 usurpasset.
1880 5464 1969 5520 alii
2020 5466 2179 5521 etiam
2214 5468 2314 5522 viri
2363 5468 2507 5524 docti
2564 5478 2723 5525 notas
2753 5470 2806 5524 in
2835 5484 2930 5526 eos
2974 5481 3029 5528 et
3077 5472 3487 5529 observationes

177 5546 324 5599 Anno
353 5557 538 5601 autem
576 5546 740 5613 1654,
774 5547 1024 5604 Leander
1050 5550 1119 5605 de
1146 5552 1590 5608 SanetoMartinn
1619 5555 1775 5611 Ordi-
1879 5559 2187 5615 ediderunt.
2224 5562 2462 5616 Primum
2505 5562 2650 5621 enim
2684 5562 2909 5620 Latinus
2934 5564 3176 5621 Latinius
3198 5582 3399 5637 paucas
3429 5567 3487 5621 in

178 5636 286 5702 nis,
320 5644 489 5696 sancti
544 5641 826 5697 Benedicti
862 5648 1162 5701 monachus
1187 5687 1203 5711 ,
1246 5656 1301 5702 et
1338 5652 1775 5720 congregationis
1881 5652 2004 5707 illos
2031 5668 2153 5708 cum
2184 5654 2357 5709 varias
2380 5656 2640 5711 lectiones
2671 5666 2781 5711 tum
2812 5658 3223 5715 observationes
3247 5669 3301 5715 et
3328 5667 3486 5714 notas

176 5735 458 5801 anglicanze
488 5736 738 5807 ejusdem
771 5737 1776 5811 ordinisprzesesgeueralis,eamdem
1883 5746 2098 5815 reliquit
2157 5745 2354 5819 (Latin.
2404 5749 2635 5804 biblioth.
2693 5765 2825 5803 sacr.
2886 5760 2933 5803 et
2984 5753 3219 5821 pt‘ofan.,
3276 5751 3480 5819 p.98).

180 5823 455 5884 Stevvecbii
485 5833 790 5889 editionem
812 5832 967 5887 novis
988 5834 1126 5906 typis
1142 5836 1304 5890 Duaei
1331 5836 1515 5892 recudi
1538 5840 1773 5893 curavit.
1882 5837 1989 5894 Sed
2023 5838 2153 5893 nihil
2184 5839 2328 5895 aliud
2357 5841 2509 5896 nobis
2531 5841 2749 5896 exhibet
2787 5859 2948 5913 quam
2982 5859 3106 5898 suas
3134 5843 3480 5912 aliorumque

177 5916 272 5971 Sed
294 5921 345 5971 ei
379 5924 497 5978 nihil
527 5926 727 5997 adjecit
764 5926 929 5985 aliud,
962 5942 1121 5995 quam
1150 5929 1426 5999 paratitla,
1463 5945 1561 5985 seu
1580 5930 1775 5986 breves
1880 5933 2239 6002 quorumdam
2268 5935 2629 6005 conjecturas.
2663 5935 2926 5997 Meursms
2957 5937 3154 5997 deinde
3183 5952 3327 5994 anno
3347 5945 3484 5993 teta-

1972 5237 2051 5290 De
2074 5242 2316 5292 variorum
2340 5244 2393 5293 in
2414 5245 2507 5295 hos
2528 5243 2682 5296 libros
2703 5248 2831 5297 notis
2854 5254 2908 5298 et
2928 5248 3378 5300 observationibus.
