  <div class='ocr_page' id='page_1' title='image "/cluster/home/n/w/nwhite01/storage/ocr_20150623/5/uva.x000826532/231.png"; bbox 0 0 3918 6332; ppageno 0'>
   <div class='ocr_carea' id='block_1_1' title="bbox 359 368 468 423">
    <p class='ocr_par' dir='ltr' id='par_1_1' title="bbox 359 368 468 423">
     <span class='ocr_line' id='line_1_1' title="bbox 359 368 468 423; baseline -0.009 0"><span class='ocrx_word' id='word_1_1' title='bbox 359 368 468 423; x_wconf 57' lang='lat' dir='ltr'><strong>tua</strong></span> 
     </span>
    </p>
   </div>
   <div class='ocr_carea' id='block_1_2' title="bbox 1606 351 2376 412">
    <p class='ocr_par' dir='ltr' id='par_1_2' title="bbox 1606 351 2376 412">
     <span class='ocr_line' id='line_1_2' title="bbox 1606 351 2376 412; baseline 0 -2"><span class='ocrx_word' id='word_1_2' title='bbox 1606 351 2058 412; x_wconf 52' lang='lat' dir='ltr'><strong>DISSEltgj-J&#39;O</strong></span> <span class='ocrx_word' id='word_1_3' title='bbox 2098 352 2376 410; x_wconf 62' lang='lat' dir='ltr'><strong>{‘REVIA</strong></span> 
     </span>
    </p>
   </div>
   <div class='ocr_carea' id='block_1_3' title="bbox 3560 362 3664 418">
    <p class='ocr_par' dir='ltr' id='par_1_3' title="bbox 3560 362 3664 418">
     <span class='ocr_line' id='line_1_3' title="bbox 3560 362 3664 418; baseline 0.01 -1"><span class='ocrx_word' id='word_1_4' title='bbox 3560 362 3664 418; x_wconf 64' lang='grc'><strong>604</strong></span> 
     </span>
    </p>
   </div>
   <div class='ocr_carea' id='block_1_4' title="bbox 353 467 3664 547">
    <p class='ocr_par' dir='ltr' id='par_1_4' title="bbox 353 467 3664 547">
     <span class='ocr_line' id='line_1_4' title="bbox 353 467 3664 547; baseline -0.001 -11"><span class='ocrx_word' id='word_1_5' title='bbox 353 481 430 536; x_wconf 88' lang='lat' dir='ltr'><strong>tis</strong></span> <span class='ocrx_word' id='word_1_6' title='bbox 461 495 573 534; x_wconf 80' lang='lat' dir='ltr'><strong>suae</strong></span> <span class='ocrx_word' id='word_1_7' title='bbox 624 476 840 532; x_wconf 91' lang='lat' dir='ltr'><strong>decimo</strong></span> <span class='ocrx_word' id='word_1_8' title='bbox 887 487 1054 538; x_wconf 91' lang='lat' dir='ltr'><strong>nono,</strong></span> <span class='ocrx_word' id='word_1_9' title='bbox 1083 472 1282 529; x_wconf 76' lang='lat' dir='ltr'><strong>Christi</strong></span> <span class='ocrx_word' id='word_1_10' title='bbox 1311 481 1488 527; x_wconf 89' lang='lat' dir='ltr'><strong>autem</strong></span> <span class='ocrx_word' id='word_1_11' title='bbox 1518 467 1682 533; x_wconf 75' lang='grc'><strong>1598.</strong></span> <span class='ocrx_word' id='word_1_12' title='bbox 1719 467 1966 523; x_wconf 81' lang='lat' dir='ltr'><strong>Criticum</strong></span> <span class='ocrx_word' id='word_1_13' title='bbox 1993 474 2048 539; x_wconf 78' lang='grc' dir='ltr'><strong>Α</strong></span> <span class='ocrx_word' id='word_1_14' title='bbox 2073 478 2228 525; x_wconf 90' lang='lat' dir='ltr'><strong>extra</strong></span> <span class='ocrx_word' id='word_1_15' title='bbox 2262 470 2456 536; x_wconf 83' lang='lat' dir='ltr'><strong>aleam,</strong></span> <span class='ocrx_word' id='word_1_16' title='bbox 2491 479 2545 527; x_wconf 91' lang='lat' dir='ltr'><strong>et</strong></span> <span class='ocrx_word' id='word_1_17' title='bbox 2573 470 2809 528; x_wconf 76' lang='lat' dir='ltr'><strong>auctoris</strong></span> <span class='ocrx_word' id='word_1_18' title='bbox 2838 472 3193 542; x_wconf 89' lang='lat' dir='ltr'><strong>propositum,</strong></span> <span class='ocrx_word' id='word_1_19' title='bbox 3220 489 3325 531; x_wconf 85' lang='lat' dir='ltr'><strong>nec</strong></span> <span class='ocrx_word' id='word_1_20' title='bbox 3349 488 3518 547; x_wconf 87' lang='lat' dir='ltr'><strong>pauca</strong></span> <span class='ocrx_word' id='word_1_21' title='bbox 3541 480 3664 547; x_wconf 84' lang='lat' dir='ltr'><strong>qui-</strong></span> 
     </span>
    </p>
   </div>
   <div class='ocr_carea' id='block_1_5' title="bbox 353 563 1960 636">
    <p class='ocr_par' dir='ltr' id='par_1_5' title="bbox 353 563 1960 636">
     <span class='ocr_line' id='line_1_5' title="bbox 353 563 1960 636; baseline -0.008 -7"><span class='ocrx_word' id='word_1_22' title='bbox 353 573 728 636; x_wconf 77' lang='lat' dir='ltr'><strong>arnobianum,</strong></span> <span class='ocrx_word' id='word_1_23' title='bbox 779 568 1030 635; x_wconf 80' lang='lat' dir='ltr'><strong>Lugduni</strong></span> <span class='ocrx_word' id='word_1_24' title='bbox 1059 567 1383 622; x_wconf 88' lang='lat' dir='ltr'><strong>Batavorum</strong></span> <span class='ocrx_word' id='word_1_25' title='bbox 1431 564 1573 636; x_wconf 84' lang='lat' dir='ltr'><strong>typis</strong></span> <span class='ocrx_word' id='word_1_26' title='bbox 1616 563 1960 619; x_wconf 84' lang='lat' dir='ltr'><strong>elzevirianis</strong></span> 
     </span>
    </p>
   </div>
   <div class='ocr_carea' id='block_1_6' title="bbox 356 653 1962 734">
    <p class='ocr_par' dir='ltr' id='par_1_6' title="bbox 356 653 1962 734">
     <span class='ocr_line' id='line_1_6' title="bbox 356 653 1962 734; baseline -0.007 -12"><span class='ocrx_word' id='word_1_27' title='bbox 356 668 688 734; x_wconf 80' lang='lat' dir='ltr'><strong>impressum</strong></span> <span class='ocrx_word' id='word_1_28' title='bbox 716 661 903 717; x_wconf 86' lang='lat' dir='ltr'><strong>edidit.</strong></span> <span class='ocrx_word' id='word_1_29' title='bbox 937 659 1046 716; x_wconf 86' lang='lat' dir='ltr'><strong>Nos</strong></span> <span class='ocrx_word' id='word_1_30' title='bbox 1089 667 1268 714; x_wconf 92' lang='lat' dir='ltr'><strong>autem</strong></span> <span class='ocrx_word' id='word_1_31' title='bbox 1300 655 1536 711; x_wconf 90' lang='lat' dir='ltr'><strong>monitos</strong></span> <span class='ocrx_word' id='word_1_32' title='bbox 1564 654 1693 714; x_wconf 81' lang='lat' dir='ltr'><strong>facit</strong></span> <span class='ocrx_word' id='word_1_33' title='bbox 1719 669 1780 711; x_wconf 91' lang='lat' dir='ltr'><strong>se</strong></span> <span class='ocrx_word' id='word_1_34' title='bbox 1817 653 1962 710; x_wconf 86' lang='lat' dir='ltr'><strong>Can—</strong></span> 
     </span>
    </p>
   </div>
   <div class='ocr_carea' id='block_1_7' title="bbox 357 746 1959 828">
    <p class='ocr_par' dir='ltr' id='par_1_7' title="bbox 357 746 1959 828">
     <span class='ocr_line' id='line_1_7' title="bbox 357 746 1959 828; baseline -0.009 -12"><span class='ocrx_word' id='word_1_35' title='bbox 357 766 502 826; x_wconf 67' lang='lat' dir='ltr'><strong>‘ero,</strong></span> <span class='ocrx_word' id='word_1_36' title='bbox 534 758 624 828; x_wconf 87' lang='lat' dir='ltr'><strong>qui</strong></span> <span class='ocrx_word' id='word_1_37' title='bbox 680 755 871 812; x_wconf 91' lang='lat' dir='ltr'><strong>eadem</strong></span> <span class='ocrx_word' id='word_1_38' title='bbox 934 752 1315 816; x_wconf 75' lang='lat' dir='ltr'><strong>meditabatur,</strong></span> <span class='ocrx_word' id='word_1_39' title='bbox 1367 748 1466 803; x_wconf 80' lang='lat' dir='ltr'><strong>nisi</strong></span> <span class='ocrx_word' id='word_1_40' title='bbox 1496 748 1613 818; x_wconf 84' lang='lat' dir='ltr'><strong>ejus</strong></span> <span class='ocrx_word' id='word_1_41' title='bbox 1668 746 1959 819; x_wconf 90' lang='lat' dir='ltr'><strong>permissu,</strong></span> 
     </span>
    </p>
   </div>
   <div class='ocr_carea' id='block_1_8' title="bbox 356 841 1956 922">
    <p class='ocr_par' dir='ltr' id='par_1_8' title="bbox 356 841 1956 922">
     <span class='ocr_line' id='line_1_8' title="bbox 356 841 1956 922; baseline -0.009 -14"><span class='ocrx_word' id='word_1_42' title='bbox 356 851 558 922; x_wconf 66' lang='lat' dir='ltr'><strong>praeire</strong></span> <span class='ocrx_word' id='word_1_43' title='bbox 590 849 851 914; x_wconf 84' lang='lat' dir='ltr'><strong>uoluisse,</strong></span> <span class='ocrx_word' id='word_1_44' title='bbox 888 860 954 900; x_wconf 93' lang='lat' dir='ltr'><strong>ne</strong></span> <span class='ocrx_word' id='word_1_45' title='bbox 983 844 1174 898; x_wconf 89' lang='lat' dir='ltr'><strong>falcem</strong></span> <span class='ocrx_word' id='word_1_46' title='bbox 1201 856 1354 897; x_wconf 89' lang='lat' dir='ltr'><strong>suam</strong></span> <span class='ocrx_word' id='word_1_47' title='bbox 1379 843 1430 896; x_wconf 86' lang='lat' dir='ltr'><strong>in</strong></span> <span class='ocrx_word' id='word_1_48' title='bbox 1459 841 1690 896; x_wconf 91' lang='lat' dir='ltr'><strong>alienam</strong></span> <span class='ocrx_word' id='word_1_49' title='bbox 1720 855 1956 895; x_wconf 87' lang='lat' dir='ltr'><strong>messem</strong></span> 
     </span>
    </p>
   </div>
   <div class='ocr_carea' id='block_1_9' title="bbox 359 934 1965 1012">
    <p class='ocr_par' dir='ltr' id='par_1_9' title="bbox 359 934 1965 1012">
     <span class='ocr_line' id='line_1_9' title="bbox 359 934 1965 1012; baseline -0.007 -14"><span class='ocrx_word' id='word_1_50' title='bbox 359 943 618 1012; x_wconf 89' lang='lat' dir='ltr'><strong>injecisse</strong></span> <span class='ocrx_word' id='word_1_51' title='bbox 663 948 996 1010; x_wconf 80' lang='lat' dir='ltr'><strong>argueretur.</strong></span> <span class='ocrx_word' id='word_1_52' title='bbox 1052 934 1132 989; x_wconf 87' lang='lat' dir='ltr'><strong>Eo</strong></span> <span class='ocrx_word' id='word_1_53' title='bbox 1183 950 1346 1006; x_wconf 87' lang='lat' dir='ltr'><strong>porro</strong></span> <span class='ocrx_word' id='word_1_54' title='bbox 1375 934 1428 988; x_wconf 92' lang='lat' dir='ltr'><strong>in</strong></span> <span class='ocrx_word' id='word_1_55' title='bbox 1469 949 1638 1004; x_wconf 87' lang='lat' dir='ltr'><strong>opere</strong></span> <span class='ocrx_word' id='word_1_56' title='bbox 1693 948 1802 988; x_wconf 92' lang='lat' dir='ltr'><strong>non</strong></span> <span class='ocrx_word' id='word_1_57' title='bbox 1855 935 1965 988; x_wconf 90' lang='lat' dir='ltr'><strong>alio</strong></span> 
     </span>
    </p>
   </div>
   <div class='ocr_carea' id='block_1_10' title="bbox 356 1026 1963 1100">
    <p class='ocr_par' dir='ltr' id='par_1_10' title="bbox 356 1026 1963 1100">
     <span class='ocr_line' id='line_1_10' title="bbox 356 1026 1963 1100; baseline -0.005 -8"><span class='ocrx_word' id='word_1_58' title='bbox 356 1035 474 1092; x_wconf 86' lang='lat' dir='ltr'><strong>fere</strong></span> <span class='ocrx_word' id='word_1_59' title='bbox 502 1031 830 1096; x_wconf 82' lang='lat' dir='ltr'><strong>collineavit,</strong></span> <span class='ocrx_word' id='word_1_60' title='bbox 872 1043 1032 1100; x_wconf 91' lang='lat' dir='ltr'><strong>quam</strong></span> <span class='ocrx_word' id='word_1_61' title='bbox 1079 1038 1136 1082; x_wconf 91' lang='lat' dir='ltr'><strong>ut</strong></span> <span class='ocrx_word' id='word_1_62' title='bbox 1188 1026 1474 1082; x_wconf 88' lang='lat' dir='ltr'><strong>arnobiani</strong></span> <span class='ocrx_word' id='word_1_63' title='bbox 1523 1037 1706 1083; x_wconf 88' lang='lat' dir='ltr'><strong>textus</strong></span> <span class='ocrx_word' id='word_1_64' title='bbox 1746 1043 1963 1084; x_wconf 89' lang='lat' dir='ltr'><strong>errores</strong></span> 
     </span>
    </p>
   </div>
   <div class='ocr_carea' id='block_1_11' title="bbox 361 1118 1964 1196">
    <p class='ocr_par' dir='ltr' id='par_1_11' title="bbox 361 1118 1964 1196">
     <span class='ocr_line' id='line_1_11' title="bbox 361 1118 1964 1196; baseline -0.004 -13"><span class='ocrx_word' id='word_1_65' title='bbox 361 1128 568 1196; x_wconf 84' lang='lat' dir='ltr'><strong>absque</strong></span> <span class='ocrx_word' id='word_1_66' title='bbox 610 1125 720 1180; x_wconf 90' lang='lat' dir='ltr'><strong>ullo</strong></span> <span class='ocrx_word' id='word_1_67' title='bbox 747 1121 937 1177; x_wconf 84' lang='lat' dir='ltr'><strong>codice</strong></span> <span class='ocrx_word' id='word_1_68' title='bbox 966 1120 1193 1187; x_wconf 86' lang='lat' dir='ltr'><strong>inedita,</strong></span> <span class='ocrx_word' id='word_1_69' title='bbox 1223 1118 1320 1174; x_wconf 89' lang='lat' dir='ltr'><strong>sed</strong></span> <span class='ocrx_word' id='word_1_70' title='bbox 1352 1119 1569 1190; x_wconf 89' lang='lat' dir='ltr'><strong>proprio</strong></span> <span class='ocrx_word' id='word_1_71' title='bbox 1597 1129 1788 1185; x_wconf 87' lang='lat' dir='ltr'><strong>marte,</strong></span> <span class='ocrx_word' id='word_1_72' title='bbox 1814 1122 1964 1191; x_wconf 84' lang='lat' dir='ltr'><strong>juve-</strong></span> 
     </span>
    </p>
   </div>
   <div class='ocr_carea' id='block_1_12' title="bbox 359 1211 1956 1287">
    <p class='ocr_par' dir='ltr' id='par_1_12' title="bbox 359 1211 1956 1287">
     <span class='ocr_line' id='line_1_12' title="bbox 359 1211 1956 1287; baseline -0.005 -13"><span class='ocrx_word' id='word_1_73' title='bbox 359 1218 562 1287; x_wconf 87' lang='lat' dir='ltr'><strong>niliqne</strong></span> <span class='ocrx_word' id='word_1_74' title='bbox 593 1215 810 1286; x_wconf 86' lang='lat' dir='ltr'><strong>ingenio</strong></span> <span class='ocrx_word' id='word_1_75' title='bbox 865 1212 1205 1268; x_wconf 86' lang='lat' dir='ltr'><strong>emendaret.</strong></span> <span class='ocrx_word' id='word_1_76' title='bbox 1245 1211 1472 1267; x_wconf 84' lang='lat' dir='ltr'><strong>Fatetur</strong></span> <span class='ocrx_word' id='word_1_77' title='bbox 1502 1222 1681 1269; x_wconf 90' lang='lat' dir='ltr'><strong>tamen</strong></span> <span class='ocrx_word' id='word_1_78' title='bbox 1710 1228 1742 1268; x_wconf 90' lang='lat' dir='ltr'><strong>a</strong></span> <span class='ocrx_word' id='word_1_79' title='bbox 1769 1229 1827 1267; x_wconf 91' lang='lat' dir='ltr'><strong>se</strong></span> <span class='ocrx_word' id='word_1_80' title='bbox 1857 1213 1956 1266; x_wconf 79' lang='lat' dir='ltr'><strong>im-</strong></span> 
     </span>
    </p>
   </div>
   <div class='ocr_carea' id='block_1_13' title="bbox 360 1304 1965 1384">
    <p class='ocr_par' dir='ltr' id='par_1_13' title="bbox 360 1304 1965 1384">
     <span class='ocr_line' id='line_1_13' title="bbox 360 1304 1965 1384; baseline -0.005 -18"><span class='ocrx_word' id='word_1_81' title='bbox 360 1320 582 1384; x_wconf 87' lang='lat' dir='ltr'><strong>petrare</strong></span> <span class='ocrx_word' id='word_1_82' title='bbox 627 1323 736 1363; x_wconf 90' lang='lat' dir='ltr'><strong>non</strong></span> <span class='ocrx_word' id='word_1_83' title='bbox 771 1306 1056 1378; x_wconf 88' lang='lat' dir='ltr'><strong>potuisse,</strong></span> <span class='ocrx_word' id='word_1_84' title='bbox 1099 1305 1226 1374; x_wconf 92' lang='lat' dir='ltr'><strong>quin</strong></span> <span class='ocrx_word' id='word_1_85' title='bbox 1275 1304 1450 1359; x_wconf 85' lang='lat' dir='ltr'><strong>labori</strong></span> <span class='ocrx_word' id='word_1_86' title='bbox 1483 1305 1744 1371; x_wconf 89' lang='lat' dir='ltr'><strong>intentus,</strong></span> <span class='ocrx_word' id='word_1_87' title='bbox 1792 1319 1965 1374; x_wconf 91' lang='lat' dir='ltr'><strong>eoque</strong></span> 
     </span>
    </p>
   </div>
   <div class='ocr_carea' id='block_1_14' title="bbox 359 1397 1966 1469">
    <p class='ocr_par' dir='ltr' id='par_1_14' title="bbox 359 1397 1966 1469">
     <span class='ocr_line' id='line_1_14' title="bbox 359 1397 1966 1469; baseline -0.005 -10"><span class='ocrx_word' id='word_1_88' title='bbox 359 1402 636 1465; x_wconf 77' lang='lat' dir='ltr'><strong>incitatus,</strong></span> <span class='ocrx_word' id='word_1_89' title='bbox 679 1397 973 1469; x_wconf 76' lang='lat' dir='ltr'><strong>aliquando</strong></span> <span class='ocrx_word' id='word_1_90' title='bbox 1015 1406 1166 1452; x_wconf 79' lang='lat' dir='ltr'><strong>extra</strong></span> <span class='ocrx_word' id='word_1_91' title='bbox 1217 1397 1526 1468; x_wconf 87' lang='lat' dir='ltr'><strong>propositos</strong></span> <span class='ocrx_word' id='word_1_92' title='bbox 1553 1409 1870 1452; x_wconf 87' lang='lat' dir='ltr'><strong>excurreret</strong></span> <span class='ocrx_word' id='word_1_93' title='bbox 1901 1397 1966 1452; x_wconf 86' lang='lat' dir='ltr'><strong>li-</strong></span> 
     </span>
    </p>
   </div>
   <div class='ocr_carea' id='block_1_15' title="bbox 358 1489 1966 1563">
    <p class='ocr_par' dir='ltr' id='par_1_15' title="bbox 358 1489 1966 1563">
     <span class='ocr_line' id='line_1_15' title="bbox 358 1489 1966 1563; baseline -0.004 -11"><span class='ocrx_word' id='word_1_94' title='bbox 358 1497 545 1552; x_wconf 82' lang='lat' dir='ltr'><strong>mites.</strong></span> <span class='ocrx_word' id='word_1_95' title='bbox 573 1495 742 1562; x_wconf 87' lang='lat' dir='ltr'><strong>Quam</strong></span> <span class='ocrx_word' id='word_1_96' title='bbox 775 1490 921 1548; x_wconf 81' lang='lat' dir='ltr'><strong>felici</strong></span> <span class='ocrx_word' id='word_1_97' title='bbox 950 1501 1133 1548; x_wconf 87' lang='lat' dir='ltr'><strong>autem</strong></span> <span class='ocrx_word' id='word_1_98' title='bbox 1163 1505 1418 1546; x_wconf 85' lang='lat' dir='ltr'><strong>successu</strong></span> <span class='ocrx_word' id='word_1_99' title='bbox 1439 1490 1491 1545; x_wconf 88' lang='lat' dir='ltr'><strong>id</strong></span> <span class='ocrx_word' id='word_1_100' title='bbox 1513 1491 1704 1563; x_wconf 85' lang='lat' dir='ltr'><strong>egerit,</strong></span> <span class='ocrx_word' id='word_1_101' title='bbox 1737 1489 1966 1560; x_wconf 81' lang='lat' dir='ltr'><strong>probant</strong></span> 
     </span>
    </p>
   </div>
   <div class='ocr_carea' id='block_1_16' title="bbox 361 1583 1965 1654">
    <p class='ocr_par' dir='ltr' id='par_1_16' title="bbox 361 1583 1965 1654">
     <span class='ocr_line' id='line_1_16' title="bbox 361 1583 1965 1654; baseline -0.004 -9"><span class='ocrx_word' id='word_1_102' title='bbox 361 1601 514 1645; x_wconf 89' lang='lat' dir='ltr'><strong>certe</strong></span> <span class='ocrx_word' id='word_1_103' title='bbox 546 1595 625 1641; x_wconf 88' lang='lat' dir='ltr'><strong>tot</strong></span> <span class='ocrx_word' id='word_1_104' title='bbox 645 1583 844 1641; x_wconf 87' lang='lat' dir='ltr'><strong>eruditi</strong></span> <span class='ocrx_word' id='word_1_105' title='bbox 873 1585 1193 1654; x_wconf 81' lang='lat' dir='ltr'><strong>scriptores,</strong></span> <span class='ocrx_word' id='word_1_106' title='bbox 1226 1585 1314 1652; x_wconf 92' lang='lat' dir='ltr'><strong>qui</strong></span> <span class='ocrx_word' id='word_1_107' title='bbox 1346 1593 1534 1654; x_wconf 91' lang='lat' dir='ltr'><strong>postea</strong></span> <span class='ocrx_word' id='word_1_108' title='bbox 1563 1583 1965 1653; x_wconf 87' lang='lat' dir='ltr'><strong>manuscripto-</strong></span> 
     </span>
    </p>
   </div>
   <div class='ocr_carea' id='block_1_17' title="bbox 360 1675 1966 1738">
    <p class='ocr_par' dir='ltr' id='par_1_17' title="bbox 360 1675 1966 1738">
     <span class='ocr_line' id='line_1_17' title="bbox 360 1675 1966 1738; baseline -0.004 0"><span class='ocrx_word' id='word_1_109' title='bbox 360 1697 484 1738; x_wconf 90' lang='lat' dir='ltr'><strong>rum</strong></span> <span class='ocrx_word' id='word_1_110' title='bbox 514 1679 719 1736; x_wconf 73' lang='lat' dir='ltr'><strong>auxilio</strong></span> <span class='ocrx_word' id='word_1_111' title='bbox 773 1679 1060 1733; x_wconf 90' lang='lat' dir='ltr'><strong>innumera</strong></span> <span class='ocrx_word' id='word_1_112' title='bbox 1096 1686 1276 1731; x_wconf 85' lang='lat' dir='ltr'><strong>textus</strong></span> <span class='ocrx_word' id='word_1_113' title='bbox 1305 1675 1544 1731; x_wconf 88' lang='lat' dir='ltr'><strong>auctoris</strong></span> <span class='ocrx_word' id='word_1_114' title='bbox 1571 1677 1742 1730; x_wconf 77' lang='lat' dir='ltr'><strong>nastri</strong></span> <span class='ocrx_word' id='word_1_115' title='bbox 1771 1676 1966 1732; x_wconf 90' lang='lat' dir='ltr'><strong>menda</strong></span> 
     </span>
    </p>
   </div>
   <div class='ocr_carea' id='block_1_18' title="bbox 365 1767 1967 1836">
    <p class='ocr_par' dir='ltr' id='par_1_18' title="bbox 365 1767 1967 1836">
     <span class='ocr_line' id='line_1_18' title="bbox 365 1767 1967 1836; baseline -0.006 -4"><span class='ocrx_word' id='word_1_116' title='bbox 365 1785 424 1832; x_wconf 90' lang='lat' dir='ltr'><strong>et</strong></span> <span class='ocrx_word' id='word_1_117' title='bbox 484 1774 709 1829; x_wconf 89' lang='lat' dir='ltr'><strong>vulnera</strong></span> <span class='ocrx_word' id='word_1_118' title='bbox 767 1785 963 1827; x_wconf 88' lang='lat' dir='ltr'><strong>sanare</strong></span> <span class='ocrx_word' id='word_1_119' title='bbox 1027 1769 1250 1836; x_wconf 83' lang='lat' dir='ltr'><strong>conati,</strong></span> <span class='ocrx_word' id='word_1_120' title='bbox 1323 1767 1472 1822; x_wconf 91' lang='lat' dir='ltr'><strong>illum</strong></span> <span class='ocrx_word' id='word_1_121' title='bbox 1527 1768 1706 1822; x_wconf 83' lang='lat' dir='ltr'><strong>adhuc</strong></span> <span class='ocrx_word' id='word_1_122' title='bbox 1766 1769 1967 1824; x_wconf 89' lang='lat' dir='ltr'><strong>errori-</strong></span> 
     </span>
    </p>
   </div>
   <div class='ocr_carea' id='block_1_19' title="bbox 2067 562 3664 640">
    <p class='ocr_par' dir='ltr' id='par_1_19' title="bbox 2067 562 3664 640">
     <span class='ocr_line' id='line_1_19' title="bbox 2067 562 3664 640; baseline 0.004 -22"><span class='ocrx_word' id='word_1_123' title='bbox 2067 562 2192 620; x_wconf 90' lang='lat' dir='ltr'><strong>dem</strong></span> <span class='ocrx_word' id='word_1_124' title='bbox 2226 580 2347 636; x_wconf 66' lang='lat' dir='ltr'><strong>qua:</strong></span> <span class='ocrx_word' id='word_1_125' title='bbox 2365 564 2432 620; x_wconf 90' lang='lat' dir='ltr'><strong>ad</strong></span> <span class='ocrx_word' id='word_1_126' title='bbox 2463 565 2868 634; x_wconf 77' lang='lat' dir='ltr'><strong>grammaticam</strong></span> <span class='ocrx_word' id='word_1_127' title='bbox 2902 573 3106 620; x_wconf 89' lang='lat' dir='ltr'><strong>tantum</strong></span> <span class='ocrx_word' id='word_1_128' title='bbox 3137 569 3430 638; x_wconf 84' lang='lat' dir='ltr'><strong>pertinent,</strong></span> <span class='ocrx_word' id='word_1_129' title='bbox 3460 581 3514 624; x_wconf 90' lang='lat' dir='ltr'><strong>et</strong></span> <span class='ocrx_word' id='word_1_130' title='bbox 3541 571 3664 640; x_wconf 90' lang='lat' dir='ltr'><strong>qui-</strong></span> 
     </span>
    </p>
   </div>
   <div class='ocr_carea' id='block_1_20' title="bbox 2068 656 3663 736">
    <p class='ocr_par' dir='ltr' id='par_1_20' title="bbox 2068 656 3663 736">
     <span class='ocr_line' id='line_1_20' title="bbox 2068 656 3663 736; baseline 0.004 -25"><span class='ocrx_word' id='word_1_131' title='bbox 2068 656 2171 713; x_wconf 87' lang='lat' dir='ltr'><strong>bus</strong></span> <span class='ocrx_word' id='word_1_132' title='bbox 2196 659 2389 713; x_wconf 87' lang='lat' dir='ltr'><strong>similia</strong></span> <span class='ocrx_word' id='word_1_133' title='bbox 2435 658 2748 714; x_wconf 90' lang='lat' dir='ltr'><strong>arnobianis</strong></span> <span class='ocrx_word' id='word_1_134' title='bbox 2773 658 2934 714; x_wconf 90' lang='lat' dir='ltr'><strong>verba</strong></span> <span class='ocrx_word' id='word_1_135' title='bbox 2967 659 3292 736; x_wconf 87' lang='lat' dir='ltr'><strong>quandoque</strong></span> <span class='ocrx_word' id='word_1_136' title='bbox 3318 661 3663 720; x_wconf 82' lang='lat' dir='ltr'><strong>exhibentur.</strong></span> 
     </span>
    </p>
   </div>
   <div class='ocr_carea' id='block_1_21' title="bbox 2067 749 3667 825">
    <p class='ocr_par' dir='ltr' id='par_1_21' title="bbox 2067 749 3667 825">
     <span class='ocr_line' id='line_1_21' title="bbox 2067 749 3667 825; baseline 0.003 -21"><span class='ocrx_word' id='word_1_137' title='bbox 2067 749 2280 806; x_wconf 84' lang='lat' dir='ltr'><strong>Erroris</strong></span> <span class='ocrx_word' id='word_1_138' title='bbox 2310 763 2526 819; x_wconf 78' lang='lat' dir='ltr'><strong>quoque</strong></span> <span class='ocrx_word' id='word_1_139' title='bbox 2552 759 2832 805; x_wconf 79' lang='lat' dir='ltr'><strong>auctorem</strong></span> <span class='ocrx_word' id='word_1_140' title='bbox 2863 761 3104 806; x_wconf 88' lang='lat' dir='ltr'><strong>nostrum</strong></span> <span class='ocrx_word' id='word_1_141' title='bbox 3150 768 3553 825; x_wconf 87' lang='lat' dir='ltr'><strong>nonnumquam</strong></span> <span class='ocrx_word' id='word_1_142' title='bbox 3578 770 3667 808; x_wconf 88' lang='lat' dir='ltr'><strong>ar-</strong></span> 
     </span>
    </p>
   </div>
   <div class='ocr_carea' id='block_1_22' title="bbox 2072 843 3666 916">
    <p class='ocr_par' dir='ltr' id='par_1_22' title="bbox 2072 843 3666 916">
     <span class='ocr_line' id='line_1_22' title="bbox 2072 843 3666 916; baseline 0.004 -19"><span class='ocrx_word' id='word_1_143' title='bbox 2072 857 2235 913; x_wconf 84' lang='lat' dir='ltr'><strong>guere</strong></span> <span class='ocrx_word' id='word_1_144' title='bbox 2265 856 2372 896; x_wconf 92' lang='lat' dir='ltr'><strong>non</strong></span> <span class='ocrx_word' id='word_1_145' title='bbox 2404 854 2642 909; x_wconf 91' lang='lat' dir='ltr'><strong>veretur,</strong></span> <span class='ocrx_word' id='word_1_146' title='bbox 2673 858 2741 897; x_wconf 92' lang='lat' dir='ltr'><strong>an</strong></span> <span class='ocrx_word' id='word_1_147' title='bbox 2785 844 2980 899; x_wconf 92' lang='lat' dir='ltr'><strong>merito</strong></span> <span class='ocrx_word' id='word_1_148' title='bbox 3003 843 3089 897; x_wconf 86' lang='lat' dir='ltr'><strong>vel</strong></span> <span class='ocrx_word' id='word_1_149' title='bbox 3119 843 3337 916; x_wconf 85' lang='lat' dir='ltr'><strong>injuria,</strong></span> <span class='ocrx_word' id='word_1_150' title='bbox 3368 858 3553 916; x_wconf 84' lang='lat' dir='ltr'><strong>postea</strong></span> <span class='ocrx_word' id='word_1_151' title='bbox 3584 849 3666 903; x_wconf 86' lang='lat' dir='ltr'><strong>vi-</strong></span> 
     </span>
    </p>
   </div>
   <div class='ocr_carea' id='block_1_23' title="bbox 2071 933 3670 1007">
    <p class='ocr_par' dir='ltr' id='par_1_23' title="bbox 2071 933 3670 1007">
     <span class='ocr_line' id='line_1_23' title="bbox 2071 933 3670 1007; baseline 0.004 -19"><span class='ocrx_word' id='word_1_152' title='bbox 2071 933 2336 989; x_wconf 87' lang='lat' dir='ltr'><strong>debimus.</strong></span> <span class='ocrx_word' id='word_1_153' title='bbox 2381 933 2663 990; x_wconf 87' lang='lat' dir='ltr'><strong>Postremo</strong></span> <span class='ocrx_word' id='word_1_154' title='bbox 2707 936 2940 1007; x_wconf 75' lang='lat' dir='ltr'><strong>ingenue</strong></span> <span class='ocrx_word' id='word_1_155' title='bbox 2988 936 3280 991; x_wconf 83' lang='lat' dir='ltr'><strong>conﬁtetur</strong></span> <span class='ocrx_word' id='word_1_156' title='bbox 3325 938 3552 1006; x_wconf 91' lang='lat' dir='ltr'><strong>plurima</strong></span> <span class='ocrx_word' id='word_1_157' title='bbox 3605 954 3670 994; x_wconf 89' lang='lat' dir='ltr'><strong>se</strong></span> 
     </span>
    </p>
   </div>
   <div class='ocr_carea' id='block_1_24' title="bbox 2070 1025 3665 1098">
    <p class='ocr_par' dir='ltr' id='par_1_24' title="bbox 2070 1025 3665 1098">
     <span class='ocr_line' id='line_1_24' title="bbox 2070 1025 3665 1098; baseline 0.005 -21"><span class='ocrx_word' id='word_1_158' title='bbox 2070 1025 2520 1095; x_wconf 67' lang='lat' dir='ltr'><strong>praetermisisse,</strong></span> <span class='ocrx_word' id='word_1_159' title='bbox 2575 1043 2694 1098; x_wconf 73' lang='lat' dir='ltr'><strong>qua:</strong></span> <span class='ocrx_word' id='word_1_160' title='bbox 2752 1027 2921 1093; x_wconf 89' lang='lat' dir='ltr'><strong>falsa,</strong></span> <span class='ocrx_word' id='word_1_161' title='bbox 2976 1037 3232 1097; x_wconf 84' lang='lat' dir='ltr'><strong>corrupta</strong></span> <span class='ocrx_word' id='word_1_162' title='bbox 3302 1038 3358 1084; x_wconf 90' lang='lat' dir='ltr'><strong>et</strong></span> <span class='ocrx_word' id='word_1_163' title='bbox 3433 1029 3665 1085; x_wconf 88' lang='lat' dir='ltr'><strong>obscura</strong></span> 
     </span>
    </p>
   </div>
   <div class='ocr_carea' id='block_1_25' title="bbox 2070 1129 2216 1174">
    <p class='ocr_par' dir='ltr' id='par_1_25' title="bbox 2070 1129 2216 1174">
     <span class='ocr_line' id='line_1_25' title="bbox 2070 1129 2216 1174; baseline 0 0"><span class='ocrx_word' id='word_1_164' title='bbox 2070 1129 2216 1174; x_wconf 89' lang='lat' dir='ltr'><strong>sunt.</strong></span> 
     </span>
    </p>
   </div>
   <div class='ocr_carea' id='block_1_26' title="bbox 2142 1212 3671 1284">
    <p class='ocr_par' dir='ltr' id='par_1_26' title="bbox 2142 1212 3671 1284">
     <span class='ocr_line' id='line_1_26' title="bbox 2142 1212 3671 1284; baseline 0.001 -17"><span class='ocrx_word' id='word_1_165' title='bbox 2142 1212 2379 1284; x_wconf 88' lang='lat' dir='ltr'><strong>Longior</strong></span> <span class='ocrx_word' id='word_1_166' title='bbox 2423 1229 2552 1269; x_wconf 89' lang='lat' dir='ltr'><strong>vero</strong></span> <span class='ocrx_word' id='word_1_167' title='bbox 2609 1223 2693 1270; x_wconf 90' lang='lat' dir='ltr'><strong>est</strong></span> <span class='ocrx_word' id='word_1_168' title='bbox 2741 1213 2793 1268; x_wconf 93' lang='lat' dir='ltr'><strong>in</strong></span> <span class='ocrx_word' id='word_1_169' title='bbox 2837 1213 2952 1268; x_wconf 88' lang='lat' dir='ltr'><strong>suis</strong></span> <span class='ocrx_word' id='word_1_170' title='bbox 3000 1212 3563 1270; x_wconf 88' lang='lat' dir='ltr'><strong>animadversionibus</strong></span> <span class='ocrx_word' id='word_1_171' title='bbox 3613 1225 3671 1270; x_wconf 88' lang='lat' dir='ltr'><strong>et</strong></span> 
     </span>
    </p>
   </div>
   <div class='ocr_carea' id='block_1_27' title="bbox 2070 1305 3670 1378">
    <p class='ocr_par' dir='ltr' id='par_1_27' title="bbox 2070 1305 3670 1378">
     <span class='ocr_line' id='line_1_27' title="bbox 2070 1305 3670 1378; baseline -0.002 -15"><span class='ocrx_word' id='word_1_172' title='bbox 2070 1308 2213 1363; x_wconf 90' lang='lat' dir='ltr'><strong>notis</strong></span> <span class='ocrx_word' id='word_1_173' title='bbox 2247 1307 2532 1374; x_wconf 88' lang='lat' dir='ltr'><strong>lleraldus,</strong></span> <span class='ocrx_word' id='word_1_174' title='bbox 2566 1307 2659 1363; x_wconf 84' lang='lat' dir='ltr'><strong>sed</strong></span> <span class='ocrx_word' id='word_1_175' title='bbox 2715 1305 3054 1376; x_wconf 90' lang='lat' dir='ltr'><strong>frequentius</strong></span> <span class='ocrx_word' id='word_1_176' title='bbox 3105 1323 3267 1378; x_wconf 89' lang='lat' dir='ltr'><strong>quam</strong></span> <span class='ocrx_word' id='word_1_177' title='bbox 3315 1307 3670 1364; x_wconf 83' lang='lat' dir='ltr'><strong>Elmenhors-</strong></span> 
     </span>
    </p>
   </div>
   <div class='ocr_carea' id='block_1_28' title="bbox 2072 1401 3670 1478">
    <p class='ocr_par' dir='ltr' id='par_1_28' title="bbox 2072 1401 3670 1478">
     <span class='ocr_line' id='line_1_28' title="bbox 2072 1401 3670 1478; baseline -0.001 -20"><span class='ocrx_word' id='word_1_178' title='bbox 2072 1404 2198 1470; x_wconf 89' lang='lat' dir='ltr'><strong>tius,</strong></span> <span class='ocrx_word' id='word_1_179' title='bbox 2224 1404 2294 1459; x_wconf 90' lang='lat' dir='ltr'><strong>ab</strong></span> <span class='ocrx_word' id='word_1_180' title='bbox 2320 1405 2557 1459; x_wconf 84' lang='lat' dir='ltr'><strong>auctoris</strong></span> <span class='ocrx_word' id='word_1_181' title='bbox 2609 1403 2886 1478; x_wconf 86' lang='lat' dir='ltr'><strong>proposito</strong></span> <span class='ocrx_word' id='word_1_182' title='bbox 2927 1401 3245 1473; x_wconf 86' lang='lat' dir='ltr'><strong>digreditur.</strong></span> <span class='ocrx_word' id='word_1_183' title='bbox 3300 1401 3355 1456; x_wconf 93' lang='lat' dir='ltr'><strong>ln</strong></span> <span class='ocrx_word' id='word_1_184' title='bbox 3411 1403 3491 1458; x_wconf 80' lang='lat' dir='ltr'><strong>liis</strong></span> <span class='ocrx_word' id='word_1_185' title='bbox 3521 1403 3670 1458; x_wconf 90' lang='lat' dir='ltr'><strong>enim</strong></span> 
     </span>
    </p>
   </div>
   <div class='ocr_carea' id='block_1_29' title="bbox 2081 1495 3670 1568">
    <p class='ocr_par' dir='ltr' id='par_1_29' title="bbox 2081 1495 3670 1568">
     <span class='ocr_line' id='line_1_29' title="bbox 2081 1495 3670 1568; baseline -0.003 -14"><span class='ocrx_word' id='word_1_186' title='bbox 2081 1497 2205 1554; x_wconf 91' lang='lat' dir='ltr'><strong>data</strong></span> <span class='ocrx_word' id='word_1_187' title='bbox 2237 1497 2387 1552; x_wconf 84' lang='lat' dir='ltr'><strong>citati</strong></span> <span class='ocrx_word' id='word_1_188' title='bbox 2417 1513 2445 1552; x_wconf 90' lang='lat' dir='ltr'><strong>a</strong></span> <span class='ocrx_word' id='word_1_189' title='bbox 2477 1511 2537 1552; x_wconf 89' lang='lat' dir='ltr'><strong>se</strong></span> <span class='ocrx_word' id='word_1_190' title='bbox 2578 1497 2803 1568; x_wconf 82' lang='lat' dir='ltr'><strong>alicujus</strong></span> <span class='ocrx_word' id='word_1_191' title='bbox 2847 1495 3126 1566; x_wconf 81' lang='lat' dir='ltr'><strong>scriptoris</strong></span> <span class='ocrx_word' id='word_1_192' title='bbox 3174 1497 3477 1560; x_wconf 80' lang='lat' dir='ltr'><strong>occasione,</strong></span> <span class='ocrx_word' id='word_1_193' title='bbox 3531 1497 3670 1551; x_wconf 91' lang='lat' dir='ltr'><strong>ultra</strong></span> 
     </span>
    </p>
   </div>
   <div class='ocr_carea' id='block_1_30' title="bbox 2071 1589 3669 1659">
    <p class='ocr_par' dir='ltr' id='par_1_30' title="bbox 2071 1589 3669 1659">
     <span class='ocr_line' id='line_1_30' title="bbox 2071 1589 3669 1659; baseline -0.001 -14"><span class='ocrx_word' id='word_1_194' title='bbox 2071 1589 2272 1645; x_wconf 84' lang='lat' dir='ltr'><strong>laudati</strong></span> <span class='ocrx_word' id='word_1_195' title='bbox 2301 1600 2482 1646; x_wconf 90' lang='lat' dir='ltr'><strong>textus</strong></span> <span class='ocrx_word' id='word_1_196' title='bbox 2523 1590 2961 1646; x_wconf 87' lang='lat' dir='ltr'><strong>emendationem</strong></span> <span class='ocrx_word' id='word_1_197' title='bbox 2989 1589 3075 1643; x_wconf 87' lang='lat' dir='ltr'><strong>vel</strong></span> <span class='ocrx_word' id='word_1_198' title='bbox 3119 1589 3533 1659; x_wconf 88' lang='lat' dir='ltr'><strong>explicationem</strong></span> <span class='ocrx_word' id='word_1_199' title='bbox 3582 1591 3669 1644; x_wconf 87' lang='lat' dir='ltr'><strong>ni-</strong></span> 
     </span>
    </p>
   </div>
   <div class='ocr_carea' id='block_1_31' title="bbox 2071 1681 3672 1752">
    <p class='ocr_par' dir='ltr' id='par_1_31' title="bbox 2071 1681 3672 1752">
     <span class='ocr_line' id='line_1_31' title="bbox 2071 1681 3672 1752; baseline 0.001 -17"><span class='ocrx_word' id='word_1_200' title='bbox 2071 1681 2240 1736; x_wconf 91' lang='lat' dir='ltr'><strong>mium</strong></span> <span class='ocrx_word' id='word_1_201' title='bbox 2284 1681 2539 1748; x_wconf 83' lang='lat' dir='ltr'><strong>excurrit,</strong></span> <span class='ocrx_word' id='word_1_202' title='bbox 2578 1683 2839 1752; x_wconf 84' lang='lat' dir='ltr'><strong>pluraque</strong></span> <span class='ocrx_word' id='word_1_203' title='bbox 2885 1681 3129 1751; x_wconf 90' lang='lat' dir='ltr'><strong>congerit</strong></span> <span class='ocrx_word' id='word_1_204' title='bbox 3159 1681 3225 1735; x_wconf 86' lang='lat' dir='ltr'><strong>ad</strong></span> <span class='ocrx_word' id='word_1_205' title='bbox 3255 1681 3404 1736; x_wconf 89' lang='lat' dir='ltr'><strong>clara</strong></span> <span class='ocrx_word' id='word_1_206' title='bbox 3446 1683 3672 1738; x_wconf 84' lang='lat' dir='ltr'><strong>Arnobii</strong></span> 
     </span>
    </p>
   </div>
   <div class='ocr_carea' id='block_1_32' title="bbox 2072 1773 3673 1846">
    <p class='ocr_par' dir='ltr' id='par_1_32' title="bbox 2072 1773 3673 1846">
     <span class='ocr_line' id='line_1_32' title="bbox 2072 1773 3673 1846; baseline 0.001 -18"><span class='ocrx_word' id='word_1_207' title='bbox 2072 1776 2237 1831; x_wconf 89' lang='lat' dir='ltr'><strong>verba</strong></span> <span class='ocrx_word' id='word_1_208' title='bbox 2267 1775 2530 1830; x_wconf 88' lang='lat' dir='ltr'><strong>inutiliter</strong></span> <span class='ocrx_word' id='word_1_209' title='bbox 2559 1776 2901 1846; x_wconf 82' lang='lat' dir='ltr'><strong>explicanda.</strong></span> <span class='ocrx_word' id='word_1_210' title='bbox 2932 1773 3118 1846; x_wconf 87' lang='lat' dir='ltr'><strong>Neque</strong></span> <span class='ocrx_word' id='word_1_211' title='bbox 3147 1782 3324 1830; x_wconf 90' lang='lat' dir='ltr'><strong>tamen</strong></span> <span class='ocrx_word' id='word_1_212' title='bbox 3354 1775 3673 1846; x_wconf 88' lang='lat' dir='ltr'><strong>negabimus</strong></span> 
     </span>
    </p>
   </div>
   <div class='ocr_carea' id='block_1_33' title="bbox 362 1861 3674 1942">
    <p class='ocr_par' dir='ltr' id='par_1_33' title="bbox 362 1861 3674 1942">
     <span class='ocr_line' id='line_1_33' title="bbox 362 1861 3674 1942; baseline 0 -18"><span class='ocrx_word' id='word_1_213' title='bbox 362 1867 465 1926; x_wconf 90' lang='lat' dir='ltr'><strong>bus</strong></span> <span class='ocrx_word' id='word_1_214' title='bbox 531 1864 940 1937; x_wconf 87' lang='lat' dir='ltr'><strong>quamplurimis</strong></span> <span class='ocrx_word' id='word_1_215' title='bbox 1010 1861 1372 1918; x_wconf 73' lang='lat' dir='ltr'><strong>deformatum</strong></span> <span class='ocrx_word' id='word_1_216' title='bbox 1424 1861 1733 1932; x_wconf 87' lang='lat' dir='ltr'><strong>relinquere</strong></span> <span class='ocrx_word' id='word_1_217' title='bbox 1790 1862 1964 1918; x_wconf 89' lang='lat' dir='ltr'><strong>coacti</strong></span> <span class='ocrx_word' id='word_1_218' title='bbox 1997 1874 2045 1942; x_wconf 80' lang='grc' dir='ltr'><strong>Β</strong></span> <span class='ocrx_word' id='word_1_219' title='bbox 2073 1869 2126 1923; x_wconf 91' lang='lat' dir='ltr'><strong>in</strong></span> <span class='ocrx_word' id='word_1_220' title='bbox 2154 1870 2260 1924; x_wconf 91' lang='lat' dir='ltr'><strong>illis</strong></span> <span class='ocrx_word' id='word_1_221' title='bbox 2281 1883 2427 1940; x_wconf 66' lang='lat' dir='ltr'><strong>saepe</strong></span> <span class='ocrx_word' id='word_1_222' title='bbox 2452 1872 2569 1939; x_wconf 84' lang='lat' dir='ltr'><strong>ejus</strong></span> <span class='ocrx_word' id='word_1_223' title='bbox 2608 1870 2966 1927; x_wconf 89' lang='lat' dir='ltr'><strong>eruditionem</strong></span> <span class='ocrx_word' id='word_1_224' title='bbox 2992 1885 3058 1924; x_wconf 91' lang='lat' dir='ltr'><strong>eo</strong></span> <span class='ocrx_word' id='word_1_225' title='bbox 3082 1869 3251 1939; x_wconf 86' lang='lat' dir='ltr'><strong>magis</strong></span> <span class='ocrx_word' id='word_1_226' title='bbox 3279 1871 3533 1930; x_wconf 86' lang='lat' dir='ltr'><strong>emicare.</strong></span> <span class='ocrx_word' id='word_1_227' title='bbox 3564 1886 3674 1940; x_wconf 92' lang='lat' dir='ltr'><strong>quo</strong></span> 
     </span>
    </p>
   </div>
   <div class='ocr_carea' id='block_1_34' title="bbox 361 1971 510 2018">
    <p class='ocr_par' dir='ltr' id='par_1_34' title="bbox 361 1971 510 2018">
     <span class='ocr_line' id='line_1_34' title="bbox 361 1971 510 2018; baseline -0.02 0"><span class='ocrx_word' id='word_1_228' title='bbox 361 1971 510 2018; x_wconf 83' lang='lat' dir='ltr'><strong>sunt.</strong></span> 
     </span>
    </p>
   </div>
   <div class='ocr_carea' id='block_1_35' title="bbox 433 2046 1960 2128">
    <p class='ocr_par' dir='ltr' id='par_1_35' title="bbox 433 2046 1960 2128">
     <span class='ocr_line' id='line_1_35' title="bbox 433 2046 1960 2128; baseline -0.003 -21"><span class='ocrx_word' id='word_1_229' title='bbox 433 2052 772 2128; x_wconf 81' lang='lat' dir='ltr'><strong>Quapropter</strong></span> <span class='ocrx_word' id='word_1_230' title='bbox 817 2050 864 2105; x_wconf 90' lang='lat' dir='ltr'><strong>is</strong></span> <span class='ocrx_word' id='word_1_231' title='bbox 892 2048 1222 2105; x_wconf 88' lang='lat' dir='ltr'><strong>arnobianus</strong></span> <span class='ocrx_word' id='word_1_232' title='bbox 1261 2047 1507 2114; x_wconf 90' lang='lat' dir='ltr'><strong>criticus,</strong></span> <span class='ocrx_word' id='word_1_233' title='bbox 1536 2062 1568 2101; x_wconf 89' lang='lat' dir='ltr'><strong>a</strong></span> <span class='ocrx_word' id='word_1_234' title='bbox 1596 2046 1830 2103; x_wconf 76' lang='lat' dir='ltr'><strong>Meursio</strong></span> <span class='ocrx_word' id='word_1_235' title='bbox 1848 2048 1960 2104; x_wconf 61' lang='lat' dir='ltr'><strong>eluo</strong></span> 
     </span>
    </p>
   </div>
   <div class='ocr_carea' id='block_1_36' title="bbox 361 2139 1966 2209">
    <p class='ocr_par' dir='ltr' id='par_1_36' title="bbox 361 2139 1966 2209">
     <span class='ocr_line' id='line_1_36' title="bbox 361 2139 1966 2209; baseline -0.002 -9"><span class='ocrx_word' id='word_1_236' title='bbox 361 2145 660 2209; x_wconf 87' lang='lat' dir='ltr'><strong>cubratus,</strong></span> <span class='ocrx_word' id='word_1_237' title='bbox 704 2141 1054 2199; x_wconf 82' lang='lat' dir='ltr'><strong>Theodorum</strong></span> <span class='ocrx_word' id='word_1_238' title='bbox 1099 2139 1394 2196; x_wconf 86' lang='lat' dir='ltr'><strong>Canterum</strong></span> <span class='ocrx_word' id='word_1_239' title='bbox 1442 2156 1552 2195; x_wconf 92' lang='lat' dir='ltr'><strong>non</strong></span> <span class='ocrx_word' id='word_1_240' title='bbox 1596 2141 1966 2209; x_wconf 75' lang='lat' dir='ltr'><strong>deterruitab</strong></span> 
     </span>
    </p>
   </div>
   <div class='ocr_carea' id='block_1_37' title="bbox 363 2233 1962 2299">
    <p class='ocr_par' dir='ltr' id='par_1_37' title="bbox 363 2233 1962 2299">
     <span class='ocr_line' id='line_1_37' title="bbox 363 2233 1962 2299; baseline -0.004 -5"><span class='ocrx_word' id='word_1_241' title='bbox 363 2238 588 2294; x_wconf 86' lang='lat' dir='ltr'><strong>edendis</strong></span> <span class='ocrx_word' id='word_1_242' title='bbox 620 2237 676 2292; x_wconf 90' lang='lat' dir='ltr'><strong>in</strong></span> <span class='ocrx_word' id='word_1_243' title='bbox 707 2235 934 2292; x_wconf 85' lang='lat' dir='ltr'><strong>Aruoin</strong></span> <span class='ocrx_word' id='word_1_244' title='bbox 984 2234 1154 2290; x_wconf 90' lang='lat' dir='ltr'><strong>libros</strong></span> <span class='ocrx_word' id='word_1_245' title='bbox 1207 2233 1350 2289; x_wconf 92' lang='lat' dir='ltr'><strong>notis</strong></span> <span class='ocrx_word' id='word_1_246' title='bbox 1379 2243 1434 2289; x_wconf 90' lang='lat' dir='ltr'><strong>et</strong></span> <span class='ocrx_word' id='word_1_247' title='bbox 1469 2233 1962 2299; x_wconf 84' lang='lat' dir='ltr'><strong>observationibus,</strong></span> 
     </span>
    </p>
   </div>
   <div class='ocr_carea' id='block_1_38' title="bbox 366 2325 1965 2407">
    <p class='ocr_par' dir='ltr' id='par_1_38' title="bbox 366 2325 1965 2407">
     <span class='ocr_line' id='line_1_38' title="bbox 366 2325 1965 2407; baseline -0.004 -19"><span class='ocrx_word' id='word_1_248' title='bbox 366 2349 500 2407; x_wconf 90' lang='lat' dir='ltr'><strong>quas</strong></span> <span class='ocrx_word' id='word_1_249' title='bbox 521 2343 700 2395; x_wconf 84' lang='lat' dir='ltr'><strong>antea,</strong></span> <span class='ocrx_word' id='word_1_250' title='bbox 729 2333 802 2387; x_wconf 92' lang='lat' dir='ltr'><strong>uti</strong></span> <span class='ocrx_word' id='word_1_251' title='bbox 822 2331 1076 2397; x_wconf 85' lang='lat' dir='ltr'><strong>diximus,</strong></span> <span class='ocrx_word' id='word_1_252' title='bbox 1098 2329 1375 2400; x_wconf 87' lang='lat' dir='ltr'><strong>divulgare</strong></span> <span class='ocrx_word' id='word_1_253' title='bbox 1400 2325 1741 2383; x_wconf 86' lang='lat' dir='ltr'><strong>decreverat.</strong></span> <span class='ocrx_word' id='word_1_254' title='bbox 1767 2327 1965 2383; x_wconf 86' lang='lat' dir='ltr'><strong>Emen-</strong></span> 
     </span>
    </p>
   </div>
   <div class='ocr_carea' id='block_1_39' title="bbox 365 2421 1965 2490">
    <p class='ocr_par' dir='ltr' id='par_1_39' title="bbox 365 2421 1965 2490">
     <span class='ocr_line' id='line_1_39' title="bbox 365 2421 1965 2490; baseline -0.003 -8"><span class='ocrx_word' id='word_1_255' title='bbox 365 2428 480 2483; x_wconf 88' lang='lat' dir='ltr'><strong>dati</strong></span> <span class='ocrx_word' id='word_1_256' title='bbox 517 2436 698 2481; x_wconf 90' lang='lat' dir='ltr'><strong>autem</strong></span> <span class='ocrx_word' id='word_1_257' title='bbox 748 2440 777 2479; x_wconf 90' lang='lat' dir='ltr'><strong>a</strong></span> <span class='ocrx_word' id='word_1_258' title='bbox 815 2438 896 2490; x_wconf 91' lang='lat' dir='ltr'><strong>se,</strong></span> <span class='ocrx_word' id='word_1_259' title='bbox 945 2432 1037 2478; x_wconf 90' lang='lat' dir='ltr'><strong>aut</strong></span> <span class='ocrx_word' id='word_1_260' title='bbox 1083 2421 1408 2478; x_wconf 90' lang='lat' dir='ltr'><strong>emendandi</strong></span> <span class='ocrx_word' id='word_1_261' title='bbox 1452 2431 1633 2476; x_wconf 87' lang='lat' dir='ltr'><strong>textus</strong></span> <span class='ocrx_word' id='word_1_262' title='bbox 1685 2423 1965 2478; x_wconf 87' lang='lat' dir='ltr'><strong>arnobiani</strong></span> 
     </span>
    </p>
   </div>
   <div class='ocr_carea' id='block_1_40' title="bbox 365 2514 1964 2585">
    <p class='ocr_par' dir='ltr' id='par_1_40' title="bbox 365 2514 1964 2585">
     <span class='ocr_line' id='line_1_40' title="bbox 365 2514 1964 2585; baseline -0.004 -8"><span class='ocrx_word' id='word_1_263' title='bbox 365 2521 635 2578; x_wconf 88' lang='lat' dir='ltr'><strong>rationem</strong></span> <span class='ocrx_word' id='word_1_264' title='bbox 677 2520 730 2574; x_wconf 95' lang='lat' dir='ltr'><strong>in</strong></span> <span class='ocrx_word' id='word_1_265' title='bbox 763 2519 843 2573; x_wconf 91' lang='lat' dir='ltr'><strong>eis</strong></span> <span class='ocrx_word' id='word_1_266' title='bbox 873 2516 1066 2583; x_wconf 89' lang='lat' dir='ltr'><strong>reddit,</strong></span> <span class='ocrx_word' id='word_1_267' title='bbox 1102 2531 1165 2571; x_wconf 92' lang='lat' dir='ltr'><strong>ac</strong></span> <span class='ocrx_word' id='word_1_268' title='bbox 1190 2517 1360 2570; x_wconf 91' lang='lat' dir='ltr'><strong>multa</strong></span> <span class='ocrx_word' id='word_1_269' title='bbox 1386 2514 1610 2582; x_wconf 89' lang='lat' dir='ltr'><strong>iudicat,</strong></span> <span class='ocrx_word' id='word_1_270' title='bbox 1640 2531 1758 2585; x_wconf 87' lang='lat' dir='ltr'><strong>quae</strong></span> <span class='ocrx_word' id='word_1_271' title='bbox 1789 2517 1964 2570; x_wconf 79' lang='lat' dir='ltr'><strong>Arno-</strong></span> 
     </span>
    </p>
   </div>
   <div class='ocr_carea' id='block_1_41' title="bbox 365 2607 1966 2679">
    <p class='ocr_par' dir='ltr' id='par_1_41' title="bbox 365 2607 1966 2679">
     <span class='ocr_line' id='line_1_41' title="bbox 365 2607 1966 2679; baseline -0.004 -8"><span class='ocrx_word' id='word_1_272' title='bbox 365 2615 489 2671; x_wconf 87' lang='lat' dir='ltr'><strong>bius</strong></span> <span class='ocrx_word' id='word_1_273' title='bbox 538 2629 605 2668; x_wconf 91' lang='lat' dir='ltr'><strong>ex</strong></span> <span class='ocrx_word' id='word_1_274' title='bbox 648 2612 934 2668; x_wconf 87' lang='lat' dir='ltr'><strong>Clemente</strong></span> <span class='ocrx_word' id='word_1_275' title='bbox 964 2607 1334 2664; x_wconf 79' lang='lat' dir='ltr'><strong>Alexandrino</strong></span> <span class='ocrx_word' id='word_1_276' title='bbox 1381 2607 1720 2679; x_wconf 78' lang='lat' dir='ltr'><strong>potissimum</strong></span> <span class='ocrx_word' id='word_1_277' title='bbox 1749 2607 1966 2664; x_wconf 85' lang='lat' dir='ltr'><strong>desum-</strong></span> 
     </span>
    </p>
   </div>
   <div class='ocr_carea' id='block_1_42' title="bbox 366 2698 1965 2781">
    <p class='ocr_par' dir='ltr' id='par_1_42' title="bbox 366 2698 1965 2781">
     <span class='ocr_line' id='line_1_42' title="bbox 366 2698 1965 2781; baseline -0.006 -18"><span class='ocrx_word' id='word_1_278' title='bbox 366 2708 495 2781; x_wconf 88' lang='lat' dir='ltr'><strong>psit.</strong></span> <span class='ocrx_word' id='word_1_279' title='bbox 546 2706 724 2761; x_wconf 88' lang='lat' dir='ltr'><strong>Pauca</strong></span> <span class='ocrx_word' id='word_1_280' title='bbox 767 2715 949 2759; x_wconf 92' lang='lat' dir='ltr'><strong>autem</strong></span> <span class='ocrx_word' id='word_1_281' title='bbox 1001 2701 1274 2772; x_wconf 84' lang='lat' dir='ltr'><strong>explicat,</strong></span> <span class='ocrx_word' id='word_1_282' title='bbox 1333 2710 1564 2772; x_wconf 90' lang='lat' dir='ltr'><strong>utroque</strong></span> <span class='ocrx_word' id='word_1_283' title='bbox 1616 2698 1816 2756; x_wconf 86' lang='lat' dir='ltr'><strong>fatetur</strong></span> <span class='ocrx_word' id='word_1_284' title='bbox 1861 2701 1965 2755; x_wconf 87' lang='lat' dir='ltr'><strong>alia</strong></span> 
     </span>
    </p>
   </div>
   <div class='ocr_carea' id='block_1_43' title="bbox 366 2792 1967 2874">
    <p class='ocr_par' dir='ltr' id='par_1_43' title="bbox 366 2792 1967 2874">
     <span class='ocr_line' id='line_1_43' title="bbox 366 2792 1967 2874; baseline -0.007 -15"><span class='ocrx_word' id='word_1_285' title='bbox 366 2803 532 2874; x_wconf 86' lang='lat' dir='ltr'><strong>longe</strong></span> <span class='ocrx_word' id='word_1_286' title='bbox 563 2800 795 2872; x_wconf 89' lang='lat' dir='ltr'><strong>plurima</strong></span> <span class='ocrx_word' id='word_1_287' title='bbox 826 2810 1144 2868; x_wconf 88' lang='lat' dir='ltr'><strong>superesse,</strong></span> <span class='ocrx_word' id='word_1_288' title='bbox 1189 2809 1310 2865; x_wconf 83' lang='lat' dir='ltr'><strong>quae</strong></span> <span class='ocrx_word' id='word_1_289' title='bbox 1357 2792 1662 2864; x_wconf 89' lang='lat' dir='ltr'><strong>copiosiore</strong></span> <span class='ocrx_word' id='word_1_290' title='bbox 1702 2793 1967 2864; x_wconf 68' lang='lat' dir='ltr'><strong>interpreo</strong></span> 
     </span>
    </p>
   </div>
   <div class='ocr_carea' id='block_1_44' title="bbox 365 2885 1967 2962">
    <p class='ocr_par' dir='ltr' id='par_1_44' title="bbox 365 2885 1967 2962">
     <span class='ocr_line' id='line_1_44' title="bbox 365 2885 1967 2962; baseline -0.006 -12"><span class='ocrx_word' id='word_1_291' title='bbox 365 2895 574 2950; x_wconf 86' lang='lat' dir='ltr'><strong>tatione</strong></span> <span class='ocrx_word' id='word_1_292' title='bbox 617 2891 946 2962; x_wconf 89' lang='lat' dir='ltr'><strong>indigebant.</strong></span> <span class='ocrx_word' id='word_1_293' title='bbox 991 2888 1163 2957; x_wconf 87' lang='lat' dir='ltr'><strong>Quam</strong></span> <span class='ocrx_word' id='word_1_294' title='bbox 1194 2888 1264 2942; x_wconf 89' lang='lat' dir='ltr'><strong>ob</strong></span> <span class='ocrx_word' id='word_1_295' title='bbox 1310 2901 1529 2942; x_wconf 86' lang='lat' dir='ltr'><strong>causam</strong></span> <span class='ocrx_word' id='word_1_296' title='bbox 1571 2885 1967 2962; x_wconf 89' lang='lat' dir='ltr'><strong>amplissimum</strong></span> 
     </span>
    </p>
   </div>
   <div class='ocr_carea' id='block_1_45' title="bbox 366 2970 1966 3047">
    <p class='ocr_par' dir='ltr' id='par_1_45' title="bbox 366 2970 1966 3047">
     <span class='ocr_line' id='line_1_45' title="bbox 366 2970 1966 3047; baseline -0.008 0"><span class='ocrx_word' id='word_1_297' title='bbox 366 2992 428 3047; x_wconf 86' lang='lat' dir='ltr'><strong>in</strong></span> <span class='ocrx_word' id='word_1_298' title='bbox 457 2970 560 3046; x_wconf 81' lang='lat' dir='ltr'><strong>bos</strong></span> <span class='ocrx_word' id='word_1_299' title='bbox 590 2987 814 3042; x_wconf 85' lang='lat' dir='ltr'><strong>Arnobii</strong></span> <span class='ocrx_word' id='word_1_300' title='bbox 838 2985 1008 3040; x_wconf 91' lang='lat' dir='ltr'><strong>libros</strong></span> <span class='ocrx_word' id='word_1_301' title='bbox 1027 2981 1479 3038; x_wconf 89' lang='lat' dir='ltr'><strong>commentarium</strong></span> <span class='ocrx_word' id='word_1_302' title='bbox 1505 2979 1655 3036; x_wconf 89' lang='lat' dir='ltr'><strong>brevi</strong></span> <span class='ocrx_word' id='word_1_303' title='bbox 1694 2996 1756 3035; x_wconf 88' lang='lat' dir='ltr'><strong>se</strong></span> <span class='ocrx_word' id='word_1_304' title='bbox 1788 2980 1966 3036; x_wconf 80' lang='lat' dir='ltr'><strong>editu-</strong></span> 
     </span>
    </p>
   </div>
   <div class='ocr_carea' id='block_1_46' title="bbox 365 3073 1968 3154">
    <p class='ocr_par' dir='ltr' id='par_1_46' title="bbox 365 3073 1968 3154">
     <span class='ocr_line' id='line_1_46' title="bbox 365 3073 1968 3154; baseline -0.007 -14"><span class='ocrx_word' id='word_1_305' title='bbox 365 3100 488 3140; x_wconf 89' lang='lat' dir='ltr'><strong>rum</strong></span> <span class='ocrx_word' id='word_1_306' title='bbox 517 3082 788 3154; x_wconf 89' lang='lat' dir='ltr'><strong>pollicitus</strong></span> <span class='ocrx_word' id='word_1_307' title='bbox 820 3087 924 3134; x_wconf 84' lang='lat' dir='ltr'><strong>est.</strong></span> <span class='ocrx_word' id='word_1_308' title='bbox 954 3076 1060 3133; x_wconf 89' lang='lat' dir='ltr'><strong>Sed</strong></span> <span class='ocrx_word' id='word_1_309' title='bbox 1107 3083 1282 3130; x_wconf 90' lang='lat' dir='ltr'><strong>utrum</strong></span> <span class='ocrx_word' id='word_1_310' title='bbox 1325 3073 1487 3128; x_wconf 85' lang='lat' dir='ltr'><strong>fidem</strong></span> <span class='ocrx_word' id='word_1_311' title='bbox 1520 3073 1846 3137; x_wconf 85' lang='lat' dir='ltr'><strong>liberaverit,</strong></span> <span class='ocrx_word' id='word_1_312' title='bbox 1876 3081 1968 3128; x_wconf 93' lang='lat' dir='ltr'><strong>aut</strong></span> 
     </span>
    </p>
   </div>
   <div class='ocr_carea' id='block_1_47' title="bbox 369 3167 1969 3247">
    <p class='ocr_par' dir='ltr' id='par_1_47' title="bbox 369 3167 1969 3247">
     <span class='ocr_line' id='line_1_47' title="bbox 369 3167 1969 3247; baseline -0.008 -14"><span class='ocrx_word' id='word_1_313' title='bbox 369 3194 467 3234; x_wconf 89' lang='lat' dir='ltr'><strong>cur</strong></span> <span class='ocrx_word' id='word_1_314' title='bbox 521 3172 805 3247; x_wconf 83' lang='lat' dir='ltr'><strong>promissis</strong></span> <span class='ocrx_word' id='word_1_315' title='bbox 851 3185 956 3226; x_wconf 92' lang='lat' dir='ltr'><strong>non</strong></span> <span class='ocrx_word' id='word_1_316' title='bbox 1003 3169 1238 3235; x_wconf 90' lang='lat' dir='ltr'><strong>steterit,</strong></span> <span class='ocrx_word' id='word_1_317' title='bbox 1271 3167 1427 3223; x_wconf 90' lang='lat' dir='ltr'><strong>nobis</strong></span> <span class='ocrx_word' id='word_1_318' title='bbox 1476 3167 1736 3224; x_wconf 88' lang='lat' dir='ltr'><strong>hactenus</strong></span> <span class='ocrx_word' id='word_1_319' title='bbox 1765 3167 1969 3224; x_wconf 84' lang='lat' dir='ltr'><strong>incom-</strong></span> 
     </span>
    </p>
   </div>
   <div class='ocr_carea' id='block_1_48' title="bbox 368 3279 605 3342">
    <p class='ocr_par' dir='ltr' id='par_1_48' title="bbox 368 3279 605 3342">
     <span class='ocr_line' id='line_1_48' title="bbox 368 3279 605 3342; baseline -0.021 -16"><span class='ocrx_word' id='word_1_320' title='bbox 368 3279 605 3342; x_wconf 90' lang='lat' dir='ltr'><strong>pertum.</strong></span> 
     </span>
    </p>
   </div>
   <div class='ocr_carea' id='block_1_49' title="bbox 443 3351 1961 3432">
    <p class='ocr_par' dir='ltr' id='par_1_49' title="bbox 443 3351 1961 3432">
     <span class='ocr_line' id='line_1_49' title="bbox 443 3351 1961 3432; baseline -0.01 -13"><span class='ocrx_word' id='word_1_321' title='bbox 443 3360 677 3432; x_wconf 67' lang='lat' dir='ltr'><strong>Scripsit</strong></span> <span class='ocrx_word' id='word_1_322' title='bbox 707 3359 870 3414; x_wconf 90' lang='lat' dir='ltr'><strong>etiam</strong></span> <span class='ocrx_word' id='word_1_323' title='bbox 914 3352 1254 3412; x_wconf 80' lang='lat' dir='ltr'><strong>Stewechius</strong></span> <span class='ocrx_word' id='word_1_324' title='bbox 1283 3351 1513 3426; x_wconf 88' lang='lat' dir='ltr'><strong>duplicis</strong></span> <span class='ocrx_word' id='word_1_325' title='bbox 1541 3352 1755 3424; x_wconf 88' lang='lat' dir='ltr'><strong>generis</strong></span> <span class='ocrx_word' id='word_1_326' title='bbox 1787 3351 1838 3406; x_wconf 92' lang='lat' dir='ltr'><strong>in</strong></span> <span class='ocrx_word' id='word_1_327' title='bbox 1865 3367 1961 3406; x_wconf 84' lang='lat' dir='ltr'><strong>au-</strong></span> 
     </span>
    </p>
   </div>
   <div class='ocr_carea' id='block_1_50' title="bbox 376 3444 1969 3516">
    <p class='ocr_par' dir='ltr' id='par_1_50' title="bbox 376 3444 1969 3516">
     <span class='ocr_line' id='line_1_50' title="bbox 376 3444 1969 3516; baseline -0.011 -2"><span class='ocrx_word' id='word_1_328' title='bbox 376 3456 547 3515; x_wconf 88' lang='lat' dir='ltr'><strong>ctoris</strong></span> <span class='ocrx_word' id='word_1_329' title='bbox 572 3451 746 3507; x_wconf 88' lang='lat' dir='ltr'><strong>nostri</strong></span> <span class='ocrx_word' id='word_1_330' title='bbox 776 3450 943 3505; x_wconf 89' lang='lat' dir='ltr'><strong>libros</strong></span> <span class='ocrx_word' id='word_1_331' title='bbox 973 3445 1492 3510; x_wconf 85' lang='lat' dir='ltr'><strong>animadversiones,</strong></span> <span class='ocrx_word' id='word_1_332' title='bbox 1521 3459 1750 3516; x_wconf 81' lang='lat' dir='ltr'><strong>quarum</strong></span> <span class='ocrx_word' id='word_1_333' title='bbox 1783 3444 1969 3514; x_wconf 80' lang='lat' dir='ltr'><strong>prima:</strong></span> 
     </span>
    </p>
   </div>
   <div class='ocr_carea' id='block_1_51' title="bbox 371 3536 1963 3619">
    <p class='ocr_par' dir='ltr' id='par_1_51' title="bbox 371 3536 1963 3619">
     <span class='ocr_line' id='line_1_51' title="bbox 371 3536 1963 3619; baseline -0.011 -13"><span class='ocrx_word' id='word_1_334' title='bbox 371 3553 443 3606; x_wconf 86' lang='lat' dir='ltr'><strong>ab</strong></span> <span class='ocrx_word' id='word_1_335' title='bbox 460 3565 527 3604; x_wconf 87' lang='lat' dir='ltr'><strong>eo</strong></span> <span class='ocrx_word' id='word_1_336' title='bbox 548 3545 778 3619; x_wconf 72' lang='lat' dir='ltr'><strong>syllabus</strong></span> <span class='ocrx_word' id='word_1_337' title='bbox 817 3543 1117 3606; x_wconf 78' lang='lat' dir='ltr'><strong>electorum,</strong></span> <span class='ocrx_word' id='word_1_338' title='bbox 1143 3538 1396 3594; x_wconf 73' lang='lat' dir='ltr'><strong>secunda:</strong></span> <span class='ocrx_word' id='word_1_339' title='bbox 1422 3536 1580 3594; x_wconf 79' lang='lat' dir='ltr'><strong>electa</strong></span> <span class='ocrx_word' id='word_1_340' title='bbox 1605 3537 1963 3607; x_wconf 87' lang='lat' dir='ltr'><strong>appellantur.</strong></span> 
     </span>
    </p>
   </div>
   <div class='ocr_carea' id='block_1_52' title="bbox 371 3631 1969 3714">
    <p class='ocr_par' dir='ltr' id='par_1_52' title="bbox 371 3631 1969 3714">
     <span class='ocr_line' id='line_1_52' title="bbox 371 3631 1969 3714; baseline -0.009 -15"><span class='ocrx_word' id='word_1_341' title='bbox 371 3643 429 3699; x_wconf 88' lang='lat' dir='ltr'><strong>In</strong></span> <span class='ocrx_word' id='word_1_342' title='bbox 463 3638 852 3714; x_wconf 80' lang='lat' dir='ltr'><strong>posterioribus</strong></span> <span class='ocrx_word' id='word_1_343' title='bbox 869 3636 1022 3706; x_wconf 91' lang='lat' dir='ltr'><strong>plura</strong></span> <span class='ocrx_word' id='word_1_344' title='bbox 1045 3631 1266 3689; x_wconf 84' lang='lat' dir='ltr'><strong>Arnobii</strong></span> <span class='ocrx_word' id='word_1_345' title='bbox 1296 3631 1456 3691; x_wconf 88' lang='lat' dir='ltr'><strong>verba</strong></span> <span class='ocrx_word' id='word_1_346' title='bbox 1473 3639 1531 3685; x_wconf 94' lang='lat' dir='ltr'><strong>et</strong></span> <span class='ocrx_word' id='word_1_347' title='bbox 1557 3631 1855 3685; x_wconf 87' lang='lat' dir='ltr'><strong>sententias</strong></span> <span class='ocrx_word' id='word_1_348' title='bbox 1882 3631 1969 3685; x_wconf 81' lang='lat' dir='ltr'><strong>vel</strong></span> 
     </span>
    </p>
   </div>
   <div class='ocr_carea' id='block_1_53' title="bbox 375 3723 1971 3807">
    <p class='ocr_par' dir='ltr' id='par_1_53' title="bbox 375 3723 1971 3807">
     <span class='ocr_line' id='line_1_53' title="bbox 375 3723 1971 3807; baseline -0.011 -13"><span class='ocrx_word' id='word_1_349' title='bbox 375 3755 443 3795; x_wconf 84' lang='lat' dir='ltr'><strong>ex</strong></span> <span class='ocrx_word' id='word_1_350' title='bbox 472 3735 688 3807; x_wconf 86' lang='lat' dir='ltr'><strong>ingenio</strong></span> <span class='ocrx_word' id='word_1_351' title='bbox 715 3742 770 3787; x_wconf 91' lang='lat' dir='ltr'><strong>et</strong></span> <span class='ocrx_word' id='word_1_352' title='bbox 795 3727 1184 3789; x_wconf 86' lang='lat' dir='ltr'><strong>membraneis,</strong></span> <span class='ocrx_word' id='word_1_353' title='bbox 1225 3725 1300 3788; x_wconf 87' lang='lat' dir='ltr'><strong>uti</strong></span> <span class='ocrx_word' id='word_1_354' title='bbox 1345 3723 1438 3790; x_wconf 89' lang='lat' dir='ltr'><strong>ait,</strong></span> <span class='ocrx_word' id='word_1_355' title='bbox 1471 3723 1749 3778; x_wconf 86' lang='lat' dir='ltr'><strong>codicibus</strong></span> <span class='ocrx_word' id='word_1_356' title='bbox 1785 3738 1971 3778; x_wconf 87' lang='lat' dir='ltr'><strong>emen-</strong></span> 
     </span>
    </p>
   </div>
   <div class='ocr_carea' id='block_1_54' title="bbox 372 3815 1970 3891">
    <p class='ocr_par' dir='ltr' id='par_1_54' title="bbox 372 3815 1970 3891">
     <span class='ocr_line' id='line_1_54' title="bbox 372 3815 1970 3891; baseline -0.009 -7"><span class='ocrx_word' id='word_1_357' title='bbox 372 3830 506 3885; x_wconf 87' lang='lat' dir='ltr'><strong>dare</strong></span> <span class='ocrx_word' id='word_1_358' title='bbox 531 3838 587 3882; x_wconf 86' lang='lat' dir='ltr'><strong>et</strong></span> <span class='ocrx_word' id='word_1_359' title='bbox 615 3825 908 3887; x_wconf 87' lang='lat' dir='ltr'><strong>illustrare,</strong></span> <span class='ocrx_word' id='word_1_360' title='bbox 931 3823 1016 3874; x_wconf 85' lang='lat' dir='ltr'><strong>vel</strong></span> <span class='ocrx_word' id='word_1_361' title='bbox 1037 3817 1263 3872; x_wconf 87' lang='lat' dir='ltr'><strong>aliorum</strong></span> <span class='ocrx_word' id='word_1_362' title='bbox 1295 3817 1618 3891; x_wconf 89' lang='lat' dir='ltr'><strong>scriptorum</strong></span> <span class='ocrx_word' id='word_1_363' title='bbox 1650 3815 1970 3870; x_wconf 87' lang='lat' dir='ltr'><strong>anotoritate</strong></span> 
     </span>
    </p>
   </div>
   <div class='ocr_carea' id='block_1_55' title="bbox 372 3907 1969 3986">
    <p class='ocr_par' dir='ltr' id='par_1_55' title="bbox 372 3907 1969 3986">
     <span class='ocr_line' id='line_1_55' title="bbox 372 3907 1969 3986; baseline -0.009 -9"><span class='ocrx_word' id='word_1_364' title='bbox 372 3921 702 3977; x_wconf 82' lang='lat' dir='ltr'><strong>confirmare</strong></span> <span class='ocrx_word' id='word_1_365' title='bbox 734 3929 831 3986; x_wconf 89' lang='lat' dir='ltr'><strong>pro</strong></span> <span class='ocrx_word' id='word_1_366' title='bbox 862 3911 1001 3967; x_wconf 88' lang='lat' dir='ltr'><strong>virili</strong></span> <span class='ocrx_word' id='word_1_367' title='bbox 1051 3918 1202 3979; x_wconf 89' lang='lat' dir='ltr'><strong>parte</strong></span> <span class='ocrx_word' id='word_1_368' title='bbox 1249 3922 1345 3976; x_wconf 83' lang='lat' dir='ltr'><strong>sua</strong></span> <span class='ocrx_word' id='word_1_369' title='bbox 1376 3907 1686 3964; x_wconf 90' lang='lat' dir='ltr'><strong>connititur.</strong></span> <span class='ocrx_word' id='word_1_370' title='bbox 1718 3907 1969 3982; x_wconf 82' lang='lat' dir='ltr'><strong>Syllabus</strong></span> 
     </span>
    </p>
   </div>
   <div class='ocr_carea' id='block_1_56' title="bbox 373 4000 1970 4072">
    <p class='ocr_par' dir='ltr' id='par_1_56' title="bbox 373 4000 1970 4072">
     <span class='ocr_line' id='line_1_56' title="bbox 373 4000 1970 4072; baseline -0.01 -2"><span class='ocrx_word' id='word_1_371' title='bbox 373 4027 509 4072; x_wconf 86' lang='lat' dir='ltr'><strong>vero</strong></span> <span class='ocrx_word' id='word_1_372' title='bbox 538 4011 838 4068; x_wconf 88' lang='lat' dir='ltr'><strong>electorum</strong></span> <span class='ocrx_word' id='word_1_373' title='bbox 888 4014 971 4060; x_wconf 89' lang='lat' dir='ltr'><strong>est</strong></span> <span class='ocrx_word' id='word_1_374' title='bbox 1021 4001 1187 4057; x_wconf 87' lang='lat' dir='ltr'><strong>totius</strong></span> <span class='ocrx_word' id='word_1_375' title='bbox 1241 4001 1442 4072; x_wconf 87' lang='lat' dir='ltr'><strong>operis.</strong></span> <span class='ocrx_word' id='word_1_376' title='bbox 1475 4011 1534 4055; x_wconf 89' lang='lat' dir='ltr'><strong>ut</strong></span> <span class='ocrx_word' id='word_1_377' title='bbox 1583 4000 1696 4056; x_wconf 69' lang='lat' dir='ltr'><strong>iure</strong></span> <span class='ocrx_word' id='word_1_378' title='bbox 1749 4002 1854 4054; x_wconf 85' lang='lat' dir='ltr'><strong>fert</strong></span> <span class='ocrx_word' id='word_1_379' title='bbox 1889 4001 1970 4059; x_wconf 87' lang='lat' dir='ltr'><strong>in-</strong></span> 
     </span>
    </p>
   </div>
   <div class='ocr_carea' id='block_1_57' title="bbox 371 4093 1968 4179">
    <p class='ocr_par' dir='ltr' id='par_1_57' title="bbox 371 4093 1968 4179">
     <span class='ocr_line' id='line_1_57' title="bbox 371 4093 1968 4179; baseline -0.008 -16"><span class='ocrx_word' id='word_1_380' title='bbox 371 4107 622 4179; x_wconf 86' lang='lat' dir='ltr'><strong>scriptio,</strong></span> <span class='ocrx_word' id='word_1_381' title='bbox 655 4099 1061 4172; x_wconf 88' lang='lat' dir='ltr'><strong>compendium,</strong></span> <span class='ocrx_word' id='word_1_382' title='bbox 1094 4095 1238 4167; x_wconf 88' lang='lat' dir='ltr'><strong>quod</strong></span> <span class='ocrx_word' id='word_1_383' title='bbox 1289 4093 1420 4152; x_wconf 85' lang='lat' dir='ltr'><strong>nihil</strong></span> <span class='ocrx_word' id='word_1_384' title='bbox 1453 4107 1632 4156; x_wconf 88' lang='lat' dir='ltr'><strong>tamen</strong></span> <span class='ocrx_word' id='word_1_385' title='bbox 1673 4093 1839 4162; x_wconf 89' lang='lat' dir='ltr'><strong>aliud,</strong></span> <span class='ocrx_word' id='word_1_386' title='bbox 1866 4096 1968 4151; x_wconf 93' lang='lat' dir='ltr'><strong>nisi</strong></span> 
     </span>
    </p>
   </div>
   <div class='ocr_carea' id='block_1_58' title="bbox 371 4188 1969 4272">
    <p class='ocr_par' dir='ltr' id='par_1_58' title="bbox 371 4188 1969 4272">
     <span class='ocr_line' id='line_1_58' title="bbox 371 4188 1969 4272; baseline -0.008 -15"><span class='ocrx_word' id='word_1_387' title='bbox 371 4195 732 4272; x_wconf 88' lang='lat' dir='ltr'><strong>quorumdam</strong></span> <span class='ocrx_word' id='word_1_388' title='bbox 761 4193 1054 4249; x_wconf 88' lang='lat' dir='ltr'><strong>verborum</strong></span> <span class='ocrx_word' id='word_1_389' title='bbox 1082 4188 1524 4257; x_wconf 81' lang='lat' dir='ltr'><strong>explicationem,</strong></span> <span class='ocrx_word' id='word_1_390' title='bbox 1551 4195 1606 4242; x_wconf 91' lang='lat' dir='ltr'><strong>et</strong></span> <span class='ocrx_word' id='word_1_391' title='bbox 1631 4188 1888 4243; x_wconf 88' lang='lat' dir='ltr'><strong>nonnulla</strong></span> <span class='ocrx_word' id='word_1_392' title='bbox 1913 4189 1969 4244; x_wconf 88' lang='lat' dir='ltr'><strong>in</strong></span> 
     </span>
    </p>
   </div>
   <div class='ocr_carea' id='block_1_59' title="bbox 371 4278 1579 4351">
    <p class='ocr_par' dir='ltr' id='par_1_59' title="bbox 371 4278 1579 4351">
     <span class='ocr_line' id='line_1_59' title="bbox 371 4278 1579 4351; baseline -0.01 -1"><span class='ocrx_word' id='word_1_393' title='bbox 371 4293 459 4350; x_wconf 82' lang='lat' dir='ltr'><strong>his</strong></span> <span class='ocrx_word' id='word_1_394' title='bbox 489 4289 715 4348; x_wconf 83' lang='lat' dir='ltr'><strong>Arnobii</strong></span> <span class='ocrx_word' id='word_1_395' title='bbox 745 4287 899 4344; x_wconf 84' lang='lat' dir='ltr'><strong>libris</strong></span> <span class='ocrx_word' id='word_1_396' title='bbox 925 4291 1114 4339; x_wconf 82' lang='lat' dir='ltr'><strong>natatu</strong></span> <span class='ocrx_word' id='word_1_397' title='bbox 1141 4281 1302 4351; x_wconf 79' lang='lat' dir='ltr'><strong>digna</strong></span> <span class='ocrx_word' id='word_1_398' title='bbox 1334 4278 1579 4338; x_wconf 81' lang='lat' dir='ltr'><strong>exhibet.</strong></span> 
     </span>
    </p>
   </div>
   <div class='ocr_carea' id='block_1_60' title="bbox 447 4371 1972 4458">
    <p class='ocr_par' dir='ltr' id='par_1_60' title="bbox 447 4371 1972 4458">
     <span class='ocr_line' id='line_1_60' title="bbox 447 4371 1972 4458; baseline -0.018 -13"><span class='ocrx_word' id='word_1_399' title='bbox 447 4382 915 4458; x_wconf 84' lang='lat' dir='ltr'><strong>Quemadmodum</strong></span> <span class='ocrx_word' id='word_1_400' title='bbox 947 4390 1080 4432; x_wconf 86' lang='lat' dir='ltr'><strong>vero</strong></span> <span class='ocrx_word' id='word_1_401' title='bbox 1111 4372 1552 4432; x_wconf 83' lang='lat' dir='ltr'><strong>Eltnenborstius</strong></span> <span class='ocrx_word' id='word_1_402' title='bbox 1591 4371 1724 4427; x_wconf 90' lang='lat' dir='ltr'><strong>duas</strong></span> <span class='ocrx_word' id='word_1_403' title='bbox 1774 4373 1972 4444; x_wconf 80' lang='lat' dir='ltr'><strong>publici</strong></span> 
     </span>
    </p>
   </div>
   <div class='ocr_carea' id='block_1_61' title="bbox 376 4466 1972 4556">
    <p class='ocr_par' dir='ltr' id='par_1_61' title="bbox 376 4466 1972 4556">
     <span class='ocr_line' id='line_1_61' title="bbox 376 4466 1972 4556; baseline -0.011 -16"><span class='ocrx_word' id='word_1_404' title='bbox 376 4484 518 4556; x_wconf 85' lang='lat' dir='ltr'><strong>juris</strong></span> <span class='ocrx_word' id='word_1_405' title='bbox 575 4478 702 4535; x_wconf 89' lang='lat' dir='ltr'><strong>fecit</strong></span> <span class='ocrx_word' id='word_1_406' title='bbox 753 4472 1069 4531; x_wconf 83' lang='lat' dir='ltr'><strong>earumdem</strong></span> <span class='ocrx_word' id='word_1_407' title='bbox 1111 4469 1338 4526; x_wconf 82' lang='lat' dir='ltr'><strong>Arnobii</strong></span> <span class='ocrx_word' id='word_1_408' title='bbox 1391 4466 1654 4523; x_wconf 89' lang='lat' dir='ltr'><strong>librorum</strong></span> <span class='ocrx_word' id='word_1_409' title='bbox 1686 4467 1972 4536; x_wconf 86' lang='lat' dir='ltr'><strong>editiones,</strong></span> 
     </span>
    </p>
   </div>
   <div class='ocr_carea' id='block_1_62' title="bbox 376 4562 1970 4643">
    <p class='ocr_par' dir='ltr' id='par_1_62' title="bbox 376 4562 1970 4643">
     <span class='ocr_line' id='line_1_62' title="bbox 376 4562 1970 4643; baseline -0.011 -7"><span class='ocrx_word' id='word_1_410' title='bbox 376 4581 454 4637; x_wconf 89' lang='lat' dir='ltr'><strong>ita</strong></span> <span class='ocrx_word' id='word_1_411' title='bbox 482 4571 907 4643; x_wconf 80' lang='lat' dir='ltr'><strong>uniuscujusque</strong></span> <span class='ocrx_word' id='word_1_412' title='bbox 955 4565 1118 4621; x_wconf 86' lang='lat' dir='ltr'><strong>variis</strong></span> <span class='ocrx_word' id='word_1_413' title='bbox 1149 4563 1290 4619; x_wconf 85' lang='lat' dir='ltr'><strong>notis</strong></span> <span class='ocrx_word' id='word_1_414' title='bbox 1322 4562 1659 4618; x_wconf 68' lang='lat' dir='ltr'><strong>illustrandae</strong></span> <span class='ocrx_word' id='word_1_415' title='bbox 1689 4579 1826 4618; x_wconf 86' lang='lat' dir='ltr'><strong>onus</strong></span> <span class='ocrx_word' id='word_1_416' title='bbox 1851 4577 1970 4618; x_wconf 86' lang='lat' dir='ltr'><strong>sus-</strong></span> 
     </span>
    </p>
   </div>
   <div class='ocr_carea' id='block_1_63' title="bbox 2071 1961 3671 2031">
    <p class='ocr_par' dir='ltr' id='par_1_63' title="bbox 2071 1961 3671 2031">
     <span class='ocr_line' id='line_1_63' title="bbox 2071 1961 3671 2031; baseline 0 -14"><span class='ocrx_word' id='word_1_417' title='bbox 2071 1961 2329 2027; x_wconf 90' lang='lat' dir='ltr'><strong>breviori,</strong></span> <span class='ocrx_word' id='word_1_418' title='bbox 2365 1963 2520 2018; x_wconf 90' lang='lat' dir='ltr'><strong>sicuti</strong></span> <span class='ocrx_word' id='word_1_419' title='bbox 2549 1961 2806 2026; x_wconf 86' lang='lat' dir='ltr'><strong>diximus,</strong></span> <span class='ocrx_word' id='word_1_420' title='bbox 2854 1962 3113 2031; x_wconf 91' lang='lat' dir='ltr'><strong>temporis</strong></span> <span class='ocrx_word' id='word_1_421' title='bbox 3158 1962 3445 2018; x_wconf 89' lang='lat' dir='ltr'><strong>intervallo</strong></span> <span class='ocrx_word' id='word_1_422' title='bbox 3499 1971 3671 2017; x_wconf 92' lang='lat' dir='ltr'><strong>totum</strong></span> 
     </span>
    </p>
   </div>
   <div class='ocr_carea' id='block_1_64' title="bbox 2074 2054 2917 2127">
    <p class='ocr_par' dir='ltr' id='par_1_64' title="bbox 2074 2054 2917 2127">
     <span class='ocr_line' id='line_1_64' title="bbox 2074 2054 2917 2127; baseline -0.001 -18"><span class='ocrx_word' id='word_1_423' title='bbox 2074 2067 2212 2124; x_wconf 91' lang='lat' dir='ltr'><strong>opus</strong></span> <span class='ocrx_word' id='word_1_424' title='bbox 2240 2068 2300 2110; x_wconf 90' lang='lat' dir='ltr'><strong>se</strong></span> <span class='ocrx_word' id='word_1_425' title='bbox 2329 2054 2628 2127; x_wconf 84' lang='lat' dir='ltr'><strong>perfecisse</strong></span> <span class='ocrx_word' id='word_1_426' title='bbox 2654 2055 2917 2110; x_wconf 89' lang='lat' dir='ltr'><strong>adseruit.</strong></span> 
     </span>
    </p>
   </div>
   <div class='ocr_carea' id='block_1_65' title="bbox 2148 2147 3676 2221">
    <p class='ocr_par' dir='ltr' id='par_1_65' title="bbox 2148 2147 3676 2221">
     <span class='ocr_line' id='line_1_65' title="bbox 2148 2147 3676 2221; baseline 0.003 -20"><span class='ocrx_word' id='word_1_427' title='bbox 2148 2147 2294 2203; x_wconf 90' lang='lat' dir='ltr'><strong>Duos</strong></span> <span class='ocrx_word' id='word_1_428' title='bbox 2321 2147 2653 2220; x_wconf 80' lang='lat' dir='ltr'><strong>Bulengerus</strong></span> <span class='ocrx_word' id='word_1_429' title='bbox 2700 2149 2754 2203; x_wconf 92' lang='lat' dir='ltr'><strong>in</strong></span> <span class='ocrx_word' id='word_1_430' title='bbox 2784 2147 3081 2203; x_wconf 85' lang='lat' dir='ltr'><strong>Arnobium</strong></span> <span class='ocrx_word' id='word_1_431' title='bbox 3139 2148 3460 2221; x_wconf 83' lang='lat' dir='ltr'><strong>Eclogarum</strong></span> <span class='ocrx_word' id='word_1_432' title='bbox 3503 2149 3676 2205; x_wconf 89' lang='lat' dir='ltr'><strong>libros</strong></span> 
     </span>
    </p>
   </div>
   <div class='ocr_carea' id='block_1_66' title="bbox 2073 2241 3674 2312">
    <p class='ocr_par' dir='ltr' id='par_1_66' title="bbox 2073 2241 3674 2312">
     <span class='ocr_line' id='line_1_66' title="bbox 2073 2241 3674 2312; baseline -0.001 -14"><span class='ocrx_word' id='word_1_433' title='bbox 2073 2242 2304 2307; x_wconf 67' lang='lat' dir='ltr'><strong>Tolosaa,</strong></span> <span class='ocrx_word' id='word_1_434' title='bbox 2338 2257 2482 2298; x_wconf 91' lang='lat' dir='ltr'><strong>anno</strong></span> <span class='ocrx_word' id='word_1_435' title='bbox 2514 2241 2678 2309; x_wconf 73' lang='grc'><strong>1612,</strong></span> <span class='ocrx_word' id='word_1_436' title='bbox 2713 2242 2898 2297; x_wconf 89' lang='lat' dir='ltr'><strong>edidit.</strong></span> <span class='ocrx_word' id='word_1_437' title='bbox 2930 2241 2986 2295; x_wconf 87' lang='lat' dir='ltr'><strong>In</strong></span> <span class='ocrx_word' id='word_1_438' title='bbox 3019 2242 3191 2312; x_wconf 90' lang='lat' dir='ltr'><strong>primo</strong></span> <span class='ocrx_word' id='word_1_439' title='bbox 3231 2241 3392 2303; x_wconf 88' lang='lat' dir='ltr'><strong>variis</strong></span> <span class='ocrx_word' id='word_1_440' title='bbox 3425 2251 3532 2296; x_wconf 89' lang='lat' dir='ltr'><strong>tam</strong></span> <span class='ocrx_word' id='word_1_441' title='bbox 3584 2257 3674 2297; x_wconf 89' lang='lat' dir='ltr'><strong>sa-</strong></span> 
     </span>
    </p>
   </div>
   <div class='ocr_carea' id='block_1_67' title="bbox 2073 2333 3674 2403">
    <p class='ocr_par' dir='ltr' id='par_1_67' title="bbox 2073 2333 3674 2403">
     <span class='ocr_line' id='line_1_67' title="bbox 2073 2333 3674 2403; baseline 0.001 -16"><span class='ocrx_word' id='word_1_442' title='bbox 2073 2347 2312 2398; x_wconf 89' lang='lat' dir='ltr'><strong>crorum,</strong></span> <span class='ocrx_word' id='word_1_443' title='bbox 2345 2348 2504 2403; x_wconf 90' lang='lat' dir='ltr'><strong>quam</strong></span> <span class='ocrx_word' id='word_1_444' title='bbox 2537 2333 2943 2403; x_wconf 87' lang='lat' dir='ltr'><strong>prophanorum</strong></span> <span class='ocrx_word' id='word_1_445' title='bbox 2995 2334 3318 2403; x_wconf 90' lang='lat' dir='ltr'><strong>scriptorum</strong></span> <span class='ocrx_word' id='word_1_446' title='bbox 3347 2333 3674 2389; x_wconf 88' lang='lat' dir='ltr'><strong>testimoniis</strong></span> 
     </span>
    </p>
   </div>
   <div class='ocr_carea' id='block_1_68' title="bbox 2077 2423 3676 2495">
    <p class='ocr_par' dir='ltr' id='par_1_68' title="bbox 2077 2423 3676 2495">
     <span class='ocr_line' id='line_1_68' title="bbox 2077 2423 3676 2495; baseline 0.003 -18"><span class='ocrx_word' id='word_1_447' title='bbox 2077 2424 2328 2494; x_wconf 83' lang='lat' dir='ltr'><strong>quaedam</strong></span> <span class='ocrx_word' id='word_1_448' title='bbox 2360 2424 2564 2480; x_wconf 88' lang='lat' dir='ltr'><strong>stabilit</strong></span> <span class='ocrx_word' id='word_1_449' title='bbox 2593 2439 2657 2479; x_wconf 89' lang='lat' dir='ltr'><strong>ac</strong></span> <span class='ocrx_word' id='word_1_450' title='bbox 2685 2423 2991 2490; x_wconf 87' lang='lat' dir='ltr'><strong>confirmat,</strong></span> <span class='ocrx_word' id='word_1_451' title='bbox 3019 2440 3140 2495; x_wconf 67' lang='lat' dir='ltr'><strong>qua:</strong></span> <span class='ocrx_word' id='word_1_452' title='bbox 3171 2425 3224 2478; x_wconf 93' lang='lat' dir='ltr'><strong>in</strong></span> <span class='ocrx_word' id='word_1_453' title='bbox 3257 2425 3477 2480; x_wconf 81' lang='lat' dir='ltr'><strong>Arnobii</strong></span> <span class='ocrx_word' id='word_1_454' title='bbox 3523 2426 3676 2481; x_wconf 85' lang='lat' dir='ltr'><strong>libris</strong></span> 
     </span>
    </p>
   </div>
   <div class='ocr_carea' id='block_1_69' title="bbox 2077 2515 3676 2588">
    <p class='ocr_par' dir='ltr' id='par_1_69' title="bbox 2077 2515 3676 2588">
     <span class='ocr_line' id='line_1_69' title="bbox 2077 2515 3676 2588; baseline 0.001 -17"><span class='ocrx_word' id='word_1_455' title='bbox 2077 2516 2276 2588; x_wconf 89' lang='lat' dir='ltr'><strong>scripta</strong></span> <span class='ocrx_word' id='word_1_456' title='bbox 2309 2515 2539 2586; x_wconf 84' lang='lat' dir='ltr'><strong>legimus</strong></span> <span class='ocrx_word' id='word_1_457' title='bbox 2580 2516 2646 2570; x_wconf 90' lang='lat' dir='ltr'><strong>de</strong></span> <span class='ocrx_word' id='word_1_458' title='bbox 2683 2516 2816 2580; x_wconf 91' lang='lat' dir='ltr'><strong>Deo,</strong></span> <span class='ocrx_word' id='word_1_459' title='bbox 2847 2515 2966 2587; x_wconf 88' lang='lat' dir='ltr'><strong>ejus</strong></span> <span class='ocrx_word' id='word_1_460' title='bbox 3009 2516 3299 2584; x_wconf 89' lang='lat' dir='ltr'><strong>attributis,</strong></span> <span class='ocrx_word' id='word_1_461' title='bbox 3327 2527 3382 2574; x_wconf 90' lang='lat' dir='ltr'><strong>et</strong></span> <span class='ocrx_word' id='word_1_462' title='bbox 3421 2517 3676 2572; x_wconf 82' lang='lat' dir='ltr'><strong>humanae</strong></span> 
     </span>
    </p>
   </div>
   <div class='ocr_carea' id='block_1_70' title="bbox 2073 2607 3677 2681">
    <p class='ocr_par' dir='ltr' id='par_1_70' title="bbox 2073 2607 3677 2681">
     <span class='ocr_line' id='line_1_70' title="bbox 2073 2607 3677 2681; baseline 0.002 -20"><span class='ocrx_word' id='word_1_463' title='bbox 2073 2609 2268 2661; x_wconf 69' lang='lat' dir='ltr'><strong>anima:</strong></span> <span class='ocrx_word' id='word_1_464' title='bbox 2298 2607 2618 2678; x_wconf 88' lang='lat' dir='ltr'><strong>incorporea</strong></span> <span class='ocrx_word' id='word_1_465' title='bbox 2648 2608 3050 2681; x_wconf 90' lang='lat' dir='ltr'><strong>immortalique</strong></span> <span class='ocrx_word' id='word_1_466' title='bbox 3087 2619 3296 2663; x_wconf 89' lang='lat' dir='ltr'><strong>natura.</strong></span> <span class='ocrx_word' id='word_1_467' title='bbox 3327 2609 3436 2665; x_wconf 89' lang='lat' dir='ltr'><strong>Sed</strong></span> <span class='ocrx_word' id='word_1_468' title='bbox 3476 2625 3677 2680; x_wconf 84' lang='lat' dir='ltr'><strong>magno</strong></span> 
     </span>
    </p>
   </div>
   <div class='ocr_carea' id='block_1_71' title="bbox 2073 2698 3673 2778">
    <p class='ocr_par' dir='ltr' id='par_1_71' title="bbox 2073 2698 3673 2778">
     <span class='ocr_line' id='line_1_71' title="bbox 2073 2698 3673 2778; baseline 0.001 -24"><span class='ocrx_word' id='word_1_469' title='bbox 2073 2698 2288 2755; x_wconf 90' lang='lat' dir='ltr'><strong>silentio</strong></span> <span class='ocrx_word' id='word_1_470' title='bbox 2323 2699 2473 2769; x_wconf 90' lang='lat' dir='ltr'><strong>plura</strong></span> <span class='ocrx_word' id='word_1_471' title='bbox 2501 2700 2604 2754; x_wconf 90' lang='lat' dir='ltr'><strong>alia</strong></span> <span class='ocrx_word' id='word_1_472' title='bbox 2652 2700 2911 2770; x_wconf 83' lang='lat' dir='ltr'><strong>praeteriit</strong></span> <span class='ocrx_word' id='word_1_473' title='bbox 2973 2715 3096 2770; x_wconf 69' lang='lat' dir='ltr'><strong>qua:</strong></span> <span class='ocrx_word' id='word_1_474' title='bbox 3125 2701 3206 2756; x_wconf 86' lang='lat' dir='ltr'><strong>vel</strong></span> <span class='ocrx_word' id='word_1_475' title='bbox 3234 2700 3395 2778; x_wconf 89' lang='lat' dir='ltr'><strong>paulo</strong></span> <span class='ocrx_word' id='word_1_476' title='bbox 3423 2701 3673 2770; x_wconf 88' lang='lat' dir='ltr'><strong>liberius,</strong></span> 
     </span>
    </p>
   </div>
   <div class='ocr_carea' id='block_1_72' title="bbox 2073 2791 3674 2866">
    <p class='ocr_par' dir='ltr' id='par_1_72' title="bbox 2073 2791 3674 2866">
     <span class='ocr_line' id='line_1_72' title="bbox 2073 2791 3674 2866; baseline 0.005 -23"><span class='ocrx_word' id='word_1_477' title='bbox 2073 2791 2160 2847; x_wconf 83' lang='lat' dir='ltr'><strong>vel</strong></span> <span class='ocrx_word' id='word_1_478' title='bbox 2210 2793 2497 2851; x_wconf 87' lang='lat' dir='ltr'><strong>obscurius</strong></span> <span class='ocrx_word' id='word_1_479' title='bbox 2549 2791 2617 2847; x_wconf 92' lang='lat' dir='ltr'><strong>ab</strong></span> <span class='ocrx_word' id='word_1_480' title='bbox 2668 2793 2760 2846; x_wconf 92' lang='lat' dir='ltr'><strong>illo</strong></span> <span class='ocrx_word' id='word_1_481' title='bbox 2809 2793 2948 2848; x_wconf 90' lang='lat' dir='ltr'><strong>dicta</strong></span> <span class='ocrx_word' id='word_1_482' title='bbox 3003 2793 3169 2850; x_wconf 91' lang='lat' dir='ltr'><strong>fuisse</strong></span> <span class='ocrx_word' id='word_1_483' title='bbox 3225 2794 3378 2849; x_wconf 90' lang='lat' dir='ltr'><strong>multi</strong></span> <span class='ocrx_word' id='word_1_484' title='bbox 3429 2810 3674 2866; x_wconf 88' lang='lat' dir='ltr'><strong>conque-</strong></span> 
     </span>
    </p>
   </div>
   <div class='ocr_carea' id='block_1_73' title="bbox 2073 2893 2293 2938">
    <p class='ocr_par' dir='ltr' id='par_1_73' title="bbox 2073 2893 2293 2938">
     <span class='ocr_line' id='line_1_73' title="bbox 2073 2893 2293 2938; baseline -0.009 0"><span class='ocrx_word' id='word_1_485' title='bbox 2073 2893 2293 2938; x_wconf 88' lang='lat' dir='ltr'><strong>runtur.</strong></span> 
     </span>
    </p>
   </div>
   <div class='ocr_carea' id='block_1_74' title="bbox 2147 2973 3680 3047">
    <p class='ocr_par' dir='ltr' id='par_1_74' title="bbox 2147 2973 3680 3047">
     <span class='ocr_line' id='line_1_74' title="bbox 2147 2973 3680 3047; baseline 0.002 -17"><span class='ocrx_word' id='word_1_486' title='bbox 2147 2973 2399 3030; x_wconf 92' lang='lat' dir='ltr'><strong>Secundo</strong></span> <span class='ocrx_word' id='word_1_487' title='bbox 2430 2975 2762 3047; x_wconf 88' lang='lat' dir='ltr'><strong>Bulengerus</strong></span> <span class='ocrx_word' id='word_1_488' title='bbox 2793 2990 2893 3031; x_wconf 90' lang='lat' dir='ltr'><strong>suo</strong></span> <span class='ocrx_word' id='word_1_489' title='bbox 2921 2977 2973 3030; x_wconf 94' lang='lat' dir='ltr'><strong>in</strong></span> <span class='ocrx_word' id='word_1_490' title='bbox 3030 2975 3170 3032; x_wconf 91' lang='lat' dir='ltr'><strong>libro</strong></span> <span class='ocrx_word' id='word_1_491' title='bbox 3198 2977 3312 3033; x_wconf 66' lang='lat' dir='ltr'><strong>haec</strong></span> <span class='ocrx_word' id='word_1_492' title='bbox 3341 2979 3472 3032; x_wconf 90' lang='lat' dir='ltr'><strong>citat</strong></span> <span class='ocrx_word' id='word_1_493' title='bbox 3498 2977 3680 3034; x_wconf 83' lang='lat' dir='ltr'><strong>Arno-</strong></span> 
     </span>
    </p>
   </div>
   <div class='ocr_carea' id='block_1_75' title="bbox 2075 3067 3676 3139">
    <p class='ocr_par' dir='ltr' id='par_1_75' title="bbox 2075 3067 3676 3139">
     <span class='ocr_line' id='line_1_75' title="bbox 2075 3067 3676 3139; baseline 0.003 -18"><span class='ocrx_word' id='word_1_494' title='bbox 2075 3067 2150 3121; x_wconf 91' lang='lat' dir='ltr'><strong>bii</strong></span> <span class='ocrx_word' id='word_1_495' title='bbox 2189 3069 2391 3123; x_wconf 90' lang='lat' dir='ltr'><strong>verba:</strong></span> <span class='ocrx_word' id='word_1_496' title='bbox 2432 3086 2452 3121; x_wconf 71' lang='grc' dir='ltr'>ι</span> <span class='ocrx_word' id='word_1_497' title='bbox 2495 3067 2697 3123; x_wconf 79' lang='lat' dir='ltr'><strong>Ridetis</strong></span> <span class='ocrx_word' id='word_1_498' title='bbox 2751 3069 3086 3138; x_wconf 87' lang='lat' dir='ltr'><strong>temporibus</strong></span> <span class='ocrx_word' id='word_1_499' title='bbox 3128 3069 3318 3139; x_wconf 91' lang='lat' dir='ltr'><strong>priscis</strong></span> <span class='ocrx_word' id='word_1_500' title='bbox 3346 3069 3540 3126; x_wconf 89' lang='lat' dir='ltr'><strong>Persas</strong></span> <span class='ocrx_word' id='word_1_501' title='bbox 3565 3069 3676 3126; x_wconf 88' lang='lat' dir='ltr'><strong>ﬂu-</strong></span> 
     </span>
    </p>
   </div>
   <div class='ocr_carea' id='block_1_76' title="bbox 2073 3160 3679 3233">
    <p class='ocr_par' dir='ltr' id='par_1_76' title="bbox 2073 3160 3679 3233">
     <span class='ocr_line' id='line_1_76' title="bbox 2073 3160 3679 3233; baseline 0.002 -19"><span class='ocrx_word' id='word_1_502' title='bbox 2073 3162 2218 3216; x_wconf 90' lang='lat' dir='ltr'><strong>vium</strong></span> <span class='ocrx_word' id='word_1_503' title='bbox 2247 3160 2506 3228; x_wconf 90' lang='lat' dir='ltr'><strong>coluisse,</strong></span> <span class='ocrx_word' id='word_1_504' title='bbox 2538 3161 2850 3216; x_wconf 89' lang='lat' dir='ltr'><strong>memoralia</strong></span> <span class='ocrx_word' id='word_1_505' title='bbox 2884 3173 2941 3215; x_wconf 90' lang='lat' dir='ltr'><strong>ut</strong></span> <span class='ocrx_word' id='word_1_506' title='bbox 2990 3160 3225 3216; x_wconf 90' lang='lat' dir='ltr'><strong>indicant</strong></span> <span class='ocrx_word' id='word_1_507' title='bbox 3273 3162 3506 3233; x_wconf 87' lang='lat' dir='ltr'><strong>scripta;</strong></span> <span class='ocrx_word' id='word_1_508' title='bbox 3539 3181 3557 3214; x_wconf 73' lang='grc' dir='ltr'>ι</span> <span class='ocrx_word' id='word_1_509' title='bbox 3587 3173 3679 3217; x_wconf 79' lang='lat' dir='ltr'><strong>at-</strong></span> 
     </span>
    </p>
   </div>
   <div class='ocr_carea' id='block_1_77' title="bbox 1997 3253 3676 3329">
    <p class='ocr_par' dir='ltr' id='par_1_77' title="bbox 1997 3253 3676 3329">
     <span class='ocr_line' id='line_1_77' title="bbox 1997 3253 3676 3329; baseline 0.002 -20"><span class='ocrx_word' id='word_1_510' title='bbox 1997 3265 2043 3329; x_wconf 71' lang='grc' dir='ltr'><strong>ρ</strong></span> <span class='ocrx_word' id='word_1_511' title='bbox 2075 3270 2180 3324; x_wconf 94' lang='lat' dir='ltr'><strong>que</strong></span> <span class='ocrx_word' id='word_1_512' title='bbox 2231 3255 2394 3308; x_wconf 90' lang='lat' dir='ltr'><strong>etiam</strong></span> <span class='ocrx_word' id='word_1_513' title='bbox 2447 3254 2575 3309; x_wconf 85' lang='lat' dir='ltr'><strong>illa:</strong></span> <span class='ocrx_word' id='word_1_514' title='bbox 2608 3275 2625 3305; x_wconf 80' lang='grc' dir='ltr'>ι</span> <span class='ocrx_word' id='word_1_515' title='bbox 2659 3253 2729 3309; x_wconf 87' lang='lat' dir='ltr'><strong>Et</strong></span> <span class='ocrx_word' id='word_1_516' title='bbox 2777 3255 2916 3310; x_wconf 89' lang='lat' dir='ltr'><strong>inter</strong></span> <span class='ocrx_word' id='word_1_517' title='bbox 2958 3255 3208 3324; x_wconf 82' lang='lat' dir='ltr'><strong>Assyrios</strong></span> <span class='ocrx_word' id='word_1_518' title='bbox 3236 3265 3290 3310; x_wconf 92' lang='lat' dir='ltr'><strong>et</strong></span> <span class='ocrx_word' id='word_1_519' title='bbox 3333 3255 3676 3322; x_wconf 87' lang='lat' dir='ltr'><strong>Bactrianos,</strong></span> 
     </span>
    </p>
   </div>
   <div class='ocr_carea' id='block_1_78' title="bbox 2074 3346 3678 3418">
    <p class='ocr_par' dir='ltr' id='par_1_78' title="bbox 2074 3346 3678 3418">
     <span class='ocr_line' id='line_1_78' title="bbox 2074 3346 3678 3418; baseline 0.002 -16"><span class='ocrx_word' id='word_1_520' title='bbox 2074 3346 2214 3402; x_wconf 84' lang='lat' dir='ltr'><strong>Nino</strong></span> <span class='ocrx_word' id='word_1_521' title='bbox 2237 3346 2471 3416; x_wconf 89' lang='lat' dir='ltr'><strong>quodam</strong></span> <span class='ocrx_word' id='word_1_522' title='bbox 2512 3346 2907 3418; x_wconf 75' lang='lat' dir='ltr'><strong>Zoroastreque</strong></span> <span class='ocrx_word' id='word_1_523' title='bbox 2940 3347 3281 3413; x_wconf 89' lang='lat' dir='ltr'><strong>ductoribus,</strong></span> <span class='ocrx_word' id='word_1_524' title='bbox 3311 3363 3416 3403; x_wconf 92' lang='lat' dir='ltr'><strong>non</strong></span> <span class='ocrx_word' id='word_1_525' title='bbox 3464 3359 3678 3406; x_wconf 87' lang='lat' dir='ltr'><strong>tantum</strong></span> 
     </span>
    </p>
   </div>
   <div class='ocr_carea' id='block_1_79' title="bbox 2073 3442 3683 3515">
    <p class='ocr_par' dir='ltr' id='par_1_79' title="bbox 2073 3442 3683 3515">
     <span class='ocr_line' id='line_1_79' title="bbox 2073 3442 3683 3515; baseline 0.002 -19"><span class='ocrx_word' id='word_1_526' title='bbox 2073 3443 2219 3498; x_wconf 90' lang='lat' dir='ltr'><strong>ferro</strong></span> <span class='ocrx_word' id='word_1_527' title='bbox 2249 3442 2618 3509; x_wconf 89' lang='lat' dir='ltr'><strong>dimicaretur,</strong></span> <span class='ocrx_word' id='word_1_528' title='bbox 2647 3452 2702 3498; x_wconf 90' lang='lat' dir='ltr'><strong>et</strong></span> <span class='ocrx_word' id='word_1_529' title='bbox 2749 3442 2972 3508; x_wconf 89' lang='lat' dir='ltr'><strong>viribus,</strong></span> <span class='ocrx_word' id='word_1_530' title='bbox 3000 3458 3184 3498; x_wconf 87' lang='lat' dir='ltr'><strong>verum</strong></span> <span class='ocrx_word' id='word_1_531' title='bbox 3232 3445 3393 3498; x_wconf 90' lang='lat' dir='ltr'><strong>etiam</strong></span> <span class='ocrx_word' id='word_1_532' title='bbox 3451 3446 3683 3515; x_wconf 61' lang='lat' dir='ltr'><strong>magicis</strong></span> 
     </span>
    </p>
   </div>
   <div class='ocr_carea' id='block_1_80' title="bbox 2079 3535 3676 3611">
    <p class='ocr_par' dir='ltr' id='par_1_80' title="bbox 2079 3535 3676 3611">
     <span class='ocr_line' id='line_1_80' title="bbox 2079 3535 3676 3611; baseline 0.001 -19"><span class='ocrx_word' id='word_1_533' title='bbox 2079 3545 2134 3592; x_wconf 86' lang='lat' dir='ltr'><strong>et</strong></span> <span class='ocrx_word' id='word_1_534' title='bbox 2177 3535 2551 3591; x_wconf 71' lang='lat' dir='ltr'><strong>Clialdmorum</strong></span> <span class='ocrx_word' id='word_1_535' title='bbox 2576 3553 2642 3591; x_wconf 87' lang='lat' dir='ltr'><strong>ex</strong></span> <span class='ocrx_word' id='word_1_536' title='bbox 2694 3536 2990 3591; x_wconf 89' lang='lat' dir='ltr'><strong>reconditis</strong></span> <span class='ocrx_word' id='word_1_537' title='bbox 3032 3537 3331 3606; x_wconf 87' lang='lat' dir='ltr'><strong>disciplinis</strong></span> <span class='ocrx_word' id='word_1_538' title='bbox 3369 3557 3386 3590; x_wconf 75' lang='grc' dir='ltr'><strong><em>ι</em></strong></span> <span class='ocrx_word' id='word_1_539' title='bbox 3420 3537 3676 3611; x_wconf 78' lang='lat' dir='ltr'><strong>(Arnob.,</strong></span> 
     </span>
    </p>
   </div>
   <div class='ocr_carea' id='block_1_81' title="bbox 2076 3627 3684 3698">
    <p class='ocr_par' dir='ltr' id='par_1_81' title="bbox 2076 3627 3684 3698">
     <span class='ocr_line' id='line_1_81' title="bbox 2076 3627 3684 3698; baseline 0.001 -15"><span class='ocrx_word' id='word_1_540' title='bbox 2076 3629 2165 3685; x_wconf 82' lang='lat' dir='ltr'><strong>lib.</strong></span> <span class='ocrx_word' id='word_1_541' title='bbox 2202 3645 2273 3693; x_wconf 79' lang='lat' dir='ltr'><strong>vi,</strong></span> <span class='ocrx_word' id='word_1_542' title='bbox 2307 3647 2360 3698; x_wconf 75' lang='grc' dir='ltr'><strong>ρ.</strong></span> <span class='ocrx_word' id='word_1_543' title='bbox 2415 3627 2558 3693; x_wconf 83' lang='grc'><strong>196;</strong></span> <span class='ocrx_word' id='word_1_544' title='bbox 2592 3640 2644 3684; x_wconf 92' lang='lat' dir='ltr'><strong>et</strong></span> <span class='ocrx_word' id='word_1_545' title='bbox 2690 3628 2780 3682; x_wconf 83' lang='lat' dir='ltr'><strong>lib.</strong></span> <span class='ocrx_word' id='word_1_546' title='bbox 2832 3645 2870 3695; x_wconf 80' lang='grc' dir='ltr'><strong>ι,</strong></span> <span class='ocrx_word' id='word_1_547' title='bbox 2896 3646 2949 3696; x_wconf 82' lang='lat' dir='ltr'><strong>p.</strong></span> <span class='ocrx_word' id='word_1_548' title='bbox 3003 3627 3079 3697; x_wconf 83' lang='lat'><strong>5).</strong></span> <span class='ocrx_word' id='word_1_549' title='bbox 3120 3627 3214 3682; x_wconf 85' lang='lat' dir='ltr'><strong>His</strong></span> <span class='ocrx_word' id='word_1_550' title='bbox 3243 3645 3369 3684; x_wconf 81' lang='lat' dir='ltr'><strong>vero</strong></span> <span class='ocrx_word' id='word_1_551' title='bbox 3395 3630 3684 3686; x_wconf 84' lang='lat' dir='ltr'><strong>dumtaxat</strong></span> 
     </span>
    </p>
   </div>
   <div class='ocr_carea' id='block_1_82' title="bbox 2074 3719 3684 3791">
    <p class='ocr_par' dir='ltr' id='par_1_82' title="bbox 2074 3719 3684 3791">
     <span class='ocr_line' id='line_1_82' title="bbox 2074 3719 3684 3791; baseline -0.001 -13"><span class='ocrx_word' id='word_1_552' title='bbox 2074 3723 2297 3778; x_wconf 82' lang='lat' dir='ltr'><strong>Arnobii</strong></span> <span class='ocrx_word' id='word_1_553' title='bbox 2325 3721 2526 3788; x_wconf 88' lang='lat' dir='ltr'><strong>verbis,</strong></span> <span class='ocrx_word' id='word_1_554' title='bbox 2555 3732 2828 3791; x_wconf 85' lang='lat' dir='ltr'><strong>tamquam</strong></span> <span class='ocrx_word' id='word_1_555' title='bbox 2850 3719 3008 3786; x_wconf 79' lang='lat' dir='ltr'><strong>liuius</strong></span> <span class='ocrx_word' id='word_1_556' title='bbox 3035 3719 3258 3774; x_wconf 89' lang='lat' dir='ltr'><strong>secundi</strong></span> <span class='ocrx_word' id='word_1_557' title='bbox 3289 3719 3410 3774; x_wconf 88' lang='lat' dir='ltr'><strong>libri</strong></span> <span class='ocrx_word' id='word_1_558' title='bbox 3443 3723 3522 3775; x_wconf 90' lang='lat' dir='ltr'><strong>sui</strong></span> <span class='ocrx_word' id='word_1_559' title='bbox 3557 3725 3684 3778; x_wconf 86' lang='lat' dir='ltr'><strong>the-</strong></span> 
     </span>
    </p>
   </div>
   <div class='ocr_carea' id='block_1_83' title="bbox 2079 3813 3682 3885">
    <p class='ocr_par' dir='ltr' id='par_1_83' title="bbox 2079 3813 3682 3885">
     <span class='ocr_line' id='line_1_83' title="bbox 2079 3813 3682 3885; baseline 0.001 -15"><span class='ocrx_word' id='word_1_560' title='bbox 2079 3826 2222 3870; x_wconf 87' lang='lat' dir='ltr'><strong>mate</strong></span> <span class='ocrx_word' id='word_1_561' title='bbox 2250 3825 2304 3870; x_wconf 92' lang='lat' dir='ltr'><strong>et</strong></span> <span class='ocrx_word' id='word_1_562' title='bbox 2332 3826 2654 3885; x_wconf 87' lang='lat' dir='ltr'><strong>argumento</strong></span> <span class='ocrx_word' id='word_1_563' title='bbox 2676 3814 2986 3885; x_wconf 89' lang='lat' dir='ltr'><strong>propositis,</strong></span> <span class='ocrx_word' id='word_1_564' title='bbox 3019 3813 3184 3868; x_wconf 91' lang='lat' dir='ltr'><strong>multa</strong></span> <span class='ocrx_word' id='word_1_565' title='bbox 3214 3815 3447 3885; x_wconf 89' lang='lat' dir='ltr'><strong>undique</strong></span> <span class='ocrx_word' id='word_1_566' title='bbox 3467 3815 3682 3884; x_wconf 73' lang='lat' dir='ltr'><strong>colligit</strong></span> 
     </span>
    </p>
   </div>
   <div class='ocr_carea' id='block_1_84' title="bbox 2075 3906 3674 3979">
    <p class='ocr_par' dir='ltr' id='par_1_84' title="bbox 2075 3906 3674 3979">
     <span class='ocr_line' id='line_1_84' title="bbox 2075 3906 3674 3979; baseline -0.002 -14"><span class='ocrx_word' id='word_1_567' title='bbox 2075 3919 2131 3965; x_wconf 91' lang='lat' dir='ltr'><strong>et</strong></span> <span class='ocrx_word' id='word_1_568' title='bbox 2183 3909 2489 3964; x_wconf 89' lang='lat' dir='ltr'><strong>accumulat</strong></span> <span class='ocrx_word' id='word_1_569' title='bbox 2531 3907 2596 3962; x_wconf 92' lang='lat' dir='ltr'><strong>de</strong></span> <span class='ocrx_word' id='word_1_570' title='bbox 2647 3907 2849 3973; x_wconf 83' lang='lat' dir='ltr'><strong>Persis,</strong></span> <span class='ocrx_word' id='word_1_571' title='bbox 2894 3906 3083 3971; x_wconf 83' lang='lat' dir='ltr'><strong>Medis,</strong></span> <span class='ocrx_word' id='word_1_572' title='bbox 3141 3906 3374 3973; x_wconf 86' lang='lat' dir='ltr'><strong>Parthis,</strong></span> <span class='ocrx_word' id='word_1_573' title='bbox 3404 3910 3674 3979; x_wconf 80' lang='lat' dir='ltr'><strong>Assyriis,</strong></span> 
     </span>
    </p>
   </div>
   <div class='ocr_carea' id='block_1_85' title="bbox 2073 3998 3676 4073">
    <p class='ocr_par' dir='ltr' id='par_1_85' title="bbox 2073 3998 3676 4073">
     <span class='ocr_line' id='line_1_85' title="bbox 2073 3998 3676 4073; baseline 0.001 -16"><span class='ocrx_word' id='word_1_574' title='bbox 2073 4001 2412 4073; x_wconf 83' lang='lat' dir='ltr'><strong>Babyloniis,</strong></span> <span class='ocrx_word' id='word_1_575' title='bbox 2452 3999 2643 4071; x_wconf 84' lang='lat' dir='ltr'><strong>Magis,</strong></span> <span class='ocrx_word' id='word_1_576' title='bbox 2700 3998 2990 4066; x_wconf 74' lang='lat' dir='ltr'><strong>Chaldaeis,</strong></span> <span class='ocrx_word' id='word_1_577' title='bbox 3041 3999 3359 4072; x_wconf 89' lang='lat' dir='ltr'><strong>illorumqne</strong></span> <span class='ocrx_word' id='word_1_578' title='bbox 3407 4002 3676 4071; x_wconf 83' lang='lat' dir='ltr'><strong>moribus,</strong></span> 
     </span>
    </p>
   </div>
   <div class='ocr_carea' id='block_1_86' title="bbox 2074 4093 3682 4164">
    <p class='ocr_par' dir='ltr' id='par_1_86' title="bbox 2074 4093 3682 4164">
     <span class='ocr_line' id='line_1_86' title="bbox 2074 4093 3682 4164; baseline 0.001 -14"><span class='ocrx_word' id='word_1_579' title='bbox 2074 4095 2180 4151; x_wconf 90' lang='lat' dir='ltr'><strong>diis</strong></span> <span class='ocrx_word' id='word_1_580' title='bbox 2211 4105 2266 4151; x_wconf 91' lang='lat' dir='ltr'><strong>et</strong></span> <span class='ocrx_word' id='word_1_581' title='bbox 2305 4096 2495 4161; x_wconf 86' lang='lat' dir='ltr'><strong>sacris,</strong></span> <span class='ocrx_word' id='word_1_582' title='bbox 2527 4110 2646 4164; x_wconf 81' lang='lat' dir='ltr'><strong>quae</strong></span> <span class='ocrx_word' id='word_1_583' title='bbox 2683 4110 2710 4146; x_wconf 90' lang='lat' dir='ltr'><strong>a</strong></span> <span class='ocrx_word' id='word_1_584' title='bbox 2742 4093 2984 4148; x_wconf 89' lang='lat' dir='ltr'><strong>Barnaba</strong></span> <span class='ocrx_word' id='word_1_585' title='bbox 3021 4093 3294 4149; x_wconf 85' lang='lat' dir='ltr'><strong>Brissonio</strong></span> <span class='ocrx_word' id='word_1_586' title='bbox 3348 4095 3399 4147; x_wconf 92' lang='lat' dir='ltr'><strong>iu</strong></span> <span class='ocrx_word' id='word_1_587' title='bbox 3451 4109 3550 4150; x_wconf 92' lang='lat' dir='ltr'><strong>suo</strong></span> <span class='ocrx_word' id='word_1_588' title='bbox 3606 4097 3682 4153; x_wconf 87' lang='lat' dir='ltr'><strong>de</strong></span> 
     </span>
    </p>
   </div>
   <div class='ocr_carea' id='block_1_87' title="bbox 2074 4183 3681 4258">
    <p class='ocr_par' dir='ltr' id='par_1_87' title="bbox 2074 4183 3681 4258">
     <span class='ocr_line' id='line_1_87' title="bbox 2074 4183 3681 4258; baseline 0.003 -16"><span class='ocrx_word' id='word_1_589' title='bbox 2074 4188 2304 4257; x_wconf 91' lang='lat' dir='ltr'><strong>imperio</strong></span> <span class='ocrx_word' id='word_1_590' title='bbox 2331 4187 2619 4242; x_wconf 90' lang='lat' dir='ltr'><strong>Persarum</strong></span> <span class='ocrx_word' id='word_1_591' title='bbox 2649 4185 2786 4240; x_wconf 90' lang='lat' dir='ltr'><strong>libro</strong></span> <span class='ocrx_word' id='word_1_592' title='bbox 2811 4189 3013 4240; x_wconf 87' lang='lat' dir='ltr'><strong>omissa</strong></span> <span class='ocrx_word' id='word_1_593' title='bbox 3037 4183 3275 4241; x_wconf 86' lang='lat' dir='ltr'><strong>fuerunt.</strong></span> <span class='ocrx_word' id='word_1_594' title='bbox 3294 4185 3400 4242; x_wconf 89' lang='lat' dir='ltr'><strong>Sed</strong></span> <span class='ocrx_word' id='word_1_595' title='bbox 3421 4189 3541 4258; x_wconf 89' lang='lat' dir='ltr'><strong>quis</strong></span> <span class='ocrx_word' id='word_1_596' title='bbox 3563 4206 3681 4247; x_wconf 92' lang='lat' dir='ltr'><strong>non</strong></span> 
     </span>
    </p>
   </div>
   <div class='ocr_carea' id='block_1_88' title="bbox 2081 4277 3683 4353">
    <p class='ocr_par' dir='ltr' id='par_1_88' title="bbox 2081 4277 3683 4353">
     <span class='ocr_line' id='line_1_88' title="bbox 2081 4277 3683 4353; baseline 0.001 -19"><span class='ocrx_word' id='word_1_597' title='bbox 2081 4279 2232 4336; x_wconf 91' lang='lat' dir='ltr'><strong>videt</strong></span> <span class='ocrx_word' id='word_1_598' title='bbox 2257 4279 2373 4334; x_wconf 75' lang='lat' dir='ltr'><strong>litec</strong></span> <span class='ocrx_word' id='word_1_599' title='bbox 2401 4280 2583 4334; x_wconf 92' lang='lat' dir='ltr'><strong>omnia</strong></span> <span class='ocrx_word' id='word_1_600' title='bbox 2612 4294 2718 4332; x_wconf 87' lang='lat' dir='ltr'><strong>non</strong></span> <span class='ocrx_word' id='word_1_601' title='bbox 2749 4279 2920 4349; x_wconf 86' lang='lat' dir='ltr'><strong>magis</strong></span> <span class='ocrx_word' id='word_1_602' title='bbox 2951 4277 3246 4333; x_wconf 84' lang='lat' dir='ltr'><strong>Arnobium</strong></span> <span class='ocrx_word' id='word_1_603' title='bbox 3280 4290 3520 4335; x_wconf 90' lang='lat' dir='ltr'><strong>nostrum</strong></span> <span class='ocrx_word' id='word_1_604' title='bbox 3545 4297 3683 4353; x_wconf 65' lang='lat' dir='ltr'><strong>spe-</strong></span> 
     </span>
    </p>
   </div>
   <div class='ocr_carea' id='block_1_89' title="bbox 2075 4370 3679 4444">
    <p class='ocr_par' dir='ltr' id='par_1_89' title="bbox 2075 4370 3679 4444">
     <span class='ocr_line' id='line_1_89' title="bbox 2075 4370 3679 4444; baseline 0.002 -17"><span class='ocrx_word' id='word_1_605' title='bbox 2075 4382 2245 4438; x_wconf 89' lang='lat' dir='ltr'><strong>ctare,</strong></span> <span class='ocrx_word' id='word_1_606' title='bbox 2293 4387 2455 4444; x_wconf 89' lang='lat' dir='ltr'><strong>quam</strong></span> <span class='ocrx_word' id='word_1_607' title='bbox 2501 4370 2838 4428; x_wconf 87' lang='lat' dir='ltr'><strong>Clementem</strong></span> <span class='ocrx_word' id='word_1_608' title='bbox 2887 4370 3356 4440; x_wconf 79' lang='lat' dir='ltr'><strong>Alexandrinum,</strong></span> <span class='ocrx_word' id='word_1_609' title='bbox 3404 4384 3459 4428; x_wconf 88' lang='lat' dir='ltr'><strong>et</strong></span> <span class='ocrx_word' id='word_1_610' title='bbox 3506 4374 3679 4431; x_wconf 90' lang='lat' dir='ltr'><strong>alium</strong></span> 
     </span>
    </p>
   </div>
   <div class='ocr_carea' id='block_1_90' title="bbox 2076 4464 3684 4538">
    <p class='ocr_par' dir='ltr' id='par_1_90' title="bbox 2076 4464 3684 4538">
     <span class='ocr_line' id='line_1_90' title="bbox 2076 4464 3684 4538; baseline 0.003 -20"><span class='ocrx_word' id='word_1_611' title='bbox 2076 4465 2372 4534; x_wconf 88' lang='lat' dir='ltr'><strong>quemlibet</strong></span> <span class='ocrx_word' id='word_1_612' title='bbox 2397 4466 2720 4536; x_wconf 87' lang='lat' dir='ltr'><strong>scriptorem</strong></span> <span class='ocrx_word' id='word_1_613' title='bbox 2745 4506 2760 4531; x_wconf 94' lang='lat'><strong>,</strong></span> <span class='ocrx_word' id='word_1_614' title='bbox 2789 4465 2879 4535; x_wconf 90' lang='lat' dir='ltr'><strong>qui</strong></span> <span class='ocrx_word' id='word_1_615' title='bbox 2902 4464 3116 4530; x_wconf 87' lang='lat' dir='ltr'><strong>eadem,</strong></span> <span class='ocrx_word' id='word_1_616' title='bbox 3140 4473 3300 4535; x_wconf 88' lang='lat' dir='ltr'><strong>atque</strong></span> <span class='ocrx_word' id='word_1_617' title='bbox 3321 4464 3480 4519; x_wconf 87' lang='lat' dir='ltr'><strong>etiam</strong></span> <span class='ocrx_word' id='word_1_618' title='bbox 3512 4467 3684 4538; x_wconf 80' lang='lat' dir='ltr'><strong>longe</strong></span> 
     </span>
    </p>
   </div>
   <div class='ocr_carea' id='block_1_91' title="bbox 2078 4556 3681 4630">
    <p class='ocr_par' dir='ltr' id='par_1_91' title="bbox 2078 4556 3681 4630">
     <span class='ocr_line' id='line_1_91' title="bbox 2078 4556 3681 4630; baseline 0.002 -19"><span class='ocrx_word' id='word_1_619' title='bbox 2078 4557 2229 4630; x_wconf 88' lang='lat' dir='ltr'><strong>plura</strong></span> <span class='ocrx_word' id='word_1_620' title='bbox 2258 4557 2326 4612; x_wconf 92' lang='lat' dir='ltr'><strong>de</strong></span> <span class='ocrx_word' id='word_1_621' title='bbox 2355 4558 2548 4613; x_wconf 88' lang='lat' dir='ltr'><strong>iisdem</strong></span> <span class='ocrx_word' id='word_1_622' title='bbox 2582 4557 2800 4628; x_wconf 85' lang='lat' dir='ltr'><strong>populis</strong></span> <span class='ocrx_word' id='word_1_623' title='bbox 2831 4559 3105 4611; x_wconf 74' lang='lat' dir='ltr'><strong>memoria:</strong></span> <span class='ocrx_word' id='word_1_624' title='bbox 3136 4556 3527 4627; x_wconf 82' lang='lat' dir='ltr'><strong>prodiderunt?</strong></span> <span class='ocrx_word' id='word_1_625' title='bbox 3555 4558 3681 4616; x_wconf 85' lang='lat' dir='ltr'><strong>Huc</strong></span> 
     </span>
    </p>
   </div>
   <div class='ocr_carea' id='block_1_92' title="bbox 378 4649 3678 4745">
    <p class='ocr_par' dir='ltr' id='par_1_92' title="bbox 378 4649 3678 4745">
     <span class='ocr_line' id='line_1_92' title="bbox 378 4649 3678 4745; baseline -0.003 -27"><span class='ocrx_word' id='word_1_626' title='bbox 378 4673 545 4745; x_wconf 71' lang='lat' dir='ltr'><strong>cepit.</strong></span> <span class='ocrx_word' id='word_1_627' title='bbox 573 4669 631 4724; x_wconf 84' lang='lat' dir='ltr'><strong>In</strong></span> <span class='ocrx_word' id='word_1_628' title='bbox 660 4683 709 4739; x_wconf 83' lang='lat' dir='ltr'><strong>pl</strong></span> <span class='ocrx_word' id='word_1_629' title='bbox 724 4667 828 4722; x_wconf 90' lang='lat' dir='ltr'><strong>ima</strong></span> <span class='ocrx_word' id='word_1_630' title='bbox 859 4673 1040 4718; x_wconf 88' lang='lat' dir='ltr'><strong>autem</strong></span> <span class='ocrx_word' id='word_1_631' title='bbox 1071 4658 1310 4714; x_wconf 89' lang='lat' dir='ltr'><strong>editione</strong></span> <span class='ocrx_word' id='word_1_632' title='bbox 1365 4657 1696 4712; x_wconf 88' lang='lat' dir='ltr'><strong>brevissimis</strong></span> <span class='ocrx_word' id='word_1_633' title='bbox 1745 4665 1972 4710; x_wconf 86' lang='lat' dir='ltr'><strong>annota—</strong></span> <span class='ocrx_word' id='word_1_634' title='bbox 1996 4663 2052 4724; x_wconf 75' lang='grc' dir='ltr'><strong>ι)</strong></span> <span class='ocrx_word' id='word_1_635' title='bbox 2077 4650 2307 4717; x_wconf 87' lang='lat' dir='ltr'><strong>accedit,</strong></span> <span class='ocrx_word' id='word_1_636' title='bbox 2337 4651 2482 4720; x_wconf 86' lang='lat' dir='ltr'><strong>quod</strong></span> <span class='ocrx_word' id='word_1_637' title='bbox 2533 4667 2594 4706; x_wconf 88' lang='lat' dir='ltr'><strong>ea</strong></span> <span class='ocrx_word' id='word_1_638' title='bbox 2642 4651 2823 4705; x_wconf 89' lang='lat' dir='ltr'><strong>omnia</strong></span> <span class='ocrx_word' id='word_1_639' title='bbox 2877 4665 2996 4719; x_wconf 71' lang='lat' dir='ltr'><strong>qua:</strong></span> <span class='ocrx_word' id='word_1_640' title='bbox 3029 4649 3170 4704; x_wconf 89' lang='lat' dir='ltr'><strong>idem</strong></span> <span class='ocrx_word' id='word_1_641' title='bbox 3203 4649 3537 4722; x_wconf 89' lang='lat' dir='ltr'><strong>Bulengerus</strong></span> <span class='ocrx_word' id='word_1_642' title='bbox 3561 4668 3678 4709; x_wconf 93' lang='lat' dir='ltr'><strong>non</strong></span> 
     </span>
    </p>
   </div>
   <div class='ocr_carea' id='block_1_93' title="bbox 375 4746 1975 4824">
    <p class='ocr_par' dir='ltr' id='par_1_93' title="bbox 375 4746 1975 4824">
     <span class='ocr_line' id='line_1_93' title="bbox 375 4746 1975 4824; baseline -0.014 0"><span class='ocrx_word' id='word_1_643' title='bbox 375 4765 618 4824; x_wconf 85' lang='lat' dir='ltr'><strong>tionibus</strong></span> <span class='ocrx_word' id='word_1_644' title='bbox 649 4759 826 4815; x_wconf 84' lang='lat' dir='ltr'><strong>varias</strong></span> <span class='ocrx_word' id='word_1_645' title='bbox 857 4765 1036 4812; x_wconf 88' lang='lat' dir='ltr'><strong>textus</strong></span> <span class='ocrx_word' id='word_1_646' title='bbox 1082 4749 1307 4807; x_wconf 84' lang='lat' dir='ltr'><strong>Arnobil</strong></span> <span class='ocrx_word' id='word_1_647' title='bbox 1348 4748 1607 4804; x_wconf 86' lang='lat' dir='ltr'><strong>lectiones</strong></span> <span class='ocrx_word' id='word_1_648' title='bbox 1637 4746 1856 4813; x_wconf 81' lang='lat' dir='ltr'><strong>indicat,</strong></span> <span class='ocrx_word' id='word_1_649' title='bbox 1881 4756 1975 4802; x_wconf 88' lang='lat' dir='ltr'><strong>aut</strong></span> 
     </span>
    </p>
   </div>
   <div class='ocr_carea' id='block_1_94' title="bbox 375 4839 1975 4931">
    <p class='ocr_par' dir='ltr' id='par_1_94' title="bbox 375 4839 1975 4931">
     <span class='ocr_line' id='line_1_94' title="bbox 375 4839 1975 4931; baseline -0.014 -14"><span class='ocrx_word' id='word_1_650' title='bbox 375 4861 496 4931; x_wconf 89' lang='lat' dir='ltr'><strong>ejus</strong></span> <span class='ocrx_word' id='word_1_651' title='bbox 537 4857 678 4913; x_wconf 89' lang='lat' dir='ltr'><strong>dicta</strong></span> <span class='ocrx_word' id='word_1_652' title='bbox 729 4851 906 4908; x_wconf 87' lang='lat' dir='ltr'><strong>citatis</strong></span> <span class='ocrx_word' id='word_1_653' title='bbox 953 4860 1096 4915; x_wconf 62' lang='lat' dir='ltr'><strong>saepe</strong></span> <span class='ocrx_word' id='word_1_654' title='bbox 1144 4843 1370 4897; x_wconf 90' lang='lat' dir='ltr'><strong>aliorum</strong></span> <span class='ocrx_word' id='word_1_655' title='bbox 1407 4851 1682 4898; x_wconf 89' lang='lat' dir='ltr'><strong>auctorum</strong></span> <span class='ocrx_word' id='word_1_656' title='bbox 1712 4839 1884 4907; x_wconf 84' lang='lat' dir='ltr'><strong>libris,</strong></span> <span class='ocrx_word' id='word_1_657' title='bbox 1920 4850 1975 4896; x_wconf 91' lang='lat' dir='ltr'><strong>et</strong></span> 
     </span>
    </p>
   </div>
   <div class='ocr_carea' id='block_1_95' title="bbox 375 4934 1971 5009">
    <p class='ocr_par' dir='ltr' id='par_1_95' title="bbox 375 4934 1971 5009">
     <span class='ocr_line' id='line_1_95' title="bbox 375 4934 1971 5009; baseline -0.014 -1"><span class='ocrx_word' id='word_1_658' title='bbox 375 4967 504 5009; x_wconf 84' lang='lat' dir='ltr'><strong>raro</strong></span> <span class='ocrx_word' id='word_1_659' title='bbox 529 4946 711 5004; x_wconf 88' lang='lat' dir='ltr'><strong>verbis</strong></span> <span class='ocrx_word' id='word_1_660' title='bbox 740 4941 1096 4999; x_wconf 88' lang='lat' dir='ltr'><strong>corroborare</strong></span> <span class='ocrx_word' id='word_1_661' title='bbox 1143 4935 1382 4992; x_wconf 89' lang='lat' dir='ltr'><strong>molitur.</strong></span> <span class='ocrx_word' id='word_1_662' title='bbox 1430 4934 1770 5005; x_wconf 87' lang='lat' dir='ltr'><strong>Quapropter</strong></span> <span class='ocrx_word' id='word_1_663' title='bbox 1800 4934 1853 4988; x_wconf 90' lang='lat' dir='ltr'><strong>in</strong></span> <span class='ocrx_word' id='word_1_664' title='bbox 1885 4949 1971 4989; x_wconf 91' lang='lat' dir='ltr'><strong>se-</strong></span> 
     </span>
    </p>
   </div>
   <div class='ocr_carea' id='block_1_96' title="bbox 372 5027 1966 5103">
    <p class='ocr_par' dir='ltr' id='par_1_96' title="bbox 372 5027 1966 5103">
     <span class='ocr_line' id='line_1_96' title="bbox 372 5027 1966 5103; baseline -0.014 0"><span class='ocrx_word' id='word_1_665' title='bbox 372 5044 550 5103; x_wconf 89' lang='lat' dir='ltr'><strong>cunda</strong></span> <span class='ocrx_word' id='word_1_666' title='bbox 579 5040 818 5097; x_wconf 89' lang='lat' dir='ltr'><strong>editione</strong></span> <span class='ocrx_word' id='word_1_667' title='bbox 860 5035 1013 5098; x_wconf 88' lang='lat' dir='ltr'><strong>alias,</strong></span> <span class='ocrx_word' id='word_1_668' title='bbox 1047 5031 1132 5086; x_wconf 90' lang='lat' dir='ltr'><strong>his</strong></span> <span class='ocrx_word' id='word_1_669' title='bbox 1162 5029 1432 5100; x_wconf 86' lang='lat' dir='ltr'><strong>plerisque</strong></span> <span class='ocrx_word' id='word_1_670' title='bbox 1458 5027 1711 5082; x_wconf 87' lang='lat' dir='ltr'><strong>omnibus</strong></span> <span class='ocrx_word' id='word_1_671' title='bbox 1738 5027 1966 5093; x_wconf 91' lang='lat' dir='ltr'><strong>relictis,</strong></span> 
     </span>
    </p>
   </div>
   <div class='ocr_carea' id='block_1_97' title="bbox 379 5117 1970 5206">
    <p class='ocr_par' dir='ltr' id='par_1_97' title="bbox 379 5117 1970 5206">
     <span class='ocr_line' id='line_1_97' title="bbox 379 5117 1970 5206; baseline -0.012 -15"><span class='ocrx_word' id='word_1_672' title='bbox 379 5133 697 5206; x_wconf 80' lang='lat' dir='ltr'><strong>divulgavit.</strong></span> <span class='ocrx_word' id='word_1_673' title='bbox 729 5129 1013 5184; x_wconf 86' lang='lat' dir='ltr'><strong>Lectorem</strong></span> <span class='ocrx_word' id='word_1_674' title='bbox 1035 5137 1164 5177; x_wconf 87' lang='lat' dir='ltr'><strong>vero</strong></span> <span class='ocrx_word' id='word_1_675' title='bbox 1182 5136 1337 5176; x_wconf 88' lang='lat' dir='ltr'><strong>suum</strong></span> <span class='ocrx_word' id='word_1_676' title='bbox 1370 5119 1620 5174; x_wconf 89' lang='lat' dir='ltr'><strong>admonet</strong></span> <span class='ocrx_word' id='word_1_677' title='bbox 1647 5134 1706 5174; x_wconf 91' lang='lat' dir='ltr'><strong>se</strong></span> <span class='ocrx_word' id='word_1_678' title='bbox 1735 5120 1788 5173; x_wconf 92' lang='lat' dir='ltr'><strong>in</strong></span> <span class='ocrx_word' id='word_1_679' title='bbox 1814 5117 1970 5174; x_wconf 82' lang='lat' dir='ltr'><strong>novis</strong></span> 
     </span>
    </p>
   </div>
   <div class='ocr_carea' id='block_1_98' title="bbox 372 5213 1969 5292">
    <p class='ocr_par' dir='ltr' id='par_1_98' title="bbox 372 5213 1969 5292">
     <span class='ocr_line' id='line_1_98' title="bbox 372 5213 1969 5292; baseline -0.017 -1"><span class='ocrx_word' id='word_1_680' title='bbox 372 5235 480 5292; x_wconf 86' lang='lat' dir='ltr'><strong>illis</strong></span> <span class='ocrx_word' id='word_1_681' title='bbox 511 5222 988 5287; x_wconf 83' lang='lat' dir='ltr'><strong>observationibus</strong></span> <span class='ocrx_word' id='word_1_682' title='bbox 1038 5217 1089 5272; x_wconf 91' lang='lat' dir='ltr'><strong>id</strong></span> <span class='ocrx_word' id='word_1_683' title='bbox 1135 5214 1473 5286; x_wconf 85' lang='lat' dir='ltr'><strong>potissimum</strong></span> <span class='ocrx_word' id='word_1_684' title='bbox 1515 5213 1710 5284; x_wconf 84' lang='lat' dir='ltr'><strong>egisse,</strong></span> <span class='ocrx_word' id='word_1_685' title='bbox 1737 5221 1795 5267; x_wconf 95' lang='lat' dir='ltr'><strong>ut</strong></span> <span class='ocrx_word' id='word_1_686' title='bbox 1842 5227 1969 5266; x_wconf 82' lang='lat' dir='ltr'><strong>sen-</strong></span> 
     </span>
    </p>
   </div>
   <div class='ocr_carea' id='block_1_99' title="bbox 374 5304 1968 5385">
    <p class='ocr_par' dir='ltr' id='par_1_99' title="bbox 374 5304 1968 5385">
     <span class='ocr_line' id='line_1_99' title="bbox 374 5304 1968 5385; baseline -0.018 0"><span class='ocrx_word' id='word_1_687' title='bbox 374 5342 496 5385; x_wconf 88' lang='lat' dir='ltr'><strong>sum</strong></span> <span class='ocrx_word' id='word_1_688' title='bbox 521 5317 783 5384; x_wconf 84' lang='lat' dir='ltr'><strong>auctoris,</strong></span> <span class='ocrx_word' id='word_1_689' title='bbox 813 5313 904 5370; x_wconf 88' lang='lat' dir='ltr'><strong>ubi</strong></span> <span class='ocrx_word' id='word_1_690' title='bbox 933 5309 1218 5367; x_wconf 90' lang='lat' dir='ltr'><strong>obscurior</strong></span> <span class='ocrx_word' id='word_1_691' title='bbox 1238 5317 1344 5374; x_wconf 86' lang='lat' dir='ltr'><strong>est,</strong></span> <span class='ocrx_word' id='word_1_692' title='bbox 1375 5315 1482 5359; x_wconf 89' lang='lat' dir='ltr'><strong>tam</strong></span> <span class='ocrx_word' id='word_1_693' title='bbox 1525 5304 1780 5370; x_wconf 86' lang='lat' dir='ltr'><strong>breviter,</strong></span> <span class='ocrx_word' id='word_1_694' title='bbox 1805 5319 1968 5375; x_wconf 88' lang='lat' dir='ltr'><strong>quam</strong></span> 
     </span>
    </p>
   </div>
   <div class='ocr_carea' id='block_1_100' title="bbox 373 5398 1968 5494">
    <p class='ocr_par' dir='ltr' id='par_1_100' title="bbox 373 5398 1968 5494">
     <span class='ocr_line' id='line_1_100' title="bbox 373 5398 1968 5494; baseline -0.017 -16"><span class='ocrx_word' id='word_1_695' title='bbox 373 5429 561 5494; x_wconf 89' lang='lat' dir='ltr'><strong>aperte</strong></span> <span class='ocrx_word' id='word_1_696' title='bbox 605 5413 904 5484; x_wconf 69' lang='lat' dir='ltr'><strong>erplicaret</strong></span> <span class='ocrx_word' id='word_1_697' title='bbox 945 5417 1000 5464; x_wconf 92' lang='lat' dir='ltr'><strong>et</strong></span> <span class='ocrx_word' id='word_1_698' title='bbox 1048 5405 1499 5475; x_wconf 83' lang='lat' dir='ltr'><strong>interpretaretur</strong></span> <span class='ocrx_word' id='word_1_699' title='bbox 1546 5398 1635 5472; x_wconf 84' lang='lat' dir='ltr'><strong>(In</strong></span> <span class='ocrx_word' id='word_1_700' title='bbox 1681 5400 1873 5454; x_wconf 78' lang='lat' dir='ltr'><strong>monito</strong></span> <span class='ocrx_word' id='word_1_701' title='bbox 1900 5399 1968 5452; x_wconf 84' lang='lat' dir='ltr'><strong>ad</strong></span> 
     </span>
    </p>
   </div>
   <div class='ocr_carea' id='block_1_101' title="bbox 373 5492 1969 5580">
    <p class='ocr_par' dir='ltr' id='par_1_101' title="bbox 373 5492 1969 5580">
     <span class='ocr_line' id='line_1_101' title="bbox 373 5492 1969 5580; baseline -0.018 -7"><span class='ocrx_word' id='word_1_702' title='bbox 373 5492 628 5580; x_wconf 61' lang='lat' dir='ltr'><strong>Lecton).</strong></span> <span class='ocrx_word' id='word_1_703' title='bbox 661 5504 768 5563; x_wconf 89' lang='lat' dir='ltr'><strong>Sed</strong></span> <span class='ocrx_word' id='word_1_704' title='bbox 823 5498 1065 5573; x_wconf 84' lang='lat' dir='ltr'><strong>quamvis</strong></span> <span class='ocrx_word' id='word_1_705' title='bbox 1103 5494 1352 5553; x_wconf 86' lang='lat' dir='ltr'><strong>brevitati</strong></span> <span class='ocrx_word' id='word_1_706' title='bbox 1407 5508 1467 5549; x_wconf 91' lang='lat' dir='ltr'><strong>se</strong></span> <span class='ocrx_word' id='word_1_707' title='bbox 1510 5492 1775 5549; x_wconf 82' lang='lat' dir='ltr'><strong>studuisse</strong></span> <span class='ocrx_word' id='word_1_708' title='bbox 1806 5495 1969 5563; x_wconf 85' lang='lat' dir='ltr'><strong>proti-</strong></span> 
     </span>
    </p>
   </div>
   <div class='ocr_carea' id='block_1_102' title="bbox 373 5585 1970 5671">
    <p class='ocr_par' dir='ltr' id='par_1_102' title="bbox 373 5585 1970 5671">
     <span class='ocr_line' id='line_1_102' title="bbox 373 5585 1970 5671; baseline -0.015 -7"><span class='ocrx_word' id='word_1_709' title='bbox 373 5616 595 5671; x_wconf 88' lang='lat' dir='ltr'><strong>teatur,</strong></span> <span class='ocrx_word' id='word_1_710' title='bbox 662 5605 876 5655; x_wconf 87' lang='lat' dir='ltr'><strong>constat</strong></span> <span class='ocrx_word' id='word_1_711' title='bbox 929 5604 1108 5648; x_wconf 91' lang='lat' dir='ltr'><strong>tamen</strong></span> <span class='ocrx_word' id='word_1_712' title='bbox 1157 5593 1210 5645; x_wconf 88' lang='lat' dir='ltr'><strong>in</strong></span> <span class='ocrx_word' id='word_1_713' title='bbox 1259 5585 1811 5644; x_wconf 87' lang='lat' dir='ltr'><strong>animadversionibus</strong></span> <span class='ocrx_word' id='word_1_714' title='bbox 1865 5585 1970 5640; x_wconf 89' lang='lat' dir='ltr'><strong>illis</strong></span> 
     </span>
    </p>
   </div>
   <div class='ocr_carea' id='block_1_103' title="bbox 376 5677 1970 5758">
    <p class='ocr_par' dir='ltr' id='par_1_103' title="bbox 376 5677 1970 5758">
     <span class='ocr_line' id='line_1_103' title="bbox 376 5677 1970 5758; baseline -0.016 0"><span class='ocrx_word' id='word_1_715' title='bbox 376 5699 549 5757; x_wconf 83' lang='lat' dir='ltr'><strong>multa</strong></span> <span class='ocrx_word' id='word_1_716' title='bbox 581 5689 811 5748; x_wconf 90' lang='lat' dir='ltr'><strong>inveniri</strong></span> <span class='ocrx_word' id='word_1_717' title='bbox 857 5698 1256 5758; x_wconf 81' lang='lat' dir='ltr'><strong>supervacanea</strong></span> <span class='ocrx_word' id='word_1_718' title='bbox 1306 5690 1467 5752; x_wconf 89' lang='lat' dir='ltr'><strong>atque</strong></span> <span class='ocrx_word' id='word_1_719' title='bbox 1517 5677 1744 5742; x_wconf 85' lang='lat' dir='ltr'><strong>inutilia,</strong></span> <span class='ocrx_word' id='word_1_720' title='bbox 1777 5677 1970 5747; x_wconf 91' lang='lat' dir='ltr'><strong>quibus</strong></span> 
     </span>
    </p>
   </div>
   <div class='ocr_carea' id='block_1_104' title="bbox 375 5773 1972 5850">
    <p class='ocr_par' dir='ltr' id='par_1_104' title="bbox 375 5773 1972 5850">
     <span class='ocr_line' id='line_1_104' title="bbox 375 5773 1972 5850; baseline -0.012 -1"><span class='ocrx_word' id='word_1_721' title='bbox 375 5809 470 5850; x_wconf 83' lang='lat' dir='ltr'><strong>res</strong></span> <span class='ocrx_word' id='word_1_722' title='bbox 503 5786 820 5846; x_wconf 69' lang='lat' dir='ltr'><strong>clarissima:</strong></span> <span class='ocrx_word' id='word_1_723' title='bbox 851 5796 914 5837; x_wconf 92' lang='lat' dir='ltr'><strong>ac</strong></span> <span class='ocrx_word' id='word_1_724' title='bbox 946 5777 1391 5846; x_wconf 68' lang='lat' dir='ltr'><strong>notissimm,ulla</strong></span> <span class='ocrx_word' id='word_1_725' title='bbox 1417 5775 1623 5842; x_wconf 87' lang='lat' dir='ltr'><strong>absque</strong></span> <span class='ocrx_word' id='word_1_726' title='bbox 1655 5773 1972 5830; x_wconf 88' lang='lat' dir='ltr'><strong>necessitate</strong></span> 
     </span>
    </p>
   </div>
   <div class='ocr_carea' id='block_1_105' title="bbox 381 5864 1973 5953">
    <p class='ocr_par' dir='ltr' id='par_1_105' title="bbox 381 5864 1973 5953">
     <span class='ocr_line' id='line_1_105' title="bbox 381 5864 1973 5953; baseline -0.011 -13"><span class='ocrx_word' id='word_1_727' title='bbox 381 5887 725 5953; x_wconf 78' lang='lat' dir='ltr'><strong>exponuntur</strong></span> <span class='ocrx_word' id='word_1_728' title='bbox 752 5873 1278 5940; x_wconf 83' lang='lat' dir='ltr'><strong>conflrmanturque.</strong></span> <span class='ocrx_word' id='word_1_729' title='bbox 1330 5867 1490 5925; x_wconf 84' lang='lat' dir='ltr'><strong>Plura</strong></span> <span class='ocrx_word' id='word_1_730' title='bbox 1519 5865 1681 5923; x_wconf 84' lang='lat' dir='ltr'><strong>etiam</strong></span> <span class='ocrx_word' id='word_1_731' title='bbox 1733 5864 1973 5936; x_wconf 81' lang='lat' dir='ltr'><strong>reperies</strong></span> 
     </span>
    </p>
   </div>
   <div class='ocr_carea' id='block_1_106' title="bbox 2079 4742 3680 4815">
    <p class='ocr_par' dir='ltr' id='par_1_106' title="bbox 2079 4742 3680 4815">
     <span class='ocr_line' id='line_1_106' title="bbox 2079 4742 3680 4815; baseline 0.001 -14"><span class='ocrx_word' id='word_1_732' title='bbox 2079 4747 2197 4802; x_wconf 87' lang='lat' dir='ltr'><strong>sine</strong></span> <span class='ocrx_word' id='word_1_733' title='bbox 2229 4745 2416 4800; x_wconf 91' lang='lat' dir='ltr'><strong>labore</strong></span> <span class='ocrx_word' id='word_1_734' title='bbox 2441 4755 2495 4798; x_wconf 90' lang='lat' dir='ltr'><strong>et</strong></span> <span class='ocrx_word' id='word_1_735' title='bbox 2522 4745 2720 4815; x_wconf 73' lang='lat' dir='ltr'><strong>vigiliis</strong></span> <span class='ocrx_word' id='word_1_736' title='bbox 2751 4759 2811 4800; x_wconf 90' lang='lat' dir='ltr'><strong>se</strong></span> <span class='ocrx_word' id='word_1_737' title='bbox 2836 4744 3160 4813; x_wconf 89' lang='lat' dir='ltr'><strong>compilasse</strong></span> <span class='ocrx_word' id='word_1_738' title='bbox 3188 4742 3338 4811; x_wconf 89' lang='lat' dir='ltr'><strong>dicit,</strong></span> <span class='ocrx_word' id='word_1_739' title='bbox 3372 4744 3504 4799; x_wconf 84' lang='lat' dir='ltr'><strong>nihil</strong></span> <span class='ocrx_word' id='word_1_740' title='bbox 3555 4745 3680 4802; x_wconf 89' lang='lat' dir='ltr'><strong>fere</strong></span> 
     </span>
    </p>
   </div>
   <div class='ocr_carea' id='block_1_107' title="bbox 2077 4830 3680 4894">
    <p class='ocr_par' dir='ltr' id='par_1_107' title="bbox 2077 4830 3680 4894">
     <span class='ocr_line' id='line_1_107' title="bbox 2077 4830 3680 4894; baseline 0.001 -2"><span class='ocrx_word' id='word_1_741' title='bbox 2077 4836 2143 4892; x_wconf 88' lang='lat' dir='ltr'><strong>ad</strong></span> <span class='ocrx_word' id='word_1_742' title='bbox 2183 4835 2396 4890; x_wconf 87' lang='lat' dir='ltr'><strong>illorum</strong></span> <span class='ocrx_word' id='word_1_743' title='bbox 2427 4830 2724 4890; x_wconf 73' lang='lat' dir='ltr'><strong>aliorumve</strong></span> <span class='ocrx_word' id='word_1_744' title='bbox 2773 4834 2998 4889; x_wconf 78' lang='lat' dir='ltr'><strong>Arnobii</strong></span> <span class='ocrx_word' id='word_1_745' title='bbox 3032 4834 3324 4890; x_wconf 91' lang='lat' dir='ltr'><strong>verborum</strong></span> <span class='ocrx_word' id='word_1_746' title='bbox 3355 4835 3680 4894; x_wconf 86' lang='lat' dir='ltr'><strong>conducunt</strong></span> 
     </span>
    </p>
   </div>
   <div class='ocr_carea' id='block_1_108' title="bbox 2078 4927 3205 4998">
    <p class='ocr_par' dir='ltr' id='par_1_108' title="bbox 2078 4927 3205 4998">
     <span class='ocr_line' id='line_1_108' title="bbox 2078 4927 3205 4998; baseline -0.003 -13"><span class='ocrx_word' id='word_1_747' title='bbox 2078 4939 2173 4985; x_wconf 89' lang='lat' dir='ltr'><strong>aut</strong></span> <span class='ocrx_word' id='word_1_748' title='bbox 2193 4927 2635 4998; x_wconf 84' lang='lat' dir='ltr'><strong>explicationem,</strong></span> <span class='ocrx_word' id='word_1_749' title='bbox 2659 4937 2751 4980; x_wconf 90' lang='lat' dir='ltr'><strong>aut</strong></span> <span class='ocrx_word' id='word_1_750' title='bbox 2772 4927 3205 4997; x_wconf 86' lang='lat' dir='ltr'><strong>intelligentiam.</strong></span> 
     </span>
    </p>
   </div>
   <div class='ocr_carea' id='block_1_109' title="bbox 2149 5019 3680 5090">
    <p class='ocr_par' dir='ltr' id='par_1_109' title="bbox 2149 5019 3680 5090">
     <span class='ocr_line' id='line_1_109' title="bbox 2149 5019 3680 5090; baseline 0.001 -13"><span class='ocrx_word' id='word_1_751' title='bbox 2149 5022 2319 5077; x_wconf 91' lang='lat' dir='ltr'><strong>Porro</strong></span> <span class='ocrx_word' id='word_1_752' title='bbox 2347 5032 2524 5076; x_wconf 89' lang='lat' dir='ltr'><strong>autem</strong></span> <span class='ocrx_word' id='word_1_753' title='bbox 2576 5036 2642 5075; x_wconf 90' lang='lat' dir='ltr'><strong>ex</strong></span> <span class='ocrx_word' id='word_1_754' title='bbox 2689 5019 2772 5072; x_wconf 85' lang='lat' dir='ltr'><strong>his</strong></span> <span class='ocrx_word' id='word_1_755' title='bbox 2815 5035 2937 5090; x_wconf 71' lang='lat' dir='ltr'><strong>quae</strong></span> <span class='ocrx_word' id='word_1_756' title='bbox 2984 5035 3014 5073; x_wconf 83' lang='lat' dir='ltr'><strong>a</strong></span> <span class='ocrx_word' id='word_1_757' title='bbox 3065 5020 3223 5074; x_wconf 87' lang='lat' dir='ltr'><strong>nobis</strong></span> <span class='ocrx_word' id='word_1_758' title='bbox 3252 5019 3387 5076; x_wconf 82' lang='lat' dir='ltr'><strong>citra</strong></span> <span class='ocrx_word' id='word_1_759' title='bbox 3416 5031 3497 5076; x_wconf 86' lang='lat' dir='ltr'><strong>tot</strong></span> <span class='ocrx_word' id='word_1_760' title='bbox 3525 5023 3680 5078; x_wconf 83' lang='lat' dir='ltr'><strong>viro-</strong></span> 
     </span>
    </p>
   </div>
   <div class='ocr_carea' id='block_1_110' title="bbox 2075 5113 3678 5188">
    <p class='ocr_par' dir='ltr' id='par_1_110' title="bbox 2075 5113 3678 5188">
     <span class='ocr_line' id='line_1_110' title="bbox 2075 5113 3678 5188; baseline -0.001 -15"><span class='ocrx_word' id='word_1_761' title='bbox 2075 5134 2216 5182; x_wconf 91' lang='lat' dir='ltr'><strong>rum,</strong></span> <span class='ocrx_word' id='word_1_762' title='bbox 2245 5131 2474 5188; x_wconf 89' lang='lat' dir='ltr'><strong>quorum</strong></span> <span class='ocrx_word' id='word_1_763' title='bbox 2506 5115 2719 5169; x_wconf 87' lang='lat' dir='ltr'><strong>labores</strong></span> <span class='ocrx_word' id='word_1_764' title='bbox 2747 5124 2802 5170; x_wconf 91' lang='lat' dir='ltr'><strong>et</strong></span> <span class='ocrx_word' id='word_1_765' title='bbox 2849 5113 3212 5169; x_wconf 88' lang='lat' dir='ltr'><strong>eruditionem</strong></span> <span class='ocrx_word' id='word_1_766' title='bbox 3259 5113 3562 5180; x_wconf 89' lang='lat' dir='ltr'><strong>laudamus,</strong></span> <span class='ocrx_word' id='word_1_767' title='bbox 3593 5117 3678 5171; x_wconf 83' lang='lat' dir='ltr'><strong>vi-</strong></span> 
     </span>
    </p>
   </div>
   <div class='ocr_carea' id='block_1_111' title="bbox 2071 5209 3675 5282">
    <p class='ocr_par' dir='ltr' id='par_1_111' title="bbox 2071 5209 3675 5282">
     <span class='ocr_line' id='line_1_111' title="bbox 2071 5209 3675 5282; baseline -0.003 -14"><span class='ocrx_word' id='word_1_768' title='bbox 2071 5211 2465 5282; x_wconf 90' lang='lat' dir='ltr'><strong>tuperationem</strong></span> <span class='ocrx_word' id='word_1_769' title='bbox 2497 5209 2784 5264; x_wconf 89' lang='lat' dir='ltr'><strong>observata</strong></span> <span class='ocrx_word' id='word_1_770' title='bbox 2827 5217 2985 5273; x_wconf 87' lang='lat' dir='ltr'><strong>sunt,</strong></span> <span class='ocrx_word' id='word_1_771' title='bbox 3033 5221 3191 5262; x_wconf 83' lang='lat' dir='ltr'><strong>nemo</strong></span> <span class='ocrx_word' id='word_1_772' title='bbox 3222 5222 3373 5272; x_wconf 90' lang='lat' dir='ltr'><strong>sane,</strong></span> <span class='ocrx_word' id='word_1_773' title='bbox 3403 5209 3480 5262; x_wconf 92' lang='lat' dir='ltr'><strong>uti</strong></span> <span class='ocrx_word' id='word_1_774' title='bbox 3512 5219 3675 5277; x_wconf 90' lang='lat' dir='ltr'><strong>puta-</strong></span> 
     </span>
    </p>
   </div>
   <div class='ocr_carea' id='block_1_112' title="bbox 2073 5300 3678 5373">
    <p class='ocr_par' dir='ltr' id='par_1_112' title="bbox 2073 5300 3678 5373">
     <span class='ocr_line' id='line_1_112' title="bbox 2073 5300 3678 5373; baseline -0.001 -13"><span class='ocrx_word' id='word_1_775' title='bbox 2073 5319 2218 5369; x_wconf 88' lang='lat' dir='ltr'><strong>mus,</strong></span> <span class='ocrx_word' id='word_1_776' title='bbox 2250 5304 2568 5359; x_wconf 83' lang='lat' dir='ltr'><strong>difﬁtebitur</strong></span> <span class='ocrx_word' id='word_1_777' title='bbox 2609 5302 2760 5373; x_wconf 89' lang='lat' dir='ltr'><strong>plura</strong></span> <span class='ocrx_word' id='word_1_778' title='bbox 2791 5302 2846 5356; x_wconf 92' lang='lat' dir='ltr'><strong>in</strong></span> <span class='ocrx_word' id='word_1_779' title='bbox 2891 5301 3117 5356; x_wconf 82' lang='lat' dir='ltr'><strong>Arnobii</strong></span> <span class='ocrx_word' id='word_1_780' title='bbox 3149 5300 3303 5356; x_wconf 88' lang='lat' dir='ltr'><strong>libris</strong></span> <span class='ocrx_word' id='word_1_781' title='bbox 3344 5300 3577 5356; x_wconf 81' lang='lat' dir='ltr'><strong>obscura</strong></span> <span class='ocrx_word' id='word_1_782' title='bbox 3607 5319 3678 5359; x_wconf 90' lang='lat' dir='ltr'><strong>ac</strong></span> 
     </span>
    </p>
   </div>
   <div class='ocr_carea' id='block_1_113' title="bbox 2073 5395 3676 5466">
    <p class='ocr_par' dir='ltr' id='par_1_113' title="bbox 2073 5395 3676 5466">
     <span class='ocr_line' id='line_1_113' title="bbox 2073 5395 3676 5466; baseline -0.002 -13"><span class='ocrx_word' id='word_1_783' title='bbox 2073 5397 2398 5455; x_wconf 81' lang='lat' dir='ltr'><strong>difﬁcillima</strong></span> <span class='ocrx_word' id='word_1_784' title='bbox 2436 5396 2504 5452; x_wconf 88' lang='lat' dir='ltr'><strong>de</strong></span> <span class='ocrx_word' id='word_1_785' title='bbox 2529 5396 2695 5450; x_wconf 86' lang='lat' dir='ltr'><strong>variis</strong></span> <span class='ocrx_word' id='word_1_786' title='bbox 2723 5395 2887 5450; x_wconf 90' lang='lat' dir='ltr'><strong>rebus</strong></span> <span class='ocrx_word' id='word_1_787' title='bbox 2939 5395 3256 5464; x_wconf 82' lang='lat' dir='ltr'><strong>proplianis,</strong></span> <span class='ocrx_word' id='word_1_788' title='bbox 3289 5408 3354 5450; x_wconf 88' lang='lat' dir='ltr'><strong>ac</strong></span> <span class='ocrx_word' id='word_1_789' title='bbox 3398 5397 3676 5466; x_wconf 71' lang='lat' dir='ltr'><strong>praecipue</strong></span> 
     </span>
    </p>
   </div>
   <div class='ocr_carea' id='block_1_114' title="bbox 2074 5487 3675 5561">
    <p class='ocr_par' dir='ltr' id='par_1_114' title="bbox 2074 5487 3675 5561">
     <span class='ocr_line' id='line_1_114' title="bbox 2074 5487 3675 5561; baseline -0.002 -12"><span class='ocrx_word' id='word_1_790' title='bbox 2074 5493 2365 5550; x_wconf 89' lang='lat' dir='ltr'><strong>christiana</strong></span> <span class='ocrx_word' id='word_1_791' title='bbox 2417 5491 2682 5561; x_wconf 91' lang='lat' dir='ltr'><strong>religione</strong></span> <span class='ocrx_word' id='word_1_792' title='bbox 2722 5530 2736 5556; x_wconf 90' lang='lat'><strong>,</strong></span> <span class='ocrx_word' id='word_1_793' title='bbox 2794 5489 3073 5560; x_wconf 87' lang='lat' dir='ltr'><strong>sacrisque</strong></span> <span class='ocrx_word' id='word_1_794' title='bbox 3132 5489 3276 5543; x_wconf 91' lang='lat' dir='ltr'><strong>illius</strong></span> <span class='ocrx_word' id='word_1_795' title='bbox 3327 5487 3675 5559; x_wconf 76' lang='lat' dir='ltr'><strong>dogmatibus</strong></span> 
     </span>
    </p>
   </div>
   <div class='ocr_carea' id='block_1_115' title="bbox 2073 5584 3677 5659">
    <p class='ocr_par' dir='ltr' id='par_1_115' title="bbox 2073 5584 3677 5659">
     <span class='ocr_line' id='line_1_115' title="bbox 2073 5584 3677 5659; baseline -0.001 -16"><span class='ocrx_word' id='word_1_796' title='bbox 2073 5589 2192 5645; x_wconf 88' lang='lat' dir='ltr'><strong>loca</strong></span> <span class='ocrx_word' id='word_1_797' title='bbox 2223 5588 2470 5659; x_wconf 86' lang='lat' dir='ltr'><strong>reperiri,</strong></span> <span class='ocrx_word' id='word_1_798' title='bbox 2509 5600 2628 5654; x_wconf 71' lang='lat' dir='ltr'><strong>qum</strong></span> <span class='ocrx_word' id='word_1_799' title='bbox 2660 5584 2728 5640; x_wconf 91' lang='lat' dir='ltr'><strong>ab</strong></span> <span class='ocrx_word' id='word_1_800' title='bbox 2756 5585 3009 5639; x_wconf 88' lang='lat' dir='ltr'><strong>omnibus</strong></span> <span class='ocrx_word' id='word_1_801' title='bbox 3049 5584 3438 5654; x_wconf 66' lang='lat' dir='ltr'><strong>prietermissa,</strong></span> <span class='ocrx_word' id='word_1_802' title='bbox 3462 5586 3677 5656; x_wconf 91' lang='lat' dir='ltr'><strong>majore</strong></span> 
     </span>
    </p>
   </div>
   <div class='ocr_carea' id='block_1_116' title="bbox 2076 5677 3670 5753">
    <p class='ocr_par' dir='ltr' id='par_1_116' title="bbox 2076 5677 3670 5753">
     <span class='ocr_line' id='line_1_116' title="bbox 2076 5677 3670 5753; baseline -0.003 -14"><span class='ocrx_word' id='word_1_803' title='bbox 2076 5694 2283 5749; x_wconf 87' lang='lat' dir='ltr'><strong>tamen,</strong></span> <span class='ocrx_word' id='word_1_804' title='bbox 2312 5697 2470 5753; x_wconf 89' lang='lat' dir='ltr'><strong>quam</strong></span> <span class='ocrx_word' id='word_1_805' title='bbox 2521 5689 2717 5735; x_wconf 59' lang='lat' dir='ltr'><strong>caetera</strong></span> <span class='ocrx_word' id='word_1_806' title='bbox 2771 5680 2951 5733; x_wconf 90' lang='lat' dir='ltr'><strong>omnia</strong></span> <span class='ocrx_word' id='word_1_807' title='bbox 3008 5677 3354 5748; x_wconf 67' lang='lat' dir='ltr'><strong>expositione</strong></span> <span class='ocrx_word' id='word_1_808' title='bbox 3403 5679 3670 5750; x_wconf 84' lang='lat' dir='ltr'><strong>indigent.</strong></span> 
     </span>
    </p>
   </div>
   <div class='ocr_carea' id='block_1_117' title="bbox 2075 5767 3678 5846">
    <p class='ocr_par' dir='ltr' id='par_1_117' title="bbox 2075 5767 3678 5846">
     <span class='ocr_line' id='line_1_117' title="bbox 2075 5767 3678 5846; baseline -0.004 -14"><span class='ocrx_word' id='word_1_809' title='bbox 2075 5775 2157 5832; x_wconf 85' lang='lat' dir='ltr'><strong>Ad</strong></span> <span class='ocrx_word' id='word_1_810' title='bbox 2189 5789 2250 5830; x_wconf 87' lang='lat' dir='ltr'><strong>ea</strong></span> <span class='ocrx_word' id='word_1_811' title='bbox 2277 5774 2444 5846; x_wconf 92' lang='lat' dir='ltr'><strong>igitur</strong></span> <span class='ocrx_word' id='word_1_812' title='bbox 2471 5770 2789 5842; x_wconf 88' lang='lat' dir='ltr'><strong>explicanda</strong></span> <span class='ocrx_word' id='word_1_813' title='bbox 2821 5780 2875 5827; x_wconf 86' lang='lat' dir='ltr'><strong>et</strong></span> <span class='ocrx_word' id='word_1_814' title='bbox 2919 5767 3311 5834; x_wconf 82' lang='lat' dir='ltr'><strong>confirmanda,</strong></span> <span class='ocrx_word' id='word_1_815' title='bbox 3336 5777 3428 5823; x_wconf 87' lang='lat' dir='ltr'><strong>aut</strong></span> <span class='ocrx_word' id='word_1_816' title='bbox 3472 5771 3678 5841; x_wconf 81' lang='lat' dir='ltr'><strong>impro-</strong></span> 
     </span>
    </p>
   </div>
   <div class='ocr_carea' id='block_1_118' title="bbox 2075 5861 3679 5936">
    <p class='ocr_par' dir='ltr' id='par_1_118' title="bbox 2075 5861 3679 5936">
     <span class='ocr_line' id='line_1_118' title="bbox 2075 5861 3679 5936; baseline -0.004 -10"><span class='ocrx_word' id='word_1_817' title='bbox 2075 5867 2255 5926; x_wconf 89' lang='lat' dir='ltr'><strong>banda</strong></span> <span class='ocrx_word' id='word_1_818' title='bbox 2300 5877 2356 5926; x_wconf 88' lang='lat' dir='ltr'><strong>et</strong></span> <span class='ocrx_word' id='word_1_819' title='bbox 2385 5863 2685 5936; x_wconf 87' lang='lat' dir='ltr'><strong>rejicienda</strong></span> <span class='ocrx_word' id='word_1_820' title='bbox 2725 5865 2890 5922; x_wconf 90' lang='lat' dir='ltr'><strong>totius</strong></span> <span class='ocrx_word' id='word_1_821' title='bbox 2920 5861 3116 5930; x_wconf 83' lang='lat' dir='ltr'><strong>nostri,</strong></span> <span class='ocrx_word' id='word_1_822' title='bbox 3148 5861 3546 5933; x_wconf 90' lang='lat' dir='ltr'><strong>qualecumque</strong></span> <span class='ocrx_word' id='word_1_823' title='bbox 3584 5865 3679 5930; x_wconf 86' lang='lat' dir='ltr'><strong>sit,</strong></span> 
     </span>
    </p>
   </div>
  </div>
