3918 6398
427 419 532 475 4οἹ

1642 416 2091 476 DISSERTATIO
2129 419 2411 479 PRE'IA

3617 436 3717 491 408

424 535 640 602 surdos,
682 543 773 588 aut
823 542 1021 599 mutos,
1051 542 1144 589 aut
1182 536 1372 606 quovis
1406 535 1616 601 morbo,
1649 534 1819 603 febre,
1854 535 2013 600 fame,
2046 544 2100 601 Α
2124 534 2370 605 Christo,
2402 545 2711 601 evanuisse.
2743 543 3025 614 Viderant,
3061 549 3300 621 inquam,
3332 552 3588 612 ﬁdentem
3617 555 3721 613 diis

425 628 688 693 caecitate,
741 626 1157 694 claudicatione,
1192 627 1489 700 hydropisi,
1536 624 1707 697 lepra,
1758 628 2017 697 proﬂuvio

423 721 721 791 sanguinis,
757 721 1012 793 paralysi,
1046 721 1272 792 aliisque
1313 720 1722 790 a-gritudinibus
1771 720 2015 776 labamu-

423 822 506 869 tes
545 814 793 880 sanavit,
842 815 1005 867 maris
1049 824 1437 883 ventorumque
1473 812 1677 867 sedavit
1726 813 2013 883 procellas,

422 905 568 960 illius
598 906 767 960 undas
800 904 944 960 sicci»
1002 905 1227 959 calcavit
1275 905 1429 973 pede,
1481 914 1721 960 secretas
1766 908 2017 977 cognovit

422 996 701 1051 hominum
726 1012 825 1067 cog
849 997 1096 1057 taliones,
1130 996 1265 1051 alios
1291 1006 1451 1067 atque.
1469 998 1631 1053 etiam
1660 1000 2012 1069 semetipsum

416 1104 447 1143 a
480 1101 654 1143 morte
682 1086 952 1143 revocavit
982 1088 1048 1142 ad
1083 1087 1275 1153 vitam;
1322 1098 1442 1157 post
1470 1098 1923 1144 resurrectionem
1954 1106 2015 1145 se

418 1181 708 1236 videndum
744 1180 1012 1250 pra-butt,
1045 1188 1101 1235 et
1147 1196 1268 1235 cum
1323 1181 1603 1251 discipulis
1656 1192 2015 1237 conversatus

418 1286 502 1331 est
532 1296 547 1339 ;
578 1275 810 1344 denique
841 1285 897 1328 ut
922 1274 1158 1328 auctoris
1186 1275 1355 1329 nosu'i
1387 1275 1565 1330 verbis
1582 1286 1796 1330 utamur
1826 1292 1840 1328 :
1876 1275 2014 1330 «Cu-

412 1368 503 1435 jus
531 1382 727 1421 nomen
771 1367 1011 1421 auditum
1055 1366 1205 1437 fugat
1260 1369 1449 1421 noxios
1496 1367 1737 1437 spiritus,
1784 1366 2013 1436 imponit

413 1460 686 1513 silentium
742 1459 969 1520 vatibus.
1001 1460 1279 1529 aruspices
1327 1460 1660 1515 inconsultos
1700 1459 1895 1525 reddit,
1918 1474 2011 1513 ar-

414 1555 719 1625 rogantium
772 1569 1052 1624 magorum
1109 1554 1356 1609 frustrari
1406 1555 1574 1610 efﬁcit
1608 1555 1870 1615 actiones.
1901 1566 2009 1607 non

420 1649 671 1712 horrore,
698 1659 752 1700 ut
786 1647 990 1715 dicitis,
1034 1647 1356 1715 divinitatis,
1388 1648 1483 1704 sed
1528 1648 1747 1717 majoris
1794 1648 2010 1702 licentia

415 1744 700 1813 potestatis
741 1765 760 1795 ι
800 1742 991 1815 (Ibid.,
1024 1761 1077 1813 p.
1106 1744 1224 1817 27).
1280 1746 1409 1810 Quis
1450 1753 1627 1797 autem
1675 1757 1781 1797 non
1834 1740 2011 1798 videat

410 1858 571 1913 quam
595 1843 830 1897 validum
872 1845 941 1897 sit
969 1843 1071 1897 hoc
1095 1852 1496 1913 argumentum,
1525 1855 1633 1911 quo
1664 1840 1756 1895 ille
1786 1854 1890 1894 non
1920 1854 2012 1893 so-

2122 630 2296 699 !alsis,
2321 633 2472 690 etab
2498 635 2703 692 eisdem
2737 642 3111 697 metuentibus
3143 642 3441 713 proditum,
3478 646 3720 718 pondere

2123 727 2519 797 praecipitatum
2544 744 2663 793 suo,
2682 732 2931 789 cruribus
2946 735 3184 805 jacuisse
3217 738 3555 808 prad‘ractis:
3592 752 3716 812 post

2121 815 2318 873 deinde
2364 820 2627 888 perlatum
2686 822 2957 881 Brundam
2984 870 2999 891 ,
3043 829 3375 885 cruciatibus
3404 840 3459 886 et
3511 832 3718 901 pudore

2122 907 2414 975 defessum,
2448 928 2514 967 ex
2544 914 2797 970 altissimi
2841 918 3095 975 culminis
3121 936 3181 976 se
3209 938 3426 978 rursum
3461 927 3717 996 principi-

2123 1012 2267 1058 tasse
2294 1001 2527 1075 fastigio.
2577 1027 2595 1060 ›
2632 1007 2846 1067 Scimus
2892 1012 3111 1082 quidem
3152 1014 3253 1070 hoc
3284 1016 3599 1073 miraculum
3647 1019 3719 1075 ab

2120 1095 2389 1153 alicuibus
2434 1110 2527 1155 aut
2566 1106 2743 1158 vocari
2776 1105 2829 1160 in
2857 1104 3103 1174 dubium,
3133 1121 3223 1163 aut
3256 1111 3473 1179 penitus
3503 1114 3713 1185 negari.

2120 1186 2333 1243 Etenim
2390 1190 2505 1247 haec
2536 1192 2757 1250 historia
2807 1196 2875 1252 ab
2912 1200 3415 1271 pseudepigrapbis,
3445 1215 3501 1258 ut
3532 1206 3711 1271 aiunt,

2119 1278 2295 1337 libris.
2329 1280 2432 1337 huc
2452 1293 2535 1339 est
2565 1285 2942 1354 proculdubio,
2972 1290 3460 1349 COuStitutionihus
3498 1308 3719 1368 aposto-

2117 1370 2237 1427 licis
2287 1372 2570 1447 desumpta
2615 1377 2729 1449 (lib.
2776 1396 2861 1447 vi,
2917 1379 3193 1440 Constitat.
3238 1387 3546 1456 apostolic.,
3578 1407 3625 1444 c.
3659 1391 3714 1459 9,

2119 1481 2172 1532 p.
2196 1462 2348 1536 279),
2378 1466 2524 1524 varie
2550 1483 2579 1522 a
2612 1470 2773 1525 variis
2798 1474 3159 1541 scriptoribus
3189 1489 3459 1535 narratur.
3509 1481 3719 1539 Deinde

2119 1570 2245 1610 vero
2273 1555 2459 1613 Romae
2486 1560 2643 1616 valde
2668 1562 2870 1619 incerta
2904 1564 3002 1620 fuit
3057 1566 3198 1621 fama
3246 1570 3393 1624 illius
3441 1573 3714 1641 miraculi,

2115 1663 2180 1704 ac
2207 1648 2275 1704 de
2300 1649 2397 1705 illo
2420 1650 2666 1707 Justinus
2688 1664 2916 1727 martyr,
2944 1657 3207 1728 lrenaaus,
3232 1662 3436 1734 aliique
3450 1665 3717 1737 antiquis-

2115 1741 2239 1795 simi
2270 1744 2565 1813 scriptores
2596 1747 2812 1815 penitus
2834 1750 3127 1808 siluerunt.

2188 1834 2295 1891 Sed
2326 1835 2445 1894 haec
2462 1840 2651 1905 eadem
2678 1840 2903 1898 historia
2927 1862 2954 1898 a
2985 1846 3189 1918 Cyrillo
3216 1849 3714 1924 HierOsolymitano

415 1935 525 1989 lum
557 1937 839 1991 veritatem
867 1935 1177 1989 christiante
1225 1935 1520 2005 religionis,
1551 1932 1646 1988 sed
1698 1947 2006 2003 supremam
2038 1941 2089 2001 Β
2116 1927 2200 1984 bis
2226 1930 2557 1988 describitur
2585 1935 2766 1991 verbis
2792 1956 2805 1992 :
2833 1957 2852 1991 ι
2882 1938 3075 1995 Petrus
3125 1951 3182 1998 et
3210 1943 3428 2013 Paulus,
3454 1947 3715 2007 Ecclesia:

410 2045 632 2101 quoque
662 2029 897 2093 Christi,
945 2038 1002 2084 ut
1030 2019 1166 2084 infra
1216 2028 1564 2084 ostendemus
1588 2025 1777 2099 (Infr.,
1802 2043 1920 2097 cap.
1948 2026 2003 2095 6,

409 2132 509 2175 art.
545 2120 619 2192 l),
654 2120 990 2176 divinitatem
1022 2121 1177 2189 plane
1197 2118 1574 2175 demonstrat?

484 2214 649 2286 Urget
696 2214 896 2277 adhuc,
929 2226 1143 2286 tamque
1194 2223 1525 2282 constanter,
1556 2226 1717 2283 quam
1755 2226 1882 2267 vere
1905 2210 2002 2269 ad—

407 2320 626 2365 severat
671 2311 949 2365 Christum
999 2310 1274 2379 discipulis
1321 2309 1458 2375 suis,
1490 2309 1593 2365 etsi
1621 2307 1825 2378 egenis,
1854 2306 2004 2361 infir-

405 2404 532 2465 mis.
559 2410 613 2457 et
669 2402 935 2470 imperitis
991 2401 1209 2457 dedisse
1256 2402 1443 2457 eadem
1495 2414 1717 2470 prorsus
1749 2399 2002 2455 miracula

406 2496 638 2552 faciendi
664 2504 987 2565 potestatem
1016 2511 1155 2564 ;qua
1186 2494 1401 2564 quidem
1450 2508 1555 2548 non
1595 2493 1647 2547 iu
1672 2490 1859 2547 Judma
1884 2502 2002 2546 tan-

406 2598 541 2650 tum.
569 2589 665 2644 sed
708 2590 758 2642 in
793 2588 1059 2644 universis
1094 2588 1257 2641 totius
1287 2587 1434 2641 orbis
1465 2594 1625 2640 terrm
1656 2585 1894 2655 partibus
1922 2586 2001 2639 in-

401 2702 627 2742 numera
685 2686 950 2748 fecerunt,
979 2684 1176 2751 quibus
1228 2683 1421 2737 inﬁniti
1473 2694 1613 2750 pene
1659 2680 1905 2735 homines
1932 2679 1999 2733 ad

402 2781 765 2852 proﬁtendam
797 2780 1153 2835 christianam
1181 2778 1338 2833 ﬁdem
1368 2789 1491 2833 sunt
1522 2775 1740 2830 adducti
1769 2792 1783 2827 :
1814 2792 1832 2825 ι
1862 2772 2000 2828 Enu-

405 2874 603 2928 merari
634 2873 780 2927 enim
815 2880 1058 2943 possnut,
1100 2890 1118 2923 ›
1152 2871 1322 2941 inquit
1364 2869 1475 2932 ille,
1508 2887 1527 2918 ι
1566 2879 1728 2937 atque
1757 2866 1809 2919 in
1841 2880 1994 2919 usum

402 2969 820 3039 cempntationis
847 2966 1029 3021 venire
1054 3007 1068 3028 ,
1116 2980 1178 3018 ea
1226 2980 1344 3034 qua:
1374 2962 1427 3017 in
1472 2960 1616 3015 India
1648 2968 1796 3030 gesta
1846 2966 1991 3023 sunt,

402 3063 543 3131 apud
574 3061 753 3120 Seras.
785 3059 979 3114 Persas
1007 3067 1064 3113 et
1088 3057 1291 3123 Medos,
1325 3058 1376 3111 in
1408 3055 1627 3120 Arabia,
1658 3051 1916 3125 Egypto,
1940 3053 1993 3107 in

398 3157 552 3220 Asia,
600 3154 777 3225 Syria.
832 3152 974 3222 apud
1027 3152 1285 3218 Galatas,
1349 3149 1615 3215 Parthus,
1646 3148 1909 3219 Phrygas,
1938 3148 1991 3201 in

398 3249 625 3314 Achaia,
658 3246 993 3309 Macedonia,
1049 3244 1238 3315 Epiro,
1268 3244 1323 3297 in
1368 3242 1559 3296 insulis
1603 3250 1657 3295 et
1702 3238 1990 3310 provinciis

2116 2024 2383 2091 prmfecti,
2405 2023 2683 2081 Simonem
2716 2042 2839 2085 sese
2884 2030 3050 2087 Deum
3102 2044 3488 2103 ostentantem,
3522 2042 3713 2096 talem-

2113 2128 2219 2185 que
2249 2117 2649 2187 existimatum,
2679 2124 2969 2178 confestim
3014 2138 3191 2183 morte
3230 2129 3545 2187 affecerunt.
3574 2133 3710 2191 Natu

2110 2226 2232 2268 cum
2260 2212 2447 2271 Simon
2474 2217 2526 2271 in
2546 2234 2727 2274 aerem
2750 2219 3148 2278 da-moniorum
3174 2226 3424 2283 vehiculo
3448 2228 3705 2299 ferretur,

2110 2308 2340 2378 genibus
2371 2312 2637 2379 provoluti
2677 2315 2822 2370 servi
2880 2316 3096 2372 Det.....
3139 2322 3504 2378 contentionis
3537 2326 3708 2381 telum

2110 2416 2332 2470 precum
2365 2404 2670 2461 interventu
2724 2408 2776 2461 in
2812 2424 3065 2480 magnum
3106 2413 3362 2483 ejaculati
3390 2427 3538 2480 sunt.
3566 2428 3623 2475 et
3648 2422 3705 2475 in

2110 2505 2307 2549 terram
2335 2512 2458 2552 eum
2488 2499 2927 2569 dejecerunt.....
2954 2519 2989 2558 e
3029 2504 3251 2561 sublimi
3294 2523 3416 2564 aere
3444 2510 3603 2567 deum
3633 2512 3706 2569 il-

2106 2587 2215 2642 lum
2251 2590 2490 2645 habitum
2548 2593 2601 2647 in
2652 2601 2851 2649 terram
2883 2595 3202 2667 deiecerunt
3251 2600 3319 2655 ad
3373 2600 3575 2658 inferos
3604 2604 3707 2663 de-

2104 2682 2445 2750 primendum
2485 2704 2505 2736 ι
2555 2686 2803 2757 (Cyrill.,
2850 2688 3058 2745 Catech.
3106 2691 3157 2759 6,
3204 2712 3257 2764 p.
3311 2695 3426 2763 54).
3481 2697 3705 2755 Litteris

2101 2788 2317 2845 quoque
2374 2776 2833 2848 consignaverunt
2903 2782 3007 2838 hoc
3074 2782 3313 2852 factum,
3381 2788 3475 2843 sed
3524 2792 3705 2848 multo

2101 2867 2340 2931 brevius.
2378 2872 2737 2939 Ambrosius,
2808 2875 3146 2944 Augustinus
3173 2921 3189 2943 ,
3252 2878 3487 2936 Isidorus
3529 2882 3703 2939 Pelu-

2101 2960 2663 3029 siota,'l‘beodoretus
2718 2978 2770 3021 et
2828 2968 3089 3027 Maximus
3143 2972 3492 3031 Taurinensis
3546 2978 3702 3049 (Am-

2098 3055 2259 3118 bros..
2306 3058 2395 3114 lib.
2452 3076 2506 3114 1v
2559 3060 2803 3129 ﬂexam,
2846 3079 2961 3133 cap.
3038 3066 3102 3129 8,
3161 3065 3189 3137 §
3246 3068 3353 3133 35,
3407 3087 3525 3142 pag.
3586 3072 3700 3139 78;

2097 3150 2340 3219 August.,
2384 3150 2421 3204 ι.
2468 3152 2531 3206 de
2578 3152 2803 3217 Hizresq
2834 3174 2889 3223 p.
2918 3154 2993 3219 ὃς
3025 3155 3247 3223 Isidor.,
3281 3161 3318 3213 ι.
3355 3178 3404 3227 t,
3435 3179 3517 3232 ep.
3563 3180 3697 3231 xm,

2098 3260 2152 3312 p.
2199 3242 2266 3309 4;
2300 3242 2579 3313 Theodor.,
2622 3248 2661 3302 ι.
2695 3263 2740 3311 ι,
2794 3245 2989 3303 Havet.
3035 3249 3225 3319 [σιπύη
3269 3266 3319 3306 c.
3358 3268 3413 3318 ι.
3464 3273 3516 3323 p.
3556 3257 3699 3323 l98;

400 3342 673 3405 omnibus,
724 3355 859 3411 quas
915 3339 995 3392 sol
1041 3337 1225 3392 oriens
1278 3346 1439 3406 atque
1476 3333 1726 3389 occidens
1778 3334 1989 3398 lustrat,
2020 3339 2066 3402 C
2100 3334 2347 3404 Maxim.,
2406 3339 2541 3393 liam.
2597 3340 2651 3403 5,
2697 3343 2750 3393 in
2795 3340 2960 3395 natat.
3013 3340 3121 3397 SS.
3177 3340 3323 3398 Petri
3369 3354 3417 3401 et
3471 3346 3694 3420 Pauli).

400 3439 573 3508 ipsam
604 3436 835 3507 denique
864 3434 1005 3506 apud
1047 3433 1322 3488 dominam
1356 3430 1601 3493 Romam,
1632 3429 1683 3482 in
1712 3442 1839 3499 qua,
1872 3442 1991 3482 cum

398 3530 652 3585 homines
679 3529 788 3584 sint
835 3526 1022 3582 Numae
1049 3523 1190 3596 regis
1223 3522 1430 3577 artibus
1450 3530 1614 3592 atque
1639 3519 1874 3590 antiquis
1903 3534 1995 3573 su-

394 3623 812 3696 perstitionibus
848 3621 1117 3691 occupati,
1164 3632 1273 3673 non
1321 3616 1645 3671 distulerant
1686 3622 1863 3669 tamen
1906 3628 1994 3668 res

395 3720 599 3788 patrias
629 3717 898 3787 linquere,
926 3724 980 3769 et
1005 3712 1220 3768 veritati
1249 3714 1559 3769 coalescere
1585 3706 1897 3763 ebriatiana:
1920 3706 1944 3759 ?
1965 3725 1984 3758 ι

394 3814 634 3887 (Arnob..
659 3812 749 3866 lib.
781 3826 841 3875 tt,
879 3827 931 3877 ρ.
956 3806 1071 3882 50).

468 3905 613 3962 Nihil
648 3920 778 3975 ergo
807 3904 997 3958 insana
1047 3897 1401 3970 quorumdam
1442 3895 1718 3965 gentilium
1765 3891 1986 3950 temeri-

394 4011 504 4057 tate
535 3998 849 4062 absurdius,
880 3997 971 4067 qui
1004 3995 1121 4049 haec
1150 3992 1409 4048 miracula
1436 3990 1570 4046 falsa
1600 3989 1767 4045 fuisse
1785 3988 1988 4059 garrie-

389 4095 540 4151 bant.
568 4091 711 4148 Fieri
741 4091 886 4145 enim
937 4103 1043 4143 non
1094 4086 1286 4157 potuit,
1312 4093 1369 4139 ut
1420 4092 1497 4138 tot
1524 4093 1730 4153 gentes,
1760 4090 1868 4136 tam
1899 4078 1987 4135 di-

388 4203 561 4244 versae
617 4185 866 4241 nationes
914 4196 945 4236 a
987 4196 1047 4236 se
1093 4180 1322 4234 invicem
1354 4175 1747 4239 remoussimae,
1788 4188 1851 4229 ac
1875 4172 1982 4226 Ro-

393 4281 537 4336 mani
570 4280 694 4349 ipsi,
725 4290 934 4331 summa
968 4288 1151 4329 rerum
1184 4271 1361 4339 potiti,
1395 4269 1461 4323 ad
1492 4268 1623 4323 falsa
1653 4274 1981 4323 sectatorum

386 4376 589 4431 Christi
627 4370 880 4427 miracula
933 4383 1032 4439 pro
1079 4367 1222 4421 vi-ris
1252 4364 1593 4435 agnascenda
1640 4361 1985 4431 conspirave-

386 4469 514 4524 rint.
547 4465 685 4535 Quid
727 4464 913 4527 etiam,
941 4460 1083 4531 quod
1134 4458 1401 4513 innumeri
1438 4455 1509 4509 illi
1538 4471 1603 4511 ex
1636 4464 1713 4509 tot
1737 4454 1983 4525 gentibus

383 4561 637 4618 homines
663 4568 770 4612 tam
814 4554 989 4620 bardi,
1021 4552 1265 4618 hebetes,
1297 4559 1351 4605 et
1388 4548 1567 4605 stolidi
1597 4548 1704 4603 dici
1729 4562 1835 4603 non
1858 4562 1983 4617 pos-

380 4664 505 4711 sunt
534 4696 548 4717 ,
580 4660 637 4706 ut
668 4664 787 4721 qua:
815 4662 921 4703 non
958 4645 1207 4700 viderant
1237 4643 1518 4709 miracula,
1552 4657 1610 4697 se
1640 4640 1842 4697 vidisse
1871 4654 1979 4695 non

382 4746 560 4802 solum
590 4745 874 4814 (ingerent,
906 4738 1001 4794 sed
1033 4735 1270 4793 inaudita
1297 4735 1557 4790 hactenus
1590 4733 1805 4789 fictione
1834 4734 1978 4788 ines-
2008 4745 2063 4806 ί)

384 4840 523 4903 cati,
558 4832 856 4905 repudiatis
899 4841 1113 4902 patrum
1147 4843 1209 4883 ac
1240 4827 1576 4898 popularium
1605 4840 1826 4881 suorum
1855 4827 1979 4897 qui.

378 4930 605 4986 buscum
653 4925 886 4982 feliciter
916 4924 1100 4979 vivere
1153 4928 1437 4989 poterant,
1481 4917 1977 4989 superstitionibus,

378 5024 687 5080 institutam
717 5035 749 5073 a
777 5018 993 5073 Christo
1040 5030 1287 5071 severam
1317 5012 1527 5069 vivendi
1556 5014 1842 5075 rationem.
1867 5027 1975 5069 non

374 5120 495 5175 sine
548 5124 701 5170 certo
758 5114 951 5184 capitis
1012 5110 1256 5183 periculo
1285 5108 1723 5179 amplexarentur
1751 5108 1973 5183 (Ibid.).

378 5214 598 5270 Certum
651 5209 815 5281 igitur
866 5206 1145 5277 ﬁxumque
1173 5219 1296 5261 esse
1339 5204 1500 5258 debet
1551 5204 1670 5260 illos
1701 5204 1973 5260 miraculis

376 5310 657 5364 dumtaxat
683 5302 1067 5373 apertissimis,
1095 5311 1151 5357 et
1172 5300 1292 5356 luce
1326 5299 1439 5370 ipsa
1464 5298 1803 5368 clarioribus,
1833 5315 1973 5371 prm-

372 5402 556 5458 huisse
581 5398 893 5454 adsensum.

446 5495 718 5552 Arnobius
768 5507 931 5566 porro
955 5491 1184 5551 Romae.
1234 5506 1393 5562 quam
1450 5498 1667 5561 propter
1697 5505 1963 5547 summum

372 5606 531 5647 suum
562 5590 846 5658 imperium
900 5586 1160 5641 dominam
1186 5595 1367 5651 vocat,
1396 5585 1674 5642 mentione
1705 5585 1865 5651 facta,
1898 5586 1962 5641 il-

371 5682 464 5737 lud
513 5680 765 5753 proponit
806 5678 1149 5746 miraculum,
1201 5695 1308 5751 quo
1340 5680 1535 5735 Petrus
1588 5682 1865 5751 apostolus
1893 5679 1963 5736 de

369 5781 647 5844 prostrato
672 5771 895 5827 Simone
930 5787 1088 5843 mago
1119 5771 1482 5839 triumphasse
1522 5771 1911 5843 perbibebatur
1943 5789 1957 5826 :

376 5886 397 5918 ι
432 5867 711 5931 Viderunt,
738 5882 757 5917 ι
792 5866 865 5919 ait
888 5864 1106 5939 (lbid.),
1147 5885 1167 5920 ι
1188 5883 1405 5925 currum
1434 5867 1677 5926 Simonis
1708 5868 1877 5938 magi.
1907 5875 1962 5924 et

368 5959 661 6030 quadrigas
702 5959 889 6029 igneas
918 5957 1085 6032 ‘Petri
1127 5973 1223 6018 ore
1256 5958 1527 6029 ditllatas,
1574 5968 1634 6018 et
1680 5961 1962 6019 nominato

2098 3426 2232 3497 Quis
2258 3441 2439 3487 autem
2487 3432 2764 3488 dubitandi
2794 3433 2949 3488 locus
3002 3449 3123 3490 esse
3182 3446 3391 3506 potest,
3441 3441 3573 3508 quin
3639 3444 3698 3497 bi

2097 3522 2303 3593 aliique
2359 3526 2595 3593 antiqua:
2652 3540 2713 3581 ac
2765 3528 2928 3582 variae
2996 3528 3168 3582 aetatis
3222 3530 3516 3597 scriptores
3571 3550 3700 3603 per-

2097 3630 2316 3670 suasum
2366 3616 2650 3673 habuerint
2680 3633 2865 3674 verum
2913 3634 3036 3675 esse
3087 3621 3226 3677 hanc
3271 3621 3697 3683 historiam?At

2098 3711 2315 3766 tametsi
2347 3711 2398 3766 in
2429 3728 2492 3768 ea
2528 3713 2731 3785 aliquid
2787 3714 2925 3780 falsi,
2957 3715 3042 3771 vel
3097 3717 3139 3770 si
3173 3718 3500 3785 pertinacius
3526 3723 3692 3791 velis,

2097 3805 2235 3859 nihil
2268 3820 2495 3873 prorsus
2524 3809 2638 3863 veri
2668 3818 2814 3863 esset
2847 3826 2861 3872 ;
2898 3825 3003 3863 non
3037 3808 3163 3864 inde
3195 3818 3377 3867 tamen
3402 3816 3694 3873 arnobiani

2095 3899 2399 3969 argumenti
2433 3901 2514 3955 vis
2544 3910 2638 3955 aut
2663 3902 2830 3957 robur
2868 3902 2983 3958 ullo
3026 3902 3182 3971 plane
3226 3906 3385 3960 modo
3412 3909 3695 3965 minuere-

2094 4000 2200 4047 tur.
2233 3990 2557 4048 Christiana:
2613 3994 2877 4065 siquidem
2909 3995 3189 4066 religionis
3220 3998 3419 4054 veritas
3447 4016 3554 4056 non
3584 4002 3693 4058 hoc

2094 4085 2311 4155 quidem
2362 4086 2481 4141 solo
2512 4086 2773 4141 miraculo
2799 4087 2868 4141 ab
2918 4087 3009 4141 illo
3042 4088 3319 4157 probatur,
3353 4090 3446 4145 sed
3473 4107 3541 4147 ex
3565 4095 3692 4151 aliis

2093 4181 2255 4251 plane
2284 4182 2609 4248 innumeris,
2649 4197 2767 4253 qua:
2796 4196 2824 4234 a
2856 4181 3072 4237 Christo
3099 4182 3326 4237 Domino
3348 4185 3577 4257 ejusque
3603 4190 3692 4245 di-

2092 4277 2314 4346 scipulis
2342 4276 2480 4332 laeta
2528 4274 2694 4332 fuisse
2741 4290 2924 4339 nemo,
2957 4277 3031 4330 uti
3060 4276 3314 4343 diximus,
3353 4280 3449 4333 nisi
3484 4280 3685 4339 invicta

2091 4385 2316 4441 prorsus
2362 4370 2728 4425 obstinatione
2755 4371 3061 4425 obcaecatus
3094 4381 3302 4440 poterat
3333 4372 3583 4428 inliciari.
3619 4379 3691 4432 At

2090 4480 2157 4520 ex
2182 4463 2247 4519 iis
2268 4465 2519 4519 omnibus
2546 4471 2737 4518 auctor
2762 4472 2947 4518 noster
2966 4473 3110 4518 tanta
3133 4464 3453 4521 ccrtitudiue
3479 4482 3685 4537 quanta

2089 4557 2356 4614 evidentia
2407 4555 2686 4613 concludit
2730 4570 2913 4611 veram
2946 4569 3069 4613 esse
3119 4557 3288 4613 solam
3327 4557 3685 4620 Christianam

2091 4649 2425 4721 religionem.

2671 4779 2967 4820 ARTICULUS
3005 4779 3063 4819 ιι.

2086 4880 2623 4943 QuomodoArnobius
2664 4883 2954 4943 argumenta
2993 4876 3144 4943 diluat
3169 4918 3183 4934 .
3225 4880 3401 4943 quibus
3454 4883 3684 4943 gentiles

2146 4946 2308 4995 omnia
2332 4942 2507 4995 Christi
2544 4942 2991 5004 discipulorumque
3018 4942 3125 5005 ejus
3162 4942 3393 4992 miracula
3426 4942 3681 4999 inﬁrmare

2145 5008 2416 5056 tentabant.

2150 5114 2295 5171 Nihil
2324 5124 2410 5170 est
2442 5122 2547 5168 tam
2580 5122 2787 5169 certum
2835 5121 2891 5168 et
2934 5111 3182 5180 evidens,
3229 5112 3373 5185 quod
3420 5113 3678 5175 homines

2070 5208 2358 5282 ingeniosi,
2388 5223 2416 5262 a
2437 5218 2585 5263 recto
2612 5206 2851 5262 veritatis
2872 5207 3083 5261 tramite
3112 5206 3681 5274 aberrantes,autdu-

2071 5302 2216 5359 bium
2240 5304 2435 5368 facere,
2468 5310 2561 5357 aut
2582 5302 3000 5367 obscurare,aut
3030 5316 3229 5372 negare
3253 5302 3502 5375 malignis
3529 5310 3676 5364 arti-

2067 5394 2169 5450 bus
2202 5410 2306 5450 non
2337 5391 2765 5449 moliantur.Non
2794 5394 2991 5447 mirum
3024 5392 3203 5463 itaque
3228 5395 3272 5447 si
3295 5396 3513 5465 quidam
3546 5414 3679 5469 post

2067 5486 2288 5554 Christi,
2335 5488 2831 5559 discipulorumque
2860 5490 2977 5557 ejus
3034 5497 3287 5555 mortem,
3317 5490 3531 5546 illorum
3561 5498 3671 5550 mi-

2066 5583 2500 5649 racula,tametsi
2522 5595 2705 5635 coram
2735 5580 2954 5635 inﬁnitis
2982 5596 3149 5651 prepe
3167 5581 3669 5656 modumethnicis,

2064 5690 2119 5737 et
2150 5680 2199 5735 in
2223 5693 2408 5733 eorum
2430 5678 2659 5748 gratiam
2687 5676 2851 5739 edita,
2870 5677 3143 5732 iulirmare
3163 5690 3226 5730 ac
3256 5692 3453 5745 negare
3481 5688 3670 5735 tenta-

2067 5776 2258 5830 verint.
2295 5772 2681 5828 Verumtamen
2708 5770 2910 5827 ethnici
2944 5769 3117 5836 primo
3160 5768 3421 5824 Ecclesiae
3460 5784 3669 5829 nosmc

2063 5866 2341 5925 nascentis
2374 5878 2621 5939 tempore
2648 5876 2727 5921 tot
2752 5876 3007 5936 tantaque
3028 5864 3308 5929 miracula,
3334 5874 3443 5919 tam
3472 5870 3665 5937 certis,

2060 5978 2222 6035 quam
2238 5961 2536 6020 innumeris
2551 5959 2869 6018 conﬁrmata
2885 5955 3393 6026 tesﬁbusJ'alsitatis
3404 5975 3665 6031 arguere,
