3918 6364
210 413 299 468 ιοςι

1474 413 1539 469 IN
1578 408 1961 480 ABNOBIUM,
2000 407 2152 466 CAP.
2195 406 2281 464 ιιι.

3416 418 3521 474 MO

216 535 281 587 uti
308 531 381 589 ait
431 532 743 600 Arnobius,
778 546 1075 604 numquam
1118 531 1231 589 ausi
1281 540 1401 587 sunt
1430 529 1674 602 (Arnob.,
1699 531 1737 584 l.
1769 544 1809 596 ι,
1841 530 1893 589 Α
1988 525 2163 581 Tanto
2205 525 2467 580 horumce
2506 534 2951 596 argumentorum
2995 526 3241 596 pondere
3268 531 3520 599 oppressi

220 648 267 701 ρ.
295 629 384 695 35,
415 638 462 683 et
492 628 687 700 seqq).

290 723 414 777 Post
441 722 565 778 hac
590 733 800 789 autem,
830 722 1149 779 audaciores
1178 721 1326 787 facti,
1354 719 1679 790 obiiciebant
1700 718 1816 774 haec

224 815 327 885 ipsa
385 814 651 869 miracula
692 816 764 871 ab
818 816 1185 885 evangelistis,
1229 816 1455 885 aliisque
1504 814 1816 868 auctoribus

226 910 413 981 scripta
441 909 612 964 fuisse
644 910 1001 977 mendaciter,
1036 920 1125 963 aut
1152 912 1205 965 in
1238 912 1557 985 immensum
1586 924 1815 980 exagge-

230 1016 355 1059 rata.
387 1005 529 1071 Quin
562 1006 729 1059 immo
761 1005 936 1076 plura,
974 1006 1137 1077 inqttit
1179 1004 1472 1071 Arnobius,
1502 1014 1554 1059 et
1583 1001 1811 1069 Christi,

227 1109 277 1154 et
301 1098 685 1169 discipulorum
738 1099 859 1169 ejus
909 1098 1165 1155 miracula
1195 1098 1265 1152 ab
1313 1098 1381 1152 iis
1432 1106 1557 1152 sunt
1587 1099 1812 1162 omissa,

226 1208 320 1247 nec
349 1196 531 1248 omnia
564 1195 761 1249 litteris
814 1193 1055 1249 mandari
1087 1200 1394 1262 potuerunt.
1427 1192 1481 1247 Si
1536 1207 1656 1261 quae.
1684 1204 1814 1244 vero

226 1285 339 1338 aliis
368 1285 421 1339 in
457 1286 697 1354 scriptis,
730 1284 782 1339 id
827 1295 930 1348 est,
966 1283 1318 1354 proculdubio
1346 1284 1397 1336 in
1438 1282 1813 1352 pscudoevan-

224 1375 375 1446 geliis
415 1376 724 1447 posteritati
768 1374 1139 1430 commendata
1170 1376 1435 1444 leguntur,
1464 1374 1578 1428 hcce
1606 1374 1813 1427 dn-mo-

224 1486 349 1524 num
399 1480 493 1524 aut
550 1470 829 1524 hominum
880 1469 986 1524 illis
1034 1470 1288 1523 similium
1344 1467 1720 1522 malevolentia
1760 1476 1814 1521 et

224 1563 499 1619 fraudibus
543 1563 748 1631 addita,
780 1563 1126 1633 interpolata,
1155 1570 1359 1615 mutata
1391 1560 1813 1627 detruncataquc

218 1655 468 1721 fuerunt,
512 1667 591 1722 ut,
621 1656 667 1711 si
722 1656 835 1711 fieri
865 1665 1067 1726 posset,
1122 1665 1230 1709 tam
1266 1652 1599 1708 mirabilinm
1632 1661 1815 1721 gesto-

215 1765 333 1805 rum
363 1750 640 1805 elevarent
673 1748 1073 1804 auctoritatem.
1103 1747 1244 1817 Quid
1275 1762 1426 1813 vero,
1460 1744 1603 1816 quod
1629 1744 1812 1815 genti-

220 1840 297 1896 les
325 1840 462 1895 nihil
489 1850 678 1894 rontra
707 1855 987 1895 sacrorum
1030 1839 1356 1906 scriptorum
1402 1846 1707 1891 nostrorum
1750 1834 1811 1888 li—

1923 621 2155 692 gcntiles
2180 634 2248 676 eo
2295 620 2509 675 tandem
2541 619 2767 676 insaniat
2795 632 2848 676 et
2901 621 3250 691 impudentiae
3279 622 3521 681 devene-

1920 723 2062 777 rant,
2100 722 2156 766 nt
2188 712 2302 767 haec
2351 712 2611 767 miracula
2656 728 2684 765 a
2712 711 2932 767 Christo
2964 714 3188 785 magicis
3217 716 3428 771 artibus
3455 730 3520 772 ac

1921 803 2208 875 praestigiis
2230 807 2365 860 facta
2389 806 2555 861 fuisse
2582 803 2743 859 nobis
2770 806 3009 874 objicere
3042 823 3147 862 non
3182 808 3469 865 timuerint
3501 826 3515 864 :

1927 913 1945 946 ι
1977 896 2161 967 Magus
2202 895 2341 962 fuit,
2380 916 2400 949 ι
2434 913 2621 953 eorum
2661 898 2825 954 verba
2858 909 2985 953 sunt
3028 900 3097 955 ab
3124 901 3363 955 Arnobio
3406 917 3521 958 me-

1923 1001 2129 1044 morata
2159 1032 2173 1056 ,
2218 1008 2238 1043 ι
2270 991 2624 1046 clandestinis
2676 992 2883 1047 artibus
2915 996 3095 1048 omnia
3128 993 3218 1048 illa
3269 994 3518 1065 perfecit,

1921 1080 2301 1154 IEgyptiorum
2351 1100 2417 1138 ex
2464 1084 2640 1156 adytis
2692 1087 3022 1155 Angelornm
3074 1088 3374 1157 potentium
3421 1104 3523 1145 no-

1918 1178 2084 1240 mina,
2117 1186 2171 1231 et
2200 1188 2435 1232 remotas
2482 1176 2691 1231 furatus
2738 1190 2822 1232 est
2869 1179 3184 1251 disciplinas
3224 1198 3243 1233 ι
3275 1181 3519 1253 (Amob.,

1917 1269 1955 1323 ι.
1987 1284 2021 1331 t,
2049 1286 2102 1337 p.
2133 1268 2250 1341 25).
2276 1270 2382 1324 Sed
2422 1270 2537 1324 [nec
2565 1282 2722 1325 vetns
2746 1272 3031 1340 gentilium
3058 1272 3391 1340 criminatio,
3421 1289 3523 1330 sse-

1917 1361 2039 1433 pius
2069 1364 2321 1431 repetita,
2355 1378 2572 1433 semper
2599 1363 2875 1419 confutata
2897 1374 3003 1422 est.
3036 1365 3169 1433 Quis
3194 1368 3339 1421 enim
3363 1366 3520 1439 igno-

1919 1466 1999 1511 rat
2032 1456 2161 1510 illud
2190 1457 2409 1511 Christo
2436 1475 2463 1509 a
2493 1456 2698 1513 Jndzeis
2721 1458 3013 1529 obiectum,
3038 1458 3182 1530 quod
3213 1459 3521 1518 Beelzebub

1918 1550 2135 1604 nomine
2162 1550 2429 1605 daemonia
2451 1550 2695 1620 ejiceret.
2726 1550 2898 1617 Quam
2938 1550 3159 1621 quidem
3189 1551 3520 1608 calumniam

1915 1642 2016 1695 etsi
2046 1642 2293 1697 Christus
2320 1642 2572 1699 dominus
2600 1643 2816 1699 abunde
2862 1644 3197 1701 confutaSset
3220 1686 3235 1711 ,
3283 1661 3403 1702 eam
3436 1656 3522 1702 ta-

1918 1750 2039 1790 men
2073 1735 2274 1791 ethnici
2324 1728 2513 1807 postea
2557 1748 2744 1813 contra
2803 1742 2921 1808 ejus
2969 1738 3269 1811 discipulos
3297 1743 3521 1798 immani

1918 1845 2143 1899 prorsus
2171 1840 2226 1885 et
2252 1832 2589 1887 intoleranda
2636 1834 2950 1888 temeritate
2995 1832 3253 1890 refricare
3281 1850 3387 1890 non
3419 1835 3521 1892 du~

214 1932 336 1987 dem
371 1932 485 1987 ullo
512 1932 676 1986 modo
702 1931 1060 2002 objiciebant,
1093 1930 1236 2001 quod
1289 1930 1550 1984 adversus
1602 1929 1813 1984 illorum
1847 1933 1893 1993 Β
1921 1923 2252 1980 bitaverunt.
2280 1925 2413 1980 Nam
2448 1933 2509 1980 ut
2549 1926 2685 1981 alios
2713 1928 2850 1982 bene
2873 1928 3072 1982 multos
3104 1939 3516 1997 praetereamus,

213 2028 509 2097 scriptores
540 2028 653 2095 pari
682 2027 849 2081 immo
880 2026 1076 2096 potiori
1102 2024 1225 2094 jure
1250 2023 1408 2093 ohjici
1450 2037 1557 2076 non
1587 2021 1812 2091 posset?

212 2117 511 2185 Praeterea,
544 2118 769 2174 veridici
818 2127 1069 2173 auctores
1111 2116 1278 2171 nostri
1308 2124 1460 2169 tanto
1490 2114 1652 2167 animi
1686 2128 1814 2168 can-

214 2212 369 2278 dore,
400 2212 680 2281 tantisquc
709 2211 958 2265 veritatis
988 2196 1284 2264 luminibus
1314 2207 1571 2261 miracula
1610 2204 1812 2261 Christi

214 2305 554 2376 descripsere
583 2317 637 2359 nt
663 2306 844 2361 nullus
867 2321 966 2361 nec
986 2305 1221 2367 Judmus,
1255 2320 1353 2359 nec
1375 2303 1615 2375 gentilis,
1641 2317 1812 2373 quan—

215 2398 465 2454 tumlibet
514 2399 935 2455 cbristianorum
970 2399 1222 2454 inimicus
1246 2440 1263 2466 ,
1309 2398 1376 2453 iis
1404 2398 1620 2468 quando
1667 2396 1810 2453 facta

213 2504 358 2558 sunt,
395 2492 663 2564 refragari
694 2508 861 2549 ausus
887 2493 1067 2548 fuerit.

285 2590 356 2642 At
391 2588 593 2656 scripta
648 2600 854 2654 nostra,
889 2587 1206 2658 inquiebant
1234 2585 1458 2652 ethnici,
1493 2585 1647 2639 libris
1668 2586 1814 2641 chri-

216 2680 519 2735 stianorum
545 2681 707 2752 longe
734 2682 1040 2751 antiquiora
1070 2688 1218 2736 sunt.
1248 2694 1311 2734 ac
1338 2678 1570 2749 proinde
1598 2678 1701 2733 fide
1723 2678 1809 2733 di-

211 2775 418 2845 gniora.
452 2774 618 2842 Quasi
668 2790 822 2841 vero,
856 2775 1147 2843 respondet
1174 2773 1474 2839 Arnobius,
1509 2789 1701 2829 onmes
1742 2790 1809 2830 ex

212 2870 547 2938 turpissimis
576 2868 988 2939 falsissimisque
1038 2868 1262 2923 deorum
1290 2866 1489 2923 fabulis
1511 2883 1615 2921 non
1645 2883 1811 2938 agno-

206 2971 362 3016 scant
382 2977 573 3017 earum
606 2962 987 3031 antiquitatem
1012 2960 1524 3015 absurdiSsimorum
1555 2977 1805 3016 errorum

208 3055 676 3110 fecundissimam
711 3056 878 3111 fuisse
909 3066 1137 3110 matrem
1182 3063 1236 3109 et
1282 3054 1569 3124 originem.
1604 3054 1807 3109 Deinde

206 3164 357 3213 vero,
389 3164 514 3204 cum
547 3151 913 3205 recentiorum
960 3159 1203 3203 actorum
1238 3149 1449 3203 facilius
1479 3164 1638 3217 quam
1667 3149 1805 3203 anti-

203 3242 479 3311 quiorum,
516 3241 729 3296 falsitas
751 3240 1211 3312 deprehendatur,
1235 3250 1401 3295 tanta:
1449 3240 1694 3311 profecto
1724 3249 1805 3295 te-

1920 2019 2129 2086 Celsns,
2172 2030 2306 2075 te~te
2350 2020 2606 2091 Origene,
2644 2040 2662 2073 ‹
2702 2020 3047 2077 Servatorem
3094 2031 3333 2088 accusat,
3364 2024 3522 2094 quasi

1923 2114 2143 2183 magicis
2174 2115 2379 2169 artibus
2406 2116 2665 2169 miracula
2691 2115 2882 2170 fecerit
2909 2134 2927 2167 ι
2957 2114 3227 2187 (0rigen.,
3255 2116 3292 2171 ι.
3318 2133 3355 2183 t,
3381 2130 3519 2173 cont.

1920 2204 2079 2273 Cels.,
2122 2226 2175 2278 p.
2203 2208 2278 2278 7).
2307 2208 2593 2265 Carriebat
2646 2210 2938 2278 siquidem,
2987 2218 3047 2263 ut
3076 2209 3216 2264 idem
3260 2211 3521 2282 Origenes

1920 2311 2107 2371 postea
2134 2300 2473 2367 testiﬁcatur,
2503 2320 2522 2353 (
2552 2317 2674 2357 cum
2701 2302 2840 2358 clam
2863 2301 3149 2368 educatur,
3172 2313 3227 2359 et
3259 2303 3311 2359 in
3341 2302 3517 2378 Egy-

1922 2404 2012 2465 pto
2052 2396 2307 2451 mercede
2340 2396 2681 2465 tamulatum,
2708 2397 2940 2466 peritum
2974 2396 3093 2467 ejus
3122 2398 3298 2468 gentis
3323 2398 3519 2453 artium

1917 2490 2042 2544 inde
2087 2504 2407 2553 reversum.
2440 2492 2634 2561 quibus
2678 2492 2867 2558 fretus,
2922 2506 3019 2561 pro
3067 2492 3176 2547 Deo
3227 2508 3288 2548 se
3334 2492 3521 2549 haberi

1918 2598 2109 2655 passus
2136 2584 2202 2638 sit
2243 2604 2263 2637 ι
2307 2583 2497 2657 (lbid.,
2524 2604 2578 2656 p.
2612 2585 2729 2655 50).
2763 2584 2969 2639 Dehinc
3010 2585 3161 2655 fingit
3214 2586 3411 2654 impius
3437 2587 3522 2643 vir

1916 2691 1977 2731 se
2020 2677 2247 2734 credere
2295 2694 2483 2733 revera
2518 2678 2655 2734 facta
2704 2678 2870 2733 fuisse
2899 2694 2926 2730 a
2957 2677 3198 2744 Christo,
3228 2696 3348 2749 quae
3373 2680 3521 2738 dice-

1916 2769 2139 2837 bantur,
2173 2773 2456 2837 miracula,
2489 2774 2582 2828 sed
2626 2772 2742 2827 haec
2768 2772 3077 2827 communia
3136 2771 3268 2827 facit
3291 2776 3422 2853 πρὸς
3450 2779 3520 2833 τὰ

1915 2866 2041 2943 ἔργα
2068 2877 2167 2923 τῶν
2222 2876 2438 2943 νοητῶν,
2492 2871 2561 2929 ὡς
2617 2869 3049 2939 ὑπισχνουμένων
3097 2870 3519 2944 Θαυμασιόντερα,

1913 2963 1997 3014 καὶ
2026 2964 2158 3039 πρὸς
2182 2968 2249 3020 τὰ
2289 2963 2391 3017 ὑπὸ
2428 2971 2529 3018 τῶν
2559 2964 2817 3033 μαθόντων
2857 2962 2961 3016 ὑπὸ
2990 2965 3279 3035 Αἰγυπτίων
3318 2963 3461 3020 ἔπιτε
3492 2964 3519 3018 ὁ

1912 3053 2133 3126 λούμενοι
2162 3057 2212 3108 ἐν
2242 3057 2427 3125 μέσαις
2456 3058 2689 3131 ἀγοραῖς.
2722 3053 2857 3108 Cnnt
2910 3055 3363 3123 przestigiatorum
3387 3069 3519 3125 ope-

1912 3151 2080 3211 ribus,
2115 3150 2206 3217 qui
2257 3150 2586 3203 mirabiliora
2630 3148 2977 3218 pollicentur,
3009 3159 3063 3204 et
3100 3165 3224 3204 cum
3272 3152 3515 3206 circula-

1911 3248 2089 3294 torum
2118 3240 2274 3295 factis
2300 3244 2351 3296 in
2382 3242 2560 3296 medio
2582 3240 2701 3295 foro
2731 3242 3009 3312 praestitis,
3035 3244 3126 3314 qui
3151 3244 3221 3299 ab
3241 3244 3518 3318 Atlgyptiis

204 3344 471 3389 mentatts
515 3336 815 3406 scriptores
862 3336 1029 3389 nostri
1077 3349 1199 3389 esse
1250 3348 1357 3388 non
1387 3343 1699 3403 potuerunt,
1749 3342 1807 3388 ut
1835 3338 1879 3400 ί]
1911 3347 1971 3387 ea
2006 3332 2312 3389 didicerunt
2338 3333 2523 3401 (lbid.,
2557 3354 2607 3406 ρ..
2642 3335 2757 3407 55).

203 3428 445 3482 recentia
495 3427 781 3493 miracula,
834 3435 889 3482 et
937 3427 1201 3482 hactenus
1232 3428 1488 3490 inaudita,
1530 3436 1803 3496 tamquam

203 3520 489 3576 verissima
530 3519 889 3591 pra-dicarem
916 3563 931 3585 ,
962 3537 1189 3590 quorum
1237 3520 1521 3575 falsitatem
1560 3519 1804 3575 eocitius

202 3616 429 3684 gentiles
474 3616 877 3686 cognovissent,
911 3631 1018 3684 quo
1062 3617 1234 3685 magis
1282 3631 1387 3668 non
1435 3614 1610 3667 solum
1639 3630 1800 3679 nova,

202 3705 531 3778 insuetaque
574 3717 751 3770 erant,
784 3706 877 3761 sed
912 3706 976 3760 iis
1016 3707 1179 3761 etiam
1220 3705 1349 3761 falsa
1373 3706 1587 3760 illorum
1616 3706 1803 3777 religio

206 3799 442 3855 funditus
470 3800 825 3856 evertebatur
874 3799 1029 3855 Tunc
1065 3810 1244 3855 tamen
1277 3816 1341 3856 ea
1370 3809 1511 3866 acta,
1541 3811 1632 3854 ant
1660 3802 1800 3857 scri-

207 3904 294 3963 pta
335 3909 460 3950 cum
512 3896 745 3966 primum
802 3894 1073 3957 viderunt,
1104 3894 1391 3964 quantavis
1441 3893 1802 3951 admiratione

210 3989 589 4061 obstupefacti,
644 3988 778 4045 nihil
826 3998 1037 4056 contra,
1090 3990 1190 4043 nisi
1241 3988 1381 4044 forte
1410 3999 1652 4044 amentes
1678 3990 1801 4061 qui-

207 4083 324 4140 dam
349 4085 693 4142 mntire'ausi
720 4094 864 4141 sunt.

276 4179 554 4251 Urgebant
597 4179 774 4235 adhuc
827 4181 1025 4237 ethnici
1057 4180 1259 4250 scripta
1288 4182 1705 4238 christianorum
1731 4184 1799 4240 ab

210 4272 431 4331 indoctis
483 4285 538 4330 et
580 4275 848 4347 imperitis
900 4274 1210 4329 hominibus
1259 4275 1498 4344 profecta
1554 4276 1801 4332 soloecis-

213 4368 307 4422 mis
332 4380 559 4434 scatere,
586 4384 649 4423 ac
676 4369 869 4423 vitiosa
895 4368 1169 4423 locutione
1201 4367 1388 4423 foedari
1422 4368 1613 4439 (Idem,
1650 4387 1702 4440 p.
1729 4370 1797 4426 54

218 4471 261 4513 et
289 4463 467 4533 seqq.)
498 4463 617 4517 Non
652 4463 806 4518 facile
835 4464 996 4533 igitur
1026 4462 1190 4517 ﬁdem
1215 4463 1281 4517 iis
1319 4463 1639 4519 habendam.
1659 4464 1795 4533 Quid

218 4566 363 4622 ergo,
399 4555 474 4609 ait
506 4556 820 4609 Arnobius?
854 4555 1108 4625 numquid
1142 4556 1343 4609 veritas
1394 4557 1633 4625 quolibet
1678 4572 1794 4612 ser-

218 4661 385 4714 mone,
415 4649 578 4703 etiam
624 4651 796 4720 magis
828 4651 1077 4715 barbaro,
1112 4650 1381 4705 enuntiari
1430 4665 1534 4705 non
1570 4654 1795 4721 potest?

1984 3426 2090 3482 Sed
2120 3428 2630 3496 impudentissimam
2660 3430 2985 3485 calumniam
3016 3440 3121 3486 tam
3156 3432 3315 3490 facile
3335 3436 3514 3493 Arno-

1908 3520 2059 3588 bius,
2106 3538 2265 3591 quam
2315 3522 2618 3593 Origenes,
2667 3522 2825 3578 diluit
2875 3527 3197 3597 penitusque
3241 3529 3512 3585 dissolvit.

1908 3616 2146 3671 Primum
2173 3618 2317 3672 enim
2352 3617 2445 3673 ille
2475 3620 2770 3688 respondet
2811 3621 3018 3674 nullum
3054 3636 3269 3691 magum
3311 3621 3515 3693 aliquid

1908 3725 2163 3780 umquam
2207 3711 2288 3765 vel
2323 3712 2613 3767 millesima
2662 3721 2821 3782 parte
2863 3711 3092 3777 fecisse,
3140 3714 3287 3785 qttod
3313 3714 3515 3773 Christi

1907 3804 2181 3859 miraculis
2205 3805 2492 3859 consimile
2522 3806 2612 3860 sit.
2637 3803 2889 3860 Christus
2914 3807 3200 3862 enimvero
3228 3808 3347 3864 sine
3371 3809 3476 3863 ulla
3494 3852 3510 3877 ,

1906 3894 2081 3965 inquit
2105 3905 2294 3951 auctor
2324 3906 2509 3950 noster
2539 3896 2782 3968 (Arnob.,
2814 3897 2905 3951 lib.
2928 3912 2969 3962 ι,
3003 3914 3125 3969 pag.
3157 3897 3272 3968 25),
3325 3900 3375 3954 vi
3396 3915 3515 3956 ear-

1906 3988 2134 4053 minum,
2165 4000 2255 4043 aut
2287 3989 2576 4045 herbarum
2605 3999 2663 4044 et
2684 3992 2995 4061 graminum
3023 3994 3235 4060 succis,
3266 3995 3385 4051 sine
3406 3996 3514 4052 ulla

1904 4096 2181 4138 sacrorum
2232 4082 2551 4138 libaminum
2598 4097 2661 4137 ac
2722 4092 3032 4153 temporum
3092 4088 3508 4156 observatione,

1903 4178 2020 4232 sine
2048 4180 2170 4233 ullis
2199 4178 2361 4250 plane
2388 4179 2628 4243 artibus,
2670 4195 2793 4247 qua:
2820 4195 3115 4250 numquam
3145 4197 3254 4236 non
3284 4198 3314 4237 a
3345 4182 3513 4255 Magis

1901 4271 2064 4325 adhib
2100 4272 2316 4339 bantur,
2352 4272 2447 4328 sed
2475 4274 2591 4327 sola
2624 4273 2862 4330 nominis
2908 4276 2991 4329 sui
3042 4285 3309 4345 potestate
3338 4286 3394 4332 et
3424 4277 3509 4333 in-

1901 4366 2218 4431 Vocatione,
2268 4367 2351 4421 vel
2397 4367 2499 4421 levi
2549 4377 2693 4423 tactu
2746 4366 3013 4423 miracula
3068 4369 3259 4425 edidit.
3302 4369 3508 4428 Eadem

1901 4474 2118 4528 quoque
2147 4460 2507 4529 responsione
2538 4459 2803 4529 Origenes
2828 4459 3153 4531 stupendam
3175 4459 3321 4516 Celsi
3345 4463 3512 4519 auda-

1901 4554 2040 4609 ciam
2073 4556 2385 4624 Comprimit
2417 4554 2721 4626 frangitque
2767 4574 2779 4611 :
2816 4575 2835 4609 ί
2880 4555 3030 4611 Licet
3072 4556 3176 4611 hoc
3213 4572 3508 4628 argumen-

1900 4656 2047 4713 tum,
2087 4666 2106 4700 ι
2144 4648 2422 4718 inquiebat
2472 4648 2563 4703 ille
2613 4648 2829 4721 (θήρη
2887 4650 2977 4704 lib.
3031 4665 3070 4705 ι.
3127 4662 3291 4707 contr.
3334 4652 3505 4722 Cela,

218 4735 402 4793 Contra
430 4750 578 4796 certe
606 4757 673 4796 eo
704 4744 878 4813 magis
916 4741 1050 4797 fides
1078 4742 1434 4811 scriptoribus
1468 4745 1667 4799 nostris
1694 4746 1787 4800 tri-
1822 4746 1875 4809 D
1902 4756 2021 4811 pag.
2050 4741 2080 4795 7
2112 4738 2157 4811 ).
2196 4758 2215 4791 ι
2249 4740 2317 4796 de
2364 4740 2549 4802 modO.
2576 4755 2686 4812 quo
2710 4740 2869 4796 Jesus
2892 4742 3008 4796 haec
3036 4741 3257 4807 fecerit.
3292 4744 3504 4800 insolu-

218 4828 410 4887 buenda
440 4841 542 4897 est,
572 4850 682 4905 quo
732 4836 904 4906 magis
950 4836 983 4889 ii
1015 4850 1269 4890 sermone
1300 4836 1558 4907 simplici,
1581 4846 1637 4892 et
1665 4840 1793 4893 abs-

217 4937 308 4992 que
332 4926 746 4983 ulloverbornm
773 4926 901 4983 fuco
930 4937 985 4984 ct
1013 4930 1284 4986 lenocinio
1305 4931 1469 4987 locuti
1498 4939 1642 4985 sunt.
1661 4931 1797 4987 Nul-

219 5014 314 5071 lum
348 5020 548 5090 quippe
585 5020 848 5077 orationis
904 5035 1313 5090 ornamentum,
1367 5025 1570 5080 nullum
1623 5025 1794 5079 anili-

218 5109 340 5167 cium
367 5114 563 5169 veritas
611 5114 888 5171 desiderat
916 5115 1105 5183 (Ibid.,
1139 5137 1190 5190 p.
1222 5116 1352 5190 55).
1391 5118 1636 5190 Denique
1674 5135 1791 5175 ser-

214 5206 370 5260 monis
403 5218 725 5263 ornamenta
752 5250 767 5273 ,
798 5211 1140 5279 suspicantes,
1173 5211 1245 5265 uti
1268 5212 1343 5265 ait
1375 5212 1665 5276 Arnobius,
1691 5212 1790 5265 ad-

208 5300 416 5367 juvant;
467 5303 519 5356 id
569 5314 673 5365 est,
722 5318 933 5371 eorum,
967 5307 1056 5375 qui
1104 5307 1173 5362 de
1221 5308 1395 5378 aliqua
1429 5324 1489 5362 re
1518 5307 1789 5373 dubitant,

214 5408 393 5466 augent
439 5406 496 5455 et
543 5397 961 5466 dubitationem,
1022 5411 1076 5456 et
1124 5403 1511 5470 suspicionem.
1539 5402 1793 5459 Timendi

214 5492 339 5545 enim
368 5501 493 5548 tunc
547 5493 699 5547 locus
726 5503 833 5558 est,
863 5510 931 5549 nc
953 5496 1156 5552 veritas
1202 5497 1286 5551 his
1317 5499 1671 5559 ornamentis.
1707 5506 1793 5552 at-

211 5597 301 5652 que
342 5587 599 5641 orationis
646 5587 928 5656 leporibus
957 5590 1145 5643 obruta
1178 5590 1414 5657 penitus,
1456 5599 1546 5643 aut
1575 5591 1791 5659 repulsa

210 5676 286 5741 sit,
310 5688 361 5735 et
405 5682 457 5735 in
496 5684 615 5749 ejus
645 5680 827 5735 locum
864 5681 1073 5736 falsitas
1103 5683 1480 5738 subSIitnatur.
1514 5684 1670 5737 Plura
1698 5700 1791 5738 au-

211 5776 301 5824 tem
327 5772 424 5837 his,
458 5790 579 5845 quae
606 5775 755 5829 dicta
790 5784 939 5841 sunt,
966 5785 1021 5830 ct
1046 5776 1223 5832 adhuc
1258 5779 1506 5833 dicentur
1531 5777 1687 5847 plane
1712 5780 1789 5831 si-

212 5862 335 5918 milia
384 5865 704 5923 Lactantins
739 5866 984 5934 tradidit,
1045 5869 1121 5923 uti
1170 5886 1269 5924 suo
1319 5871 1441 5928 loco
1486 5869 1787 5926 videbimus

206 5954 416 6027 (Discat.
448 5966 502 6035 3,
530 5965 589 6022 in
620 5963 898 6033 Lactant.,
925 5979 972 6018 c.
1003 5961 1057 6033 9,
1090 5974 1190 6021 art.
1232 5964 1311 6037 3).

1897 4832 2004 4889 bile
2033 4834 2309 4899 videatur;
2339 4844 2551 4890 constat
2582 4846 2761 4891 tamen
2793 4836 3121 4893 christianos
3169 4838 3313 4893 nulla
3346 4854 3504 4895 exer-

1898 4942 2024 4985 cere
2054 4928 2451 4995 incantamenta
2472 4970 2488 4995 ,
2534 4929 2663 4985 Jesu
2696 4932 2981 4985 dumtaxat
3020 4933 3240 4987 nomine
3277 4944 3506 4991 conten-

1899 5031 2018 5087 tos,
2051 5028 2107 5076 et
2145 5021 2305 5077 dictis
2334 5023 2456 5075 aliis
2479 5063 2493 5087 ,
2543 5021 2741 5093 quibus
2788 5023 3086 5079 secundum
3114 5040 3321 5079 sacram
3352 5028 3501 5083 Scri-

1899 5125 2111 5183 pturam
2146 5115 2280 5170 ﬁdes
2312 5115 2655 5187 adhibeatur.
2693 5135 2712 5169 t
2747 5115 3016 5197 Α”ντικρυς
3044 5121 3094 5173 θέ
3120 5115 3214 5193 κᾷν
3239 5118 3362 5194 δοκῇ
3390 5123 3503 5177 ἀνέ-

1892 5209 2097 5281 λεσγκτον
2143 5204 2269 5267 εἶναι
2313 5214 2371 5267 τὸ
2412 5214 2643 5284 περὶτοῦ
2690 5210 2880 5276 Ἰησοῦ.
2927 5219 3037 5273 πῶς
3071 5219 3243 5269 ταῦτα
3268 5215 3499 5279 ἐποίησε,

1896 5306 2055 5372 σαφὲς·
2082 5299 2159 5357 ὅτι
2189 5306 2489 5380 χριστιανοὶ
2538 5302 2752 5377 οὐδεμιᾷ
2792 5304 2974 5378 μελέτῃ
3001 5302 3210 5376 ἐπῳδῶν
3240 5307 3501 5381 χρώμενοι

1894 5396 2294 5470 ἐντυγχάνωσι.

1971 5492 2179 5548 Deinde
2218 5509 2349 5549 vero
2399 5502 2548 5548 tanta
2588 5491 2842 5547 Cltrtstus
2890 5492 3149 5549 miracula
3201 5495 3498 5565 patrando,

1896 5589 1968 5643 ait
2006 5588 2279 5643 Arnobius
2300 5631 2313 5653 ,
2347 5588 2481 5643 nihil
2510 5587 2823 5642 hominibus
2852 5588 2955 5641 nisi
2987 5585 3116 5641 felix
3141 5596 3196 5641 et
3226 5587 3460 5646 faustum
3481 5634 3495 5654 ,

1898 5684 2026 5736 utile
2058 5696 2280 5751 prorsus
2327 5692 2381 5735 ct
2428 5683 2663 5735 salutare
2693 5680 2940 5735 contulit.
2974 5678 3177 5735 Contra
3202 5696 3334 5736 vero
3364 5684 3501 5754 Magi

1895 5775 1961 5829 iis
1988 5774 2129 5841 suis,
2182 5791 2299 5842 qua:
2333 5775 2684 5846 putabantur,
2722 5773 2997 5828 miraculis
3048 5774 3180 5829 nihil
3236 5775 3340 5829 nisi
3392 5776 3500 5832 illi-

1892 5872 2056 5925 citum
2079 5910 2093 5935 ,
2130 5869 2342 5935 infelix,
2369 5872 2589 5925 noxium
2610 5912 2625 5933 ,
2653 5869 3015 5938 perniciosum
3039 5912 3054 5936 ,
3082 5870 3501 5945 hominibusque

1889 5973 1944 6023 ct
1972 5962 2169 6019 belluis
2195 5963 2420 6021 exitiale
2443 5963 2835 6035 pratstiterunt.
2868 5962 2926 6019 Si
2958 5963 3089 6035 quid
3118 5972 3303 6021 autem
3354 5967 3500 6024 utili-
