3918 6342
352 360 453 418 411

1551 360 2003 420 DISSERTATIO
2042 363 2321 426 PBJEVIA

3539 377 3644 432 412

352 470 480 526 tatis
519 469 828 532 viderentur
869 471 1101 542 afferre,
1151 474 1250 529 hoc
1291 489 1400 531 non
1436 475 1634 531 accidit
1685 473 1930 545 illorum,

2061 505 2164 546 γους
2184 488 2456 550 τοσούτοις
2482 486 2735 549 κινδύνοις
2755 486 2974 552 ἑαυτοὺς
3002 491 3447 563 παραϐεϐληκέναι
3477 494 3642 566 (ιίσὰ-

354 565 450 622 scd
478 566 738 633 aliorum,
768 566 822 626 id
853 577 966 634 est,
998 567 1304 624 dremonum
1325 613 1339 633 ,
1387 585 1417 624 a
1465 585 1524 625 se
1569 570 1944 626 invocatorum

356 665 661 728 potestate:
694 657 825 725 Quis
857 659 956 712 hoc
989 659 1223 727 nesciat,
1259 679 1280 713 s
1312 661 1538 716 Arnobii
1577 662 1741 718 verba
1789 676 1944 729 sunt,

359 767 378 801 ι
409 757 503 804 aut
530 751 863 812 mortiferam
893 750 1219 820 immittere,
1249 753 1445 822 quibus
1477 755 1716 824 libuerit,
1744 756 1946 823 tabem,

353 855 447 902 aut
495 843 836 903 familiarium
885 844 1224 915 disrumpere
1249 845 1572 913 charitates,
1592 885 1606 901 .
1633 888 1644 900 .
1669 889 1679 901 .
1701 888 1746 902 ..
1776 857 1867 903 aut
1896 850 1948 904 in

353 935 638 990 curriculis
666 950 835 1003 equos
882 936 1196 1004 debilitare,
1249 931 1516 1006 incitare,
1567 941 1813 1008 tardare,
1857 952 1951 996 aut

352 1028 612 1082 uxoribus
635 1035 688 1085 et
720 1026 904 1082 liberis
935 1028 1156 1091 alienis.
1187 1030 1300 1084 sive
1329 1031 1404 1086 illi
1436 1047 1615 1088 mares
1646 1032 1780 1098 sint,
1834 1037 1950 1090 sive

348 1120 566 1182 feminei
592 1122 806 1189 generis
827 1162 842 1186 ,
873 1123 1176 1178 inconcessi
1218 1126 1418 1180 amoris
1451 1125 1698 1183 ﬂammas
1721 1169 1735 1194 ,
1781 1138 1835 1183 et
1869 1129 1949 1183 fu-

348 1215 509 1271 riales
555 1215 850 1271 immittere
897 1217 1223 1286 cupiditates
1274 1237 1286 1272 :
1337 1229 1430 1273 aut
1480 1222 1522 1275 si
1575 1223 1703 1279 utile
1751 1222 1949 1292 aliquid

347 1307 635 1367 videantur
664 1309 867 1364 audere
889 1352 902 1373 ,
937 1325 1043 1364 non
1059 1311 1296 1382 'propria
1328 1315 1376 1366 vi
1409 1328 1568 1382 posse
1591 1356 1605 1379 ,
1639 1316 1732 1370 sed
1762 1331 1948 1370 eorum

347 1415 482 1474 quos
512 1401 767 1457 invocant
817 1411 1084 1471 potestate
1118 1423 1136 1455 ι
1184 1405 1437 1476 (Arnob.,
1472 1405 1561 1459 tib.
1591 1422 1644 1471 ι,
1679 1424 1800 1476 pag.
1828 1406 1948 1478 25).

419 1511 486 1567 Et
536 1510 653 1566 haec
697 1511 915 1582 quidem
964 1515 1161 1568 mirum
1212 1516 1454 1584 proiecto
1500 1517 1551 1570 in
1604 1516 1824 1572 modum
1867 1517 1952 1575 liis

348 1603 525 1660 adhuc
546 1603 936 1660 conﬁrmantur
951 1606 1203 1676 Origenis
1228 1608 1490 1664 adversus
1502 1610 1718 1665 Celsum
1741 1613 1950 1668 verbis:

347 1699 422 1752 Τὰ
465 1700 555 1768 μὲν
609 1706 709 1753 τῶν
764 1700 1149 1772 ἀντιχρίστων,
1201 1705 1286 1756 καὶ
1344 1711 1443 1759 τῶν
1498 1709 1953 1779 προσποιουμένων

347 1786 607 1860 δυνάμεις.
640 1794 709 1853 ὡς
739 1795 973 1863 μαθητῶν
1010 1793 1193 1860 Ἰησοῦ,
1236 1805 1445 1868 σημεῖα,
1477 1799 1563 1851 καί
1590 1800 1781 1873 τέρατα
1824 1800 1956 1874 λέγε·

344 1903 433 1936 ται
461 1876 589 1937 εἶναι
633 1881 797 1953 ψεύδη
821 1924 832 1945 .
879 1885 929 1938 ἐν
955 1885 1099 1958 πάσῃ
1129 1887 1301 1959 ἀπάτῃ
1342 1886 1541 1951 ἀδικίας
1591 1897 1699 1952 τοῖς
1738 1891 1955 1946 ἀπολλυ-

345 1975 515 2044 μένοις
544 1976 828 2047 ἰσχύοντα.
875 1979 939 2032 τὰ
963 1976 1018 2032 δὲ
1046 1985 1139 2034 τοῦ
1181 1986 1408 2055 Χριστοῦ
1438 1985 1524 2034 καὶ
1573 1991 1673 2037 τῶν
1721 1987 1955 2056 μαθητῶν

346 2068 508 2123 αὐτοῦ
529 2071 726 2145 καρπὸν
748 2067 930 2141 ἴσχεν.
955 2073 1048 2126 οὐκ
1068 2074 1291 2137 ἀπάτην,
1316 2074 1440 2129 ἀλλὰ
1463 2080 1720 2148 σωτηρίαν
1740 2078 1813 2149 ψυ
1818 2087 1951 2150 χῶν.

344 2163 425 2223 τίς
454 2163 554 2237 γὰρ
604 2165 691 2218 τὸν
736 2169 1004 2239 κρείττονα
1052 2166 1179 2238 βίον,
1234 2171 1319 2222 καὶ
1366 2169 1708 2227 συστέλλοντος
1751 2175 1819 2228 τὰ
1862 2182 1954 2236 τῆς

346 2257 527 2316 κακίας
576 2255 829 2332 ὁσημέραι
870 2260 956 2313 ἐπί
1004 2261 1063 2314 τὸ
1116 2258 1348 2324 ἔλαττον,
1399 2262 1615 2336 εὐλόγως
1663 2267 1810 2336 φησὶν
1851 2267 1951 2320 ἀπὸ

345 2346 550 2410 ἀπάτης
575 2351 834 2422 gibus-6m;
870 2350 1335 2414 Antichristorum.
1369 2364 1414 2408 et
1453 2357 1522 2408 ad
1566 2357 1951 2411 similitudinem

344 2438 472 2496 Jesu
501 2443 873 2510 discipulorum
915 2445 1158 2499 virtutem
1204 2462 1350 2500 suam
1393 2464 1628 2502 exercere
1660 2451 1952 2504 conantium

345 2532 598 2588 miracula
626 2536 962 2607 prodigiaque
992 2538 1328 2607 appellantur
1357 2540 1654 2606 mendacia,
1695 2543 1832 2594 omni
1860 2541 1949 2596 de-

346 2628 582 2697 ceptione
610 2629 908 2699 injustitite,
942 2631 1011 2684 ad
1066 2632 1350 2701 perdendos
1408 2634 1638 2689 homines
1688 2635 1944 2704 efﬁcacia;

347 2721 724 2780 Miraculorum
751 2734 924 2780 autem
943 2723 1134 2781 Christi
1162 2726 1379 2795 ejusque
1405 2727 1773 2797 discipulorum
1803 2731 1946 2799 fruc-

345 2824 426 2873 tus
453 2824 600 2882 erat,
649 2835 750 2873 non
807 2819 1070 2885 deceptio,
1124 2820 1215 2874 sed
1265 2821 1404 2876 salus
1452 2823 1760 2878 animarum.
1821 2823 1948 2890 Quis

346 2911 481 2964 enim
507 2910 841 2981 probabiliter
895 2913 1082 2968 diceret
1131 2916 1537 2971 emendationem
1581 2919 1728 2984 vita,
1779 2920 1947 2985 quoti-

347 3003 627 3075 dianosque
667 3022 698 3059 a
735 3007 872 3061 vitiis
910 3008 979 3061 ad
1024 3009 1262 3062 virtutem
1302 3014 1594 3082 profectus,
1645 3011 1836 3065 nascie
1860 3011 1950 3066 de-

345 3098 703 3168 ceptionibus?
733 3100 922 3172 (Orig.
943 3142 958 3168 ,
1009 3101 1098 3155 lib.
1140 3117 1201 3165 tt,
1245 3119 1366 3172 pag.
1395 3103 1507 3173 90).
1540 3101 1776 3173 Longius
1807 3104 1948 3159 foret

345 3198 516 3247 totum
543 3191 686 3249 httnc
713 3191 962 3263 Origeuis
1009 3193 1186 3248 locum
1232 3193 1544 3249 describere
1573 3211 1587 3249 :
1623 3195 1718 3249 sed
1747 3211 1868 3250 eum
1899 3196 1947 3250 si

346 3284 614 3355 integrum
656 3287 839 3356 legere
871 3285 1141 3353 volueris,
1195 3285 1444 3342 lectionis
1498 3299 1549 3343 te
1592 3287 1947 3358 proculdubio

348 3389 454 3432 non
479 3375 705 3447 pigebit.

420 3489 608 3545 Tertio
657 3490 907 3545 Christus
963 3500 1041 3546 tot
1097 3490 1394 3555 miracula,
1450 3493 1626 3563 pergit
1677 3493 1947 3549 Arnobius

346 3583 596 3660 (Arnob.,
641 3586 727 3639 lib.
759 3601 797 3652 ι,
828 3602 949 3657 pag.
980 3583 1100 3658 27),
1135 3601 1242 3640 non
1292 3602 1428 3642 vana
1474 3586 1658 3658 utique
1709 3599 1948 3643 ostenta-

349 3678 497 3732 tione
522 3678 730 3744 edidit,
760 3677 855 3734 sed
878 3686 934 3731 ιιι
953 3693 1177 3748 Operum
1204 3678 1534 3749 benignitate
1560 3679 1752 3746 duros,
1788 3690 1947 3751 atque

348 3768 657 3824 incredulos
692 3768 941 3825 homines
990 3768 1057 3823 ad
1102 3785 1283 3825 veram
1339 3771 1428 3824 Dei
1481 3771 1841 3842 cognitionem
1895 3780 1950 3827 et

347 3860 549 3916 cultum
579 3861 911 3917 adduceret:
944 3861 1085 3932 magi
1116 3877 1278 3929 vero,
1322 3873 1380 3917 ut
1409 3864 1478 3917 ab
1514 3865 1614 3918 bac
1639 3867 1948 3935 cognitione

345 3965 400 4012 et
429 3956 578 4011 cultu
604 3971 828 4011 aversos
849 3997 864 4021 ,
897 3956 965 4010 ad
992 3955 1254 4012 nefariam
1288 3955 1545 4012 falsorum
1592 3958 1815 4014 deorum
1857 3974 1950 4013 ve-

347 4048 687 4103 nerationem
718 4046 1040 4102 inducerent
1060 4088 1074 4110 ,
1110 4058 1203 4102 aut
1233 4047 1484 4102 inductos
1515 4059 1772 4120 cogerent
1801 4051 1853 4105 in
1885 4067 1947 4106 ea

347 4154 564 4210 semper
589 4154 963 4210 perseverare.
1003 4139 1243 4209 Denique
1274 4149 1478 4194 tantum
1506 4140 1656 4197 abest
1675 4182 1691 4205 ,
1718 4153 1774 4197 ut
1795 4140 1949 4198 Chri-

348 4243 461 4290 stus
510 4233 714 4293 aliquid
766 4233 872 4288 ulla
919 4241 1034 4287 arte
1083 4232 1292 4303 magica
1343 4232 1532 4288 iecerit
1561 4232 1788 4303 (Ibid);
1820 4236 1947 4304 quin

349 4327 532 4397 potius
553 4325 699 4380 illam
724 4339 941 4381 omnem
965 4326 1044 4381 sic
1067 4325 1511 4381 condemuaverit
1533 4333 1634 4390 ,tut
1661 4326 1946 4392 Arnobius,

354 4417 514 4474 sicuti
537 4417 646 4486 jam
677 4418 949 4484 vidimus,
1000 4419 1141 4474 inter
1169 4418 1428 4472 miracula
1476 4417 1593 4488 ejus
1614 4424 1948 4489 (computet,

349 4511 625 4581 antiquata
675 4511 744 4566 ab
786 4510 880 4566 illo
905 4520 1094 4566 cuncta
1126 4510 1434 4566 dzemonum
1456 4551 1471 4576 ,
1507 4521 1710 4576 vatum,
1759 4512 1950 4566 harus-

353 4605 556 4678 picum,
587 4614 642 4659 et
671 4618 950 4675 magorum
984 4603 1232 4659 artiﬁcia.

417 4717 603 4790 Neque
629 4719 863 4774 absimili
916 4719 1077 4790 plane
1121 4717 1282 4775 modo
1330 4719 1582 4790 Origines
1623 4718 1783 4775 Celso
1835 4735 1951 4776 res-
1978 4743 2033 4806 Β

347 4809 592 4882 poudet:
635 4809 760 4884 Ἐγὼ
807 4809 860 4867 δὲ
908 4813 999 4866 οὐκ
1046 4805 1137 4866 οἵδ’
1166 4807 1303 4873 ὅπως
1347 4807 1407 4866 ἂν
1451 4814 1616 4887 μάγος
1665 4817 1953 4888 ἠγωνίσατο

350 4903 545 4971 διδάξαι
598 4905 743 4977 λόγον
797 4907 1032 4960 πείθοντα
1088 4903 1332 4975 (πάντα)
1386 4907 1653 4979 πράττειν,
1707 4910 1780 4970 ’ὡς
1825 4913 1954 4963 Θεοῦ

348 5001 604 5071 κρίνοντος
631 4999 849 5070 ἕκαστον
878 5000 963 5053 ἐπὶ
992 5004 1123 5054 πᾶσι
1153 5005 1261 5059 τοῖς
1280 5003 1677 5076 πεπραγμένοις.
1705 5007 1792 5058 καὶ
1819 5003 1955 5059 οὕτω

349 5089 630 5146 διατιθέντα
671 5094 792 5152 τοὺς
822 5091 1009 5147 ἑαυτοῦ
1047 5093 1299 5163 μαθητὰς,
1330 5087 1401 5153 οἷς
1430 5092 1605 5164 ἤμελλε
1654 5100 1958 5170 χρήσασθαι

351 5183 600 5245 διακόνοις
636 5192 728 5247 τῆς
773 5185 961 5240 εαυτοῦ
1000 5182 1357 5245 διδασκαλίας.
1388 5185 1496 5256 Ego
1524 5203 1639 5241 vero
1666 5205 1768 5241 non
1799 5187 1952 5243 intel-

351 5275 454 5348 ligo
487 5275 744 5345 quomodo
787 5293 966 5346 magus
1001 5277 1242 5346 potuisset
1293 5277 1418 5329 dare
1459 5295 1693 5349 cperam,
1743 5290 1796 5332 ut
1838 5299 1952 5350 per-

351 5371 588 5426 suaderet
637 5387 1040 5440 unumquemque
1086 5371 1161 5423 ita
1204 5387 1324 5424 suas
1374 5372 1597 5426 actiones
1660 5373 1947 5440 moderari,

352 5481 413 5517 ac
441 5465 485 5520 si
513 5462 809 5518 redditurus
837 5474 961 5517 esset
1005 5465 1255 5517 rationem
1284 5462 1394 5517 Deo
1437 5463 1628 5530 iudici:
1683 5475 1832 5537 atque
1878 5468 1949 5520 ita

354 5557 638 5628 discipulos
668 5573 790 5610 suos
814 5554 1112 5622 instituere,
1145 5557 1328 5626 quibus
1359 5565 1470 5610 erat
1497 5573 1680 5611 usurus
1709 5561 1955 5615 ministris

354 5665 460 5705 sua:
498 5649 746 5703 doctrinis
792 5647 810 5720 (
839 5647 986 5719 Orig.
1013 5690 1028 5716 ,
1059 5647 1143 5701 lib.
1196 5664 1233 5714 ι,
1279 5657 1443 5705 contr.
1473 5645 1607 5703 Cels.
1631 5691 1646 5714 ,
1685 5667 1804 5719 pag.
1837 5653 1951 5724 50).

353 5741 488 5798 Tum
543 5751 822 5811 postquam
867 5756 996 5797 vera
1063 5740 1318 5796 miracula
1388 5741 1456 5796 ab
1513 5741 1629 5810 ejus
1682 5742 1956 5816 discipulis

358 5834 594 5889 factitata
620 5833 784 5890 fuisse
835 5835 1119 5904 probavit,
1183 5833 1299 5890 haec
1349 5835 1608 5890 continuo
1652 5835 1884 5906 subjecit
1927 5855 1940 5892 :

363 5928 418 5980 El
443 5926 496 5982 δὲ
527 5926 766 5998 δυνάμιις
797 5929 1026 5998 ἐτέλουν,
1074 5930 1189 5984 τίνα
1232 5925 1347 5999 ἔχει
1387 5929 1703 5987 πιθανότητα
1746 5931 1805 5986 τὸ
1856 5933 1952 6004 μά-

2048 578 2254 649 Ἱοντας)
2284 577 2612 636 διδασκαλίαν
2658 582 2872 652 μαγείας
2916 583 3363 656 ἀπαγορεύουσαν,
3404 585 3556 653 Quod
3604 591 3646 642 si

2052 671 2322 739 patrabant
2357 673 2455 742 ipsi
2485 690 2683 744 quoque
2707 674 2972 745 prodigia,
3001 676 3254 740 quomodo
3283 677 3542 746 probabile
3572 693 3645 734 est

2051 779 2225 834 magos
2269 781 2320 818 se
2345 767 2640 834 exposuisse
2676 775 2748 820 tot
2792 767 3062 835 periculis,
3099 768 3186 839 qui
3239 768 3524 824 doctrinam
3565 772 3649 825 in-

2053 857 2305 910 duxerunt
2333 900 2346 916 .
2399 861 2648 930 magicam
2698 869 2858 914 artem
2893 863 3095 930 penitus
3126 862 3477 918 detestantem.
3521 865 3647 920 Post

2053 948 2187 1014 haec,
2213 949 2403 1005 eodem
2430 968 2617 1006 rursus
2635 955 2798 1008 modo
2820 953 3061 1021 Celsum,
3078 958 3264 1010 eadem
3289 969 3644 1026 repetentem,

2052 1041 2284 1109 refellit,
2316 1053 2591 1115 totamque
2643 1061 2792 1101 suam
2847 1047 3266 1116 disputationem
3320 1051 3465 1107 hunc
3519 1069 3647 1107 con-

2052 1135 2222 1190 cludit
2263 1138 2313 1190 in
2340 1139 2556 1192 modum
2589 1157 2602 1192 :
2639 1138 2767 1207 Quis
2817 1156 2957 1194 sanas
3003 1145 3184 1198 mentis
3228 1147 3459 1215 conferat
3502 1162 3645 1213 eum,

2053 1226 2327 1284 Christum
2349 1272 2363 1293 ,
2396 1247 2510 1284 cum
2541 1233 2975 1303 prastigiatorum
3017 1237 3280 1302 propasito
3301 1277 3316 1299 ,
3345 1253 3405 1290 ac
3430 1254 3535 1291 non
3561 1254 3653 1306 po-

2054 1321 2152 1374 tius
2179 1321 2349 1375 credat
2367 1323 2522 1394 juxta
2549 1329 2756 1378 oracula
2773 1324 2940 1380 Deum
2971 1343 3078 1380 esse
3107 1340 3433 1399 conspectum
3480 1331 3530 1383 in
3561 1332 3652 1384 Itu-

2054 1433 2207 1470 mano
2236 1435 2477 1485 corpore,
2510 1430 2564 1472 ut
2592 1420 2644 1473 in
2688 1432 2916 1474 nostrum
2959 1438 3118 1488 genus
3162 1436 3413 1478 exerceret
3459 1425 3650 1493 beneﬁ-

2055 1512 2291 1563 centiam.
2317 1519 2425 1572 Πῶς
2452 1513 2668 1586 εὐλόγως
2706 1511 2766 1569 ἄν
2787 1536 2864 1576 τις
2900 1517 3054 1570 αὐτὸν
3082 1525 3144 1590 τῇ
3197 1520 3498 1592 προαιρέσει
3556 1528 3654 1575 τῶν

2053 1611 2247 1676 νοητῶν
2260 1604 2572 1675 παραϐάλοι.
2591 1609 2676 1660 καὶ
2691 1611 2780 1678 μή,
2800 1608 2913 1663 κατ’
2929 1609 3252 1681 ἐπαγγελίαν.
3285 1612 3369 1664 τὸν
3389 1614 3513 1665 Θεὸν
3529 1607 3658 1668 εἶναι

2056 1698 2321 1759 πιστεύοι,
2353 1698 2402 1750 ἓν
2434 1700 2728 1774 ἀνθρωπίνῳ
2753 1703 2968 1772 φανέντα
2993 1704 3217 1772 σώματι.
3260 1703 3341 1758 ἔπ’
3386 1705 3658 1782 εὐεργεσία

2056 1793 2148 1841 τοῦ
2177 1789 2353 1860 γένους
2380 1791 2517 1860 ἡμῖν.
2548 1789 2739 1857 (Mitt,
2771 1808 2889 1862 pag.
2922 1790 3040 1862 5-4.)

2129 1877 2288 1932 Plura
2332 1896 2459 1935 sane
2489 1884 2700 1953 egregia
2722 1924 2737 1948 ,
2784 1893 2838 1936 et
2866 1882 3006 1938 lectu
3038 1884 3195 1956 digna
3230 1886 3330 1941 hoc
3379 1889 3555 1958 ipsum
3605 1890 3656 1945 in

2059 1990 2437 2048 argumentum
2490 1981 2728 2050 disputat
2783 1982 3219 2041 Eusebiuszsed
3271 1990 3390 2058 quia
3448 1988 3658 2060 longius

2059 2080 2203 2124 esset
2237 2086 2298 2124 ea
2329 2070 2415 2124 hic
2445 2072 2784 2141 describere,
2820 2076 2886 2129 ad
2914 2077 3030 2145 ejus
3059 2087 3110 2132 te
3141 2080 3406 2134 mittimus
3433 2080 3653 2148 librum,

2058 2177 2217 2230 quem
2247 2163 2462 2232 quidem
2493 2166 2537 2218 si
2570 2165 2718 2221 adire
2751 2179 2805 2220 et
2837 2170 3180 2237 pervolutare
3215 2181 3264 2224 te
3293 2187 3400 2228 non
3435 2174 3652 2242 twdeat,

2058 2254 2258 2324 legisse
2285 2256 2504 2311 minime
2537 2259 2817 2325 pmuitebit
2848 2258 3098 2332 (Euseb.,
3135 2263 3224 2317 lib.
3262 2281 3348 2329 tu,
3390 2264 3651 2324 Demonst.

2058 2347 2258 2419 Evang.
2283 2391 2299 2416 ,
2330 2367 2444 2421 cap.
2475 2353 2509 2407 5
2540 2363 2585 2408 et
2613 2353 2675 2419 6;
2721 2371 2839 2425 pag.
2873 2356 2996 2422 105,
3041 2365 3086 2411 et
3113 2374 3224 2429 :seq.
3245 2400 3259 2426 ,
3294 2371 3340 2413 et
3372 2377 3493 2431 pag.
3531 2361 3651 2428 109,

2057 2451 2102 2495 et
2127 2457 2264 2512 seqq.
2289 2444 2331 2511 ).

2585 2621 2981 2665 Αιιτιοῠιυε
3018 2625 3123 2664 Ill.

2053 2760 2208 2822 Quam
2232 2762 2442 2828 absurde
2464 2763 2670 2828 Ethnici,
2698 2766 2975 2828 objirerent
3000 2768 3175 2817 eadem
3201 2777 3283 2819 aut
3299 2769 3479 2824 similia
3498 2785 3527 2821 a
3561 2773 3658 2823 diis

2264 2827 2397 2886 suis,
2426 2834 2572 2891 atque
2598 2842 2625 2877 a
2649 2827 2836 2879 Christo
2861 2830 2983 2880 facta
3009 2831 3160 2881 fuisse
3184 2833 3434 2882 miracula.

2125 2997 2522 3056 Pertinaciores
2536 3000 2735 3057 ethnici
2758 3001 2824 3056 ad
2851 3013 3101 3059 extrema
3141 3006 3382 3073 redacti,
3424 3022 3526 3063 nec
3556 3023 3652 3065 ce-

2053 3092 2181 3148 dere
2211 3110 2461 3165 umquam
2490 3105 2733 3153 voteutes
2757 3140 2772 3163 ,
2808 3099 3079 3154 instabant
3109 3101 3299 3156 eadem
3323 3118 3351 3156 a
3378 3103 3483 3158 diis
3506 3107 3619 3161 suis
3639 3147 3655 3171 ,

2051 3199 2170 3253 qua:
2214 3201 2244 3238 a
2284 3186 2503 3242 Christo
2551 3187 2696 3243 edita
2747 3191 3029 3246 miracula.
3066 3191 3239 3248 Umuu
3289 3196 3433 3250 enim
3481 3213 3548 3252 ex
3578 3199 3658 3254 eis

2050 3276 2413 3348 diSputantem
2429 3280 2702 3336 Arnobius
2732 3282 2811 3337 sic
2842 3283 3052 3339 inducit
3084 3302 3095 3337 :
3138 3304 3155 3337 t
3187 3286 3409 3341 Frustra
3443 3299 3656 3346 tantum

2048 3369 2277 3441 adrogas
2306 3371 2538 3438 Christo,
2574 3389 2695 3428 cum
2726 3391 2872 3446 saepe
2901 3377 3035 3432 alios
3069 3379 3302 3433 sciamus
3327 3380 3461 3436 deos
3491 3393 3547 3438 et
3579 3384 3658 3439 la-

2048 3464 2362 3521 borantibus
2389 3467 2630 3538 plurimis
2659 3461 2872 3526 dedisse
2900 3472 3222 3536 medicinas,
3255 3484 3310 3530 et
3353 3478 3650 3533 multorum

2051 3561 2302 3626 morb0s,
2346 3562 2786 3634 valetudiucsque
2832 3581 3074 3620 curasse.
3116 3585 3135 3619 ι
3171 3567 3434 3637 (Δρ-ποὺ..
3484 3571 3573 3626 tib.
3610 3589 3649 3638 ι,

2050 3668 2172 3722 pag.
2196 3651 2310 3724 28).
2345 3652 2552 3710 Nullius
2597 3655 2774 3726 itaque
2798 3699 2811 3721 ,
2861 3657 3203 3728 inquiebat»,
3237 3660 3364 3714 illud
3397 3661 3656 3719 christia—

2051 3762 2241 3802 norum
2267 3762 2640 3818 argumentum
2667 3765 2749 3806 est
2790 3754 3072 3823 ponderis,
3104 3765 3196 3810 aut
3223 3759 3268 3812 si
3300 3759 3428 3828 quid
3459 3760 3656 3816 virium

2054 3839 2281 3905 habent,
2331 3856 2395 3895 eo
2427 3857 2644 3914 quoque
2683 3860 2866 3900 veram
2913 3861 3034 3902 esse
3062 3861 3302 3905 nostram
3332 3850 3658 3922 religionem

2051 3932 2392 3988 conﬁcietur.
2428 3935 2507 3988 Dii
2538 3937 2684 3990 enim
2715 3940 2884 3996 nostri
2917 3954 3023 3996 non
3056 3940 3262 3995 minora
3295 3957 3455 4010 quam
3493 3941 3657 4000 Chri-

2052 4035 2169 4082 stus
2201 4028 2455 4083 miracula
2489 4030 2793 4085 ediderunt.

2129 4119 2234 4180 Sed
2249 4120 2366 4175 haec
2392 4121 2746 4178 Etbnicurum
2768 4124 3118 4194 reprehensio
3130 4128 3198 4183 ab
3216 4125 3456 4186 Arnobio
3469 4142 3660 4188 nostro

2053 4210 2310 4269 facillime
2354 4217 2616 4271 evertitur
2646 4215 2860 4290 (Infr.,
2890 4237 3008 4297 cap.
3037 4220 3124 4286 18;
3153 4230 3256 4275 art.
3284 4237 3322 4290 ι,
3368 4233 3417 4277 et
3460 4227 3653 4297 seqq.).

2054 4305 2188 4361 Esto
2219 4308 2383 4369 enim.
2418 4308 2591 4379 inquit
2619 4309 2744 4372 ille,
2771 4312 2914 4380 quod
2945 4293 3132 4381 postea
3158 4326 3338 4370 utrum
3362 4293 3551 4372 verum
3589 4293 3661 4375 sit

2054 4399 2472 4466 exantinabitur.
2498 4401 2744 4471 quaedam
2778 4401 2851 4456 dii
2879 4404 3138 4458 miracula
3171 4405 3396 4461 fecerint
3424 4424 3440 4461 :
3471 4424 3659 4468 nonne

2054 4502 2204 4552 certo
2224 4491 2424 4548 certius
2441 4503 2525 4549 θμι
2544 4495 2750 4552 nullmn
2783 4498 2850 4550 ab
2880 4497 2989 4554 ullo
3015 4498 3295 4569 gentilium
3316 4501 3439 4569 deo,
3463 4519 3656 4574 quem-

2056 4585 2345 4645 admodum
2370 4605 2399 4643 a
2421 4587 2636 4646 Christo
2665 4590 2906 4656 domino,
2939 4591 3057 4647 sine
3107 4596 3214 4648 uiio
3267 4594 3654 4668 medicamine,

2058 4688 2148 4734 aut
2170 4680 2275 4737 ulla
2295 4722 2311 4748 ,
2343 4683 2420 4738 uti
2447 4698 2610 4752 supra
2637 4683 2894 4748 diximus,
2918 4695 3145 4740 externa
3168 4685 3272 4741 alia
3299 4702 3360 4744 re
3383 4687 3655 4760 adhibita,

2057 4773 2155 4829 sed
2179 4774 2294 4829 solo
2318 4774 2456 4830 illius
2486 4778 2740 4845 nomine,
2790 4789 2882 4834 aut
2926 4780 3203 4836 levissimo
3256 4791 3402 4840 tactu
3451 4785 3661 4844 editum

2059 4869 2224 4924 fuisse
2255 4870 2570 4928 miraculum
2595 4871 2620 4926 ?

2133 4976 2399 5030 Praeterea
2453 4976 2664 5030 etiamsi
2713 4975 2986 5033 hominem
3045 4977 3658 5052 aliqttem‘quibusdam

2061 5071 2318 5128 remediis
2347 5079 2438 5125 aut
2462 5071 2702 5127 externis
2728 5073 2890 5127 rebus
2928 5072 2997 5126 ab
3025 5072 3204 5144 aliquo
3230 5075 3509 5145 gentilium
3551 5078 3665 5135 deo

2064 5175 2308 5222 sanatum
2336 5181 2457 5222 esse
2482 5166 2796 5237 probaveris
2816 5210 2829 5231 ,
2866 5174 3036 5237 quot,
3071 5168 3211 5222 Deus
3239 5170 3409 5224 bone!
3440 5173 3662 5230 ostendi

2058 5275 2288 5337 possunt
2332 5265 2498 5320 millia
2549 5264 2857 5325 hominum.
2908 5265 2996 5334 qui
3047 5273 3326 5334 postquam
3355 5264 3409 5320 in
3438 5269 3664 5339 templis

2055 5359 2423 5429 Esculapium
2456 5359 2700 5429 aliosque
2727 5359 2858 5414 deos
2890 5350 3089 5428 smpius
3117 5360 3364 5430 repetitis
3389 5402 3404 5426 ,
3432 5377 3494 5416 ac
3524 5377 3663 5419 con-

2055 5456 2217 5511 tinuis
2245 5457 2489 5525 precibus
2516 5455 2864 5518 invocarunt;
2895 5453 3096 5508 nullum
3126 5464 3301 5509 tamen
3335 5455 3523 5510 morbo
3547 5473 3659 5514 suo

2056 5550 2313 5605 invenere
2356 5548 2687 5613 remedium,
2734 5547 2828 5602 sed
2873 5556 2964 5600 aut
3016 5545 3163 5615 pejus
3207 5563 3266 5604 se
3314 5548 3657 5618 habuerunt,

2055 5655 2147 5700 aut
2174 5644 2372 5698 mortui
2405 5652 2566 5706 sunt,
2613 5657 2712 5698 nec
2743 5655 2994 5710 umquam
3026 5640 3170 5694 ullus
3197 5654 3266 5695 ex
3324 5640 3439 5695 istis
3491 5643 3663 5701 ullius

2057 5741 2144 5797 dei
2173 5755 2334 5810 opera
2381 5754 2408 5792 a
2462 5745 2635 5792 morte
2664 5736 2729 5790 ad
2754 5738 2914 5790 vitam
2947 5745 3232 5791 revocatus
3259 5745 3342 5790 est
3369 5735 3608 5808 (Arnob.
3638 5781 3656 5806 ,

2059 5836 2146 5891 lib.
2172 5850 2207 5898 ι,
2244 5851 2361 5905 pag.
2394 5830 2549 5905 29.)?

2134 5927 2304 5982 Simili
2330 5927 2492 5982 etiam
2520 5927 2680 5982 modo
2704 5923 2936 5996 Cyrillus
2963 5924 3360 5982 Alexandrinus
3382 5967 3395 5992 ,
3439 5924 3662 5985 Juliano
