3918 6360
177 410 265 467 MS
1448 394 1514 452 ΙΝ
1553 386 1930 453 ARNOBIUM,
1970 385 2124 443 CAP.
2167 384 2257 441 lli.

3394 372 3501 429 4η

183 521 491 591 imperatori
538 518 867 591 respondet.
901 512 1197 585 Objiciebat
1225 510 1367 567 enim
1397 507 1783 568 celeberrimus
1811 505 1862 568 Α
1887 517 2079 558 verum
2116 503 2307 565 Deum,
2336 512 2391 554 et
2442 496 2725 570 religionis
2781 508 2896 550 suae
2927 494 3214 550 veritatem
3256 480 3502 547 invictis-

186 614 264 670 ille
278 612 549 684 Apostata
573 612 715 667 nihil
738 608 1011 667 Christum
1033 614 1330 660 memoratu
1352 603 1568 673 dignum
1592 602 1787 672 egisse;

192 706 283 761 nisi
306 706 362 760 in
394 704 715 762 Bethsaidze
742 704 897 775 pagis
922 714 1096 756 cmcos
1116 740 1131 763 ,
1164 688 1489 766 claudosque
1512 708 1749 759 curasse
1771 734 1785 757 ,

189 807 239 855 et
258 798 545 869 adjurasse
590 794 866 851 daemonio
893 801 1206 860 correptos.
1246 802 1341 857 pro
1386 802 1578 857 magno
1605 786 1789 853 aliquo

191 893 422 949 facinore
462 892 751 947 habeatur.
780 887 1020 957 Cyrillus
1050 899 1179 939 vero
1208 882 1345 937 hanc
1385 880 1640 935 insulsam
1693 893 1787 932 ca-

192 986 521 1041 villationem
566 983 646 1037 sic
692 980 914 1035 refellit.
945 977 1118 1047 Negat
1148 974 1323 1044 primo
1351 981 1457 1052 ta_m
1487 984 1653 1039 pauca
1686 969 1787 1021 Ini-

193 1080 361 1137 racuia
396 1078 543 1132 facta
573 1074 740 1130 fuisse
770 1090 799 1127 a
826 1072 1048 1127 Christo
1070 1112 1083 1133 ,
1118 1078 1281 1137 atque
1314 1065 1484 1119 multo
1514 1066 1663 1132 plura
1690 1102 1704 1125 ,
1736 1070 1790 1115 et

193 1174 549 1231 admiratione
570 1170 730 1239 longe
758 1167 1005 1237 digniora
1034 1162 1176 1217 edita
1205 1159 1564 1215 demonstrat.
1596 1156 1789 1209 Poeta-

193 1282 305 1324 rum
357 1264 561 1321 deinde
614 1261 875 1332 principis
932 1254 1243 1313 testimonio
1291 1253 1449 1322 plane
1520 1247 1792 1303 convincit

195 1360 392 1417 nullum
435 1372 690 1428 umquam
722 1364 993 1410 mortuum
1024 1349 1297 1405 hominem
1320 1389 1333 1413 ,
1366 1360 1543 1413 neque
1571 1333 1785 1406 a'Jove,

195 1468 362 1523 neque
392 1452 463 1505 ab
484 1452 597 1504 nilo
628 1449 735 1503 alio
762 1446 1120 1502 Ethnicorum
1162 1442 1267 1495 deo
1294 1438 1361 1493 ad
1416 1438 1576 1490 vitam
1626 1436 1791 1489 fuisse

197 1546 486 1601 excitatum
518 1561 532 1597 :
564 1540 768 1613 (ϐψ-Νι.
826 1536 1106 1599 Alexand.,
1140 1534 1229 1588 lib.
1288 1548 1363 1594 Vl,
1417 1540 1583 1583 contr.
1630 1527 1788 1591 Juli.,

196 1656 307 1709 pag.
343 1637 469 1698 193,
493 1646 541 1690 et
566 1632 731 1706 seqq.)
754 1637 925 1690 Καίτοι
947 1634 1034 1688 τὸν
1058 1632 1169 1691 σὸν,
1260 1623 1433 1689 οὗτος,
1458 1624 1656 1679 ὕπατον
1678 1628 1789 1687 Δία,

194 1734 275 1787 atati
300 1733 395 1787 σὺν
417 1731 563 1803 αὐτῷ
584 1727 639 1784 δὲ
664 1731 785 1789 τοὺς
816 1723 1017 1787 ἄλλους,
1046 1721 1136 1784 οὓς
1152 1719 1212 1779 δή
1240 1723 1327 1774 καί
1353 1720 1494 1777 θεοὺς
1521 1713 1647 1772 εἶναι
1677 1725 1790 1786 φῆς,

197 1824 575 1885 ἆδυνατουντας
597 1824 881 1895 εὑρήσομεν
912 1827 1011 1874 τῶν
1049 1822 1141 1871 τοῦ
1189 1815 1405 1868 Θανάτου
1435 1812 1648 1886 βρόχων
1672 1811 1793 1867 τοὺς

1894 596 2031 650 sime
2057 592 2451 663 comprobavit.

1968 687 2035 741 Et
2068 694 2215 740 certe
2257 699 2433 757 neque
2478 682 2693 755 Jupiter
2742 680 2837 735 ulli
2896 693 3153 748 umquam
3185 676 3500 733 mortalium

1893 794 1989 834 seu
2036 777 2300 843 Curioni,
2357 790 2451 830 seu
2509 772 2749 844 pontifici
2806 772 3067 832 maximo.
3123 785 3217 825 seu
3267 768 3502 824 Flamini

1895 869 2070 934 Diali;
2105 883 2279 938 neque
2311 868 2447 923 ullus
2471 880 2682 936 magus,
2716 864 2831 919 sive
2858 863 3173 927 Armenius,
3206 860 3320 916 sive
3344 861 3505 916 Pam-

1898 963 2104 1034 philus,
2142 963 2256 1015 sive
2297 959 2617 1014 Zoroastres
2660 967 2827 1022 tanta,
2864 968 2921 1010 ut
2947 954 3195 1027 Christus
3221 952 3504 1023 discipulis

1900 1056 2013 1110 suis
2062 1054 2319 1108 miracula
2368 1048 2641 1120 patrandi,
2678 1048 2843 1102 immo
2889 1061 2991 1101 nec
3034 1046 3316 1099 minimum
3360 1059 3503 1098 mor-

1894 1146 2017 1200 bum
2070 1143 2431 1213 depellendi,
2496 1140 2808 1197 facultatem
2863 1154 3118 1211 umquam
3168 1137 3392 1209 largitus
3421 1142 3508 1192 est

1894 1236 2111 1309 (ιω).

2507 1362 2813 1405 Λιιτιευιυε
2852 1363 2926 1402 ιν.

1897 1486 2149 1545 Quomodo
2171 1498 2234 1533 ex
2272 1492 2373 1535 tota
2406 1484 2497 1533 hac
2520 1484 2855 1545 disputatione
2881 1486 3169 1532 evertantur
3186 1482 3383 1533 insulsae
3416 1484 3510 1532 So-

1960 1551 2227 1605 cianorum,
2255 1556 2306 1610 et
2326 1548 2583 1599 atbeorum
2604 1544 2845 1595 adversus
2865 1544 3067 1605 Christi,
3088 1552 3141 1599 et
3156 1546 3509 1610 discipulorum

1961 1610 2067 1671 ejus
2091 1608 2321 1659 miracula
2348 1609 2831 1673 argumentationes.

1985 1716 2189 1783 Quibus
2214 1717 2548 1788 argumentis
2577 1716 2849 1784 adsertam
2895 1715 2963 1769 ab
2994 1712 3237 1769 Arnobio
3282 1714 3513 1769 vidimus

1908 1810 2293 1863 miraculorum
2337 1826 2365 1860 a
2410 1808 2628 1863 Christo
2657 1808 2881 1878 ejusque
2910 1806 3192 1875 discipulis
3239 1805 3509 1860 editorum

197 1919 406 1979 ἁλόντας
429 1917 689 1994 ἁρπάσαι,
712 1916 801 1969 καί
824 1914 959 1984 πρὸς
985 1932 1037 1985 γε
1066 1916 1222 1965 τοῦτο
1244 1909 1379 1982 ἡμᾶς
1408 1904 1623 1981 ἐμπεδοῖ
1640 1905 1796 1977 λέγων

1915 1903 2207 1968 veritatem,
2240 1902 2431 1960 iisdem
2456 1911 2606 1956 certe
2637 1902 3005 1955 recentiorum
3033 1899 3392 1970 quorumdam
3426 1914 3513 1951 so-

198 2010 224 2067 ὅ
244 2017 463 2070 ποιητῶν
492 2008 720 2084 ἀριστῶν

349 2130 440 2180 λη’
462 2136 547 2189 ἤτοι
572 2140 727 2179 θάνατον
750 2134 814 2185 μιν
837 2135 991 2185 ὁμοίιον,
1014 2128 1101 2171 ὡδὶ
1122 2132 1263 2181 θωὶπιθ
1280 2160 1292 2177 ,

349 2203 422 2242 Καὶ
445 2187 536 2252 φίλῳ
558 2197 664 2251 ἀνδρὶ
688 2196 865 2237 δύνανται
887 2197 1103 2245 adluis",
1125 2194 1263 2232 ὁππότι
1288 2206 1343 2230 ιιιν
1370 2187 1415 2240 δή

348 2266 455 2315 κᾷθ’
478 2264 571 2312 ὀλοὴ
592 2262 767 2313 addam
788 2261 997 2309 ταν-»λίνος
1023 2259 1205 2295 θανάτοιο.

210 2361 519 2429 Quamquam
565 2366 711 2409 tuum
758 2354 907 2408 illum
960 2366 1251 2421 supremum
1303 2346 1522 2413 Jovem,
1569 2345 1799 2417 aliosque

207 2470 311 2506 cum
339 2454 449 2521 ipso
467 2491 484 2517 ,
513 2465 643 2521 quos
671 2459 727 2502 tu
768 2446 889 2500 deos
909 2462 1014 2499 esse
1040 2440 1304 2497 contendis
1323 2480 1339 2507 ,
1382 2439 1693 2508 inﬁrmiores
1713 2438 1795 2490 in-

207 2546 484 2609 veniemus,
528 2558 682 2613 quam
715 2551 769 2594 ut
818 2540 995 2593 mortis
1042 2536 1236 2607 laqueis
1283 2534 1559 2604 implicitos
1604 2534 1800 2600 eripere

208 2647 413 2709 queant,
444 2653 551 2709 qua
591 2637 646 2690 in
692 2651 748 2688 re
796 2650 890 2687 nos
930 2630 1200 2699 conﬁrmat
1249 2638 1515 2699 poetarum
1562 2627 1799 2696 princeps

208 2732 279 2787 his
307 2731 461 2785 verbis
486 2747 505 2785 :

294 2842 478 2893 Verum
502 2844 761 2893 enimvero
785 2845 994 2890 mortem
1017 2837 1245 2888 omnibus
1268 2845 1801 2958 communen'iépeqqe

1615 2911 1647 2945 ll
1674 2910 1745 2958 Ips
1785 2933 1797 2952 ,

1615 2911 1647 2945 ιι
1674 2910 1765 2959 Ipsi
1785 2933 1797 2952 .

293 2968 449 3022 Etiam
491 2968 554 3018 ab
591 2972 752 3018 amato
777 2966 882 3016 viro
919 2969 1123 3029 possunt
1156 2974 1367 3020 arcere,
1393 2959 1802 3083 quandoﬁtamglunq

1654 3037 1681 3070 n
1722 3036 1749 3071 e

1654 3036 1749 3071 nae

297 3094 468 3145 Fatum
492 3093 829 3157 perniciosum
851 3089 1149 3152 corripuerit
1172 3098 1362 3148 asperas
1386 3086 1579 3135 mortis.

214 3199 314 3254 Sed
363 3199 477 3254 hrec
527 3198 703 3252 fusius
753 3194 1099 3266 prosequitur
1126 3194 1407 3263 Origenes,
1444 3206 1601 3261 quem
1654 3189 1803 3244 adire

1900 1993 2268 2057 cinianormn,
2301 2004 2356 2048 et
2396 1995 2645 2057 aliorum,
2672 1992 2761 2064 qui
2786 1991 3272 2050 christianiaudire
3302 1992 3510 2056 volunt,

1900 2087 2211 2156 opiniones,
2238 2089 2353 2142 sive
2407 2089 2585 2157 potius
2618 2086 2937 2157 opinionum
2971 2093 3219 2154 portenta
3266 2083 3509 2140 funditus

1901 2190 2240 2235 evertuntur.
2272 2180 2404 2235 Nam
2439 2180 2492 2234 hi
2542 2180 2789 2253 ipsismet
2816 2179 3045 2237 ethnicis
3067 2177 3370 2233 deteriores
3398 2193 3509 2232 uno

1907 2275 2206 2345 eodemque
2259 2274 2453 2330 calami
2489 2276 2655 2334 ductu
2702 2274 2880 2328 omnia
2924 2274 3039 2329 sive
3082 2288 3113 2327 a
3144 2272 3362 2327 Christo
3416 2272 3514 2326 do-

1906 2365 2071 2428 mino,
2106 2366 2218 2419 sive
2241 2381 2268 2417 a
2308 2365 2551 2433 quolibet
2596 2364 2705 2419 alio
2732 2363 2874 2417 edita
2917 2362 3171 2418 miracula
3200 2362 3514 2421 convellere

1903 2458 2172 2523 nituntur,
2208 2458 2335 2511 dum
2366 2458 2508 2511 nulla
2533 2472 2560 2509 a
2606 2457 2716 2510 Deo
2747 2455 2967 2525 quidem
3021 2456 3138 2539 ipso
3184 2454 3300 2509 fieri
3346 2469 3509 2526 posse

1903 2550 2373 2621 impudentissime
2414 2551 2724 2605 adfirmant.
2780 2549 2998 2604 Natura:
3047 2548 3319 2618 siquidem
3365 2549 3513 2617 leges

1906 2647 1978 2699 uti
2033 2646 2110 2701 illi
2154 2646 2429 2715 garriunt,
2479 2646 2731 2715 illiusque
2774 2643 2931 2708 ordo,
2965 2659 3085 2716 qua:
3114 2644 3346 2714 ipsamct
3386 2651 3515 2698 sunt

1904 2739 2003 2795 Dei
2056 2738 2299 2804 decreta,
2330 2749 2610 2809 nequeunt
2648 2728 2767 2791 ullo
2808 2752 3060 2807 umquam
3099 2730 3261 2803 modo
3294 2743 3511 2806 pertur-

1904 2833 2041 2889 bari.
2083 2832 2448 2900 Quamobrem
2499 2833 2681 2886 omnia
2734 2831 2831 2887 Dei
2880 2830 3099 2885 decreta
3141 2845 3248 2885 non
3309 2830 3511 2895 minus,

1908 2942 2071 3002 quam
2113 2927 2201 2981 ille
2250 2926 2367 2997 ipse
2396 2926 2562 2993 Deus,
2598 2924 2953 2979 immutabilis
2980 2938 3103 2979 esse
3150 2921 3507 2978 concludunt.

1905 3018 2181 3074 Miraculis
2208 3034 2360 3089 ergo,
2405 3019 2674 3088 inquiunt,
2702 3028 2793 3072 aut
2838 3017 2960 3073 aliis
2991 3015 3273 3088 prodigiis,
3302 3016 3346 3071 si
3390 3032 3514 3092 qua:

1910 3112 2201 3181 aliquando
2232 3110 2344 3165 fieri
2387 3110 2715 3179 potuissent,
2765 3107 2945 3163 divina
2992 3117 3203 3174 natura,
3237 3108 3513 3179 multoque

1911 3205 2083 3273 magis
2114 3203 2425 3257 Christianae
2456 3202 2733 3273 religionis
2764 3202 2967 3257 veritas
3016 3186 3313 3281 destruitur
3335 3200 3514 3275 potius

215 3294 423 3350 cuilibet
472 3292 611 3348 facie
654 3300 738 3345 est
772 3288 967 3362 (0rig.,
1000 3288 1035 3341 ι.
1070 3303 1109 3356 t,
1153 3297 1315 3343 contr.
1361 3286 1522 3350 Cels,
1555 3304 1607 3355 ρ.
1639 3284 1730 3349 94,
1755 3294 1801 3339 et

1915 3309 2068 3365 quam
2096 3294 2368 3349 adseritur
2396 3304 2450 3349 et
2478 3294 2770 3347 stabilitur.

216 3402 386 3456 δαιᾳά
418 3384 637 3450 Arnob.,
668 3406 707 3436 ι.
736 3399 775 3448 ι,
809 3400 863 3451 ρ.
889 3380 1006 3452 29).

282 3478 459 3549 Neque
484 3478 588 3532 sibi
623 3490 784 3546 porro
815 3473 1087 3530 Arnobius
1134 3473 1335 3543 opponi
1378 3472 1505 3526 sinit
1534 3470 1666 3525 deos
1695 3485 1799 3525 non

220 3572 364 3626 malis
394 3570 728 3633 hominibus,
761 3567 855 3621 sed
908 3566 1064 3621 bonis
1106 3566 1295 3620 tulisse
1341 3565 1619 3619 auxilium.
1668 3563 1798 3616 Nam

222 3662 471 3730 Christus,
521 3665 614 3736 qui
662 3662 891 3717 mortuis
937 3662 1099 3716 vitam
1142 3658 1412 3721 reddidit,
1466 3658 1719 3711 omnibus
1748 3668 1802 3711 et

223 3758 369 3813 bonis
394 3769 444 3814 et
474 3757 653 3823 malis,
686 3756 829 3827 quod
859 3754 1057 3809 divina:
1090 3765 1171 3808 est
1198 3751 1507 3823 potestatis,
1538 3749 1647 3804 ullo
1676 3749 1800 3803 abs-

228 3866 325 3920 que
348 3849 654 3905 discrimine
697 3848 989 3919 opitulatns
1030 3857 1132 3902 est.
1162 3845 1303 3913 Quid
1352 3860 1503 3911 vero,
1538 3842 1678 3912 quod
1712 3843 1802 3913 qui

230 3942 375 4011 agris
417 3943 483 3997 ob
514 3942 706 3995 merita
738 3955 899 4009 opem
932 3956 961 3994 a
1008 3940 1110 3994 diis
1140 3938 1265 3993 ferri
1297 3938 1449 4004 dicit,
1481 3938 1525 3991 is
1555 3938 1605 3990 in
1637 3935 1802 3989 dubio

231 4033 467 4103 relinquit
487 4045 667 4087 utrum
697 4032 812 4097 ille,
842 4032 927 4087 cui
956 4031 1294 4094 subvenitur,
1326 4030 1547 4085 fortuito
1578 4040 1801 4083 sanatus

231 4138 329 4179 non
359 4124 531 4191 fuerit,
552 4136 608 4181 et
634 4124 773 4179 alius
801 4139 908 4179 non
940 4125 1272 4189 sublevetur,
1300 4124 1424 4195 quia
1444 4124 1665 4178 morbus
1694 4138 1801 4177 non

232 4220 392 4287 potuit
413 4221 516 4275 ulla
542 4220 771 4276 deorum
799 4234 902 4291 ope
942 4220 1146 4275 curari.

297 4312 483 4369 Verum
515 4313 789 4369 Arnobius
817 4313 978 4383 longe
1021 4310 1198 4368 adhuc
1221 4313 1398 4369 acrius
1421 4320 1477 4368 et
1500 4313 1805 4370 vehemen-

231 4404 330 4461 tius
357 4406 691 4461 adversarios
721 4418 849 4460 suos
878 4404 1073 4475 premit
1102 4402 1288 4477 (Ibid.,
1319 4424 1373 4475 p.
1400 4404 1517 4477 30),
1544 4418 1809 4479 urgetque

230 4494 485 4553 Christum
528 4514 637 4553 non
666 4498 831 4553 modo
864 4498 1094 4567 plurima
1127 4510 1370 4568 patrasse
1397 4501 1679 4567 miracula,
1714 4502 1810 4557 sed

233 4575 408 4651 eadem
432 4596 674 4661 omnino,
710 4596 830 4651 sine
869 4594 981 4648 ullo
1014 4596 1137 4648 t'uco
1176 4602 1267 4647 aut
1310 4595 1515 4649 auxilio
1558 4606 1808 4663 externo,

1981 3387 2085 3445 Sed
2108 3390 2228 3459 quis
2261 3388 2546 3458 impiorum
2587 3387 2801 3459 illorum
2842 3386 3118 3459 hominum
3164 3382 3512 3445 dementissi-

1906 3497 2045 3535 mam
2082 3482 2437 3536 temeritatem
2464 3482 2603 3535 ferre
2636 3482 2855 3551 potest?
2884 3480 3045 3536 Certo
3067 3483 3269 3538 certius
3294 3483 3511 3537 demon-

1905 3578 2195 3632 stravimus
2221 3577 2447 3645 plurima
2474 3590 2502 3628 a
2526 3576 2743 3629 Christo
2768 3576 3044 3646 ipsiusque
3068 3576 3346 3647 discipulis
3372 3576 3511 3631 facta

1905 3669 2071 3725 fuisse
2103 3668 2381 3733 miracula,
2416 3684 2535 3737 quae
2575 3677 2780 3723 natura:
2806 3668 3051 3724 ordinem
3092 3666 3343 3735 illiusque
3372 3671 3513 3724 vires

1906 3765 2063 3835 longe
2090 3772 2362 3833 superant,
2389 3771 2443 3817 et
2467 3761 2522 3815 hi
2546 3762 2680 3815 inira
2712 3760 3039 3830 impudentia
3068 3762 3284 3832 ipsimet
3311 3760 3423 3816 Deo
3450 3777 3512 3816 ea

1904 3854 2134 3911 faciendi
2158 3856 2399 3910 adimunt
2420 3854 2777 3925 potestatem?
2797 3853 2985 3908 Nonne
3003 3854 3071 3908 ab
3096 3862 3217 3908 actu
3238 3854 3303 3910 ad
3329 3868 3510 3924 posse,

1907 3964 1964 4006 ut
1993 3950 2294 4006 scholastici
2337 3949 2652 4020 loquuntur,
2684 3947 2828 4001 valet
2865 3946 3294 4016 consequentia?
3323 3945 3514 4002 Nonne

1906 4041 2341 4114 priusSociniani
2366 4041 2597 4112 probare
2624 4040 2897 4095 debebant
2921 4040 3064 4092 nulla
3084 4054 3339 4111 umquam
3372 4039 3510 4094 facta

1907 4137 2077 4193 fuisse
2122 4135 2413 4201 miracula,
2446 4150 2604 4204 quam
2638 4134 2874 4189 divinam
2919 4147 3118 4204 negare
3163 4133 3253 4189 illa
3288 4130 3514 4189 faciendi

1910 4228 2243 4301 potentiam?
2269 4227 2375 4283 Sed
2398 4214 2670 4298 quomodo
2694 4226 2823 4281 illud
2855 4225 3080 4287 ἱειηοὶπί
3107 4235 3350 4304 possunt,
3372 4226 3515 4293 quod

1909 4321 2123 4377 Ethnici
2151 4320 2298 4375 nullo
2324 4310 2556 4390 unquam
2575 4319 2735 4382 modo
2763 4334 2981 4391 negare,
3012 4333 3187 4397 neque
3212 4302 3375 4397 etiam
3399 4318 3516 4373 dis-

1911 4413 2185 4475 simulare.
2218 4412 2319 4467 nisi
2346 4410 2685 4468 intoleranda
2712 4426 2930 4483 prorsus
2953 4426 3015 4465 ac
3047 4408 3513 4480 impudentissima

1913 4502 2213 4558 temeritate
2236 4500 2563 4570 potuerunt?
2592 4496 2709 4553 Non
2732 4500 2914 4553 minus
2934 4497 3199 4569 siquidem
3222 4506 3368 4552 certa
3391 4508 3518 4552 sunt

1913 4599 2112 4655 Christi
2144 4596 2641 4667 discipulorumque
2666 4595 2785 4666 ejus
2814 4594 3096 4661 miracula,
3124 4608 3282 4664 quam
3306 4603 3517 4648 constat

232 4700 423 4761 suoque
449 4702 656 4745 tantum
700 4688 919 4744 nomine
959 4686 1190 4743 faciendi
1241 4689 1624 4758 piscatoribus,
1654 4691 1813 4761 opiii-
1838 4699 1893 4762 Ῑ)
1916 4691 2209 4747 aedificatas
2241 4688 2408 4746 fuisse
2452 4690 2618 4745 urbes
2661 4689 2923 4755 Romam,
2957 4685 3512 4756 Constantinopolim,

234 4779 390 4851 cibus,
431 4781 741 4848 rusticanis,
791 4781 1043 4853 aliisque,
1089 4781 1228 4836 sicut
1268 4789 1425 4836 antea
1473 4782 1806 4851 dicebamus,

238 4872 283 4929 id
308 4890 469 4947 genus
492 4873 825 4939 hominibus,
845 4873 1059 4929 dedisse
1082 4884 1428 4944 potestatem.
1466 4875 1598 4944 Quae
1632 4888 1811 4932 autem

237 4969 315 5023 illa
343 4972 552 5037 fuerint,
589 4968 825 5024 breviter
852 4978 1120 5035 recenset,
1150 4978 1205 5025 et
1251 4985 1372 5025 cum
1402 4971 1605 5027 Christi
1649 4974 1814 5027 mira-

238 5062 357 5117 culis
378 5062 672 5133 compenit,
705 5068 865 5131 atque
896 5060 1022 5115 inde
1051 5062 1322 5116 concludit
1354 5062 1485 5117 nihil
1519 5065 1809 5135 quidquam

238 5153 536 5212 admirabile
579 5155 649 5209 ab
679 5168 746 5210 eo
771 5162 1002 5225 gestum,
1044 5154 1185 5223 quod
1220 5154 1326 5209 illis
1370 5154 1672 5212 faciendum
1704 5176 1811 5213 non

238 5249 571 5305 concesserit.
603 5248 738 5301 Tum
768 5246 966 5302 deinde
991 5247 1069 5302 sic
1097 5257 1504 5317 argumentatur
1534 5266 1545 5301 :
1582 5268 1603 5301 ι
1640 5251 1812 5306 Tran-

240 5345 457 5399 scribere
478 5356 640 5413 posse
673 5342 726 5395 in
756 5341 1027 5395 hominem
1053 5339 1143 5411 jus
1170 5350 1350 5405 tuum;
1380 5351 1435 5395 et
1464 5344 1607 5411 quod
1636 5342 1814 5399 facere

239 5436 371 5491 solus
399 5436 596 5506 possis,
640 5433 1000 5505 fragilissimae
1032 5432 1361 5499 reiidonare,
1396 5444 1449 5489 et
1494 5436 1817 5506 participare

240 5526 546 5597 faciendum,
596 5542 762 5599 supra
808 5526 991 5582 omnia
1039 5526 1158 5581 sita:
1198 5536 1284 5581 est
1318 5527 1617 5596 potestatis,
1646 5530 1817 5582 conti—

240 5628 505 5695 nentisque
534 5623 638 5679 sub
667 5637 793 5679 sese
819 5631 903 5677 est
930 5636 1112 5676 rerum
1144 5622 1388 5675 omnium
1409 5635 1618 5685 causas,
1644 5630 1699 5675 et
1726 5637 1813 5676 ra-

241 5716 425 5773 tionum
472 5718 901 5785 facultatumque
956 5724 1198 5769 naturas.
1242 5734 1260 5766 ι
1300 5714 1489 5769 Divina
1544 5730 1673 5785 ergo
1722 5731 1818 5785 po-

241 5818 432 5873 testate.
456 5828 560 5867 non
590 5810 803 5883 magica
827 5809 1024 5863 virtute
1053 5806 1309 5865 Christus
1338 5808 1621 5880 discipulis
1650 5809 1815 5865 mira-

238 5907 362 5975 cula,
392 5910 499 5965 suis
543 5909 719 5979 paria,
756 5903 958 5962 edendi
989 5914 1313 5976 potestatem
1346 5903 1654 5973 tribuendo,
1686 5913 1737 5962 et
1759 5922 1819 5962 se

1915 4783 2163 4848 Niniven,
2198 4794 2252 4839 et
2273 4783 2407 4838 alias
2437 4782 2842 4850 celeberrimas,
2867 4797 2987 4853 qua:
3010 4789 3196 4851 postea
3225 4779 3516 4845 destruette

1914 4887 2062 4933 Sllﬂl.

1991 4970 2194 5028 Deinde
2223 4985 2352 5028 vero
2374 4970 2502 5043 quid
2533 4970 2726 5027 nefarii
2756 4970 2831 5026 illi
2863 4969 3112 5025 homines
3142 4978 3344 5024 natum
3372 4968 3507 5038 legi-

1918 5067 2038 5133 bus,
2068 5078 2120 5123 et
2151 5056 2339 5122 ordine
2360 5054 2503 5120 aliud
2535 5066 2837 5137 intelligere
2866 5076 3113 5137 possunt,
3145 5065 3247 5119 nisi
3278 5079 3368 5119 eas
3395 5079 3518 5135 quae

1916 5174 1946 5213 a
1981 5161 2240 5233 principio
2268 5159 2448 5232 aliquo
2492 5158 2757 5228 spiritali,
2792 5158 2861 5211 ab
2888 5156 3142 5227 omnique
3183 5155 3406 5211 materia
3438 5155 3521 5208 di-

1918 5264 2097 5309 screto
2124 5254 2389 5323 impositae
2416 5250 2754 5320 suntiAtqui
2784 5250 2913 5305 illud
2939 5249 3260 5320 principium
3291 5248 3522 5318 ipsemet

1920 5346 2063 5401 Deus
2094 5356 2177 5401 est
2205 5346 2568 5414 omnipotens,
2600 5347 2688 5413 qui
2718 5340 2970 5409 decretis,
2996 5342 3176 5397 divina
3207 5357 3303 5397 sua
3332 5342 3521 5396 volun-

1916 5450 2027 5497 tate
2054 5439 2227 5507 l'actis,
2261 5438 2441 5493 omnia
2473 5439 2699 5504 creavit,
2735 5438 2896 5506 regit,
2930 5436 3293 5501 administrat,
3327 5435 3517 5489 mode-

1920 5546 2089 5593 ratur.
2120 5535 2213 5591 Illa
2252 5541 2429 5589 autem
2464 5534 2557 5589 Dei
2604 5534 2855 5588 voluntas
2900 5532 3059 5601 plane
3100 5530 3269 5585 libera
3296 5540 3400 5594 est,
3437 5527 3521 5584 sui

1923 5646 2137 5702 semper
2149 5630 2308 5701 juris,
2334 5629 2574 5699 nullique
2594 5627 2751 5682 alteri
2768 5624 3031 5695 subjecta.
3050 5624 3391 5694 Quapropter
3412 5625 3522 5681 sic-

1922 5724 1999 5778 uti
2016 5730 2218 5776 natnrre
2238 5721 2382 5791 leges
2405 5730 2461 5776 et
2482 5719 2724 5773 ordinem
2748 5714 3029 5784 imposuit,
3051 5718 3121 5770 ita
3143 5717 3257 5770 haec
3283 5731 3310 5767 a
3336 5730 3393 5771 se
3418 5718 3522 5771 im—

1923 5815 2095 5887 posita
2141 5812 2490 5887 suspendere,
2520 5811 2952 5877 interrumpere,
2984 5821 3048 5861 ac
3078 5816 3288 5862 mutare
3322 5817 3521 5878 potest.

1924 5908 2077 5967 Unde
2096 5917 2244 5965 recte
2260 5903 2529 5962 Arnobius
2544 5902 2610 5958 de
2626 5899 2845 5957 Christo
2862 5911 2919 5957 et
2934 5902 3001 5959 de
3017 5901 3125 5958 Deo
3143 5900 3309 5956 dixit:
3346 5919 3363 5953 ι
3394 5900 3527 5958 Sole
