3918 6342
378 370 486 428 oili}

1594 350 2047 414 DISSERTATIO
2086 349 2365 406 PREVIA

3572 346 3683 405 416

378 484 497 552 ipso
512 478 1175 553 estclariuspotentiorem
1190 475 1341 530 illum
1356 474 1521 529 fuisse
1534 487 1691 544 quam
1709 470 1810 525 lata
1825 475 1967 529 sunt,
2001 468 2054 527 Α
2080 465 2161 519 nis
2191 472 2340 520 esset
2360 464 2591 521 aliorum
2618 462 2731 519 otio
2763 469 2818 518 et
2841 460 3098 532 patientia
3127 460 3548 539 intemperanter
3575 462 3681 518 ab-

376 589 499 630 cum
520 589 581 629 ea
598 573 753 628 solvit
769 582 825 627 et
850 572 976 627 vicit
1005 585 1124 641 quae
1140 568 1410 638 perpetuis
1436 565 1681 629 nexibus,
1704 572 1755 617 et
1778 562 1970 616 immo-

377 666 473 722 bili
502 666 712 721 fuerant
738 665 1061 721 necessitate
1088 662 1335 718 devincta
1365 658 1607 726 (Arnob.,
1642 655 1729 710 lib.
1763 672 1819 720 tt,
1848 670 1967 724 pag.

374 758 489 829 28).
524 759 729 826 Quibus
768 773 898 813 sane
927 756 1107 812 verbis
1133 752 1398 824 sigoilicat
1430 751 1525 804 hos
1566 764 1735 804 nexus
1765 747 1971 802 tamdiu

375 854 541 910 fuisse
590 861 915 925 perpetuos,
970 862 1131 920 atque
1175 863 1293 902 eam
1336 844 1718 901 necessitatem
1769 841 1971 897 tamdiu

374 947 541 1004 fuisse
568 947 921 1011 immobilem,
956 941 1209 1016 quamdiu
1240 940 1379 996 Deus
1405 948 1456 999 et
1485 937 1732 997 Christus
1763 936 1968 1004 voluit,

374 1040 585 1114 ipsique
615 1042 831 1112 placuit.

444 1134 657 1191 Scimus
676 1133 890 1200 quidem
916 1148 945 1186 a
970 1130 1289 1202 quibusdam
1309 1145 1374 1185 ex
1397 1129 1463 1185 iis
1478 1128 1720 1183 omnium
1750 1126 1974 1197 iniquis-

374 1229 529 1284 simis
550 1228 713 1282 stulte
729 1226 950 1280 omnino
976 1235 1030 1280 et
1055 1224 1257 1279 insulse
1283 1226 1451 1277 as~eri
1479 1223 1570 1276 Dei
1598 1221 1817 1276 nomine
1839 1220 1973 1275 nihil

374 1319 779 1391 intelligendum
811 1316 977 1385 aliud,
1004 1327 1201 1387 praeter
1227 1316 1531 1381 materiam,
1559 1324 1834 1385 statasque
1860 1328 1975 1367 mo-

372 1421 461 1468 tus
490 1413 629 1468 illius
673 1414 846 1483 leges,
878 1428 998 1484 quae
1024 1427 1054 1466 a
1089 1412 1301 1467 nemine
1327 1426 1551 1481 prorsus
1590 1410 1783 1465 mutari
1814 1422 1975 1479 posse

375 1506 667 1562 ﬂuxerunt.
699 1505 804 1561 Sed
832 1506 882 1559 hi
915 1504 1073 1561 nobis
1093 1505 1399 1559 edisserere
1421 1500 1975 1571 debebantquomodo

372 1599 456 1654 vel
487 1614 517 1653 a
548 1614 657 1669 quo
697 1607 911 1653 statuta:
955 1606 1081 1653 sunt
1116 1596 1224 1651 illae
1255 1597 1419 1667 leges.
1462 1595 1647 1665 Neque
1677 1595 1821 1648 enim
1868 1592 1974 1647 ulla

376 1692 588 1748 ratione
605 1692 741 1747 vela
765 1706 825 1747 se
853 1692 1002 1763 ipsis,
1036 1691 1117 1747 vel
1144 1690 1377 1746 fortuitis
1400 1688 1639 1749 materia:
1659 1687 1973 1741 mutationi-

374 1786 497 1850 bus,
524 1786 604 1840 vel
634 1786 959 1841 neces~itate
988 1784 1164 1855 aliqua
1194 1784 1328 1838 latas
1360 1782 1500 1837 ullus
1534 1794 1788 1851 umquam
1816 1778 1975 1834 dixe-

2077 560 2299 614 ntentis.
2332 558 2465 613 Nam
2496 572 2559 615 ea
2591 572 2659 612 ex
2699 555 3018 611 dictis'satis
3060 554 3333 610 confutata
3355 597 3370 622 ,
3394 565 3565 626 atque
3606 556 3680 612 iis

2076 667 2196 722 quae
2224 652 2275 706 in
2304 649 2758 719 subsequentibus
2779 648 3248 704 diSsertationibus
3268 647 3465 702 nostris
3484 648 3554 702 de
3576 648 3677 702 iis-

2076 744 2194 799 dem
2226 742 2424 797 Christi
2453 751 2507 797 et
2549 741 2935 811 discipulorum
2966 744 3085 812 ejus
3123 738 3396 797 miraculis
3444 738 3678 800 dicenda

2077 846 2221 903 sunt,
2246 835 2421 891 adhuc
2445 834 2885 893 confutabuntur.

2702 973 2931 1032 CAPUT
2968 975 3059 1032 IV.

2078 1107 2456 1165 Examinantur
2474 1112 2580 1165 alia
2599 1111 2809 1165 Arnobii
2823 1121 3142 1183 argumenta,
3160 1111 3342 1182 quibus
3371 1111 3675 1171 christiana!

2420 1203 2681 1276 religionis
2708 1205 2968 1258 veritatem
2996 1204 3326 1262 demonstrat.

2599 1354 2887 1395 ιητιουιῦε
2926 1354 3140 1395 Ριιιιιυε.

2078 1474 2329 1535 Quomodo
2354 1479 2537 1526 veritas
2557 1475 2838 1526 christiana;
2861 1478 3121 1537 religionis
3143 1476 3205 1524 ab
3229 1475 3446 1528 Arnol‘io
3469 1480 3678 1528 demon-

2138 1545 2327 1589 stretur
2351 1539 2624 1591 dirissimis.
2654 1548 2705 1588 et
2731 1539 2967 1588 hactenus
2986 1539 3216 1589 inauditis
3242 1552 3371 1597 pene
3396 1544 3684 1590 innumera-

2140 1601 2311 1649 bilium
2336 1600 2596 1663 cujuslibet
2622 1614 2792 1657 sexus,
2816 1603 2993 1662 atatis,
3025 1610 3075 1650 et
3097 1602 3393 1652 conditionis
3412 1611 3682 1663 martyrum

2139 1662 2411 1730 suppliciis.
2438 1664 2493 1713 ad
2522 1673 2798 1730 extremum
2819 1676 2976 1730 usque
3004 1665 3115 1730 vitae
3137 1666 3362 1727 Spiritum
3384 1678 3473 1730 pro
3498 1662 3683 1718 Christi

2141 1726 2451 1776 confessione
2477 1726 2876 1777 constantissime
2898 1726 3145 1777 toleratis.

373 1880 463 1934 rit.
497 1879 641 1949 Ergo
662 1879 731 1934 ab
746 1879 855 1932 alio
876 1878 1180 1932 constitute
1203 1884 1347 1932 sunt.
1366 1879 1434 1931 At
1460 1876 1550 1931 ille
1572 1876 1686 1945 ipse
1711 1885 1789 1929 est
1805 1874 1963 1935 Deus,
2002 1876 2047 1934 B
2147 1870 2303 1925 Aliud
2333 1871 2399 1926 ad
2429 1870 2779 1927 asserendam
2808 1871 3117 1926 christiana
3162 1872 3441 1942 religionis
3476 1875 3683 1930 verita-

371 1973 461 2044 qni
486 1973 603 2027 illas
627 1988 724 2043 pro
751 1971 998 2032 arbitrio.
1016 1971 1364 2038 uti‘diximus,
1389 1971 1671 2025 immutare
1696 1968 1973 2039 potest.Et

369 2079 505 2119 vero
547 2079 641 2120 eas
671 2064 740 2119 ab
778 2079 843 2119 eo
882 2066 1194 2119 immutatas
1240 2063 1406 2119 fuisse
1450 2062 1803 2117 invictissime
1846 2076 1973 2129 pro-

370 2158 500 2214 bant
524 2169 605 2215 tot
633 2169 889 2231 tantaque
910 2158 1140 2221 Christi.
1168 2172 1331 2230 atque
1353 2158 1499 2214 illius
1520 2167 1847 2214 sectatorum
1877 2158 1975 2215 mi-

368 2250 575 2315 racula,
602 2267 743 2321 quas,
778 2252 853 2306 uti
878 2251 1127 2319 vidimus,
1153 2252 1434 2323 gentilium
1465 2269 1532 2308 ne
1560 2252 1776 2322 quidem
1805 2250 1969 2323 perti-

373 2345 655 2402 nacissimi
684 2361 882 2417 negare
913 2356 1221 2417 potuerunt.

442 2438 551 2495 Sed
583 2438 916 2495 recentiores
946 2440 1183 2496 ha-retici
1203 2485 1217 2509 ,
1254 2442 1470 2496 nomine
1492 2448 1647 2496 tenus
1669 2439 1971 2507 christiani,

366 2546 432 2587 ac
461 2530 790 2602 quibuslibet
815 2531 1049 2588 ethnicis
1070 2533 1407 2597 audaciores,
1440 2534 1641 2587 instant
1660 2532 1838 2588 adhuc
1860 2535 1975 2589 vul-

366 2642 549 2700 garem
579 2626 715 2682 hanc
742 2627 811 2682 de
846 2627 1042 2684 Christi
1074 2627 1347 2683 miraculis
1385 2626 1693 2697 opinionem
1726 2626 1850 2682 inde
1877 2640 1970 2682 or-

366 2728 500 2785 tam,
532 2718 675 2791 quod
705 2721 883 2791 pepuli
929 2736 1104 2792 neque
1144 2735 1333 2776 omnes
1364 2719 1580 2774 illorum
1612 2720 1972 2776 circumstan-

365 2812 501 2880 tias,
536 2829 711 2885 neque
757 2828 936 2870 veram
971 2828 1159 2869 eorum
1195 2828 1411 2868 causam
1458 2823 1817 2883 agnoscentes
1847 2857 1861 2878 ,
1910 2829 1971 2868 ea

364 2918 527 2976 supra
571 2915 774 2962 naturae
816 2906 1062 2962 ordinem
1106 2906 1241 2963 facta
1277 2922 1397 2962 esse
1442 2906 1809 2962 crediderunt.
1858 2907 1964 2964 Sed

366 3014 563 3069 magna
591 3001 707 3055 haec
734 3011 896 3071 atque
920 3000 1390 3071 impudentissima
1414 3002 1779 3071 improborum
1804 3002 1979 3058 homi-

366 3108 496 3148 num
539 3094 820 3149 mendacia
849 3104 996 3149 sunt.
1033 3094 1164 3149 Nam
1216 3095 1430 3149 illorum
1461 3096 1735 3158 omnium,
1766 3111 1888 3165 qua:
1920 3095 1974 3150 in

366 3186 656 3258 Scripturis
686 3189 886 3253 sacris,
920 3198 976 3243 et
1020 3189 1088 3243 ab
1130 3188 1371 3243 Arnobio
1418 3198 1605 3243 nostro
1645 3186 1973 3256 referuntur,

2078 1974 2183 2019 tem
2223 1975 2594 2037 argumentum
2638 1965 2785 2019 ducit
2813 1964 3086 2020 Arnobius
3112 1980 3177 2020 ex
3206 1965 3485 2036 suppliciis
3507 2007 3522 2031 ,
3558 1982 3682 2038 qua:

2076 2072 2174 2127 pro
2198 2057 2340 2115 illius
2360 2057 2674 2113 defensione
2699 2056 2966 2113 innumeri
2990 2065 3255 2130 martyres
3275 2057 3519 2127 cujusvis
3546 2074 3680 2114 con-

2076 2150 2314 2217 ditionis,
2334 2152 2527 2215 aetatis,
2548 2162 2603 2207 et
2624 2166 2787 2206 sexus
2805 2150 2874 2206 ad
2896 2159 3197 2208 extremum
3223 2166 3391 2223 usque
3405 2152 3676 2222 spiritum,

2077 2252 2131 2299 et
2176 2254 2401 2301 mortem
2455 2244 2885 2301 crudelissimam
2942 2246 3383 2302 constantissime
3433 2249 3679 2317 perpessi

2078 2347 2223 2392 sunt.
2250 2341 2380 2405 Qua:
2409 2354 2560 2405 vero,
2583 2351 2910 2409 quantaque.
2942 2346 2999 2395 et
3028 2354 3187 2409 quam
3216 2338 3489 2394 horrenda
3517 2350 3681 2412 atque

2078 2430 2332 2485 immania
2376 2431 2574 2486 fuerint
2621 2432 2737 2486 hazc
2778 2432 3072 2505 supplicia,
3104 2432 3172 2487 ab
3205 2433 3443 2489 Arnobio
3490 2445 3680 2489 nostro

2077 2524 2254 2580 discas
2296 2525 2478 2580 velim.
2533 2526 2623 2581 Sic
2662 2534 2841 2580 autem
2890 2526 2982 2580 ille
3016 2527 3275 2581 Ethnicos
3326 2528 3499 2597 palam
3547 2528 3685 2583 allo-

2079 2616 2315 2687 quendo,
2341 2632 2403 2671 ea
2434 2617 2688 2687 exponit.
2723 2627 2782 2671 ut
2824 2632 2985 2673 nemo
3015 2618 3184 2688 possit
3218 2617 3377 2674 tidem
3418 2619 3468 2675 ei
3513 2620 3680 2675 dero-

2078 2725 2243 2781 gare:
2273 2730 2290 2761 ‹
2328 2710 2439 2765 Vos
2464 2711 2598 2779 ipsi,
2642 2731 2661 2765 ι
2695 2712 2859 2783 inquit
2892 2714 3133 2785 (Arnob.,
3169 2714 3257 2769 lib.
3290 2730 3329 2779 ι,
3362 2732 3479 2788 pag.
3513 2716 3603 2782 14.
3634 2725 3683 2771 et

2080 2804 2168 2858 lib.
2201 2819 2273 2868 tv,
2304 2821 2427 2875 pag.
2463 2804 2610 2876 158),
2649 2823 2668 2855 ι
2703 2822 2823 2859 cum
2852 2806 3014 2861 libido
3037 2808 3316 2862 incesserit
3337 2823 3501 2874 saeva,
3526 2810 3684 2865 exui-

2082 2897 2149 2951 tis
2182 2911 2278 2951 nos
2306 2899 2481 2964 bonis,
2515 2898 2890 2953 exterminatis
2930 2900 3114 2969 patriis
3148 2899 3397 2966 sedibus,
3430 2902 3683 2972 irrogatis

2080 2989 2336 3059 supplicia
2365 2990 2631 3057 capitalia,
2665 2993 2947 3062 torquetis,
2980 2992 3305 3060 dilaceratis,
3338 2995 3586 3063 exuritis,
3618 3007 3675 3051 et

2080 3080 2147 3136 ad
2174 3092 2475 3137 extremum
2501 3100 2599 3140 nos
2625 3086 2751 3140 feris
2776 3094 2827 3141 et
2860 3086 3158 3142 bellnarutn
3194 3088 3481 3144 laniatibus
3521 3091 3681 3160 obje-

2082 3177 2261 3229 ctatis.
2300 3196 2318 3229 ι
2352 3176 2587 3233 Videsne
2623 3181 2837 3249 quantis
2878 3180 3240 3242 cruciatibus.
3274 3183 3536 3238 bellorum
3585 3200 3685 3239 ex-

367 3283 748 3338 miraculorum
778 3283 1003 3354 singula:
1029 3284 1473 3348 circumstantiae,
1509 3284 1759 3337 nimirum
1785 3325 1799 3349 ,
1833 3299 1971 3353 quae,

2089 3269 2420 3337 spoliatione.
2449 3272 2663 3334 exsilio.
2696 3273 3048 3329 distractione
3092 3274 3459 3329 membrorum
3484 3317 3498 3335 .
3533 3275 3684 3346 igne,

369 3391 398 3431 a
427 3393 556 3446 qtto,
584 3375 823 3447 quando.
856 3375 967 3441 ubi,
989 3384 1045 3433 et
1073 3374 1347 3445 quomodo
1376 3375 1515 3430 facta
1540 3376 1667 3434 sint.
1694 3375 1831 3431 adeo
1854 3390 1977 3446 gra-

368 3468 528 3538 phice
568 3476 623 3522 et
664 3467 946 3523 enucleate
973 3479 1338 3537 exponuntur,
1378 3478 1434 3521 ut
1469 3468 1597 3521 nihil
1632 3468 1831 3522 clarius
1862 3469 1977 3523 evi-

369 3562 696 3629 dentiusque
720 3561 1016 3617 desiderari
1047 3562 1237 3633 possit.
1269 3563 1444 3632 Atque
1474 3571 1531 3614 ut
1554 3561 1780 3630 plurima
1814 3563 1977 3618 missa

371 3654 654 3721 faciamus,
680 3655 1066 3726 'quorumnam,
1093 3669 1190 3709 oro
1223 3662 1294 3719 te,
1328 3652 1593 3709 factorum
1620 3658 1980 3710 circumstan-

373 3747 464 3801 tite
494 3748 702 3818 planius
743 3761 807 3801 ac
843 3745 1131 3801 dilucidius
1160 3745 1559 3813 describuntur,
1590 3762 1748 3817 quam
1790 3763 1978 3803 eorum

374 3840 795 3905 miraculorum,
839 3837 1035 3908 quibus
1074 3836 1318 3892 Christus
1355 3837 1613 3893 Lazarum
1657 3837 1900 3911 aliosque
1947 3854 1979 3893 a

376 3940 554 3986 morte
578 3931 645 3985 ad
676 3932 840 3985 vitam
876 3944 1182 3991 revocasse,
1216 3944 1279 3983 ac
1303 3929 1497 4000 quibus
1528 3939 1771 4000 negatam
1812 3946 1841 3984 a
1880 3946 1978 3985 na-

376 4031 496 4077 tura
548 4020 763 4076 videndi
814 4030 1136 4091 pmestatem
1182 4019 1380 4075 fecisse
1423 4023 1709 4075 narratur?
1740 4025 1819 4077 Ad
1862 4022 1980 4079 haec

375 4130 538 4180 vero,
577 4129 759 4170 nonne
788 4114 1001 4169 Ethnici
1042 4128 1107 4168 ac
1139 4113 1313 4169 Judaei
1336 4156 1351 4180 ,
1383 4112 1642 4181 capitales
1670 4112 1871 4169 Christi
1919 4129 1982 4169 ac

376 4207 614 4263 fundata:
643 4208 713 4261 ab
742 4221 807 4262 eo
829 4206 1104 4277 religionis
1132 4205 1335 4261 inimici
1369 4206 1622 4271 maxima,
1657 4220 1759 4276 qua
1790 4216 1979 4275 potue-

377 4307 525 4366 runt,
553 4299 825 4370 diligentia
853 4297 1191 4369 praescrutati
1232 4305 1380 4363 sunt,
1410 4312 1479 4351 an
1519 4297 1626 4351 ulla
1654 4298 1737 4352 vel
1766 4299 1981 4354 minima

380 4394 433 4449 in
464 4393 665 4448 Christi
688 4392 1182 4463 discipulorumque
1203 4392 1323 4461 ejus
1346 4391 1624 4447 miraculis
1648 4392 1863 4446 deesset
1881 4393 1983 4447 cir-

380 4485 728 4551 cumstantia,
757 4494 861 4554 qua
884 4484 1107 4546 fraudis,
1128 4493 1221 4539 aut
1250 4484 1365 4539 falsi
1394 4483 1599 4554 aliquid
1620 4484 1672 4537 in
1702 4484 1780 4539 eis
1801 4483 1984 4537 redar-

381 4594 549 4649 guere
578 4576 840 4647 possent?
868 4577 939 4632 At
966 4578 1209 4647 quamvis
1252 4576 1388 4633 nulli
1424 4592 1608 4649 operae
1637 4589 1690 4633 et
1720 4577 1889 4633 labori
1917 4578 1981 4633 ad

2085 3361 2349 3428 ﬂammis,
2398 3362 2632 3418 ferarum
2682 3380 2745 3418 ac
2790 3365 3087 3420 belluarum
3136 3366 3420 3424 laniatibus
3474 3368 3683 3425 ethnici

2082 3452 2405 3508 chriStianos
2447 3455 2511 3509 ad
2560 3457 2875 3525 ejurandam
2919 3472 3069 3512 suam
3118 3459 3431 3529 religionem
3480 3476 3681 3531 cogere

2083 3549 2441 3619 nequidquam
2472 3550 2768 3606 tentabant.
2799 3553 3162 3620 Quamobrem
3198 3554 3289 3608 ille
3310 3554 3419 3609 alio
3445 3555 3497 3609 in
3537 3556 3681 3611 libro

2084 3639 2174 3695 ubi
2200 3640 2534 3697 ethnicitrum
2563 3657 2713 3699 sacra
2748 3646 3005 3715 exagitat,
3048 3647 3100 3701 in
3132 3660 3227 3702 eus
3257 3646 3335 3701 sic
3366 3646 3642 3703 invehitur
3671 3668 3686 3704 :

2089 3753 2108 3786 ‹
2142 3735 2221 3788 Ad
2252 3734 2489 3791 haeccine
2518 3752 2669 3792 sacra
2714 3736 2966 3804 ﬂammis,
2997 3739 3193 3804 exiliis,
3221 3739 3496 3803 aedibus.
3526 3750 3692 3811 atque

2082 3828 2288 3899 reliquo
2313 3845 2514 3898 genere
2555 3832 2937 3901 suppliciorum
2967 3833 3315 3899 compellitis,
3350 3845 3405 3889 et
3440 3835 3692 3891 crudeli-

2083 3923 2209 3977 tatis
2240 3934 2382 3979 metu
2416 3924 2653 3997 (Arnob.,
2689 3926 2777 3979 lib.
2801 3942 2858 3990 v,
2892 3943 3011 3997 pag.
3034 3926 3200 3997 177)?
3229 3946 3247 3979 i
3273 3928 3532 3999 lntelligis
3555 3945 3692 3987 sane

2084 4013 2171 4068 his
2212 4015 2391 4071 verbis
2420 4057 2434 4079 .
2484 4017 2680 4087 reliquo
2729 4034 2913 4087 genere
2976 4020 3383 4089 suppliciorum,
3430 4022 3695 4089 qtttelibet

2082 4107 2245 4162 etiam
2276 4109 2632 4173 atrocissima,
2665 4125 2783 4178 qua:
2814 4110 3139 4165 incredibilis
3167 4111 3507 4167 ethnicorum
3531 4154 3545 4177 ,
3573 4129 3678 4169 seu

2084 4204 2265 4272 potius
2294 4202 2625 4269 daemonum,
2656 4202 2846 4258 feritas
2868 4213 2922 4258 et
2949 4204 3128 4259 rabies
3158 4206 3463 4275 excogitare
3494 4208 3689 4276 potuit,

2083 4296 2470 4367 suppliciorum
2521 4314 2719 4367 genera
2764 4298 3175 4369 comprehendi.
3211 4299 3317 4356 Sed
3345 4300 3474 4371 quid
3522 4304 3696 4357 inter—

2084 4391 2389 4459 pretatione
2420 4405 2557 4458 Opus
2583 4400 2688 4455 est,
2715 4391 2801 4445 ubi
2833 4390 2950 4446 hazc
2977 4408 3163 4462 aperte
3192 4392 3261 4446 ab
3293 4392 3385 4448 illo
3413 4392 3696 4462 explican-

2088 4493 2220 4542 tur;
2262 4502 2280 4535 σ
2315 4483 2539 4549 Studiis,
2585 4504 2604 4537 ›
2635 4486 2829 4555 inquit,
2872 4503 2891 4537 ί
2932 4485 3109 4541 facere
3144 4486 3272 4555 quid
3319 4488 3695 4556 pervicacibus

2088 4576 2414 4648 possumus?
2439 4577 2578 4646 Quid
2611 4578 3007 4633 intentantibus
3034 4578 3268 4649 gladios,
3297 4578 3574 4649 novasque
3596 4598 3694 4636 ex-

382 4672 435 4728 id
466 4669 900 4741 investigandum
928 4672 1287 4741 pepercerim,
1312 4672 1445 4727 nihil
1470 4683 1647 4727 tamen
1673 4672 1815 4742 quod
1845 4673 1985 4727 veris
2010 4677 2065 4738 Ι)
2088 4670 2445 4741 cegitantibns
2472 4670 2693 4740 poenas?
2722 4689 2741 4723 ι
2779 4669 3008 4741 (Idem,
3041 4670 3129 4725 lib.
3155 4685 3233 4734 vn,
3262 4687 3380 4740 pag.
3412 4669 3563 4737 £97.)
3589 4670 3695 4729 Eas

382 4765 660 4821 miraculis
689 4764 773 4819 vel
815 4766 1095 4820 minimum
1133 4764 1377 4831 deesset,
1424 4766 1835 4837 deprehendere
1865 4782 1984 4821 nm-

383 4872 543 4928 quam
583 4860 887 4912 valuerunt.
921 4856 1033 4912 Nec
1063 4857 1240 4912 minus
1280 4858 1696 4915 christianorum
1732 4860 1990 4915 intererat

385 4949 642 5021 indagare
667 4965 858 5005 omnes
886 4960 939 5005 et
967 4949 1207 5020 singulas
1234 4948 1422 5003 borum
1469 4950 1846 5007 miraculorum
1877 4952 1989 5006 cir-

383 5044 759 5108 cumstantias,
791 5042 987 5113 quibus
1028 5043 1095 5097 ad
1124 5043 1470 5113 rejiciendam
1505 5054 1713 5115 patrum
1742 5062 1985 5112 suorum,

383 5148 438 5193 et
465 5138 837 5207 profitendam,
863 5139 939 5193 uti
966 5139 1219 5205 diximus,
1250 5140 1406 5211 longe
1436 5141 1709 5198 duriorem
1736 5142 1989 5197 chrisﬁa-

386 5247 577 5285 norum
602 5231 915 5301 religionem
937 5231 1153 5287 adducti
1177 5244 1322 5288 sunt.
1347 5234 1463 5301 Qua
1490 5251 1618 5305 ergo
1640 5236 1818 5291 fronte
1840 5237 1990 5307 impii

389 5323 633 5378 homines
663 5333 781 5391 post
807 5332 886 5380 tot
914 5327 1107 5380 szecnla
1135 5326 1338 5382 audent
1365 5326 1603 5396 objicere
1633 5345 1736 5384 non
1769 5344 1989 5399 perspe-

388 5430 504 5477 ctas
548 5420 614 5475 ab
657 5422 1009 5491 iis,quorum
1058 5422 1189 5479 nihil
1224 5441 1475 5495 umquam
1522 5427 1688 5497 magis
1734 5428 1992 5486 interesse

389 5524 621 5587 poterat,
655 5515 866 5570 illorum
910 5519 1294 5575 miraculorum
1336 5522 1764 5578 circumstantias
1785 5566 1800 5590 ,
1833 5536 1994 5598 atque

390 5606 691 5662 incredibili
717 5624 935 5678 prorsus
958 5612 1293 5675 credulitate,
1329 5614 1393 5669 iis
1410 5630 1701 5686 numquam
1724 5619 1995 5673 examina~

393 5700 483 5766 tis,
516 5700 827 5756 christiana:
865 5702 1114 5773 religioni
1147 5704 1288 5761 haud
1330 5707 1541 5764 incerto
1594 5709 1716 5763 vitae
1756 5711 1993 5779 periculo

392 5804 548 5844 suum
568 5794 811 5863 protinus
835 5794 1050 5850 dedisse
1079 5797 1308 5851 nomen?
1335 5797 1443 5853 Sed
1472 5798 1523 5852 in
1556 5796 1863 5854 relellendis
1886 5812 1991 5857 tam

391 5885 639 5943 absurdis
662 5888 979 5959 Opiniouum
1001 5891 1326 5947 commentis
1357 5892 1562 5949 diutius
1579 5891 1801 5958 morari,
1821 5891 1994 5950 homi-

2091 4765 2233 4820 hattd
2255 4765 2415 4821 dubie
2441 4781 2650 4836 poenas,
2675 4780 2808 4836 quas
2833 4766 3010 4823 nullus
3033 4766 3377 4835 quantumvis
3405 4764 3690 4833 barbarus,

2090 4875 2153 4915 ac
2182 4861 2349 4927 ferus,
2379 4863 2663 4933 omnisque
2699 4860 3050 4916 humanitatis
3084 4875 3281 4930 expers
3310 4858 3475 4915 homo
3506 4860 3695 4917 hacte-

2093 4968 2192 5009 nus
2216 4956 2522 5026 excogitare
2551 4967 2605 5009 et
2637 4954 2840 5026 lingere
2871 4964 3142 5025 potuerat.

2185 5048 2367 5121 Neque
2418 5065 2542 5105 raro
2603 5050 2855 5119 quidem.
2906 5048 3001 5103 sed
3054 5048 3354 5118 sa'pissime
3404 5046 3695 5105 dirissimis

2092 5144 2422 5215 ejuscemodi
2458 5146 2788 5201 cruciatibus
2840 5154 3057 5199 vexatos
3085 5184 3099 5209 ,
3152 5151 3478 5212 necatosque
3526 5141 3698 5201 fuisse

2093 5240 2420 5295 christianos
2448 5239 2533 5294 his
2579 5250 2767 5295 auctor
2815 5249 2998 5294 noster
3048 5237 3188 5293 haud
3228 5236 3475 5293 obscuris
3513 5238 3700 5293 verbis

2093 5332 2403 5403 signiﬁcat:
2445 5352 2463 5386 ι
2502 5334 2557 5387 Si
2591 5331 2817 5387 totidem
2847 5348 2945 5387 nos
2979 5331 3174 5398 modis,
3205 5330 3533 5401 totidemque
3564 5344 3697 5388 sen-

2095 5426 2297 5493 tentiis,
2332 5445 2352 5479 i
2386 5437 2547 5498 atque
2576 5428 2793 5497 ipsimct
2814 5426 3055 5493 Ethnici,
3090 5445 3108 5477 ι
3135 5426 3361 5480 deorum
3392 5434 3697 5481 vestrorum

2097 5520 2484 5574 subrueremus
2524 5520 2716 5585 iidem;
2747 5518 2879 5573 nulli
2919 5528 3059 5572 esset
3098 5517 3319 5572 dubium
3357 5516 3486 5586 quin
3531 5516 3611 5570 ira
3643 5528 3701 5572 et

2098 5612 2249 5667 rabie
2294 5612 2583 5677 concitati,
2616 5612 2801 5682 ignes,
2853 5612 2992 5667 feras
3024 5620 3079 5665 et
3121 5608 3357 5680 gladios,
3386 5617 3549 5678 atque
3592 5608 3699 5664 alia

2097 5706 2441 5778 postularetis
2468 5706 2855 5776 suppliciorum
2880 5706 2931 5759 in
2965 5719 3062 5759 nos
3087 5717 3308 5774 genera,
3336 5700 3535 5769 quibus
3552 5699 3699 5754 sitim

2096 5800 2284 5855 soletis
2300 5808 2534 5855 vestram
2554 5798 2723 5854 nostri
2740 5798 3016 5867 sanguinis
3035 5794 3367 5868 appetitione
3393 5792 3645 5864 proluere
3676 5811 3697 5845 ›

2095 5892 2333 5965 (Idem,
2360 5894 2450 5949 lib.
2486 5911 2567 5959 tu,
2594 5910 2715 5963 pag.
2751 5892 2937 5956 1221).
