3918 6360
241 364 332 421 417

1492 358 1559 415 IN
1590 354 1972 423 ARNOBIUM,
2013 357 2168 413 CAP.
2207 356 2294 413 IV.

3419 360 3524 415 418

305 482 377 536 Ex
417 479 513 534 hoc
551 487 730 535 autem
770 477 858 534 vel
897 477 1018 535 solo
1044 474 1266 534 Arnobii
1301 475 1468 533 nostri
1501 475 1808 531 testimonio
1837 481 1885 542 Α
1916 471 2056 538 Deo,
2086 489 2273 529 eorum
2304 482 2480 529 tantas
2508 475 2815 530 animorum
2851 474 2962 530 ﬁeri
2999 475 3430 542 conversiones;
3465 485 3526 532 ut

243 573 381 629 facile
427 573 640 644 colliges
692 584 893 643 quanta
950 570 1109 626 fuerit
1161 570 1302 623 illius
1345 568 1519 623 adhuc
1567 579 1811 638 tempore

244 677 516 738 martyrum
559 665 866 721 multitudo.
898 664 1052 734 Quod
1103 664 1318 734 quidem
1360 661 1482 718 ideo
1513 661 1686 716 obiter
1715 676 1811 714 no-

245 768 418 826 tamus,
449 769 687 829 utquam
719 758 855 814 falsa
886 759 955 814 sit
983 758 1052 814 de
1086 771 1274 814 eorum
1317 758 1587 828 paucitate
1625 756 1810 826 opinio

243 865 411 907 omnes
436 852 751 923 intelligant.

301 943 399 998 Sed
438 943 699 1014 agedum,
727 952 892 1014 atque
914 942 1210 1000 Arnobium
1242 951 1484 999 nostrum
1511 941 1689 997 adhuc
1714 956 1809 995 au-

241 1034 458 1100 diamus,
505 1036 574 1092 de
600 1037 893 1106 cujuslibet
939 1035 1298 1102 conditionis,
1331 1035 1503 1090 aetatis
1546 1050 1611 1090 ac
1649 1048 1811 1088 sexus

241 1128 540 1200 martyribus
585 1128 983 1185 disserentem:
1035 1147 1054 1182 ι
1088 1129 1170 1185 Ab
1212 1128 1446 1184 dominis
1472 1169 1486 1192 ,
1524 1146 1544 1179 ι
1597 1126 1811 1198 ait,ille

242 1220 433 1291 (Idem,
457 1221 547 1278 lib.
571 1238 630 1285 tt,
656 1240 776 1294 pag.
801 1223 872 1278 44
894 1232 940 1277 et
967 1221 1152 1295 καφ).
1178 1241 1198 1275 ι
1227 1238 1287 1278 se
1314 1222 1457 1277 servi
1481 1220 1813 1276 cruciatibus

239 1314 363 1372 afﬁci
383 1358 396 1380 ,
422 1317 617 1387 quibus
645 1318 951 1384 statuerint,
982 1318 1206 1384 malunt,
1247 1316 1384 1372 solvi
1412 1316 1672 1386 conjuges
1697 1329 1812 1368 ma-

241 1407 502 1477 trimoniis,
521 1409 860 1466 exbaeredari
881 1426 911 1465 a
931 1409 1247 1481 parentibus
1270 1409 1447 1477 liberi,
1464 1425 1623 1480 quam
1649 1407 1812 1464 ﬁdem

237 1516 464 1573 rumpere
490 1502 862 1570 christianam,
882 1514 938 1558 et
959 1502 1214 1559 salutaris
1239 1502 1445 1557 militiae
1472 1509 1812 1556 sacramenta

238 1592 505 1663 deponere.
545 1613 564 1646 ι
599 1594 830 1650 Tantum
876 1606 1056 1651 autem
1101 1594 1284 1660 abest,
1317 1602 1375 1648 ut
1419 1602 1499 1648 tot
1546 1593 1813 1663 tantisque

235 1687 535 1744 cruciatibus
559 1687 764 1744 ethnici
791 1687 1209 1744 christianorum
1258 1687 1419 1743 ﬁdem
1449 1685 1812 1742 labefactave-

233 1781 354 1845 rint;
379 1781 498 1852 quin
532 1783 708 1852 potius
750 1782 839 1837 illa
871 1781 1089 1838 altiores
1111 1796 1347 1853 semper,
1375 1781 1618 1837 Arnobio
1648 1789 1806 1849 teste,

1914 580 2037 618 cum
2080 567 2397 634 carnifices,
2452 567 2608 635 unci,
2659 567 2857 638 aliique
2907 568 3177 622 innumeri
3223 567 3520 634 cruciatus,

1915 659 2368 728 quemadmodum
2397 660 2654 724 diximus,
2685 659 3032 730 impendeant
3069 659 3360 715 creditoris
3381 701 3396 722 ,
3425 675 3520 714 ve-

1913 748 2006 802 luti
2074 751 2304 821 quadam
2363 751 2687 816 dulcedine,
2750 762 2911 822 atque
2967 749 3206 806 omnium
3265 751 3522 806 virtutum

1912 854 2099 896 amore
2142 843 2408 912 correpti,
2441 843 2686 914 cognitas
2728 842 2998 913 accipiant
3044 842 3314 908 rationes,
3356 852 3522 912 atque

1913 934 2099 989 mundi
2125 937 2379 992 omnibus
2407 936 2570 992 rebus
2601 945 2916 1006 prmponant
2941 935 3208 992 amicitias
3227 933 3470 990 Christi?
3498 957 3517 986 ι

1913 1026 2050 1093 Tot,
2084 1031 2176 1086 ille
2201 1036 2312 1097 ait,
2344 1041 2560 1102 tamque
2588 1031 2802 1088 diversa
2831 1029 3376 1102 exquisitissimarum
3401 1071 3417 1094 ,
3460 1043 3525 1084 ac

1913 1121 2088 1179 ferme
2136 1126 2536 1182 incredibilium
2589 1142 2870 1197 pinnarum
2917 1140 3149 1196 genera,
3181 1123 3250 1180 ab
3291 1123 3525 1180 inﬁrmis

1914 1217 2159 1289 adeoque
2191 1217 2396 1290 fragilis
2425 1230 2632 1276 natura:
2660 1219 2793 1274 viris
2823 1230 2879 1275 et
2907 1216 3232 1273 mulieribus
3279 1215 3480 1271 tamdiu
3505 1256 3522 1283 ,

1916 1321 2172 1380 tantaque
2189 1316 2356 1370 animi
2375 1314 2714 1380 fortitudine,
2733 1314 2919 1370 divino
2939 1314 3061 1369 sine
3072 1311 3278 1369 auxilio
3301 1309 3524 1367 tolerari

1914 1422 2022 1464 non
2051 1419 2362 1478 potuerunt.

1986 1501 2318 1573 Prmceptori
2341 1519 2441 1561 suo
2460 1503 2639 1559 adhuc
2658 1502 2989 1574 suffragatur
3005 1503 3248 1575 proxime
3276 1499 3524 1578 laudatus

1913 1607 1943 1647 a
1975 1595 2130 1650 nobis
2171 1595 2483 1652 Lactantius
2518 1615 2531 1650 :
2566 1614 2586 1648 ι
2621 1595 2756 1651 Nam
2779 1611 2903 1651 cum
2932 1594 3114 1651 videat
3135 1593 3326 1665 vulgus
3347 1633 3363 1657 ,
3393 1611 3414 1645 i
3448 1591 3527 1647 ait

1915 1687 2026 1753 ille,
2067 1707 2086 1741 ε
2124 1689 2412 1747 dilacerari
2445 1691 2696 1760 homines
2729 1691 2896 1747 variis
2925 1699 3322 1747 tormentorum
3351 1701 3522 1759 gene-

1913 1782 2085 1844 ribus.
2118 1793 2174 1837 et
2217 1783 2359 1839 inter
2406 1782 2660 1855 fatigatos
2705 1783 2992 1840 carniﬁces
3038 1783 3293 1838 invictam
3337 1791 3526 1838 tenere

235 1873 384 1943 egerit
406 1875 637 1945 radices,
668 1890 733 1931 ac
760 1874 966 1932 ﬁrmius
997 1876 1255 1941 stabilita,
1287 1892 1410 1932 cum
1437 1875 1630 1946 majori
1661 1891 1807 1931 mar-
1838 1885 1886 1946 Β
1914 1873 2251 1944 patientiam,
2285 1877 2600 1932 existimant
2641 1876 2696 1932 id
2736 1877 2880 1948 quod
2909 1892 2999 1932 res
3022 1884 3129 1942 est,
3160 1867 3261 1930 nec
3284 1888 3523 1929 consen-

234 1973 390 2037 tyrum
438 1985 697 2037 numero,
728 1973 896 2042 magis
936 1986 1156 2042 semper
1184 1971 1440 2028 creverit.
1469 1971 1810 2041 Quapmpter

233 2055 359 2116 hunc
383 2061 469 2119 ille
497 2066 672 2134 pergit
698 2063 749 2117 in
781 2064 1000 2121 modum
1027 2083 1040 2118 :
1078 2085 1096 2116 ι
1131 2057 1266 2121 Cum
1295 2080 1492 2136 genera
1525 2080 1807 2136 poenarum

235 2159 363 2208 tanta
398 2157 497 2210 sint
531 2171 562 2210 a
592 2157 746 2211 vobis
775 2161 1051 2230 proposita
1081 2159 1359 2229 religionis
1391 2157 1551 2228 hujus
1579 2173 1808 2230 sequen-

233 2244 355 2300 tibus
381 2247 545 2318 leges,
575 2262 835 2321 augeatur
861 2264 950 2305 res
979 2250 1173 2322 magis,
1202 2261 1257 2306 et
1282 2261 1469 2306 contra
1493 2267 1684 2308 omnes
1711 2252 1808 2307 titi-

232 2356 336 2407 nas,
365 2353 522 2415 atque
548 2346 835 2400 interdicta
866 2344 1212 2402 formidinum
1256 2347 1554 2402 animosius
1582 2349 1806 2420 populus

231 2436 505 2506 obnitatur,
536 2451 594 2496 et
619 2441 685 2495 ad
717 2441 970 2498 credendi
1011 2442 1248 2499 studium
1289 2443 1665 2515 prohibitionis
1704 2447 1804 2500 sti-

230 2533 369 2588 mulis
391 2536 676 2590 excitetur.
719 2555 738 2590 ι
775 2535 794 2599 (
816 2535 980 2602 Idem,
1016 2555 1137 2610 pag.
1162 2537 1286 2610 45.)

287 2625 457 2698 Neque
481 2639 564 2684 est
596 2628 858 2698 profecto,
889 2631 1032 2701 quod
1062 2633 1184 2702 quis
1210 2634 1518 2705 suspicetur
1548 2635 1599 2689 id
1622 2635 1690 2691 ab
1709 2637 1805 2692 illo

227 2727 410 2776 temere
435 2729 489 2776 et
521 2721 664 2776 falso
690 2720 920 2788 dictum,
955 2734 1045 2778 aut
1077 2725 1238 2780 nimis
1260 2738 1659 2798 exaggeratam.
1684 2729 1803 2785 Non

224 2815 380 2869 minus
422 2815 627 2871 etenim
670 2815 973 2874 luculenter
1001 2818 1366 2876 Tertullianus
1399 2840 1413 2876 :
1451 2841 1470 2874 ‹
1504 2822 1615 2878 Nec
1640 2824 1802 2894 quid-

223 2925 383 2979 quam,
416 2930 436 2964 ι
466 2912 564 2977 ait,
603 2930 624 2963 ι
659 2913 870 2982 proficit
912 2914 1230 2984 exquisitior
1260 2932 1485 2988 qumque
1510 2917 1802 2975 crudelitas

223 3014 416 3070 vestra;
445 3004 702 3060 illecebra
744 3015 826 3061 est
863 3009 1034 3078 magis
1075 3018 1262 3064 sectae.
1293 3008 1483 3066 Plures
1509 3012 1797 3081 efﬁcimur,

221 3096 410 3166 quoties
435 3101 693 3155 metimur
717 3114 747 3153 a
770 3099 924 3156 vobis
945 3115 958 3153 :
979 3117 1166 3158 semen
1194 3113 1278 3159 est
1303 3105 1523 3174 sanguis
1551 3106 1800 3161 christia-

220 3203 510 3248 norum.....
554 3191 667 3249 Nec
710 3202 887 3248 tantos
931 3195 1212 3250 inveniunt
1240 3196 1401 3252 verba
1431 3207 1608 3252 vestra
1637 3198 1798 3254 disci-

1913 1981 2032 2023 sum
2062 1977 2173 2024 tam
2203 1969 2518 2036 multorum,
2551 1985 2654 2026 nec
2677 1970 3144 2041 perseverantiam
3175 1966 3522 2023 morientium

1913 2074 2106 2114 vanam
2134 2075 2281 2126 esse,
2301 2077 2403 2118 nec
2430 2063 2601 2132 ipsam
2626 2063 2943 2133 patientiam
2967 2062 3087 2116 sine
3113 2060 3224 2116 Deo
3250 2058 3524 2115 cruciatus

1912 2161 2094 2210 tantos
2141 2169 2301 2224 posse
2342 2159 2615 2211 sustinere
2651 2174 2670 2209 ι
2707 2155 2988 2226 (Lactant.
3011 2197 3027 2222 ,
3058 2153 3147 2208 lib.
3181 2170 3235 2222 v,
3277 2169 3395 2224 cap.
3429 2152 3521 2218 l5,

1911 2263 2034 2318 pag.
2079 2246 2246 2318 495).
2298 2247 2464 2303 Vides
2493 2249 2676 2319 itaque
2705 2263 2863 2319 quam
2897 2247 3102 2303 diserte
3133 2247 3224 2303 ille
3253 2256 3377 2318 past
3417 2247 3519 2300 Ar-

1911 2341 2131 2397 nobium
2165 2350 2414 2397 nostrum
2435 2384 2450 2407 ,
2481 2358 2545 2398 ac
2572 2342 2798 2399 citatum
2826 2357 2856 2396 a
2887 2341 3044 2397 nobis
3069 2340 3201 2396 alibi
3230 2338 3521 2395 Minucium

1910 2431 2145 2489 Felicem
2181 2432 2442 2506 (Dium.
2482 2436 2534 2489 in
2576 2434 2803 2498 Minoa,
2834 2451 2951 2503 cap.
2983 2449 3060 2497 vr,
3095 2443 3198 2489 art.
3221 2429 3337 2503 5.),
3367 2445 3520 2486 asse-

1909 2536 2061 2582 veret
2097 2527 2412 2598 inspiratam
2459 2528 2528 2583 ab
2575 2529 2811 2598 ipsomet
2861 2529 2971 2585 Deo
3018 2528 3166 2583 illam
3214 2526 3520 2583 mirabilem

1909 2633 2134 2688 prorsus
2181 2628 2480 2692 martyrum
2523 2620 2861 2690 patientiam.
2891 2619 3054 2688 Atqui
3090 2621 3228 2674 Deus
3257 2618 3396 2674 hanc
3434 2619 3520 2673 di-

1907 2713 2088 2768 vinam
2118 2729 2271 2768 suam
2305 2729 2488 2784 opem,
2522 2726 2576 2769 et
2613 2713 2873 2768 auxilium
2917 2712 3410 2768 extraordinarium
3455 2713 3521 2767 iis

1908 2809 2115 2856 tantum
2144 2801 2360 2856 confert
2380 2841 2396 2866 ,
2429 2801 2520 2869 qui
2549 2816 2678 2856 vero
2708 2801 2826 2870 ejus
2856 2800 3062 2866 cultui,
3106 2815 3359 2870 verasque
3386 2798 3518 2853 reli-

1905 2895 2052 2967 gioni
2105 2896 2400 2965 mancipati
2450 2905 2606 2962 sunt,
2649 2910 2756 2950 non
2797 2904 2978 2950 autem
3022 2894 3180 2960 aliis,
3228 2894 3319 2966 qui
3369 2893 3517 2949 illum

1903 2998 2192 3058 spernunt,
2225 2989 2522 3059 repellunt.
2548 2997 2605 3044 et
2628 2989 2677 3044 ei
2710 3004 2929 3058 semper
2953 2988 3339 3044 adversantur.
3368 2987 3519 3044 Alias

1904 3086 2185 3142 enimvero
2216 3085 2308 3141 ille
2348 3085 2450 3141 sibi
2494 3084 2596 3155 ipsi
2629 3085 2941 3140 contrarius
2972 3093 3137 3140 esset.
3170 3082 3515 3138 Christiano-

1904 3194 2024 3234 rum
2057 3194 2225 3250 ergo,
2264 3179 2391 3249 qui,
2429 3178 2538 3233 Deo
2583 3179 2916 3248 opitulante,
2949 3184 3030 3232 tot
3075 3185 3371 3248 tantaque,
3418 3193 3517 3246 pro

219 3287 382 3356 pulos,
421 3296 655 3358 quantos
696 3289 981 3344 christiani
1030 3287 1188 3345 factis
1230 3290 1495 3346 docendo.
1548 3291 1639 3345 llla
1682 3293 1794 3360 ipsa

1912 3272 2102 3328 tuenda
2150 3287 2264 3328 sua:
2311 3271 2589 3344 religionis
2637 3270 3015 3339 professione,
3051 3279 3158 3325 tam
3200 3281 3516 3326 enn'stanter

217 3378 506 3445 obstinatio,
524 3395 686 3450 quam
711 3383 1073 3451 exprobratis,
1097 3384 1349 3455 magistra
1375 3393 1478 3440 est.
1501 3383 1631 3453 Quis
1652 3386 1794 3441 enim

217 3486 308 3526 non
333 3474 792 3545 contemplatione
819 3477 938 3542 ejus
964 3478 1271 3533 concutitur
1307 3477 1374 3533 ad
1413 3479 1793 3549 requirendum

217 3565 324 3634 quid
350 3566 488 3622 intus
513 3570 567 3623 in
592 3583 652 3623 re
678 3567 933 3636 sut?Quis
957 3586 1087 3634 non,
1109 3571 1198 3625 ubi
1227 3570 1526 3642 requisivit,
1555 3574 1793 3642 accedit;

216 3658 290 3713 ubi
333 3665 594 3729 accessit,
651 3663 759 3732 pati
807 3673 1030 3733 exaptat
1079 3664 1450 3736 (Tertullian.,
1499 3667 1793 3740 Apologet.,

217 3767 316 3820 cap.
336 3753 401 3808 50
429 3753 486 3826 )‘f
507 3754 683 3810 Nemo
712 3766 890 3810 autem
919 3757 971 3812 id
1006 3758 1128 3828 ipsi,
1163 3774 1352 3829 parum
1381 3771 1582 3817 attenta
1615 3776 1798 3821 mente

214 3847 485 3916 scribenti,
535 3849 806 3906 excidisse
853 3861 1025 3921 putet.
1071 3852 1192 3907 Alio
1239 3854 1504 3928 siquidem
1553 3855 1605 3910 in
1659 3849 1796 3912 libro

215 3940 376 3997 eadem
407 3947 606 4016 repetit
633 3963 646 4000 :
684 3962 703 3996 ‹
735 3943 848 4000 Nec
875 3945 1087 4002 deﬁciet
1127 3947 1242 4004 haec
1282 3959 1451 4017 secta,
1479 3965 1638 4019 quam
1673 3960 1796 4007 tunc

214 4039 361 4106 magis
409 4040 666 4095 mdilicari
715 4041 879 4108 scias,
927 4058 1049 4098 cum
1098 4043 1231 4098 caedi
1281 4043 1513 4101 videtur.
1560 4046 1796 4118 Quisque

214 4131 335 4183 enim
367 4141 566 4187 tantam
598 4134 942 4190 tolerantiam
974 4147 1249 4206 spectans,
1270 4147 1326 4192 ut
1346 4139 1524 4209 aliquo
1542 4141 1798 4210 scrupulo

213 4236 500 4290 percussus,
531 4237 583 4281 et
617 4228 891 4298 inquirere
931 4231 1243 4286 accenditur
1278 4231 1404 4303 quid
1431 4234 1502 4287 sit
1529 4234 1579 4288 in
1611 4250 1794 4302 causa,

213 4327 258 4370 et
280 4319 363 4374 ubi
389 4323 709 4392 cognoverit
741 4324 1045 4387 veritatem.
1067 4335 1119 4379 et
1142 4324 1258 4395 ipse
1279 4327 1458 4380 statim
1481 4330 1744 4398 sequitur.
1772 4347 1791 4380 ›

215 4409 427 4480 (Idem.,
464 4414 586 4470 libr.
615 4416 686 4469 ad
717 4417 957 4487 Scapul..
991 4437 1106 4491 cap.
1138 4420 1226 4491 5).
1261 4419 1365 4476 Sed
1398 4421 1466 4477 de
1496 4423 1576 4477 his
1607 4422 1794 4488 fusius,

213 4505 290 4560 ubi
312 4507 378 4564 de
407 4521 641 4581 utroque
670 4511 763 4565 illo
792 4511 1110 4567 Tertulliani
1142 4513 1279 4567 libro
1298 4558 1312 4580 ,
1342 4514 1758 4586 disputabimus.

273 4602 464 4660 Eadem
495 4606 970 4676 argumentatiooe
997 4618 1050 4662 et
1082 4607 1191 4662 Leo
1218 4607 1458 4679 Magnus,
1495 4617 1546 4663 et
1576 4610 1666 4663 alii
1700 4625 1799 4664 no-

1899 3365 2044 3436 passi
2077 3373 2223 3431 sunt,
2254 3380 2418 3420 verus
2447 3373 2744 3434 gratusque
2769 3374 2888 3420 erat
2923 3363 3032 3419 Deo
3063 3363 3262 3430 cultus,
3291 3379 3355 3419 ac
3386 3379 3513 3418 vera

1899 3456 2062 3512 etiam
2087 3473 2301 3523 eorum,
2317 3455 2780 3530 quemadmodum
2799 3455 2935 3514 falsa
2953 3456 3301 3514 ethnicorum
3320 3457 3514 3528 religio

1899 3564 2022 3607 esse
2048 3549 2306 3608 debebat.

2513 3703 2806 3744 ARTICULUS
2844 3704 2902 3743 ιι.

1900 3819 2152 3884 Quomodo
2177 3818 2424 3884 Arnobius
2446 3821 2724 3871 christiana:
2767 3821 3025 3884 religionis
3050 3823 3315 3876 veritatem
3352 3826 3515 3879 adhuc

1965 3883 2180 3949 vindicet
2222 3896 2282 3949 εχ
2324 3882 2472 3949 illius
2492 3884 2714 3949 doctrina
2736 3920 2752 3944 ,
2787 3882 3165 3937 abdnnnmeris
3199 3887 3477 3943 hominibus
3498 3930 3512 3949 ,

1960 3946 2165 4010 deorum
2189 3945 2342 3996 cultui
2369 3947 2592 4006 addictis,
2621 3960 2714 4010 per
2746 3955 2908 3998 totum
2947 3957 3195 4001 terrarum
3217 3957 3391 4004 orbem
3424 3945 3513 4004 ce;

1962 4005 2168 4058 lerrime
2194 4015 2446 4073 suscepta.

1972 4137 2269 4196 Veritatem
2319 4139 2632 4196 christiana:
2678 4140 2963 4212 religionis
3017 4142 3292 4200 Arnobius
3340 4146 3501 4202 tertio

1900 4243 2242 4302 argumento,
2275 4249 2340 4289 ex
2374 4234 2543 4304 ipsius
2580 4233 2826 4290 doctrina
2847 4275 2863 4302 ,
2894 4251 2956 4290 ac
2980 4238 3385 4308 promptissima
3413 4242 3514 4296 mi-

1902 4340 2070 4396 raque
2098 4325 2244 4382 illius
2271 4344 2366 4396 per
2392 4329 2674 4384 universas
2704 4329 2855 4384 orbis
2889 4338 3045 4385 terra:
3068 4342 3250 4402 partes
3270 4376 3283 4398 ,
3317 4351 3513 4406 propa-

1902 4419 2120 4490 gatione
2140 4420 2329 4489 petito,
2351 4422 2782 4479 luculentissime
2808 4423 3167 4480 demonstrat.
3189 4428 3320 4495 Qua:
3341 4430 3506 4496 enim,

1903 4510 1979 4565 ait
2007 4511 2129 4573 ille.
2162 4521 2245 4566 est
2271 4513 2389 4584 ejus
2419 4513 2708 4569 doctrina?
2742 4519 2909 4572 Docet
2937 4534 3101 4572 unum
3135 4523 3512 4577 tantummodo

1904 4620 2026 4660 esse
2054 4607 2242 4672 Deum,
2274 4606 2523 4678 huncque
2549 4625 2823 4665 summum
2853 4627 3033 4666 rerum
3063 4616 3306 4669 omnium
3335 4615 3509 4670 domi-

215 4695 293 4749 stri
350 4700 648 4769 scriptores
695 4701 1005 4756 Christianae
1050 4701 1326 4771 religionis
1369 4701 1679 4769 veritatem,
1725 4704 1800 4757 uti
1830 4696 1883 4756 D
1911 4714 2036 4753 num
2072 4708 2126 4752 et
2167 4699 2503 4769 principem,
2550 4712 2711 4774 atque
2760 4704 2966 4761 idcirco
3009 4709 3178 4760 nostri
3229 4707 3512 4763 dumtaxat

214 4804 354 4846 nemo
422 4795 634 4857 nescit,
693 4793 1097 4849 evidentissime
1154 4794 1594 4850 demonswarnut
1648 4795 1795 4864 (Leo

216 4878 574 4954 Magn.,serm.
596 4885 713 4951 t,de
731 4885 836 4940 SS.
860 4885 1001 4940 Petr.
1022 4898 1068 4940 et
1103 4885 1256 4941 Paul.
1275 4886 1317 4958 ).
1350 4887 1420 4942 At
1453 4904 1558 4958 prae
1585 4891 1797 4945 caeteris

216 4974 539 5042 Lactantius,
592 4980 816 5035 Arnobii
867 4983 1033 5035 nostri
1081 4982 1411 5052 discipulus,
1445 4999 1564 5037 eam
1610 4994 1794 5040 eontra

217 5066 457 5127 Ethnicos
491 5083 746 5141 urget,ac
777 5074 1020 5142 qumdam
1052 5077 1364 5132 eorumdeui
1395 5076 1673 5146 gentilium
1702 5080 1796 5134 ob-

214 5160 357 5228 jecta,
389 5168 588 5234 quibus
619 5167 761 5221 illius
789 5167 893 5220 vim
925 5177 978 5221 et
1004 5169 1168 5222 robur
1208 5169 1483 5225 infirmare
1521 5171 1794 5226 conaban-

219 5261 317 5316 tur,
349 5257 535 5323 diluit,
565 5274 628 5313 ac
659 5259 1112 5328 quemadmodum
1156 5278 1257 5316 suo
1298 5263 1418 5317 loco
1459 5264 1798 5332 videbimus,

217 5350 412 5417 penitus
441 5352 705 5408 subvertit
728 5354 746 5424 (
768 5353 1025 5422 Laclaul.,
1062 5357 1151 5410 lib.
1185 5373 1240 5422 ν,
1273 5357 1336 5412 de
1367 5357 1520 5427 Insl.,
1554 5377 1670 5432 cap.
1707 5362 1792 5428 l5,

219 5458 324 5512 pag.
355 5446 483 5511 494,
512 5459 560 5502 et
586 5465 702 5516 cap.
747 5449 829 5510 l9,
860 5467 979 5521 pag.
1012 5450 1187 5523 518.).

278 5536 423 5596 Nunc
443 5544 620 5614 itaque
640 5559 798 5610 quam
819 5545 1220 5602 conclusionem
1247 5547 1369 5603 inde
1397 5549 1576 5603 eliciat
1599 5553 1800 5606 Auctor

221 5642 406 5698 noster,
441 5636 483 5691 si
518 5639 687 5702 lubet,
723 5639 1092 5708 expendamus
1124 5660 1135 5694 :
1175 5662 1191 5693 ι
1227 5642 1531 5713 Numquid,
1572 5665 1588 5696 ι
1631 5646 1803 5713 inquit

220 5722 456 5796 (Arnob,
483 5731 571 5784 lib.
601 5749 658 5792 ll,
691 5749 812 5803 pag.
846 5732 917 5787 45
937 5734 974 5799 ),
1036 5752 1054 5784 ε
1091 5734 1204 5787 haec
1233 5734 1349 5790 fieri
1380 5736 1576 5804 passim
1607 5746 1660 5791 et
1685 5737 1800 5790 ina~

221 5815 346 5874 aiter
372 5823 626 5880 creditis?
653 5824 923 5881 Fortuitis
956 5825 1259 5881 incursibus
1297 5831 1499 5883 assumi
1532 5829 1629 5885 has
1653 5847 1804 5886 men-

223 5914 320 5971 tes?
348 5915 492 5978 Itane
519 5921 662 5981 istud
690 5937 807 5981 non
832 5920 1076 5979 divinum
1106 5936 1161 5980 et
1183 5938 1398 5982 sacrum
1429 5935 1536 5993 est,
1567 5935 1659 5982 aut
1688 5929 1805 5984 sine

1905 4806 2067 4846 causa
2096 4792 2358 4846 orandum
2389 4803 2441 4848 et
2475 4795 2831 4851 adorandum.
2863 4799 3031 4855 Docet
3059 4800 3190 4854 nihil
3222 4803 3290 4856 ab
3320 4821 3385 4856 eo
3416 4804 3510 4857 de-

1908 4884 2238 4955 poscendum
2267 4927 2282 4953 ,
2317 4886 2417 4940 nisi
2442 4891 2649 4957 justum
2673 4932 2687 4954 ,
2735 4891 3021 4946 honestum
3044 4936 3058 4959 ,
3091 4902 3146 4947 et
3182 4895 3365 4948 auditu
3395 4896 3512 4966 ejus

1905 4981 2146 5051 dignum.
2205 4983 2369 5037 Docet
2415 4983 2545 5038 nihil
2588 4985 2935 5041 tribuendqu
2984 4988 3178 5057 iniqua:
3226 4989 3508 5044 hominum

1906 5075 2180 5143 Cupiditati
2215 5085 2269 5132 et
2299 5076 2548 5142 libidini,
2597 5079 2692 5135 sed
2726 5083 2940 5152 utrique
2986 5099 3204 5152 semper
3240 5085 3510 5140 obsisten-

1902 5169 2065 5230 dum;
2106 5170 2341 5225 dandam
2377 5172 2698 5228 innocentim
2725 5190 2791 5229 ac
2822 5191 3032 5229 morum
3075 5176 3366 5246 integritati
3402 5178 3507 5232 ulla

1901 5281 2155 5337 umquam
2213 5268 2330 5323 sine
2388 5267 2797 5326 intermissione
2847 5287 3111 5342 operam,
3178 5288 3386 5342 nosque
3441 5273 3508 5328 ab

1903 5359 2049 5415 omni
2083 5361 2200 5415 labe
2228 5361 2550 5417 delictorum
2584 5365 2824 5418 omnium
2858 5367 3228 5435 amputatione
3272 5383 3505 5436 purgan-

1902 5453 2040 5508 dos:
2079 5473 2096 5504 ‹
2131 5453 2278 5507 Nihil
2304 5469 2492 5509 sumus
2519 5456 2662 5510 aliud
2690 5458 2994 5521 christiani,
3033 5478 3051 5510 ›
3086 5460 3310 5513 Arnobii
3342 5463 3506 5516 verba

1905 5558 2057 5615 sunt,
2095 5567 2113 5599 ‹
2150 5550 2250 5602 nisi
2284 5551 2542 5619 magistro
2570 5550 2821 5618 Christo,
2855 5556 3048 5607 summi
3080 5555 3224 5625 regis
3263 5571 3324 5610 ac
3362 5557 3506 5627 prin—

1905 5643 2038 5713 cipis
2077 5655 2454 5714 veneratores,
2505 5647 2669 5714 nihil,
2713 5650 2758 5703 si
2790 5648 3139 5718 consideres,
3176 5652 3316 5705 aliud
3350 5652 3505 5708 inve-

1908 5739 2021 5792 nies
2053 5739 2107 5792 in
2138 5739 2235 5793 ista
2270 5739 2535 5810 religione
2556 5743 2780 5797 versari.
2829 5743 2956 5799 llmc
2986 5747 3149 5798 totius
3180 5761 3390 5799 summa
3419 5762 3508 5800 ac—

1908 5831 2066 5886 tionis
2093 5875 2108 5897 ,
2154 5832 2240 5888 hic
2289 5835 2601 5904 propositus
2645 5837 2908 5893 terminus
2945 5837 3251 5893 divinorum
3305 5837 3510 5894 ofﬁcio-

1909 5944 2058 5997 rum,
2087 5928 2174 5988 hic
2203 5930 2344 5990 finis.
2389 5929 2525 5988 Huic
2569 5949 2759 5990 omnes
2797 5949 2863 5992 ex
2891 5950 3044 5993 more
3075 5934 3508 6007 prosternimur,
