3918 6372
335 380 438 439 “9

1578 355 2022 422 DlSSERTATlO
2049 353 2327 413 PREVIA

3525 336 3642 394 «£20

339 497 480 552 hunc
525 492 742 551 collatis
771 489 1023 563 precibus
1062 487 1352 543 adoramus
1378 527 1392 552 ,
1435 484 1502 538 ab
1531 481 1633 536 hoc
1661 480 1806 551 jusla
1828 521 1841 541 ,
1883 484 1936 531 et
1963 477 2015 538 Α
2041 471 2252 544 prmditi
2287 480 2551 535 oratores,
2584 464 2941 538 grammatici,
2976 463 3248 530 rhetores,
3280 459 3516 554 consulti
3538 459 3632 529 ju-

338 589 600 656 honesta,
633 597 687 642 et
715 585 899 642 auditu
945 585 1060 652 ejus
1102 583 1366 651 condigna
1409 575 1770 646 deposcimus.
1814 571 1929 628 Non

337 682 483 753 quod
532 683 648 753 ipse
694 680 960 735 desideret
1007 677 1276 746 supplices
1308 687 1406 728 nos
1452 684 1612 736 esse,
1655 679 1742 722 aut
1789 673 1932 721 amet

339 777 609 832 substerni
639 818 652 838 .
691 783 746 829 et
793 773 919 842 (sive
961 770 1100 841 aut)
1152 779 1229 823 tot
1268 766 1494 822 millium
1529 762 1932 818 venerationem

340 871 545 926 videre.
575 866 788 924 Utilitas
833 863 951 919 hate
995 872 1173 916 nostra
1208 868 1319 924 est,
1364 867 1418 913 et
1456 854 1726 911 commodi
1767 854 1933 908 nostri

339 963 600 1016 rationem
633 967 903 1028 Spectans.
935 955 1069 1010 Nam
1095 953 1220 1022 quia
1251 952 1404 1022 proni
1437 949 1501 1004 ad
1533 947 1717 1016 culpas
1737 988 1752 1013 ,
1783 955 1840 1002 et
1866 947 1934 1001 ad

340 1050 581 1107 libidinis
609 1049 793 1103 varios
823 1046 1092 1117 appetitus
1121 1044 1253 1098 vitio
1281 1056 1466 1096 sumus
1497 1040 1831 1095 inﬁrmitatis
1853 1039 1936 1093 in-

339 1143 577 1214 genim,
636 1141 832 1210 patitur
885 1150 947 1192 se
993 1133 1210 1204 semper
1265 1134 1469 1188 nostris
1519 1130 1937 1202 cogitationibus

338 1234 587 1302 concipi;
637 1242 693 1286 ut
724 1228 852 1285 dum
877 1229 1022 1283 illum
1053 1239 1271 1281 oramus
1294 1267 1309 1291 ,
1354 1234 1408 1279 et
1439 1227 1634 1279 mereri
1665 1223 1782 1292 ejus
1807 1237 1939 1276 con-

341 1327 612 1382 tendimus
653 1317 878 1380 munera
904 1366 919 1390 ,
969 1323 1304 1393 accipiamus
1334 1322 1661 1376 innocentia:
1691 1319 1936 1374 volunta-

343 1430 450 1475 tem
475 1462 490 1484 ,
535 1428 590 1474 et
625 1420 693 1473 ab
719 1419 865 1473 omni
898 1433 999 1471 nos
1039 1417 1160 1471 labe
1195 1416 1514 1470 delictorum
1551 1412 1792 1468 omnium
1825 1424 1939 1465 am-

342 1515 620 1584 putatione
650 1527 962 1582 purgemus.
1001 1530 1020 1562 ι
1045 1508 1064 1582 (
1091 1509 1310 1575 Arnob.,
1344 1509 1436 1563 lib.
1469 1525 1504 1575 ι,
1529 1523 1648 1577 pag.
1671 1505 1737 1560 14
1753 1513 1800 1560 et
1822 1502 1937 1572 15.)

342 1608 591 1680 Denique
635 1605 918 1661 christiani
963 1584 1331 1674 praedicabant
1378 1599 1542 1654 falsos
1581 1613 1703 1652 esse
1749 1610 1940 1651 omnes

342 1699 620 1770 gentilium
646 1699 779 1753 deos
798 1739 812 1763 ,
847 1697 1175 1766 respuebant
1206 1692 1476 1764 quoslibet
1502 1689 1696 1758 impios
1725 1688 1940 1742 illorum

342 1792 511 1856 ritus,
559 1788 935 1858 superstitiosa
969 1786 1222 1857 mysteria
1244 1828 1258 1851 ,
1305 1782 1565 1839 sacriﬁcia
1593 1789 1647 1835 et
1671 1779 1806 1836 festa
1827 1822 1842 1844 ,
1878 1794 1943 1835 ac

342 1891 631 1950 corruptos
659 1895 838 1935 mores
872 1879 1028 1954 plane
1057 1878 1379 1947 penitusque
1407 1872 1864 1930 condemnabam.

413 1973 613 2028 Verum
651 1980 852 2042 quanto
897 1969 1194 2026 christiana
1241 1968 1422 2038 religio
1449 2009 1462 2032 ,
1514 1967 1591 2020 uti
1633 1964 1726 2019 ille
1765 1962 1941 2019 adhuc

344 2064 610 2135 loquitur,
640 2063 804 2118 verior
828 2104 841 2127 ,
879 2061 1164 2130 ofﬁciosior
1187 2102 1202 2126 ,
1235 2061 1490 2130 potentior
1512 2100 1526 2125 ,
1567 2059 1762 2128 iustior
1789 2065 1935 2120 erat,

344 2167 493 2212 tanto
541 2170 672 2211 sane
717 2152 992 2210 difﬁcilius
1033 2155 1424 2222 operusiusque
1462 2161 1579 2207 erat
1619 2151 1724 2206 hoc
1763 2149 1941 2229 ipsum

342 2247 630 2319 gentilibus
656 2246 1003 2317 persuadere.
1036 2245 1261 2311 Quanta:
1289 2246 1431 2298 enim
1451 2284 1466 2310 ,
1496 2243 1688 2297 amabo
1721 2251 1773 2297 te
1795 2284 1808 2306 ,
1839 2241 1939 2295 im-

345 2340 528 2411 peritis
552 2382 567 2406 ,
623 2338 855 2394 indoctis
883 2354 947 2392 ac
991 2338 1212 2392 rudibus
1239 2335 1440 2391 Christi
1474 2335 1753 2404 discipulis
1782 2333 1942 2388 molis

343 2444 397 2488 et
423 2445 603 2502 opera:
629 2442 745 2486 erat
772 2471 785 2495 ,
815 2429 1035 2485 eosdem
1065 2429 1299 2499 gentiles
1328 2441 1558 2481 avocare
1583 2425 1652 2479 ab
1682 2424 1942 2496 antiquis-

341 2525 478 2579 siino
508 2523 732 2578 deorum
760 2565 776 2590 ,
827 2522 1199 2594 idolorumque
1230 2521 1374 2574 cultu
1399 2563 1412 2586 ,
1449 2528 1502 2573 et
1540 2514 1657 2572 aliis
1682 2518 1942 2588 supersti-

345 2617 576 2672 tionibus
601 2658 614 2680 ,
663 2630 797 2687 quas
821 2631 850 2668 a
877 2620 962 2668 tot‘
993 2613 1206 2668 smculis
1235 2622 1490 2682 tanquam
1524 2611 1637 2680 pias
1666 2627 1788 2665 cum
1823 2627 1928 2664 nu-

345 2710 489 2764 tricis
529 2708 667 2764 lacte
713 2703 1018 2763 suxerant?
1060 2703 1256 2772 Quanti
1304 2703 1502 2757 laboris
1532 2711 1586 2757 et
1609 2701 1942 2756 difﬁcultatis

344 2811 460 2857 erat
492 2803 775 2856 innumera
817 2794 1098 2854 hominum
1140 2795 1305 2850 millia
1349 2795 1414 2849 ad
1459 2794 1769 2848 christianae
1815 2793 1943 2848 reli-

343 2896 538 2966 gionis,
571 2910 734 2965 quam
762 2909 957 2948 novam
989 2901 1043 2947 et
1070 2891 1288 2960 impiam
1316 2888 1633 2955 credebant,
1669 2885 1942 2943 adducere

344 2984 737 3056 professionem
760 2984 783 3039 ?
811 2985 1018 3051 Quanta
1052 2982 1218 3039 animi
1245 2981 1595 3036 contentione
1622 2996 1759 3050 opus
1785 2991 1939 3047 erat,

345 3089 400 3134 ut
429 3079 551 3135 illos
578 3095 607 3132 a
655 3078 841 3143 molli,
885 3077 1118 3132 delicato
1161 3088 1213 3130 et
1256 3073 1544 3129 libidinoso
1593 3073 1807 3130 vivendi
1851 3090 1944 3144 ge-

343 3189 511 3239 nere,
559 3171 700 3242 quod
733 3171 934 3225 licitum
974 3170 1274 3242 putabant,
1317 3169 1383 3224 ad
1425 3161 1566 3222 aliud
1595 3168 1944 3223 traducerent

2034 567 2130 632 ris,
2159 581 2222 620 ac
2249 562 2464 630 medici,
2491 559 2909 632 philosophique
2930 558 3091 613 etiam
3117 548 3322 614 secreta
3348 555 3632 621 rimantes,

2036 660 2346 731 magisteria
2381 655 2496 712 haec
2525 664 2817 725 expetunt,
2867 653 3067 723 spretis
3095 649 3293 723 quibus
3327 657 3456 706 aute
3498 646 3634 704 lide-

2038 753 2168 808 bant
2201 771 2220 803 ι
2255 751 2273 820 (
2302 748 2518 815 Arnob.,
2549 749 2636 804 lib.
2663 764 2721 815 ll,
2760 764 2882 818 pag,
2907 747 2995 802 44.
3023 743 3067 816 ).

2110 844 2314 912 Saepius
2340 857 2470 897 vero
2492 842 2580 896 ille
2607 842 2798 909 repetit
2827 849 2998 894 totum
3026 828 3284 892 mundum
3309 832 3628 890 christiana:

2039 935 2312 1006 religionis
2356 933 2720 990 sectatoribus
2765 931 2844 986 sic
2886 929 3054 985 fuisse
3085 928 3350 998 repletum
3397 924 3630 996 (Idem,

2037 1029 2124 1084 lib.
2157 1045 2173 1083 ι
2200 1070 2215 1092 ,
2243 1045 2362 1099 pag.
2403 1027 2501 1092 '53;
2533 1027 2619 1080 lib.
2656 1041 2691 1080 Il
2722 1068 2736 1091 ,
2771 1041 2894 1096 pag.
2927 1023 3035 1092 50)
3067 1039 3081 1088 ;
3129 1034 3336 1090 nosque
3363 1018 3475 1089 jam
3517 1017 3640 1073 ani-

2038 1120 2423 1175 madvertimus
2464 1118 2638 1173 varias
2678 1116 2929 1188 regiones
2965 1114 3033 1168 ad
3068 1113 3334 1168 orientem
3375 1109 3639 1165 occiden-

2039 1222 2254 1283 temque
2281 1212 2450 1267 solem
2475 1211 2697 1282 positas,
2723 1222 2844 1279 quae
2877 1207 3017 1260 hanc
3043 1205 3362 1275 religionem
3391 1211 3641 1257 nostram

2039 1306 2467 1377 proﬁtebantur,
2513 1303 2582 1358 ab
2613 1303 2708 1358 illo
2745 1309 3000 1358 accurate
3037 1307 3093 1355 et
3129 1298 3319 1354 sedulo
3362 1295 3642 1353 recenseri

2043 1400 2221 1472 (Sup.
2251 1401 2348 1454 hoc
2374 1416 2516 1469 cap.,
2547 1406 2649 1450 art.
2681 1396 2735 1450 i.
2765 1395 2808 1466 ).

2115 1495 2184 1546 At
2213 1489 2521 1560 quomodo,
2550 1502 2770 1558 quaeso,
2807 1495 2885 1542 tot
2912 1485 3194 1550 homines,
3223 1491 3373 1538 tanto
3395 1483 3644 1538 locorum

2043 1581 2328 1638 intervallo
2378 1582 2665 1652 disjuncti,
2721 1578 2985 1650 singulari
3026 1576 3244 1647 ingenio
3285 1585 3341 1632 et
3394 1574 3647 1630 doctrina

2045 1683 2408 1744 praestantes,
2462 1673 2576 1727 suis
2625 1669 2976 1741 opinionibus
3021 1682 3085 1724 ac
3130 1665 3458 1738 prtejudieiis
3500 1664 3648 1721 chri-

2044 1768 2233 1822 stianae
2278 1764 2401 1821 ﬁdei
2441 1779 2473 1821 e
2524 1764 2792 1818 diametro
2832 1760 3094 1832 oppositis
3146 1768 3252 1814 tam
3295 1756 3649 1829 pertinaciter

1970 1857 2278 1934 Baddicti,
2326 1856 2418 1911 illa
2473 1855 2799 1910 brevissimo
2856 1861 3104 1923 tempore
3153 1849 3540 1922 deposuerint;
3591 1855 3652 1905 et

2047 1951 2183 2005 hanc
2209 1964 2330 2019 quae
2358 1948 2494 2004 nihil
2522 1946 2642 2004 fere
2671 1957 2798 2002 tunc
2824 1945 2877 2001 in
2905 1945 3010 2001 hoc
3038 1944 3243 2000 mundo
3264 1985 3281 2011 ,
3308 1942 3412 1999 nisi
3439 1941 3649 2014 suppli-

2044 2043 2124 2099 cia
2151 2083 2166 2108 ,
2194 2050 2506 2110 certamque
2535 2047 2764 2095 mortem
2789 2049 2974 2095 secum
3008 2037 3294 2103 trahebat,
3329 2044 3523 2108 sponte
3549 2050 3652 2091 sua

2045 2148 2251 2203 suoque
2275 2130 2478 2203 judicio
2509 2128 3013 2200 amplecterentur?
3052 2126 3242 2183 Nonne
3271 2129 3373 2182 hoc
3411 2127 3650 2183 maximo

2046 2225 2242 2279 divinae
2271 2223 2625 2295 providentia:
2657 2221 2916 2278 miraculo
2944 2221 3144 2276 veritas
3172 2219 3485 2276 christiana:
3515 2218 3650 2275 reliv

2044 2317 2215 2389 giunis
2255 2330 2362 2371 non
2416 2315 2595 2370 minus
2641 2321 2797 2368 certo
2823 2355 2835 2377 ,
2889 2317 3175 2382 persplcue
3219 2321 3274 2366 et
3315 2303 3646 2376 efﬁcaciter,

2043 2427 2206 2482 qnam
2249 2412 2354 2465 ulla
2398 2409 2618 2464 humani
2665 2406 2864 2478 ingenii
2904 2401 3126 2462 clariori
3171 2403 3651 2476 argumentatione

2045 2505 2445 2562 demonstratur
2465 2503 2490 2556 ?

2663 2637 2893 2694 CAPUT
2940 2637 3008 2694 ν.

2046 2780 2379 2836 Etltnicorum
2425 2778 2671 2832 adversus
2721 2777 3022 2833 christiana:
3066 2775 3334 2848 religionis
3377 2776 3651 2832 veritatem

2486 2880 2787 2941 argumenta
2825 2869 3206 2923 examinantur.

2565 3019 2863 3061 ARTICULUS
2912 3019 3125 3060 PBIIUS.

2046 3143 2199 3203 Quam
2225 3140 2433 3190 absurde
2460 3140 2652 3191 Ethnici
2679 3143 2957 3204 objecerint
2980 3141 3291 3192 christianam
3318 3140 3644 3204 religionem,

2107 3211 2277 3268 utpote
2301 3217 2415 3268 qua;
2431 3218 2552 3253 nova
2572 3214 2696 3262 erat,
2717 3203 3048 3268 rejieiendam,
3075 3203 3440 3268 servandosque
3465 3207 3654 3265 patrios

344 3267 504 3336 plane
531 3265 722 3321 durum
748 3305 765 3330 ,
801 3275 1073 3318 austerum
1103 3306 1117 3328 ,
1151 3276 1433 3325 severum,
1472 3260 1813 3330 naturalique
1843 3259 1936 3314 ho-
1965 3269 2010 3331 ί]
2105 3259 2335 3336 et'avitos
2379 3259 3225 3336 ritus,_quosillicommutaverant
3263 3259 3650 3336 aut'ahrogave-

343 3359 548 3413 minam
577 3355 838 3428 appetitui
868 3358 1082 3426 penitus
1121 3354 1467 3424 repugnans?
1507 3352 1680 3419 Quam
1708 3352 1940 3422 denique

346 3454 571 3504 arduum
609 3458 664 3503 et
711 3447 1037 3503 laboriosum
1064 3487 1080 3512 ,
1123 3445 1291 3499 fracta
1322 3445 1567 3514 victaque
1608 3443 1940 3513 ejnscemodi

348 3546 624 3600 hominum
658 3559 792 3614 pene
819 3539 1119 3597 incredibili
1150 3539 1534 3600 obstinatione.
1569 3537 1675 3591 illis
1699 3536 1939 3592 animum

344 3641 601 3696 inducere
621 3681 636 3704 ,
681 3649 739 3694 ut
773 3637 1058 3693 crederent
1089 3649 1218 3692 vera
1246 3648 1370 3689 esse
1401 3634 1466 3688 de
1494 3632 1693 3688 Christi
1723 3647 1936 3687 summa

346 3735 648 3798 divinitate,
676 3733 915 3786 humano
941 3739 1063 3785 ortu
1093 3740 1148 3785 et
1175 3728 1391 3784 interitu
1415 3769 1431 3795 ,
1462 3728 1696 3798 aliaque,
1723 3727 1791 3782 de
1819 3728 1939 3798 qui-

345 3825 446 3880 bus
478 3823 615 3878 infra
641 3836 884 3894 agemus,
917 3821 1228 3876 christiana.
1259 3819 1381 3874 ﬁdei
1406 3818 1776 3874 documenta?

417 3917 800 3974 Verumtamen
831 3917 884 3971 hi
914 3914 1014 3985 ipsi
1045 3923 1340 3969 sectatores
1369 3911 1567 3968 Christi
1591 3955 1606 3979 ,
1653 3922 1941 3984 quantum-

345 4015 476 4070 libet
506 4013 665 4069 rudes
694 4022 749 4067 et
775 4011 978 4083 ignari,
1012 4008 1353 4080 quantumvis
1382 4007 1613 4062 humana
1639 4024 1741 4077 ope
1770 4008 1940 4064 desti-

347 4109 445 4163 tuti
470 4150 484 4173 ,
528 4107 637 4161 imo
665 4119 795 4161 vero
839 4103 1090 4158 omnibus
1119 4100 1448 4172 quibuslibet
1488 4099 1795 4154 hominibus
1827 4101 1942 4170 ple-

345 4199 499 4257 beiis.
526 4197 816 4263 nobilibus,
849 4195 1197 4266 principibus,
1229 4195 1464 4263 regibus,
1497 4191 1936 4262 imperatoribus,

347 4293 719 4350 sacerdotibus
745 4333 759 4358 ,
788 4290 1061 4360 sacrisque
1090 4286 1432 4358 pontiﬁcibus
1464 4285 1611 4340 omni
1640 4286 1824 4351 animi,
1857 4299 1942 4339 ar-

349 4390 435 4456 tis,
457 4387 688 4452 roboris,
711 4385 1036 4454 furorisque,
1069 4382 1119 4438 vi
1144 4391 1304 4452 atque
1327 4381 1532 4450 impetu
1560 4381 1660 4436 sibi
1689 4378 1942 4435 resisten-

349 4485 527 4548 tibus,
574 4482 711 4535 hanc
738 4480 907 4548 ipsam
929 4476 1245 4547 religionem
1281 4490 1376 4544 per
1405 4475 1714 4529 universum
1757 4472 1944 4527 orbem

349 4593 651 4645 terrarum,
699 4575 813 4630 sola
859 4590 954 4630 sua
996 4573 1408 4644 praedicatione,
1455 4585 1518 4625 ac
1560 4569 1942 4624 miraculorum

2108 3338 2217 3378 rant
2243 3330 2287 3376 in
2315 3328 2478 3391 pepuli
2503 3327 2739 3391 classibus
2758 3367 2770 3388 ,
2797 3331 2847 3377 in
2882 3332 3092 3378 servatis
3113 3328 3177 3391 de
3204 3327 3328 3391 cajlo
3347 3365 3359 3385 ,
3388 3329 3434 3376 in
3461 3327 3653 3378 obnun-

2108 3389 2413 3449 tiatiouibus,
2439 3390 2677 3450 comitiis,
2702 3394 2858 3444 signis
2883 3405 2955 3454 ex,
2975 3405 3109 3448 arce,
3135 3389 3409 3448 fecialihus,
3435 3391 3651 3454 clariga-

2105 3455 2259 3511 tione,
2285 3454 2590 3502 acuminibus
2623 3455 2882 3515 auspicatis
2901 3491 2913 3510 ,
2945 3453 3140 3514 legibus
3175 3454 3440 3516 Aunariis,
3467 3451 3654 3504 Cinéiis

2106 3516 2369 3575 Censoriis,
2396 3524 2447 3564 et
2471 3516 2812 3578 penetralibus
2834 3516 3080 3579 coliginis.

2123 3641 2379 3708 Quamvis
2407 3643 2472 3696 ad
2504 3644 2792 3700 evertenda
2833 3659 2953 3714 quae
2983 3644 3243 3700 hactenus
3265 3645 3334 3700 ad
3358 3644 3646 3702 stabilien—

2045 3733 2165 3788 dam
2207 3732 2516 3789 christiana:
2556 3736 2830 3805 religionis
2864 3737 3148 3792 veritatem
3191 3739 3509 3806 retulimus,
3554 3754 3651 3793 ar-

2043 3837 2298 3897 gumenta
2326 3828 2533 3882 nullum
2562 3828 2765 3884 ethnici
2799 3844 2906 3884 non
2937 3830 3209 3886 moverint
3235 3830 3492 3902 lapidem,
3523 3846 3654 3887 om-

2045 3933 2247 3987 nesque
2311 3921 2589 3974 machinas
2653 3919 3042 3987 adhibuerint;
3105 3921 3236 3976 nihil
3300 3931 3479 3977 tamen
3533 3921 3658 3977 fere

2043 4012 2186 4068 aliud
2215 4012 2582 4083 proferebant,
2611 4015 2712 4068 nisi
2734 4015 3030 4080 crambem,
3055 4023 3113 4070 ut
3131 4015 3305 4082 aiunt,
3327 4014 3648 4084 repetitam,

2044 4120 2106 4160 ac
2132 4106 2332 4176 saepius
2361 4105 2703 4161 decantatam
2727 4121 3051 4177 semperque
3072 4121 3319 4162 eversam
3345 4108 3653 4176 reprehen-

2043 4197 2272 4250 sionem.
2303 4195 2623 4250 (zlamabant
2653 4197 2856 4251 etenim
2885 4212 3080 4251 novam
3111 4211 3253 4265 esse,
3284 4205 3339 4252 et
3365 4206 3492 4252 ante
3523 4212 3659 4267 pau-

2045 4305 2138 4344 cos
2165 4289 2558 4360 propemodum
2599 4289 2718 4346 dies
2761 4299 2936 4345 ortam
2981 4290 3398 4346 christianorum
3433 4292 3658 4364 religio-

2046 4401 2199 4448 nem;
2234 4401 2384 4440 suam
2414 4401 2543 4441 vero
2581 4386 2648 4438 ah
2676 4386 2867 4440 ultima
2898 4385 3221 4456 antiquitate
3256 4384 3359 4440 sibi
3392 4399 3422 4439 a
3453 4400 3656 4456 paren-

2047 4481 2187 4534 tibus
2231 4479 2476 4534 traditam
2519 4495 2624 4533 non
2653 4494 2817 4550 posse
2843 4477 2911 4532 ab
2937 4479 3067 4549 ipsis
3095 4479 3216 4548 jure
3245 4478 3441 4534 merito
3469 4478 3657 4534 deseri

2045 4583 2098 4628 et
2131 4574 2436 4642 repudiari:
2476 4591 2494 4624 ε
2517 4572 2704 4638 Nobis,
2747 4592 2765 4624 ι
2795 4573 2964 4643 inquit
2991 4573 3280 4639 Arnobius,
3315 4590 3333 4623 ί
3366 4572 3652 4642 objectare

349 4674 610 4746 potentia,
642 4668 962 4724 brevissimo
993 4665 1252 4734 temporis
1279 4663 1587 4728 intervallo,
1619 4661 1940 4716 dissemina-
1970 4664 2346 4726 Dconsuestis
2398 4664 2663 4718 novellam
2717 4679 2839 4719 esse
2892 4663 3205 4733 religionem
3260 4673 3540 4730 nostrain,
3599 4677 3658 4720 et

349 4779 491 4822 runt.
523 4765 603 4820 Ad
635 4778 750 4818 eam
780 4770 962 4815 autem
990 4775 1100 4814 non
1135 4757 1393 4828 quasdam
1427 4767 1630 4811 tantum
1665 4754 1941 4819 mulieres,

349 4870 441 4915 aut
467 4859 680 4929 ignaros
709 4855 1050 4910 adduxerunt
1091 4851 1366 4917 homines,
1410 4850 1504 4904 sed
1536 4849 1742 4919 magnis
1779 4848 1945 4902 etiam

351 4951 580 5021 ingeniis
610 4948 863 5018 praeditos
893 4955 1138 5000 oratores
1164 4987 1176 5008 ,
1217 4941 1626 5012 grammaticos,
1659 4939 1942 5006 rhetores,

345 5043 767 5117 jurisconsultos
787 5084 801 5108 ,
827 5037 1066 5095 medicos
1085 5081 1100 5106 ,
1134 5053 1197 5092 ac
1222 5036 1591 5107 philosophos.
1626 5040 1693 5090 At
1725 5045 1947 5105 prmstat

350 5154 482 5193 sane
541 5144 814 5191 auctorem
872 5143 1116 5187 nostrum
1178 5129 1292 5183 hare
1348 5129 1654 5197 loquentem
1711 5128 1941 5183 audire:

359 5251 375 5282 ι
415 5231 627 5295 Nonne,
671 5247 689 5280 ι
726 5228 927 5296 inquit,
962 5242 981 5276 ι
1019 5224 1096 5279 vel
1127 5223 1241 5277 haec
1274 5221 1463 5276 saltem
1493 5220 1650 5276 ﬁdem
1686 5222 1836 5276 vobis
1865 5219 1945 5276 fa-

353 5327 501 5378 ciunt
531 5331 844 5392 argumenta
875 5316 1155 5382 credendi,
1179 5313 1324 5386 quod
1350 5314 1460 5383 jam
1491 5328 1584 5382 per
1609 5328 1800 5369 omnes
1833 5323 1943 5369 ter-

355 5432 464 5483 ras,
493 5416 544 5468 in
572 5423 679 5467 tam
709 5411 856 5467 brevi
886 5409 1144 5480 temporis
1172 5407 1383 5478 spatio,
1431 5403 1678 5459 immensi
1709 5405 1943 5460 nominis

356 5507 514 5578 hujus
547 5515 883 5560 sacramenta
910 5503 1102 5558 diﬂ'usa
1136 5501 1298 5556 sunt?
1342 5498 1498 5568 Quod
1531 5498 1674 5552 nulla
1703 5500 1813 5567 jam
1842 5515 1940 5555 na-

356 5601 427 5655 tio
467 5607 691 5654 esttam
735 5596 951 5652 barbari
999 5595 1202 5659 moris,
1246 5603 1300 5648 et
1337 5591 1804 5649 mansuetudinem
1848 5609 1946 5649 ne-

355 5694 564 5758 sciens,
595 5706 718 5762 qua:
748 5704 858 5744 non
881 5690 1000 5760 ejus
1031 5703 1216 5744 amore
1243 5702 1398 5742 versa
1417 5730 1431 5755 ,
1466 5685 1759 5740 molliverit
1787 5700 1945 5757 aspe-

357 5791 570 5840 x-itatem
605 5798 779 5852 suam,
806 5793 859 5838 et
888 5783 938 5837 in
971 5783 1206 5852 placidos
1247 5796 1441 5838 sensus
1477 5779 1761 5849 adsumpta
1797 5789 1946 5834 tran-

363 5879 620 5950 quillitate
673 5875 1029 5950 migraverit?
1079 5875 1230 5943 Quod
1291 5888 1396 5932 tam
1455 5872 1664 5943 magnis
1723 5872 1950 5943 ingeniis

2046 4767 2170 4810 ante
2197 4755 2313 4809 dies
2344 4765 2523 4810 natam
2549 4754 2937 4825 prepemodum
2973 4770 3194 4825 paucos,
3229 4770 3404 4826 neque
3429 4770 3528 4810 vos
3558 4769 3656 4826 po-

2049 4850 2210 4903 tuisse
2233 4849 2507 4918 anliquam
2544 4858 2597 4902 et
2631 4849 2857 4918 patriam
2889 4849 3168 4918 linquere,
3208 4858 3264 4902 et
3297 4849 3351 4902 in
3387 4847 3654 4904 barbaros

2050 4940 2180 4994 ritus
2207 4956 2629 5011 peregrinosque
2658 4941 2892 4994 traduci:
2927 4940 3170 5011 (Arnob.,
3195 4941 3283 4994 lib.
3305 4955 3363 5006 tt,
3382 4956 3506 5011 pag.
3531 4939 3649 5014 90).

2051 5034 2156 5087 Nos
2179 5050 2306 5089 vero
2337 5035 2389 5089 in
2423 5035 2687 5104 superiori
2720 5033 3098 5091 dissertatione
3128 5035 3484 5100 ostendimus,
3518 5050 3656 5106 quo-

2052 5133 2209 5187 modo
2237 5132 2350 5186 haac
2372 5132 2527 5187 solita
2556 5134 2776 5200 jamque
2797 5131 3000 5185 dudum
3028 5131 3269 5185 obsoleta
3297 5141 3653 5202 argumenta-

2051 5227 2123 5279 tio
2165 5235 2417 5294 urgeatur
2475 5223 2543 5278 ab
2596 5223 2857 5290 ethnicis,
2913 5232 2969 5278 et
3019 5237 3048 5276 a
3101 5221 3335 5277 Minucio
3388 5224 3654 5280 refutetur

2049 5317 2311 5389 (Πίσωνι.
2351 5321 2404 5374 in
2446 5318 2643 5373 Minue.
2691 5317 2858 5374 Felic.
2884 5360 2900 5384 ,
2944 5333 3061 5385 cap.
3097 5318 3166 5372 M
3189 5359 3205 5384 ,
3236 5328 3334 5369 art.
3366 5316 3390 5370 ί
3434 5327 3478 5370 et
3515 5316 3569 5372 2.
3607 5319 3650 5388 ).

2052 5411 2157 5468 Sed
2183 5414 2304 5480 quia
2342 5413 2487 5467 varie
2525 5427 2556 5466 n
2595 5412 2758 5466 variis
2803 5411 3113 5466 auctoribus
3155 5410 3415 5466 evertitur
3453 5411 3654 5480 quibus

2048 5506 2346 5560 rationibus
2387 5507 2454 5562 ab
2499 5505 2737 5560 Arnobio
2779 5504 3130 5570 destruatur,
3172 5518 3316 5559 nunc
3354 5503 3652 5574 exploran-

2051 5596 2177 5652 dum
2209 5605 2309 5652 est.

2125 5689 2349 5743 Planum
2383 5687 2562 5758 itaque
2589 5685 2715 5742 facit
2741 5697 2955 5758 quantae
2982 5685 3282 5753 futilitatis,
3312 5697 3653 5758 summeque

2051 5783 2284 5837 levitatis
2314 5783 2466 5850 plena
2499 5781 2571 5835 sit
2613 5779 2728 5835 hmc
2769 5781 3187 5853 argumentatio.
3221 5777 3474 5834 Omnium
3503 5781 3653 5837 enim

2055 5875 2247 5930 animis
2290 5875 2506 5929 insitum
2548 5882 2602 5929 et
2643 5872 2883 5929 innatum
2912 5879 2995 5930 est
3021 5912 3035 5939 ,
3085 5879 3144 5928 ιιι
3173 5871 3310 5928 bona
3352 5869 3545 5938 malis,
3597 5879 3655 5931 et
