3918 6346
248 322 330 379 tat
1454 313 1521 371 IN
1559 301 1944 384 annosum,
1985 311 2135 370 CAP.
2181 311 2243 368 v.

3401 311 3506 368 1‘22

251 436 487 491 inutilibus
513 433 661 489 utilia
699 439 1058 502 anteponant,
1090 439 1144 486 et
1171 437 1494 486 commutent
1531 429 1550 500 (
1580 431 1750 484 Arnob
1787 472 1801 496 ,
1835 431 1887 492 Α
1987 429 2209 483 Interim
2259 442 2548 500 sequamur
2584 429 2922 484 Arnobium:
2961 447 2980 482 ι
3019 427 3282 501 Numquid
3316 445 3504 483 serva-

247 531 319 583 lib.
347 546 394 588 ιι,
423 544 535 598 pag.
562 528 633 582 90
662 529 704 595 ).
740 526 852 579 Non
887 528 998 593 ipsa
1026 525 1181 593 igitur
1213 525 1474 590 mutatio,
1503 525 1597 578 sed
1627 535 1801 578 muta-

248 622 384 675 tionis
421 635 568 674 causa
610 619 854 689 expendi
891 617 1068 674 debet.
1128 616 1288 687 Atqui
1330 619 1558 688 gentiles
1601 633 1803 689 negare

249 729 337 767 non
365 721 595 781 poterant
622 727 651 763 a
686 710 1048 765 remotissima
1081 709 1358 762 hominum
1389 718 1549 763 astate
1578 709 1747 765 factas
1771 724 1803 765 a

248 821 296 860 sc
321 817 413 860 tam
447 805 496 859 in
525 805 775 858 humanis
802 805 993 868 rebus,
1039 817 1197 872 quam
1228 803 1280 857 in
1309 801 1502 856 divinis
1544 802 1802 857 immuta-

249 898 397 953 tiones
422 897 685 967 plurimas.
737 895 869 949 Nam
902 895 1165 965 prioribus
1197 904 1250 949 et
1286 895 1676 962 antiquissimis
1702 910 1808 950 sae-

246 991 387 1055 culis,
430 987 499 1043 ait
523 997 709 1044 auctor
747 999 965 1053 noster,
997 989 1241 1042 homines
1277 988 1518 1058 frugibus
1548 1003 1612 1044 ac
1644 990 1807 1045 vesti-

246 1084 329 1139 bus
367 1082 622 1145 inventis,
680 1093 841 1152 atque
895 1084 1193 1151 excogitata
1243 1081 1499 1136 domuum
1555 1092 1810 1138 constru-

247 1176 413 1239 ctione,
435 1175 684 1244 pristinos
704 1173 996 1244 glandium,
1023 1174 1359 1240 arbutormn,
1388 1175 1628 1244 pellium,
1651 1190 1807 1230 casu-

246 1269 415 1331 larum,
443 1282 787 1322 cavernarum
831 1285 961 1323 usus
998 1270 1353 1340 reliquerunt.
1388 1269 1451 1322 Et
1479 1269 1551 1324 ibi
1583 1270 1806 1338 quidem

247 1359 319 1414 ille
362 1360 422 1414 ad
480 1359 785 1426 Juvenalis,
849 1360 1088 1415 Lucretii
1132 1361 1472 1431 aliorumque
1525 1370 1809 1431 poetarum

248 1451 430 1505 videtur
469 1452 786 1506 collineasse
818 1453 1057 1506 carmina
1083 1493 1098 1517 ,
1143 1468 1262 1523 qum
1292 1452 1450 1507 facile
1491 1453 1545 1507 in
1587 1453 1809 1507 illorum

246 1545 376 1599 libris
420 1544 640 1615 quilibet
690 1545 870 1616 legere
920 1546 1117 1613 poterit
1164 1545 1452 1617 (Juvenal.
1481 1585 1495 1612 ,
1540 1546 1688 1599 satir.
1737 1545 1808 1612 6,

244 1638 342 1690 iuit.
364 1653 383 1702 ;
425 1636 624 1694 Lucret.
676 1639 764 1692 lib.
793 1653 860 1706 v,
909 1655 1042 1692 vers.
1091 1638 1197 1693 957
1238 1649 1283 1693 et
1321 1656 1456 1709 seqq.
1487 1679 1502 1702 ,
1536 1649 1583 1693 et
1630 1640 1736 1696 957
1763 1648 1813 1694 et

242 1748 358 1802 seqq.
394 1732 429 1801 ).
473 1738 539 1787 At
567 1747 729 1788 nemo
760 1739 1010 1803 umquam
1047 1732 1184 1788 dixit
1220 1732 1316 1789 has
1361 1734 1812 1790 commutationes

243 1825 391 1879 malas
414 1839 532 1880 esse
557 1835 612 1880 et
643 1824 1046 1895 improbandae.

301 1941 552 1997 Prmterea
596 1942 643 1997 si
676 1941 930 2011 quaelibet
965 1951 1208 1996 veterum
1242 1954 1452 1997 morum
1497 1944 1812 2014 rituumque

239 2037 440 2089 mutatio
461 2035 669 2090 crimen
704 2037 805 2100 sit,
843 2033 1002 2104 hujus
1040 2034 1283 2088 criminis
1315 2036 1500 2104 procul
1537 2036 1702 2092 dubio
1729 2037 1812 2091 rei

239 2136 347 2180 sunt
388 2127 649 2194 Romani,
685 2125 1141 2197 quemadmodum
1171 2125 1240 2180 ab
1270 2128 1511 2183 Arnobio
1552 2129 1814 2197 probatur

238 2219 367 2273 brevi
404 2220 618 2287 quidem
660 2219 1106 2285 enumeratione,
1161 2220 1256 2274 sed
1300 2236 1421 2289 qua:
1469 2221 1655 2276 multis
1705 2237 1813 2277 non

235 2313 347 2365 satis
394 2313 535 2367 clara
584 2312 856 2368 videbitur
899 2313 916 2383 (
953 2313 1168 2378 Arnob.,
1220 2314 1311 2366 lib.
1362 2330 1399 2367 ll
1427 2356 1441 2377 ,
1494 2330 1617 2386 pag.
1667 2314 1809 2387 91).

236 2404 571 2472 Quamobrem
621 2420 743 2475 qua:
793 2405 866 2461 ibi
915 2408 1187 2472 obscura,
1237 2405 1354 2461 haec
1395 2409 1581 2478 paucis
1627 2409 1813 2478 expla-

233 2499 390 2553 nanda
431 2508 570 2553 sunt.
610 2497 792 2553 Primo
818 2499 999 2569 itaque
1029 2511 1210 2554 narrat
1241 2501 1496 2569 populum
1527 2503 1811 2556 romanum

233 2590 346 2644 olim
387 2592 622 2663 quinque
658 2591 1006 2646 distributum
1057 2590 1221 2646 fuisse
1269 2593 1321 2646 in
1368 2593 1590 2648 classes.
1638 2596 1812 2658 Quam

230 2701 344 2740 vero
366 2686 416 2739 id
441 2698 652 2741 certum
676 2686 776 2751 sit,
802 2693 855 2738 et
879 2700 995 2753 qua:
1027 2683 1228 2738 fuerint
1257 2685 1358 2739 illic
1393 2690 1600 2739 romani
1629 2688 1813 2756 populi

231 2777 444 2844 classes,
480 2793 509 2831 a
541 2775 734 2832 Servio
761 2775 938 2828 Tullio
963 2775 1235 2844 quondam
1270 2777 1527 2830 instituta:
1549 2818 1562 2843 ,
1613 2778 1813 2833 docent

229 2883 313 2920 nos
344 2867 540 2928 Livius.
569 2867 860 2939 Dionysius
890 2865 1373 2938 Halycarnasseus,
1405 2880 1459 2922 et
1487 2868 1552 2923 A.
1582 2867 1808 2926 Gellius.

229 2957 436 3024 Quidam
466 2968 648 3013 autem
684 2961 736 3011 in
763 2958 920 3026 hujus
942 2999 957 3024 ,
1005 2958 1460 3028 quemadmodum
1494 2959 1547 3012 in
1580 2959 1810 3015 Arnobii

227 3052 378 3104 nostri
427 3062 598 3116 textu,
657 3050 946 3120 legendum
997 3063 1221 3105 censent
1269 3068 1358 3105 sea:
1403 3053 1591 3107 classes
1623 3053 1808 3124 (Liv.,

229 3139 304 3192 lib.
333 3157 369 3205 ι,
400 3141 427 3214 §
461 3144 536 3197 43
563 3153 610 3196 ει
652 3142 741 3195 lib.
777 3159 851 3207 tv,
883 3141 909 3212 §
939 3143 1002 3206 4;
1035 3141 1255 3213 Dionys.
1293 3142 1571 3213 Halycar.,
1609 3144 1698 3197 lib.
1731 3161 1807 3210 tv,

224 3234 379 3304 Antiq.
409 3235 584 3290 Rom..
618 3248 738 3306 pag.
767 3234 894 3296 221,
918 3245 965 3288 et
991 3251 1126 3305 seqq.
1157 3252 1171 3300 ;
1207 3233 1364 3298 (ἔθη,
1399 3237 1486 3289 lib.
1528 3239 1611 3294 10.
1647 3237 1802 3294 Noct.
1839 3227 1884 3289 C

225 3325 362 3377 Attic.
420 3343 540 3392 cap.
595 3326 687 3390 28,
741 3343 863 3396 pag.
915 3325 1083 3394 573).
1131 3325 1236 3381 Sed
1285 3326 1500 3396 Lipsius
1554 3332 1810 3388 observat

221 3434 412 3474 setiam
470 3421 703 3474 classem
754 3421 883 3473 olim
941 3420 1106 3472 fuisse
1173 3433 1394 3473 vacuam
1451 3431 1507 3475 et
1562 3423 1808 3479 feriatam

223 3513 408 3583 (Lips.,
431 3523 560 3568 tom.
587 3508 671 3578 tu,
692 3512 782 3565 lib.
805 3528 839 3576 ι,
863 3512 925 3564 de
949 3511 1105 3565 Milit.
1134 3512 1310 3576 Rom.,
1328 3513 1454 3567 dial.
1476 3512 1660 3585 ἶνας.
1690 3515 1803 3586 15).

225 3604 399 3661 Utrum
432 3621 565 3660 vero
596 3605 646 3659 id
677 3606 744 3658 ad
781 3604 1096 3659 solvendum
1130 3603 1464 3659 difficultatis
1504 3605 1666 3676 hujus
1705 3623 1809 3661 no-

221 3699 331 3752 dum
356 3699 616 3764 sufficiat,
647 3697 880 3751 aliorum
911 3707 1028 3751 esto
1070 3696 1356 3765 jndicium.
1400 3698 1669 3768 Quidquid
1713 3715 1808 3754 au-

220 3804 313 3847 tem
335 3794 440 3859 sit,
489 3793 621 3848 satis
655 3801 870 3847 constat
899 3790 997 3846 has
1035 3791 1239 3846 classes
1276 3807 1305 3844 a
1350 3790 1608 3846 Romanis
1642 3793 1808 3850 fuisse

220 3897 460 3942 mutatas.

278 4002 411 4058 Tum
457 4001 655 4059 deinde
704 4001 976 4056 Arnobius
1021 4019 1032 4054 :
1085 4020 1102 4053 ι
1148 3999 1417 4071 Numquid
1459 4001 1808 4072 magistratus

217 4111 301 4162 per
323 4095 582 4167 populum
612 4093 851 4149 creatis?
880 4092 1125 4147 Militaria
1147 4135 1160 4156 ,
1205 4093 1440 4157 urbana,
1472 4095 1805 4162 communia,

211 4209 320 4261 qua:
349 4192 463 4246 sint
491 4192 691 4245 cumita
715 4189 903 4246 scitis?
925 4189 1167 4259 (Arnob,
1200 4190 1290 4242 lib.
1312 4205 1369 4254 ll,
1403 4207 1522 4259 pag.
1545 4189 1664 4261 91.)
1696 4189 1808 4244 Ro-

213 4288 375 4339 manis
402 4284 700 4355 exprobrat
731 4282 875 4352 quod
903 4282 1016 4336 hanc
1049 4283 1115 4336 ab
1147 4281 1251 4336 illis
1283 4298 1390 4336 non
1425 4283 1586 4337 modo
1617 4285 1810 4337 immu-

209 4387 327 4444 tata,
354 4379 455 4434 sed
491 4393 625 4448 pene
654 4376 912 4432 oblivioni
949 4373 1138 4430 tradita
1168 4376 1292 4429 sint.
1332 4376 1474 4430 Varii
1500 4386 1683 4432 autem
1711 4393 1808 4448 ge-

209 4474 344 4526 neris
376 4481 536 4527 erant
561 4471 814 4536 comitia,
859 4478 913 4522 et
943 4469 1044 4522 alia
1069 4469 1283 4538 quidem
1306 4511 1320 4535 ,
1355 4479 1409 4522 ut
1440 4468 1689 4538 perhibet
1719 4469 1810 4523 Li-

208 4565 339 4628 vius,
376 4566 583 4620 curiata
605 4606 620 4629 ,
660 4579 782 4634 qua:
811 4579 922 4616 rem
954 4560 1238 4616 militarem
1280 4563 1667 4629 continebant;
1702 4563 1805 4618 alia

1909 523 1975 575 tis
2005 523 2070 576 de
2099 522 2238 577 coelo
2258 564 2272 585 ,
2305 522 2416 587 ait,
2444 534 2537 577 aut
2574 525 2775 578 otiosas
2808 524 2980 578 facitis
3008 524 3506 580 obnuntiationibus

1907 615 2187 670 actiones?
2225 634 2242 667 ι
2280 614 2510 671 Servare
2550 628 2728 672 autem
2763 629 2846 672 est
2875 617 3073 686 aliquid
3106 634 3170 672 ex
3209 622 3502 674 observato

1909 708 2051 762 caelo
2083 709 2340 763 uuneiare
2371 727 2383 761 :
2411 709 2744 765 obnunciare
2774 726 2904 766 vero
2928 711 3054 782 quid
3087 711 3154 766 sit
3180 755 3194 779 ,
3226 711 3401 768 disces
3432 727 3502 768 ex

1911 815 1976 855 ex
2024 800 2105 855 his
2155 800 2343 855 Donati
2394 803 2444 856 in
2499 801 2810 857 Terentium
2840 803 3017 858 verbis
3053 821 3065 855 :
3101 821 3120 854 ι
3150 807 3250 870 Qui
3301 805 3499 859 tttalam

1907 910 2022 948 rem
2056 895 2294 957 nunciat,
2314 895 2635 959 obnuntiat;
2665 898 2758 966 qui
2791 899 3007 958 bonam,
3035 899 3336 954 annuntiat.
3370 897 3508 953 Nam

1910 989 2128 1057 proprie
2175 988 2500 1044 obnuntiare
2542 987 2798 1044 dicuntur
2842 1007 3110 1062 augures,
3156 991 3245 1062 qui
3301 989 3508 1058 aliquid

1911 1080 2034 1132 mali
2085 1080 2321 1147 ominis,
2373 1095 2718 1150 scaevumque
2760 1082 3014 1138 viderint.
3061 1083 3204 1154 Ergo
3247 1083 3514 1138 obnuntio

1911 1169 2112 1224 malum
2161 1172 2449 1226 imminens
2475 1212 2489 1236 ,
2531 1174 2684 1243 quasi
2730 1189 2893 1229 omen
2935 1176 3146 1230 nuntio.
3199 1175 3326 1231 Inde
3367 1176 3511 1231 enim

1912 1263 2217 1338 ἐτυμολογία
2275 1263 2501 1335 hujusce
2555 1266 2704 1320 verbi
2759 1276 2841 1320 est
2880 1285 2900 1319 ι
2933 1266 2951 1338 (
2986 1267 3182 1322 Donat.
3212 1311 3227 1335 ,
3297 1266 3500 1324 Terent.

1914 1354 2162 1423 Adelph.,
2197 1355 2315 1412 Act.
2345 1358 2400 1423 4,
2426 1374 2565 1412 scen.
2599 1359 2633 1413 4
2663 1359 2705 1431 ).
2736 1357 2979 1429 Utroque
3010 1361 3193 1425 verbo,
3228 1376 3290 1414 ac
3317 1361 3517 1431 sa-pius

1915 1449 2090 1518 primo
2114 1494 2127 1516 ,
2163 1451 2332 1505 utitur
2376 1451 2567 1506 Cicero
2593 1493 2606 1516 ,
2641 1460 2806 1521 atque
2835 1451 2886 1505 in
2921 1453 3111 1521 primis
3140 1452 3230 1506 ubi
3271 1450 3340 1506 ad
3375 1452 3518 1507 Atti-

1915 1556 2036 1595 cum
2067 1541 2181 1596 haec
2207 1543 2397 1597 scribit
2437 1544 2488 1598 in
2530 1543 2729 1599 verba:
2759 1564 2777 1595 ι
2817 1543 3145 1613 Proscripsit
3178 1561 3237 1600 se
3267 1560 3364 1615 per
3393 1559 3516 1600 om-

1917 1647 2015 1687 nes
2042 1633 2160 1687 dies
2179 1635 2484 1690 comitiales
2511 1635 2581 1690 de
2606 1635 2749 1690 creto
2785 1645 3245 1692 servaturum.....
3281 1636 3406 1692 Hiec
3432 1647 3515 1692 ta-

1917 1738 2039 1777 men
2073 1740 2279 1779 summa
2327 1745 2339 1779 :
2384 1724 2497 1781 Nisi
2548 1726 2730 1782 Miloni
2774 1725 2835 1782 C.
2884 1727 3089 1798 Appius
3139 1727 3523 1786 obnuntiasset

1842 1828 1890 1888 Β
1917 1815 2133 1870 comitia
2182 1816 2360 1872 futura
2399 1837 2417 1869 ι
2454 1819 2475 1887 (
2502 1817 2612 1874 Cic.
2666 1819 2756 1873 lib.
2800 1835 2869 1873 tv.
2901 1817 3077 1890 Epist.
3103 1819 3136 1874 5
3160 1864 3176 1886 ,
3224 1821 3291 1873 ad
3321 1821 3479 1875 Attic.
3501 1862 3519 1889 ,

1920 1925 2042 1979 pag.
2068 1907 2198 1973 259.
2231 1910 2324 1963 lin.
2356 1909 2425 1965 42
2449 1908 2490 1981 ).
2525 1911 2666 1966 Alibi
2708 1927 2837 1966 vero
2862 1912 2948 1967 ubi
2979 1911 3047 1968 de
3074 1914 3314 1983 auspicio
3340 1913 3521 1985 loqui-

1919 2010 2046 2054 tur;
2103 2019 2120 2052 ι
2157 1999 2274 2054 Jnm
2321 2016 2450 2055 vero
2480 2001 2550 2057 de
2577 2004 2717 2059 coelo
2747 2018 2965 2058 servare
2997 2018 3103 2058 non
3146 2005 3293 2075 ipsos
3320 2021 3516 2063 censes

1917 2093 2107 2147 solitos
2132 2135 2147 2160 ,
2176 2096 2265 2162 qui
2295 2095 2714 2165 auspicabantur
2733 2137 2748 2164 ,
2784 2112 2926 2153 nunc
2956 2097 3225 2167 imperant
3255 2101 3510 2171 pullario,

1916 2185 2011 2240 ille
2044 2187 2317 2241 renuntiat
2348 2207 2366 2240 ι
2402 2186 2573 2257 Idem,
2621 2190 2708 2243 lib.
2743 2205 2812 2254 ιι,
2852 2189 2916 2245 de
2943 2189 3203 2256 Divinat.,
3236 2209 3355 2264 pag.
3390 2193 3516 2262 289,

1917 2279 2011 2332 lin.
2040 2279 2175 2350 4.1).
2209 2280 2278 2334 At
2306 2280 2374 2334 de
2406 2295 2628 2350 prorsus
2659 2283 2942 2353 neglecto,
2982 2286 3065 2338 vel
3093 2285 3206 2355 jam
3241 2289 3522 2358 antiquato

1917 2370 2010 2424 illo
2037 2371 2204 2439 priori
2230 2387 2381 2427 more
2404 2373 2487 2426 his
2515 2372 2768 2429 Lucanus
2791 2377 3038 2430 versibus
3065 2388 3194 2432 ante
3220 2380 3522 2436 Arnobium

1918 2476 2160 2518 nostrum
2180 2463 2880 2548 eouquerebatur(l.ucan.,
2903 2466 2941 2520 l.
2963 2485 3037 2534 vr,
3057 2485 3188 2524 vers.
3204 2470 3311 2527 426
3327 2482 3374 2526 et
3386 2470 3520 2544 seq.)

2042 2555 2148 2624 δοκι
2172 2557 2559 2624 quaesisseilibet
2584 2560 2752 2620 primis
2772 2560 2888 2622 quid
2912 2559 3143 2624 frugibus
3167 2561 3317 2614 altrix

2042 2618 2142 2684 Qre
2167 2618 2302 2670 lovis
2328 2623 2526 2670 Dodona
2551 2618 2712 2682 schel,
2736 2618 2846 2684 quis
2867 2618 3073 2675 noscere
3099 2628 3216 2675 libra

2042 2679 2159 2749 lfata
2184 2691 2353 2744 queat,
2381 2686 2492 2746 quis
2519 2679 2848 2745 prodat'aves,
2873 2688 2985 2748 quis
3009 2687 3203 2749 fulgura
3227 2688 3340 2739 cceli

2043 2743 2241 2806 Servet,
2271 2754 2323 2794 el.
2346 2743 2543 2810 Assyria
2569 2756 2818 2798 scrutetur
2836 2743 3003 2798 Sidera
3029 2743 3164 2800 cu'ra.

1990 2828 2167 2899 Pergit
2197 2845 2327 2883 vero
2358 2833 2628 2886 Arnobius
2658 2850 2672 2886 :
2701 2831 2974 2900 Numquid
2994 2853 3111 2889 cum
3137 2838 3334 2905 paratis
3358 2837 3517 2904 bella,

1915 2921 2118 2988 signum
2145 2926 2442 2975 monstratis
2470 2940 2532 2977 ex
2557 2940 2673 2978 arce
2696 2942 2716 2990 ;
2743 2936 2830 2977 aut
2861 2927 3069 2995 [ecialia
3085 2928 3214 2998 jura
3245 2931 3474 2982 tractatis
3497 2932 3523 2984 ἱ)

1919 3011 2186 3084 Numquid
2213 3033 2301 3084 per
2340 3018 2729 3088 clarigationem
2757 3022 2986 3089 repetitis
3014 3038 3095 3075 res
3136 3032 3312 3093 raptas
3333 3023 3359 3077 ?
3395 3022 3521 3079 Trin

1918 3109 1986 3162 ibi
2015 3109 2104 3163 ille
2122 3111 2186 3162 ad
2225 3111 2422 3164 hellttm
2454 3113 2775 3180 parandum,
2803 3130 2900 3167 seu
2933 3117 3280 3171 indicendum
3308 3132 3519 3173 memo-

1917 3209 2018 3256 rat.
2055 3202 2236 3257 Primo
2258 3203 2470 3272 signum
2502 3205 2615 3258 sive
2639 3205 2893 3259 vexillum
2921 3222 2985 3260 ex
3020 3222 3146 3263 arce
3175 3209 3520 3264 demonstra-

1917 3305 2051 3363 tum,
2079 3296 2145 3350 de
2175 3313 2280 3366 quo
2313 3295 2563 3367 Virgilius
2595 3299 2613 3369 (
2646 3299 2736 3352 lib.
2765 3314 2883 3363 Vlll,
2912 3298 3158 3366 λΕιιεὶάη
3185 3318 3316 3358 vers.
3351 3303 3374 3359 1
3407 3302 3426 3375 )
3460 3321 3474 3358 :

2039 3387 2253 3500 l[:Ittbf‘ltli
2275 3389 2470 3450 signum
2494 3389 2729 3440 Laurenti
2755 3389 2951 3441 Turnus
2974 3392 3036 3441 ab
3057 3406 3173 3444 arce

2059 3464 2113 3499 ex
2141 3464 2170 3497 u
2191 3465 2208 3499 ι

2059 3464 2267 3500 ιΧιυιιι..
2277 3488 2310 3501 ..

1993 3555 2010 3586 ‹
2047 3535 2344 3603 Quoniam,
2385 3556 2402 3589 ι
2441 3539 2511 3591 uti
2543 3534 2760 3593 Servius
2789 3537 2841 3593 in
2873 3539 3014 3596 hunc
3045 3539 3222 3597 locum
3255 3541 3518 3598 animadm

1915 3631 2076 3684 vertit
2106 3648 2118 3687 :
2144 3649 2162 3681 ι
2200 3630 2452 3686 vexillum
2484 3632 2536 3686 in
2566 3646 2693 3688 arce
2726 3636 2849 3703 poni
2883 3635 3137 3702 solebat,
3190 3637 3333 3706 quod
3366 3649 3514 3696 esset

1914 3725 2189 3794 specimen
2228 3725 2474 3796 imperati
2513 3728 2806 3794 exercitus,
2851 3747 2871 3781 ι
2903 3729 3024 3797 Quo
3069 3730 3236 3785 etiam
3264 3731 3334 3786 de
3366 3748 3519 3790 more

1914 3817 2030 3871 lucc
2055 3833 2083 3870 a
2114 3815 2272 3871 Festo
2302 3819 2500 3888 scripta
2529 3820 2547 3891 (
2574 3819 2698 3875 Fest
2719 3821 2789 3872 ad
2810 3819 3016 3875 verbum
3041 3821 3214 3893 Just.)
3238 3823 3467 3895 legimus
3499 3844 3513 3880 :

1921 3933 1938 3966 ι
1973 3913 2109 3969 Jusd
2140 3913 2255 3971 dies
2286 3914 2602 3970 dicebantur
2630 3916 2872 3985 triginta,
2898 3927 3023 3970 cum
3053 3917 3325 3971 exercitus
3364 3927 3515 3974 esset

1914 4007 2212 4077 imperatus
2233 4050 2247 4074 ,
2276 4017 2330 4062 et
2356 4008 2607 4064 vexillum
2651 4010 2702 4064 in
2733 4024 2858 4065 arce
2889 4009 3149 4080 positum.
3188 4028 3207 4061 ι
3256 4009 3418 4066 Plura
3447 4011 3516 4067 dc

1915 4099 2007 4154 illo
2030 4115 2180 4154 more
2202 4099 2408 4155 videbis
2433 4102 2572 4170 apud
2608 4102 2828 4157 Dionem
2856 4101 3127 4169 Cassium,
3157 4118 3207 4157 et
3239 4099 3508 4170 Lipsium.

1916 4193 1936 4261 (
1964 4193 2079 4248 Dio.
2110 4192 2255 4248 Cass.
2286 4237 2298 4257 ,
2331 4194 2422 4248 lib.
2469 4210 2616 4249 xxvn
2640 4239 2653 4263 ,
2686 4213 2738 4264 ρ.
2770 4196 2878 4260 47;
2922 4193 3071 4264 Lips.
3098 4236 3112 4262 ,
3145 4193 3236 4261 lib,
3259 4209 3313 4262 ι,
3346 4194 3410 4249 de
3436 4193 3517 4250 Re

1914 4287 2119 4352 rustic.,
2150 4302 2268 4356 cap.
2295 4285 2353 4352 2,
2389 4303 2438 4355 p.
2471 4287 2536 4340 18
2557 4297 2603 4340 et
2630 4303 2766 4358 seqq.
2791 4285 2834 4358 ).

1988 4379 2236 4434 Secundo
2265 4379 2534 4433 Arnobius
2562 4382 2765 4450 fecialia
2802 4382 2923 4447 iura
2963 4382 3231 4451 appellat;
3263 4381 3389 4452 quia
3432 4383 3514 4439 fe-

1914 4470 2074 4525 ciales
2126 4473 2320 4526 bellum
2378 4473 2595 4527 nomine
2639 4474 2821 4544 populi
2876 4473 3106 4528 Romani
3161 4475 3505 4544 indicebant,

1913 4565 2363 4632 quemadmodum
2411 4583 2474 4622 ex
2526 4565 2704 4632 Livio,
2758 4567 3015 4638 Dionysio
3045 4568 3510 4639 Halycarnasseo,

207 4657 741 4727 centuriata,quibus
765 4654 1018 4710 consules
1037 4655 1341 4724 tribunique
1364 4654 1627 4711 militares
1649 4673 1802 4711 erea-
1833 4635 1887 4696 Β
1911 4656 2108 4724 Gellio,
2153 4668 2203 4712 et
2254 4657 2538 4713 Lactantio
2582 4657 2793 4712 discere
2840 4635 2923 4713 est
2967 4658 3132 4731 (Liv.,
3154 4635 3264 4714 vlib.
3309 4676 3346 4727 ι,
3382 4659 3409 4732 §
3442 4635 3513 4717 24

207 4751 394 4808 bantur
429 4755 447 4827 (
474 4754 585 4809 Liv.
613 4796 627 4819 ,
660 4754 747 4807 lib.
783 4770 830 4818 ι,
869 4752 896 4824 §
930 4753 998 4808 60
1026 4763 1072 4808 et
1100 4754 1190 4807 lib.
1222 4769 1277 4818 v,
1311 4753 1336 4825 §
1363 4754 1489 4826 5:2).
1519 4755 1808 4822 Qumnodo

206 4859 379 4902 autem
418 4850 532 4902 haec
560 4851 793 4920 primum
824 4849 1085 4911 instituta,
1109 4863 1170 4901 ac
1193 4847 1450 4919 deinceps
1482 4852 1582 4905 sub
1611 4865 1809 4904 consu-

205 4940 340 4997 libus
369 4940 512 4996 facta
540 4942 669 5007 sint,
705 4943 985 5010 perspicue
1011 4951 1197 4994 narrat
1228 4943 1514 5013 Dionysius
1545 4943 1806 5015 Halycar-

208 5051 436 5091 nasseus
467 5036 485 5107 (
513 5036 726 5107 Dionys.
785 5033 973 5105 Halyc.
1005 5077 1019 5100 ,
1067 5035 1158 5088 lib.
1201 5051 1273 5100 tv,
1307 5036 1558 5106 Antiquit.
1602 5035 1759 5091 Rom.
1789 5080 1804 5102 ,

207 5145 325 5199 pag.
358 5127 488 5192 221,
515 5138 561 5181 et
590 5127 682 5182 lib.
733 5144 805 5182 vn
832 5170 844 5192 ,
879 5143 996 5198 pag.
1028 5127 1136 5182 474
1166 5138 1212 5181 et
1248 5145 1384 5198 seqq.
1413 5126 1581 5198 )0u:e
1623 5138 1802 5184 autem

203 5218 408 5274 fuerint
451 5220 658 5274 curiata
701 5235 764 5273 ac
802 5219 1102 5274 centuriata
1133 5221 1348 5275 comitia
1373 5263 1386 5286 ,
1428 5236 1494 5274 cx
1528 5220 1708 5276 Felice
1751 5230 1807 5276 et

203 5309 463 5367 Labeone
491 5313 725 5382 explicat
753 5312 819 5366 A.
852 5312 1080 5378 Gellius,
1111 5325 1272 5383 atque
1304 5313 1589 5382 Manutius
1628 5325 1682 5370 et
1711 5315 1804 5371 Ni-

205 5408 398 5462 colaus
426 5405 694 5463 Gruchius
719 5453 732 5475 ,
764 5407 853 5475 qui
886 5406 954 5460 de
991 5407 1097 5460 illis
1128 5408 1294 5463 libros
1322 5408 1540 5463 edidere
1570 5408 1590 5482 (
1624 5409 1760 5464 Gell.
1785 5452 1801 5477 ,

206 5499 296 5552 lib.
326 5517 405 5554 tv.
430 5497 582 5552 Noct.
611 5499 740 5562 Att.,
764 5515 882 5564 capi.
910 5497 1014 5564 27;
1049 5498 1252 5552 Manut.
1285 5512 1330 5554 et
1359 5499 1578 5566 Gracia,
1605 5512 1728 5555 tom.
1750 5503 1806 5557 1-.

209 5592 442 5660 Antiquit
484 5608 683 5645 roman.
717 5611 736 5644 ›
791 5590 951 5646 Plura
993 5607 1210 5662 quoque
1237 5593 1304 5648 de
1340 5593 1534 5648 iisdem
1571 5595 1809 5650 comitiis

211 5686 467 5739 observat
508 5683 817 5741 Alexander
854 5683 922 5739 ab
949 5683 1259 5741 Alexandro
1281 5729 1294 5752 ,
1341 5695 1397 5741 et
1425 5686 1768 5757 Tiraquellus
1788 5729 1803 5753 ,

205 5793 343 5846 quos
420 5779 555 5834 sicut
602 5789 658 5835 et
708 5779 848 5834 alios
912 5779 1221 5847 complures
1267 5781 1553 5836 consulere
1604 5782 1836 5851 poteris.

210 5873 492 5939 (Alexand.
520 5883 566 5928 et
593 5873 771 5945 Tiraq.
808 5873 902 5928 lib.
929 5888 980 5928 tv
1013 5872 1216 5929 Genial.
1251 5875 1406 5940 dictu,
1434 5892 1550 5947 cap.
1576 5876 1611 5931 5
1629 5876 1669 5946 ).

1913 4762 1957 4805 et
1985 4752 2084 4818 52;
2110 4750 2302 4822 Diong.
2331 4750 2550 4822 Halgc.,
2577 4751 2665 4804 lib.
2697 4751 2752 4820 2,
2784 4767 2904 4823 pag.
2938 4753 3077 4817 150;
3112 4751 3269 4818 Gell.,
3301 4753 3392 4806 lib.
3419 4754 3509 4817 16,

1917 4845 2072 4898 Nact.
2124 4846 2303 4910 Attia,
2336 4861 2450 4912 cap.
2497 4846 2560 4912 4;
2594 4843 2838 4910 Laetam,
2883 4843 2972 4897 lib.
3008 4859 3095 4908 vl;
3145 4842 3277 4899 Inst.
3327 4845 3510 4912 divin.,

1913 4956 2028 5008 cap.
2060 4939 2113 5005 9,
2143 4956 2262 5010 pag.
2296 4937 2444 5009 572).
2486 4938 2561 4992 De
2591 4938 2672 4992 his
2704 4953 2852 5003 vero,
2876 4948 2931 4992 et
2955 4937 3313 5008 aurigatione,
3349 4953 3513 5008 quam

1915 5035 2116 5088 Auctor
2160 5043 2344 5087 noster
2373 5030 2530 5087 tertio
2567 5032 2687 5088 loco
2726 5033 3003 5097 nominat,
3039 5031 3258 5086 Servius
3308 5032 3361 5084 in
3398 5031 3514 5101 jam

1913 5127 2088 5182 citatis
2113 5126 2165 5180 in
2206 5124 2480 5195 Virgilium
2513 5126 2919 5181 commentariis
2948 5124 3063 5180 hac
3109 5124 3289 5178 habet.
3320 5141 3341 5175 ι
3375 5120 3513 5178 Cum

1912 5219 2142 5274 Romani
2168 5219 2416 5273 volebant
2443 5217 2646 5273 bellum
2669 5217 2930 5286 indiCere,
2958 5218 3383 5287 Paterpatratus,
3404 5216 3515 5273 hoc

1912 5325 1994 5370 est
2035 5313 2285 5384 princeps
2336 5311 2628 5376 fecialium,
2680 5313 3123 5382 proficiscebatur
3159 5310 3228 5365 ad
3275 5309 3512 5365 hostium

1913 5405 2070 5472 ﬁnes,
2111 5415 2165 5460 et
2200 5407 2447 5473 prtelatus
2477 5408 2724 5476 quaedam
2756 5405 3050 5470 solemnia,
3084 5405 3228 5460 clara
3272 5419 3406 5460 voce
3429 5404 3514 5459 di-

1912 5500 2066 5554 cebat
2093 5513 2152 5552 se
2179 5497 2378 5552 bellom
2413 5497 2654 5553 indicere
2694 5507 2916 5567 propter
2947 5506 3128 5552 certas
3163 5511 3378 5564 causas,
3419 5507 3514 5554 aut

1912 5594 2031 5664 quia
2084 5592 2261 5648 socios
2307 5593 2577 5660 laeserant,
2621 5603 2710 5647 aut
2753 5595 2875 5665 quia
2910 5607 3010 5648 nec
3038 5592 3262 5664 abrepta
3306 5594 3512 5648 anima-

1912 5688 2002 5757 lia,
2035 5704 2052 5742 ι
2079 5690 2192 5745 sive
2221 5707 2300 5745 res
2326 5701 2523 5758 raptos,
2553 5699 2610 5744 ut
2633 5691 2707 5745 ait
2733 5690 3025 5755 Arnobius,
3065 5709 3085 5741 ι
3116 5705 3218 5746 nec
3241 5691 3512 5748 obnoxios

1911 5783 2218 5849 redderent,
2267 5793 2322 5838 et
2374 5783 2486 5838 litec
2538 5784 2816 5854 clarigatio
2863 5784 3141 5840 dicebatur
3184 5800 3212 5838 a
3265 5785 3511 5842 claritate

1913 5879 2077 5934 vocis.
2107 5876 2237 5934 Post
2257 5893 2416 5948 quam
2443 5877 2868 5948 clarigationem,
2898 5877 3048 5935 hasta
3077 5878 3130 5932 in
3154 5892 3344 5936 eorum
3376 5883 3512 5944 tines
