3918 6344
388 392 497 446 tua

1635 375 2088 435 DlSSElt..‘~.T'0
2129 375 2406 434 i‘R/EVIA

3590 384 3696 440 404

383 505 460 560 tis
491 518 602 558 suae
653 499 870 555 decimo
917 511 1084 561 nono,
1113 495 1312 552 Christi
1339 505 1518 550 autem
1549 491 1711 556 1598.
1749 490 1995 547 Criticum
2023 497 2077 562 Α
2102 501 2257 548 extra
2291 493 2486 559 aleam,
2520 502 2575 550 et
2603 493 2838 550 auctoris
2868 495 3222 564 propositum,
3249 511 3355 554 nec
3377 511 3547 569 pauca
3571 501 3696 570 qui-

383 596 758 659 arnobianum,
810 592 1059 659 Lugduni
1087 590 1412 646 Batavorum
1461 587 1603 659 typis
1645 586 1990 642 elzevirianis

385 691 718 758 impressum
745 685 933 740 edidit.
967 683 1076 738 Nos
1118 691 1298 737 autem
1329 679 1565 734 monitos
1594 678 1722 736 facit
1749 693 1810 734 se
1847 676 1991 732 Can-

387 790 532 850 'ero,
564 781 654 852 qui
710 777 901 836 eadem
963 775 1344 838 meditabatur,
1396 771 1496 826 nisi
1526 771 1644 841 ejus
1697 769 1988 842 permissu,

385 875 588 946 praeire
619 872 882 937 uoluisse,
918 884 984 924 ne
1013 867 1204 922 falcem
1230 879 1384 920 suam
1409 866 1460 919 iu
1489 864 1720 919 alienam
1749 878 1986 918 messem

388 966 648 1036 injecisse
692 971 1026 1034 argueretur.
1081 957 1162 1013 Eo
1213 973 1377 1028 porro
1404 957 1458 1012 in
1499 972 1668 1027 opere
1723 971 1832 1012 non
1885 958 1994 1011 alio

387 1059 504 1116 fere
532 1055 859 1120 collineavit,
901 1067 1062 1123 quam
1108 1061 1166 1106 ut
1218 1049 1504 1105 arnobiani
1553 1061 1736 1106 textus
1776 1065 1993 1107 errores

391 1151 598 1220 absque
639 1149 749 1203 ullo
777 1145 967 1201 codice
996 1143 1222 1211 inedito,
1253 1142 1350 1198 sed
1382 1143 1598 1213 proprio
1627 1152 1818 1209 marte,
1844 1145 1994 1214 juve-

389 1241 592 1311 nilique
623 1239 840 1310 ingenio
895 1235 1234 1292 emendaret.
1275 1234 1501 1290 Fatetur
1532 1245 1711 1293 tamen
1740 1251 1772 1291 a
1799 1252 1857 1290 se
1887 1236 1986 1290 im-

391 1344 613 1408 petrare
657 1347 766 1387 nou
801 1329 1086 1402 potuisse,
1129 1329 1256 1398 quin
1306 1328 1480 1382 labori
1513 1329 1774 1394 intentus,
1822 1343 1996 1398 eoque

389 1425 667 1489 incitatus,
709 1421 1003 1493 aliquando
1045 1430 1196 1476 extra
1247 1420 1556 1491 propositos
1583 1432 1900 1476 excurreret
1931 1420 1996 1474 li-

387 1521 576 1576 mites.
603 1519 772 1586 Quam
805 1514 951 1572 felici
980 1525 1163 1571 autem
1193 1528 1448 1570 successu
1469 1514 1521 1568 id
1543 1515 1734 1586 egerit,
1767 1513 1996 1583 probant

391 1625 544 1668 certe
576 1618 655 1664 tot
675 1607 875 1664 eruditi
903 1608 1223 1676 scriptores,
1256 1609 1344 1675 qui
1377 1616 1564 1677 postea
1593 1605 1994 1676 manuscripto~

390 1721 514 1761 rum
545 1703 750 1759 auxilio
802 1702 1091 1756 iununiera
1127 1709 1307 1754 textus
1335 1698 1574 1754 auctoris
1601 1700 1772 1754 [lOall'l
1801 1699 1996 1755 menda

396 1809 455 1855 et
515 1797 740 1853 vulnera
797 1809 992 1850 sanare
1057 1792 1280 1860 conati,
1353 1791 1501 1846 illum
1558 1791 1736 1846 adhuc
1797 1792 1997 1848 errori-

2097 585 2222 643 dem
2256 603 2376 659 qua:
2395 587 2462 642 ad
2493 587 2898 657 grammaticam
2931 597 3135 643 tantum
3165 592 3458 660 pertinent,
3489 603 3543 646 et
3571 593 3696 662 qui-

2097 679 2200 736 bus
2226 682 2418 736 similia
2464 681 2778 737 aruohianis
2803 681 2964 737 verba
2996 682 3321 758 quandoque
3347 684 3694 742 exhibentur.

2097 772 2310 828 Erroris
2339 786 2556 842 quoque
2581 782 2862 827 auctorem
2892 785 3133 828 nostrum
3179 791 3583 847 nonnumquam
3609 793 3698 831 ar-

2101 879 2265 936 guere
2295 879 2402 919 non
2435 877 2672 931 veretur,
2703 880 2771 920 an
2815 867 3010 922 merito
3033 866 3118 920 vel
3148 865 3366 938 injuria,
3397 880 3583 939 postea
3614 871 3698 924 vi—

2100 956 2365 1012 dehimus.
2411 956 2692 1014 Postremo
2738 959 2970 1030 ingenue
3018 959 3310 1013 confitetur
3355 960 3584 1029 plurima
3636 976 3702 1016 se

2099 1048 2550 1118 praetermisisse,
2605 1065 2724 1121 qua:
2782 1049 2951 1116 falsa,
3006 1059 3261 1119 corrupta
3331 1060 3386 1106 et
3463 1051 3695 1107 obscura

2099 1152 2246 1198 sunt.

2172 1235 2409 1308 Longior
2453 1252 2582 1292 vero
2639 1246 2723 1292 est
2770 1236 2822 1290 in
2867 1235 2982 1290 suis
3029 1234 3594 1292 animadversiouibus
3644 1246 3700 1293 et

2101 1331 2242 1386 notis
2277 1330 2562 1397 lleraldus,
2597 1331 2689 1386 sed
2744 1328 3083 1400 frequentius
3135 1345 3296 1400 quam
3345 1329 3700 1385 Elmenhors-

2103 1427 2229 1493 tius,
2254 1427 2324 1482 ab
2350 1428 2587 1482 auctoris
2639 1426 2916 1500 preposito
2957 1424 3275 1496 digreditur.
3330 1423 3385 1479 ln
3441 1425 3522 1480 bis
3552 1425 3700 1482 enim

2111 1520 2234 1576 data
2267 1519 2418 1575 citati
2447 1535 2476 1575 a
2508 1534 2566 1575 se
2608 1519 2833 1590 alicujus
2877 1517 3156 1589 scriptoris
3204 1519 3508 1582 occasione,
3562 1519 3701 1573 ultra

2101 1612 2302 1668 laudati
2332 1622 2512 1668 textus
2553 1613 2991 1669 emendationem
3019 1611 3104 1666 vel
3149 1611 3565 1681 explicationem
3613 1613 3700 1666 ni-

2102 1705 2270 1758 mium
2315 1703 2570 1770 excurrit,
2608 1705 2870 1774 pluraque
2915 1704 3159 1774 congerit
3189 1703 3254 1757 ad
3286 1704 3434 1759 clara
3476 1706 3702 1759 Arnohii

2102 1799 2267 1854 verba
2297 1799 2560 1853 inutiliter
2590 1798 2931 1868 explicanda.
2962 1796 3148 1868 Neque
3177 1805 3354 1852 tamen
3383 1798 3704 1868 negabimus

392 1891 496 1949 bus
561 1888 970 1961 quamplurimis
1041 1885 1402 1942 deformatum
1455 1884 1764 1956 relinquere
1821 1885 1995 1941 coacti
2027 1897 2075 1965 Β
2103 1893 2156 1946 iu
2184 1892 2290 1948 illis
2311 1907 2458 1963 sape
2482 1895 2599 1962 ejus
2638 1893 2996 1950 eruditionem
3022 1907 3088 1947 eo
3112 1892 3282 1962 magis
3309 1893 3565 1952 emicare.
3596 1908 3705 1963 quo

391 1994 540 2041 sunt.

464 2075 802 2151 Quapropter
848 2073 894 2128 is
922 2071 1252 2128 aruobianus
1291 2070 1538 2137 critieus,
1566 2085 1598 2124 a
1626 2069 1860 2126 Meursio
1878 2071 1990 2128 elue

392 2158 1084 2232 cubratus,"l‘heodorum
1130 2163 1425 2220 Canterum
1473 2179 1581 2218 non
1626 2164 1996 2232 deterruitab

394 2261 618 2318 edendis
650 2261 706 2317 in
738 2259 965 2316 Aruobii
1014 2258 1184 2313 libros
1237 2257 1380 2313 notis
1410 2267 1465 2313 et
1500 2256 1992 2322 observationibus,

397 2374 530 2431 quas
552 2367 731 2419 antea,
759 2357 833 2411 uti
852 2355 1106 2420 diximus,
1128 2352 1406 2424 divulgare
1431 2349 1771 2406 decreverat.
1797 2350 1996 2406 Emen-

396 2451 510 2507 dati
548 2459 729 2506 autem
779 2464 808 2503 a
845 2463 926 2515 se,
975 2457 1067 2502 aut
1114 2444 1438 2501 emendandi
1482 2454 1663 2500 textus
1715 2446 1996 2502 arnobiani

394 2545 665 2601 rationem
707 2544 760 2598 in
794 2543 874 2597 eis
903 2540 1096 2605 reddit,
1132 2554 1196 2594 ac
1221 2541 1390 2594 multa
1417 2537 1640 2606 iudicat,
1670 2555 1789 2608 quae
1819 2540 1995 2594 Arno-

395 2638 520 2694 bius
568 2653 636 2692 ex
679 2635 965 2692 Clemente
994 2631 1365 2688 Alexandrino
1411 2631 1751 2702 potissimum
1780 2631 1996 2688 desum-

396 2732 526 2805 psit.
576 2730 754 2785 Pauca
798 2739 980 2783 autem
1031 2725 1305 2796 explicat,
1364 2733 1594 2795 utroque
1647 2722 1846 2780 fatetur
1891 2724 1996 2779 alia

397 2826 562 2897 longe
593 2823 826 2896 plurima
856 2834 1175 2892 superesse,
1219 2832 1340 2888 qua:
1387 2815 1693 2887 copiosiore
1732 2817 1998 2888 interpre-

395 2919 604 2980 tatione
647 2915 976 2986 indigebant.
1021 2911 1194 2980 Quam
1225 2912 1294 2965 ob
1340 2924 1560 2965 causam
1601 2908 1998 2986 amplissimum

396 3015 458 3070 in
487 2993 590 3070 hos
620 3010 845 3066 Aruobii
869 3008 1039 3063 libros
1058 3005 1510 3062 commentarium
1536 3002 1686 3060 brevi
1725 3019 1786 3058 se
1818 3004 1996 3059 editu-

395 3124 518 3164 rum
547 3105 818 3178 pollicitus
851 3111 955 3158 est.
984 3100 1091 3156 Sed
1137 3107 1314 3153 utrum
1357 3096 1517 3152 fidem
1550 3096 1876 3160 liberaverit,
1907 3104 1999 3151 aut

399 3217 498 3258 cur
551 3196 836 3271 promissis
881 3209 987 3250 non
1034 3193 1269 3258 steterit,
1303 3191 1458 3246 nobis
1505 3190 1766 3248 hactenus
1795 3190 2000 3257 incom-

398 3302 635 3366 pertum.

475 3384 708 3456 Scripsit
738 3383 900 3437 etiam
944 3376 1286 3435 Stewechius
1314 3375 1544 3449 duplicis
1572 3375 1786 3446 generis
1817 3375 1869 3430 in
1895 3390 1992 3430 au-

407 3480 578 3539 ctoris
602 3474 777 3531 nostri
807 3473 974 3528 libros
1003 3468 1522 3532 animadversiones,
1551 3482 1781 3538 quarum
1813 3467 2000 3536 prim-.e

401 3577 474 3629 ab
491 3588 558 3628 eo
579 3569 808 3642 syllabus
848 3566 1148 3629 electorum,
1174 3561 1427 3617 secunda:
1453 3559 1611 3616 electa
1635 3560 1994 3630 appellantur.

402 3667 459 3723 In
494 3662 882 3737 posterioribus
900 3660 1052 3729 plura
1076 3654 1297 3712 Arnobii
1327 3654 1486 3714 verba
1504 3662 1562 3708 et
1587 3654 1885 3708 sententias
1913 3653 2000 3708 vel

405 3779 474 3819 ex
502 3759 719 3830 ingenio
746 3765 801 3810 et
827 3751 1216 3813 membraneis,
1257 3748 1331 3808 uti
1375 3747 1469 3812 ait,
1501 3745 1780 3802 codicibus
1815 3761 2002 3801 emen-

404 3854 537 3909 dare
562 3861 617 3906 et
645 3848 939 3910 illustrare,
963 3846 1047 3898 vel
1069 3841 1294 3895 aliorum
1325 3841 1648 3914 scriptorum
1681 3838 2001 3893 auctoritate

402 3944 733 4001 conﬁrmare
765 3953 862 4009 pro
893 3934 1031 3990 virili
1081 3941 1232 4003 parte
1280 3946 1376 3999 sua
1407 3930 1717 3987 connititur.
1749 3930 2000 4005 Syllabus

404 4051 539 4095 vero
569 4035 868 4091 electorum
919 4037 1002 4083 est
1052 4024 1218 4080 totius
1273 4024 1473 4095 operis,
1506 4034 1565 4078 ut
1613 4023 1727 4079 hinc
1781 4025 1885 4078 fert
1919 4024 2001 4082 in-

403 4131 653 4202 scriptio,
685 4121 1092 4195 compendium,
1125 4119 1269 4191 quod
1321 4117 1451 4174 nihil
1484 4130 1663 4178 tamen
1704 4117 1870 4185 aliud,
1897 4119 1999 4174 nisi

403 4219 763 4296 quorumdam
793 4215 1086 4272 verborum
1113 4211 1555 4280 extilicationein,
1583 4218 1637 4264 et
1661 4211 1918 4266 nonnulla
1944 4212 2000 4268 in

402 4317 490 4374 his
520 4312 746 4372 Arnobii
777 4311 930 4368 libris
957 4314 1145 4362 notatu
1173 4303 1333 4375 digna
1365 4301 1610 4361 exhibet.

478 4405 946 4482 Quemadmodum
978 4414 1112 4455 vero
1142 4395 1583 4454 Eltneuhorstius
1623 4393 1756 4451 duas
1805 4397 2003 4466 publici

408 4507 549 4580 juris
606 4501 733 4558 fecit
784 4496 1100 4555 eorumdem
1142 4493 1369 4549 Arnobii
1423 4489 1686 4546 librorum
1717 4489 2003 4558 editiones,

409 4604 486 4660 ita
513 4595 938 4666 uniuscujusque
985 4589 1150 4644 variis
1180 4586 1321 4642 notis
1354 4585 1690 4641 illustrandae
1719 4601 1857 4642 onus
1882 4600 2001 4641 sus-

2100 1984 2360 2050 breviori,
2395 1985 2550 2040 sicuti
2579 1984 2837 2050 diximus,
2883 1985 3143 2053 temporis
3189 1984 3476 2040 intervallo
3531 1993 3702 2040 totum

2103 2090 2241 2146 opus
2270 2091 2330 2132 se
2360 2077 2658 2150 perfecisse
2685 2077 2947 2133 adseruit.

2179 2169 2324 2226 Duos
2351 2170 2683 2242 Bulengerus
2731 2172 2784 2226 in
2814 2170 3111 2226 Arnobiuin
3168 2171 3491 2244 Eclogarum
3535 2172 3706 2228 libros

2103 2265 2334 2330 Tolosae,
2369 2279 2512 2321 anno
2545 2264 2708 2332 l612,
2743 2265 2928 2320 edidit.
2961 2263 3016 2318 lu
3049 2265 3221 2335 primo
3261 2264 3423 2329 variis
3455 2274 3564 2319 tam
3616 2279 3705 2319 sa-

2103 2370 2344 2420 crorum,
2375 2371 2534 2426 quam
2567 2356 2972 2426 prophanorum
3026 2357 3348 2426 scriptorum
3377 2356 3704 2411 testimoniis

2107 2447 2358 2517 qutedam
2391 2447 2595 2502 stabilit
2623 2462 2687 2502 ac
2715 2446 3021 2513 conﬁrmat,
3049 2462 3170 2518 quae
3201 2448 3254 2500 in
3287 2447 3508 2502 Arnobii
3554 2449 3706 2504 libris

2108 2539 2307 2611 scripta
2339 2538 2569 2608 legimus
2610 2539 2676 2593 de
2715 2539 2847 2602 Deo,
2877 2538 2996 2610 ejus
3039 2538 3329 2606 attributis,
3356 2549 3412 2596 et
3452 2539 3706 2594 humana:

2103 2631 2299 2684 animae
2328 2630 2648 2701 incorporea
2679 2631 3080 2704 immortalique
3118 2641 3326 2685 natura.
3357 2631 3466 2687 Sed
3507 2647 3708 2703 magno

2103 2721 2319 2778 silentio
2353 2722 2504 2792 plura
2531 2723 2635 2777 alia
2682 2722 2941 2793 praeteriit
3003 2738 3126 2793 quae
3155 2723 3235 2778 vel
3264 2723 3426 2801 paulo
3453 2724 3704 2792 liberius,

2103 2815 2190 2870 vel
2240 2815 2528 2874 obscurius
2579 2815 2647 2870 ab
2699 2815 2790 2869 illo
2839 2815 2978 2871 dicta
3034 2816 3199 2872 fuisse
3255 2816 3408 2872 multi
3459 2832 3705 2888 conque-

2104 2915 2323 2961 runtur.

2178 2997 2429 3053 Secundo
2460 2998 2792 3070 Bulengerus
2823 3012 2923 3054 suo
2951 2999 3004 3052 in
3060 2998 3200 3054 libro
3228 2999 3343 3055 base
3371 3001 3502 3055 citat
3529 3001 3708 3056 Arno-

2105 3089 2180 3144 bii
2218 3092 2422 3146 verba:
2463 3109 2482 3144 ι
2526 3090 2728 3146 Ridetis
2781 3091 3115 3161 temporibus
3158 3091 3348 3161 priscis
3377 3091 3570 3148 Persas
3595 3091 3705 3148 ﬂu-

2103 3185 2248 3239 vium
2277 3183 2536 3250 coluisse,
2568 3183 2880 3239 memoralia
2915 3196 2972 3238 ut
3021 3183 3256 3238 iudicant
3304 3184 3536 3255 scripta;
3568 3203 3588 3236 ι
3615 3195 3707 3240 at-

2028 3289 2074 3352 C
2105 3293 2211 3348 que
2262 3278 2424 3331 etiam
2477 3277 2566 3332 illa
2593 3295 2606 3330 :
2638 3298 2656 3328 ι
2690 3275 2760 3332 Et
2807 3277 2946 3332 inter
2988 3277 3239 3347 Assyrios
3267 3287 3321 3332 et
3363 3277 3704 3344 Bactrianos,

2104 3369 2244 3424 Nino
2268 3369 2502 3440 quodam
2543 3369 2938 3440 Zoroastreque
2971 3370 3312 3436 ductoribus,
3342 3386 3447 3426 non
3495 3381 3706 3428 tantum

2104 3466 2249 3522 ferro
2280 3465 2648 3532 dimicaretur,
2677 3475 2732 3520 et
2780 3465 3003 3532 viribus,
3031 3481 3216 3520 verum
3262 3468 3424 3521 etiam
3482 3468 3710 3537 magicis

2110 3567 2165 3615 et
2207 3558 2582 3614 Cltaldmorum
2607 3575 2674 3613 ex
2725 3559 3020 3614 reconditis
3063 3559 3362 3629 disciplinis
3399 3580 3417 3612 ι
3451 3559 3704 3634 (Arnob.,

2107 3651 2196 3708 lib.
2232 3668 2304 3716 vi,
2337 3670 2391 3720 ρ.
2447 3650 2588 3715 196;
2623 3663 2674 3706 et
2721 3651 2811 3704 lib.
2863 3667 2900 3716 ι,
2927 3668 2980 3719 p.
3033 3650 3109 3720 5).
3150 3650 3245 3704 His
3274 3667 3400 3706 vero
3425 3653 3711 3708 dumtaxat

2105 3745 2328 3801 Aruobii
2357 3744 2557 3810 verbis,
2586 3755 2859 3814 tamquam
2881 3742 3038 3809 huius
3065 3741 3288 3797 secundi
3320 3742 3441 3797 libri
3474 3744 3552 3797 sui
3587 3747 3710 3801 the-

2109 3848 2252 3894 mate
2281 3848 2334 3893 et
2363 3848 2684 3908 argumento
2707 3837 3016 3908 propositis,
3049 3836 3215 3890 multa
3245 3838 3478 3907 undique
3498 3837 3709 3906 colligit

2106 3941 2162 3988 et
2213 3931 2520 3987 accumulat
2561 3930 2627 3985 de
2677 3929 2879 3996 Persis,
2925 3929 3114 3994 Medis,
3171 3928 3405 3996 Parthis,
3435 3931 3702 4002 Assyriis,

2104 4023 2443 4096 Babyloniis,
2483 4022 2674 4094 Magis,
2731 4021 3021 4088 Chaldaeis,
3071 4022 3390 4094 illorumque
3437 4024 3704 4093 moribus,

2104 4118 2210 4174 diis
2241 4127 2297 4174 et
2335 4119 2526 4184 sacris,
2557 4133 2677 4187 quas
2713 4132 2741 4169 a
2772 4116 3014 4171 Barnaba
3051 4115 3325 4172 Brissonio
3378 4118 3430 4170 iu
3482 4131 3582 4172 suo
3637 4119 3707 4175 de

2105 4211 2335 4280 imperio
2361 4209 2650 4265 Persarum
2679 4208 2817 4262 libro
2841 4211 3044 4262 omissa
3068 4206 3307 4264 fuerunt.
3325 4208 3430 4264 Sed
3451 4212 3573 4281 quis
3593 4228 3706 4270 non

2112 4302 2263 4358 videt
2287 4302 2404 4357 hac
2432 4303 2614 4357 omnia
2643 4316 2748 4355 non
2780 4301 2952 4372 magis
2981 4300 3276 4356 Arnobium
3311 4313 3553 4358 nostrum
3577 4320 3706 4376 spe-

2106 4405 2276 4461 ctare,
2324 4410 2486 4466 quam
2532 4393 2868 4450 Clementem
2919 4393 3387 4462 Alexandrinum,
3435 4407 3490 4450 et
3537 4397 3702 4453 alium

2107 4488 2402 4558 quemlibet
2429 4489 2750 4558 scriptorem
2776 4528 2791 4552 ,
2820 4487 2910 4557 qui
2933 4486 3148 4553 eadem,
3171 4496 3332 4558 atque
3352 4487 3511 4542 etiam
3544 4490 3706 4561 longe

2109 4580 2260 4653 plura
2289 4580 2357 4636 de
2385 4580 2578 4635 iisdem
2613 4579 2830 4650 populis
2862 4581 3136 4633 memoria:
3167 4579 3560 4650 prodiderunt?
3587 4581 3704 4638 Huc

410 4697 576 4769 cepit.
604 4693 663 4748 ιη
691 4690 859 4762 prima
890 4697 1071 4740 autem
1102 4681 1341 4737 editione
1396 4680 1727 4734 brevissimis
1776 4687 2004 4734 annota-
2027 4685 2083 4747 Ῑ)
2108 4673 2338 4739 accedit,
2368 4673 2513 4743 quod
2564 4689 2624 4728 ea
2673 4673 2854 4727 omnia
2907 4687 3028 4741 quae
3059 4671 3201 4726 idem
3234 4671 3569 4744 Bulengerus
3593 4691 3702 4731 non

407 4789 649 4847 tionibus
680 4781 857 4838 varias
888 4787 1068 4835 textus
1114 4772 1338 4829 Arnobil
1379 4771 1638 4828 lectiones
1668 4769 1888 4836 indicat,
1912 4779 2006 4825 aut

407 4885 528 4954 ejus
568 4881 710 4936 dicta
761 4874 937 4932 citatis
983 4883 1128 4938 saepe
1175 4865 1401 4920 aliorum
1438 4875 1713 4921 auctorum
1742 4863 1914 4928 libris,
1951 4873 2006 4919 et

407 4991 536 5032 raro
561 4969 742 5028 verbis
771 4964 1128 5022 corroborare
1174 4957 1413 5014 molitur.
1461 4957 1801 5028 Quapropter
1831 4957 1884 5010 in
1915 4972 2002 5012 se-

404 5068 582 5127 cuuda
611 5064 850 5121 editione
891 5057 1044 5121 alias,
1078 5054 1162 5109 his
1193 5052 1463 5124 plerisque
1489 5050 1742 5104 omnibus
1769 5051 1998 5116 relictis,

410 5157 729 5230 divulgavit.
760 5153 1044 5208 Lectorem
1066 5160 1195 5202 vero
1213 5159 1368 5199 suum
1401 5142 1651 5198 admonet
1678 5158 1738 5198 se
1765 5143 1819 5196 in
1845 5141 2001 5198 novis

403 5259 512 5316 illis
543 5246 1019 5310 observationibus
1069 5241 1120 5296 id
1165 5238 1504 5310 potissimum
1546 5236 1742 5308 egisse,
1768 5245 1826 5291 ut
1873 5250 2000 5290 sen-

405 5367 527 5409 sum
553 5341 814 5408 auctoris,
843 5337 936 5394 uhi
964 5333 1248 5391 obscurior
1269 5341 1375 5398 est,
1406 5338 1514 5383 tam
1556 5328 1811 5394 breviter,
1836 5343 1998 5398 quam

404 5453 593 5518 aperte
637 5436 935 5508 explicaret
976 5441 1031 5488 et
1079 5429 1530 5498 interpretaretur
1577 5421 1667 5495 (In
1713 5423 1904 5477 monito
1931 5424 1998 5477 ad

405 5515 659 5606 tectam).
693 5529 799 5588 Sed
854 5522 1096 5598 quamvis
1134 5519 1383 5577 brevitati
1438 5532 1498 5573 se
1541 5515 1806 5572 studuisse
1837 5519 2000 5586 proli-

405 5641 626 5696 teatur,
694 5630 907 5680 constat
961 5628 1140 5672 tamen
1188 5617 1241 5669 in
1291 5609 1842 5667 animadversiouibus
1896 5609 2001 5664 illis

407 5725 580 5782 multa
612 5714 842 5774 inveniri
889 5721 1287 5782 supervacanea
1337 5714 1498 5775 atque
1548 5701 1775 5767 inutilia,
1808 5700 2001 5771 quibus

406 5835 501 5877 res
534 5811 850 5872 clarissima:
883 5820 946 5861 ac
977 5803 1298 5868 notissimae,
1315 5799 1422 5855 ulla
1449 5798 1655 5865 absque
1686 5795 2003 5853 necessitate

411 5913 756 5979 exponuntur
783 5897 1310 5964 confirmauturque.
1361 5890 1521 5948 Plura
1550 5889 1713 5946 etiam
1765 5887 2004 5960 reperies

2110 4770 2228 4825 sine
2260 4767 2446 4822 labore
2471 4777 2525 4821 et
2553 4767 2751 4837 vigiliis
2782 4781 2842 4822 se
2868 4766 3192 4836 compilasse
3219 4765 3369 4833 dicit,
3402 4767 3536 4822 nihil
3587 4767 3704 4824 fere

2108 4860 2174 4915 ad
2214 4859 2426 4914 illorum
2458 4853 2755 4912 aliorumve
2805 4857 3030 4912 Arnobii
3063 4856 3355 4912 verborum
3386 4857 3703 4915 conducunt

2110 4961 2204 5008 aut
2224 4951 2666 5021 explicationem,
2691 4959 2782 5003 aut
2803 4950 3236 5020 intelligentiam.

2180 5045 2350 5100 Porro
2377 5055 2555 5099 autem
2607 5059 2673 5098 ex
2721 5043 2803 5096 his
2847 5058 2969 5113 quae
3016 5057 3046 5096 a
3097 5043 3254 5097 nobis
3283 5041 3417 5098 citra
3447 5052 3529 5098 tot
3557 5045 3704 5100 viro-

2106 5157 2248 5205 rum,
2277 5154 2505 5211 quorum
2536 5137 2750 5192 labores
2778 5147 2833 5192 et
2880 5135 3243 5192 eruditionem
3290 5135 3594 5202 laudamus,
3624 5139 3702 5192 vi.

2102 5234 2496 5306 tupcrationem
2528 5232 2816 5287 observata
2858 5240 3016 5296 sunt,
3065 5243 3222 5284 nemo
3253 5245 3403 5294 sane,
3434 5231 3511 5285 uti
3543 5241 3700 5299 puta-

2104 5343 2248 5393 mus,
2281 5327 2599 5382 difﬂtebitur
2640 5325 2791 5396 plura
2822 5325 2877 5378 in
2923 5323 3150 5379 Arnoliii
3180 5322 3334 5378 libris
3375 5322 3606 5378 obscura
3637 5341 3702 5381 ac

2103 5421 2428 5479 difficillima
2467 5419 2535 5475 de
2560 5419 2726 5473 variis
2754 5418 2918 5474 rebus
2971 5417 3287 5487 prophanis,
3320 5431 3385 5471 ac
3429 5419 3700 5488 praecipue

2105 5517 2396 5574 christiana
2446 5514 2712 5584 religione
2753 5553 2768 5578 ,
2825 5512 3104 5582 sacrisque
3163 5511 3308 5565 illius
3357 5509 3700 5581 dogmatibus

2104 5613 2222 5668 loca
2253 5611 2501 5682 reperiri,
2541 5623 2659 5678 quae
2691 5607 2759 5662 ab
2787 5608 3040 5662 omnibus
3081 5607 3469 5676 przetermissa,
3494 5607 3701 5678 majore

2107 5717 2313 5773 tamen,
2342 5719 2501 5776 quam
2553 5712 2748 5757 czetera
2803 5703 2983 5755 omnia
3039 5699 3385 5771 expositione
3435 5701 3697 5772 indigent.

2106 5798 2188 5855 Ad
2220 5813 2280 5853 ea
2307 5797 2475 5868 igitur
2502 5793 2820 5864 explicanda
2853 5803 2907 5849 et
2950 5789 3342 5857 confirmanda,
3367 5800 3459 5845 aut
3502 5793 3704 5863 impro-

2107 5891 2284 5950 banda
2329 5899 2386 5948 et
2415 5886 2716 5959 rejicienda
2756 5887 2922 5945 totius
2953 5884 3148 5953 nostri,
3179 5883 3577 5955 qualecumque
3615 5887 3705 5952 sit,
