3918 6332
205 406 300 464 405

1439 397 1502 453 IN
1546 396 1930 472 ARNOBIUM,
1971 402 2123 459 CAP.
2165 400 2257 457 ιιι.

3400 398 3504 453 406

205 521 393 593 ingenii
428 521 660 590 viribus,
690 535 758 577 ac
807 520 971 578 solito
1011 535 1160 577 more
1206 528 1398 576 nostro
1446 529 1502 575 et
1552 519 1796 577 candore
1824 532 1879 592 Α
1903 539 2008 596 que
2037 527 2299 590 nitantur,
2325 533 2379 582 et
2404 526 2470 581 ad
2505 525 2664 582 fidem
2705 523 2849 581 illius
2880 524 3246 597 abrogandam
3270 532 3499 580 conten-

208 615 576 672 connitendum
605 625 717 672 est.

829 753 1062 813 CAPUT
1101 755 1186 813 Ill.
1210 808 1222 818 .

210 889 360 945 Nam
385 890 438 943 in
478 888 699 945 Arnobii
729 889 888 946 libros
910 890 1304 956 observationes,
1333 908 1394 945 ac
1424 892 1652 960 primum
1677 909 1797 948 exa-

273 983 494 1037 utinatur
521 983 707 1054 quibus
736 985 1051 1052 argumentis
1079 984 1334 1039 Arnobius
1362 985 1631 1040 veritatem
1659 985 1797 1040 chri-

271 1076 445 1130 stianw
472 1075 745 1146 religionis
771 1075 1106 1129 demonstrat.

833 1249 1118 1290 Αιιτιευιυε
1159 1250 1198 1289 Ι.

206 1369 453 1439 Οιιοωρὰᾳ
466 1370 724 1422 Arnobius
745 1373 1026 1423 christiana:
1051 1373 1312 1439 religionis
1336 1377 1597 1439 veritatem
1619 1409 1632 1435 ,
1657 1376 1796 1439 prius

259 1445 290 1500 a_
296 1496 306 1500 _
321 1433 538 1500 pluribus
566 1443 824 1500 assertam
854 1474 868 1495 ,
913 1449 1006 1500 nec
1047 1433 1233 1486 vindice
1256 1437 1581 1500 indigentem
1600 1433 1626 1500 ,“
1648 1433 1794 1492 variis

260 1494 428 1546 Christi
452 1496 906 1562 discipulorumque
933 1499 1043 1562 ejus
1067 1499 1312 1549 miraculis
1337 1494 1572 1551 vindicet.

271 1667 579 1736 Praecipuus
609 1669 834 1725 Arnobii
878 1670 931 1723 in
963 1670 1266 1725 scribendis
1295 1671 1398 1740 his,
1425 1674 1499 1727 uti
1533 1673 1789 1745 vidimus,

211 1758 349 1816 libris
398 1777 595 1832 scopus
629 1761 855 1832 finisque
884 1763 999 1825 iuit,
1036 1772 1093 1816 ut
1146 1763 1455 1819 Christianae
1513 1767 1793 1834 religionis

207 1851 476 1908 veritatem
510 1854 678 1907 variis
714 1858 1044 1924 argumentis
1078 1863 1184 1908 tam
1239 1856 1600 1926 evidentibus,
1632 1875 1790 1928 quam

1909 619 2070 674 tionis
2099 620 2262 673 unita:
2293 621 2637 673 animositate
2691 619 3022 687 conspirent,
3063 637 3082 671 ι
3116 616 3498 674 Defensionem

1905 711 2089 781 itaque
2145 711 2286 765 illius
2334 725 2393 764 se
2442 712 2748 782 suscepisse
2775 711 2923 778 dicit,
2953 726 3062 765 non
3106 709 3232 766 ideo
3257 709 3500 783 quidem,

1904 803 2047 874 quod
2077 804 2188 871 ipsa
2232 804 2532 872 patrocinio
2585 803 2765 857 alieno
2813 811 2987 872 egeat,
3019 801 3115 856 sed
3164 815 3234 856 ne
3274 801 3364 855 illa
3397 801 3499 854 im-

1903 896 2087 966 probis
2109 895 2610 960 calumniatoribus,
2641 894 3073 964 capitalibusque
3092 893 3211 964 ejus
3241 892 3495 960 inimicis,

1903 988 2191 1057 aliquando
2241 990 2474 1044 cessisse
2520 988 2816 1043 videretur.
2845 988 3214 1043 Examinanda
3261 988 3501 1060 itaquea

1906 1081 2064 1136 nobis
2087 1091 2214 1136 sunt
2242 1082 2331 1136 illa
2355 1092 2690 1150 argumenta,
2721 1081 2918 1149 quibus
2941 1080 3056 1136 haec
3084 1081 3175 1136 ille
3201 1081 3400 1136 asserit
3444 1096 3508 1138 ac

1905 1173 2263 1230 demonstrat.

1981 1268 2222 1323 Primum
2253 1279 2430 1324 autem
2462 1269 2530 1323 ab
2567 1284 2634 1324 eo
2657 1270 2960 1325 desumitur
2987 1283 3055 1324 ex
3081 1266 3310 1333 Christi,
3337 1268 3504 1324 disci-

1903 1361 2267 1431 pulorumque
2294 1361 2410 1432 ejus
2460 1362 2758 1429 miraculis,
2786 1378 2909 1431 quae
2941 1361 3182 1432 proiecto
3215 1377 3324 1416 non
3351 1361 3502 1437 ficta,

1904 1458 1998 1511 sed
2045 1472 2170 1512 vera
2201 1476 2214 1522 ;
2249 1473 2355 1512 non
2396 1458 2559 1522 clam,
2592 1458 2687 1513 sed
2745 1468 2967 1528 aperte;
3000 1472 3106 1514 non
3138 1472 3247 1512 uno
3274 1456 3499 1513 eodem—

1903 1565 2008 1620 que
2037 1567 2251 1619 semper
2276 1551 2456 1617 modo,
2485 1550 2581 1605 sed
2624 1552 2925 1606 innumeris
2958 1566 3095 1621 pene
3140 1549 3317 1605 modis
3346 1566 3362 1616 ;
3387 1563 3498 1604 non

1902 1659 2012 1698 uno
2058 1644 2112 1698 in
2174 1645 2326 1711 loco,
2351 1644 2448 1699 sed
2496 1645 2548 1697 in
2578 1645 2828 1699 omnibus
2866 1642 3048 1698 mundi
3093 1643 3335 1710 partibus
3363 1642 3505 1696 edita

1902 1734 2137 1791 fuerant.
2173 1736 2276 1791 Tot
2305 1738 2584 1792 enimvero
2604 1745 2859 1807 tantaque
2888 1734 3150 1790 miracula
3177 1735 3296 1789 sine
3320 1729 3503 1789 extra-

1898 1845 2005 1885 neo
2023 1831 2373 1894 adminiculo,
2405 1840 2498 1885 aut
2531 1830 2678 1885 illius
2709 1829 3076 1900 superstitiosi
3104 1828 3283 1884 cultus
3311 1826 3504 1881 obser-

204 1946 350 1999 certis
382 1956 436 2000 et
483 1946 878 2000 invictissimis.
919 1947 1333 2001 demonstraret.
1363 1947 1620 2015 Quamvis
1644 1952 1783 2005 enim

1899 1924 2138 1989 vatione,
2177 1924 2350 1994 palam
2391 1934 2445 1979 et
2488 1935 2614 1978 ante
2662 1926 2904 1978 omnium
2933 1921 3121 1976 oculos
3147 1918 3355 1986 eﬂ‘ecta,
3391 1919 3505 1972 veri

210 2036 539 2092 sanctissima
583 2037 726 2092 illius
771 2040 1024 2109 mysteria
1057 2049 1110 2093 et
1142 2039 1462 2095 documenta
1492 2045 1600 2095 sint
1643 2043 1792 2097 altis-

205 2132 347 2197 sima,
378 2147 711 2200 omnemque
744 2133 993 2186 lunnante
1018 2133 1222 2188 mentis
1250 2144 1465 2201 captum
1490 2144 1785 2204 superent,

208 2221 326 2276 nulli
351 2232 533 2277 tamen
572 2238 720 2277 sanae
771 2226 969 2278 mentis
1019 2225 1220 2277 homini
1278 2227 1502 2279 dubium
1546 2241 1666 2282 esse
1698 2243 1791 2295 po-

203 2323 298 2369 test
347 2318 474 2387 quin
507 2317 742 2387 plurima
787 2317 943 2370 nobis
966 2326 1256 2387 suppetant
1284 2320 1586 2373 certissima
1626 2321 1792 2374 ratio-

205 2421 319 2460 num
368 2417 670 2474 momenta,
704 2410 993 2479 pluresque
1039 2421 1234 2479 praesto
1280 2412 1408 2478 sint,
1436 2428 1568 2482 quas
1617 2413 1792 2482 philo—

204 2501 343 2570 scphi
371 2503 654 2572 appellare
694 2503 871 2558 solent
932 2503 1448 2572 demonstrationes,
1497 2508 1691 2577 quibus
1721 2509 1790 2562 il-

207 2593 304 2648 lius
344 2597 589 2661 veritas,
643 2605 804 2666 atque
859 2596 996 2651 adeo
1056 2599 1396 2668 supersitiosi
1449 2601 1791 2656 ethnicorum

206 2689 370 2744 cultus
396 2689 610 2745 falsitas
641 2689 1085 2747 manifestissime
1114 2694 1520 2763 comprobetur.
1551 2694 1654 2749 Eas
1690 2709 1788 2748 au-

205 2790 303 2836 tem
341 2783 603 2854 Theologi
653 2786 922 2840 scolastici
975 2787 1164 2840 motive
1213 2784 1569 2843 credibilitatis
1596 2802 1789 2844 vocare

203 2872 518 2942 maluerunt,
546 2891 667 2945 qua:
693 2875 908 2946 quidem
934 2880 1103 2947 prima
1132 2887 1255 2930 sunt
1281 2877 1560 2948 religionis
1589 2888 1791 2935 nostra:

201 2956 537 3014 fundamenta
579 2971 634 3015 et.
664 2960 823 3014 bases
846 3001 861 3024 ,
891 2961 1086 3030 quibus
1117 2963 1324 3032 positis,
1354 2962 1418 3016 ad
1465 2967 1643 3018 omnia
1671 2965 1790 3034 ejus

205 3055 445 3121 mySteria
476 3096 491 3118 ,
539 3055 940 3123 quantumlibet
989 3055 1217 3109 obscura
1249 3097 1262 3120 ,
1312 3057 1622 3112 firmissime
1670 3073 1790 3114 cre-

203 3141 363 3197 denda
395 3148 706 3200 necessario
732 3145 1061 3214 impellimur
1091 3162 1155 3201 ac
1183 3148 1446 3216 cogimur.

266 3233 337 3287 Ex
385 3233 466 3290 eis
514 3250 647 3290 vero
686 3236 930 3306 quaedam
982 3237 1176 3307 selegit
1221 3237 1494 3294 Arnobius
1526 3281 1541 3306 ,
1584 3221 1784 3311 illaque

1904 2025 2111 2071 tantum
2145 2017 2260 2081 Dei,
2293 2017 2381 2086 qui
2417 2032 2516 2071 nec
2543 2015 2656 2071 falli
2702 2031 2801 2071 nec
2827 2015 3018 2070 fallere
3045 2022 3246 2085 potest,
3276 2013 3500 2078 virtute,

1905 2124 2014 2164 non
2053 2123 2184 2164 sane
2229 2109 2294 2164 ad
2337 2109 2626 2165 falsitatem
2667 2109 2922 2179 aliquam,
2955 2107 3052 2163 sed
3102 2106 3170 2162 ad
3215 2105 3504 2162 veritatem

1903 2202 2313 2268 adstruendam,
2347 2202 2461 2257 fieri
2501 2213 2748 2273 possunt.
2796 2203 2959 2272 Atqui
2988 2213 3194 2257 certum
3223 2208 3306 2256 est
3342 2199 3431 2254 ilia
3472 2214 3504 2253 a

1901 2293 2120 2349 Christo
2158 2295 2398 2366 ejusque
2434 2297 2652 2351 nomine
2691 2295 2830 2352 facta
2863 2295 3051 2363 fuisse,
3091 2303 3148 2350 ut
3183 2293 3507 2364 comproba-

1899 2395 1984 2440 ret
2033 2378 2268 2443 fundatte
2294 2402 2327 2442 a
2357 2403 2416 2442 se
2447 2388 2724 2459 religionis
2754 2389 3065 2455 veritatem,
3098 2387 3340 2458 aliasque
3380 2401 3500 2442 om-

1899 2493 1998 2534 nes
2025 2479 2189 2535 falsas
2243 2480 2500 2536 radicitus
2525 2483 2870 2552 exstirparet.
2914 2481 3099 2554 itaque
3148 2480 3300 2536 hisce
3331 2482 3500 2537 mira-

1899 2571 2038 2627 culis
2060 2572 2310 2643 quilibet,
2353 2574 2516 2628 stuita
2545 2574 2911 2630 obstinatione
2939 2591 3048 2630 non
3075 2574 3293 2645 penitus
3322 2575 3502 2630 obcce-

1899 2662 2028 2726 cati,
2062 2665 2346 2720 veritatem
2389 2664 2701 2721 christiana:
2752 2666 3030 2738 religionis
3082 2680 3379 2741 agnoscere
3407 2681 3503 2721 vo-

1898 2756 2076 2812 lentes
2099 2758 2348 2814 nolentes
2368 2769 2658 2830 coguntur.

1972 2847 2200 2906 Arnobii
2233 2858 2415 2905 autem
2447 2852 2615 2921 ipsius
2643 2852 2782 2908 hanc
2808 2866 2931 2908 esse
2950 2852 3501 2924 argumentationem,

1897 2941 1944 2994 si
1981 2941 2220 3010 dubites,
2250 2957 2324 2998 ex
2366 2943 2538 3014 ipsius
2581 2944 2764 3002 verbis
2807 2945 2992 3015 accipe
3024 2962 3038 2998 :
3077 2964 3096 2996 ι
3130 2944 3284 3000 Nulla
3328 2946 3503 3014 major

1897 3043 1981 3088 est
2023 3037 2417 3105 comprobatio,
2450 3051 2611 3106 quam
2654 3044 2929 3106 gestarum
2987 3036 3056 3091 ab
3102 3051 3191 3105 eo,
3230 3056 3250 3089 ι
3280 3035 3501 3092 Christo

1896 3131 2128 3195 scilicet,
2158 3149 2176 3182 ι
2215 3131 2348 3187 fides
2371 3147 2576 3198 rerum,
2596 3147 2759 3202 quam
2789 3133 3045 3189 virtutum
3078 3132 3310 3200 novitas,
3335 3147 3498 3202 quam

1895 3223 2078 3277 omnia
2107 3224 2248 3278 victa
2296 3223 2534 3291 decreta,
2569 3225 2940 3296 dissolutaque
2991 3224 3202 3292 fatalia,
3231 3241 3352 3296 qua:
3404 3240 3500 3295 po-

207 3322 349 3378 dttxit
387 3341 449 3380 ex
479 3326 680 3383 Christi
721 3327 1220 3399 discipulorumque
1243 3329 1359 3400 ejus
1387 3332 1683 3396 miraculis,
1718 3349 1783 3390 ex

1899 3316 2007 3386 puli
2053 3327 2352 3388 gentesque
2382 3334 2480 3373 suo
2523 3319 2638 3389 geri
2690 3318 2790 3374 sub
2832 3318 3056 3384 lumine,
3102 3320 3253 3374 nullo
3279 3318 3496 3374 dissen-

203 3419 582 3475 crudelissimis
608 3431 905 3494 martyrum
938 3423 1239 3494 suppliciis,
1271 3423 1335 3477 ad
1380 3425 1784 3483 acerbissimam

205 3524 360 3580 DSqlie
404 3523 634 3567 mortem
687 3516 1126 3570 constantissime
1187 3516 1470 3582 toleratis,
1527 3528 1689 3588 atque
1719 3536 1785 3575 ex

201 3599 495 3658 christianae
525 3603 788 3660 doctrinae
828 3622 928 3678 per
957 3608 1270 3661 universum
1302 3617 1567 3664 terrarum
1599 3610 1785 3666 urbem

202 3693 464 3748 celerrima
506 3699 916 3767 prOpagatione.
953 3703 1020 3752 At
1065 3681 1202 3764 hanc,
1231 3699 1424 3769 quibus
1472 3709 1654 3759 tamen
1682 3704 1785 3757 alia

204 3786 481 3859 adiungere
531 3799 766 3860 poterat,
819 3792 885 3846 ad
928 3793 1203 3864 religionis
1255 3805 1453 3850 nostra:
1499 3797 1784 3852 veritatem

206 3884 628 3943 manifestissime
671 3886 1154 3945 demonstrandam
1203 3891 1334 3945 satis
1365 3905 1633 3963 superque
1681 3893 1781 3948 sibi

203 3975 435 4034 sufﬁcere
459 3979 602 4033 haud
627 3978 901 4035 immerito
929 3981 1223 4037 arbitratus
1245 3993 1350 4038 est.

267 4069 493 4128 Primum
548 4083 728 4128 autem
777 4085 963 4144 aperte
992 4076 1251 4142 declarat,
1288 4091 1346 4132 se
1392 4076 1457 4131 ad
1486 4091 1546 4132 ea
1578 4086 1782 4136 retrac-

208 4164 352 4220 tanda
373 4182 474 4221 non
507 4167 632 4222 ideo
661 4179 899 4222 mentem
930 4167 1223 4237 appulisse,
1259 4169 1400 4239 quod
1430 4169 1779 4224 Christianam

206 4257 501 4329 religionem
553 4259 656 4314 hac.
702 4275 794 4316 sua
850 4275 1012 4329 opera
1045 4271 1138 4314 aut
1167 4261 1487 4322 defensione
1538 4262 1780 4334 indigere

205 4351 476 4408 crediderit
503 4354 750 4424 (Arnob.,
780 4353 868 4408 lib.
896 4370 970 4418 ut,
1007 4356 1230 4427 p.100).
1261 4355 1586 4412 Persuasum
1617 4359 1780 4427 siqui-

207 4442 314 4498 dem
345 4447 569 4501 habebat
600 4447 704 4502 hoc
751 4459 1126 4516 argumentum
1159 4449 1226 4504 ab
1268 4451 1480 4506 eximiis
1509 4453 1778 4509 excellen-

206 4533 431 4607 tibnsquc
474 4540 626 4603 viris,
684 4552 808 4608 puta
863 4539 1075 4594 Justino
1120 4549 1381 4612 martyre,
1413 4544 1775 4615 Athenagora,

211 4625 483 4698 Theophilo
530 4633 896 4696 Antiocheno,
930 4634 1180 4701 Tatiano,
1205 4625 1484 4692 Clemente
1538 4637 1778 4698 Alexan-

1896 3409 2066 3465 tiente
2096 3410 2301 3474 videre,
2328 3425 2446 3481 quae
2477 3426 2578 3466 nec
2610 3411 2711 3481 ipsi
2737 3410 2942 3465 audent
2967 3410 3219 3466 falsitatis
3243 3427 3494 3483 arguere,

1892 3517 2122 3573 quorum
2150 3505 2420 3574 antiquas,
2438 3519 2537 3559 seu
2560 3506 2759 3575 patrias
2787 3505 2937 3576 leges
2950 3506 3205 3560 vanitatis
3226 3520 3347 3561 esse
3376 3506 3496 3576 ple-

1895 3601 2169 3666 nissimas,
2205 3611 2367 3670 atque
2396 3601 2728 3658 inanissima}
2756 3600 3164 3671 superstitionis
3194 3601 3436 3657 ostendit
3469 3623 3488 3656 ι

1893 3693 2137 3767 (Arnob.,
2179 3695 2267 3749 lib.
2303 3714 2340 3760 t,
2368 3715 2420 3768 p.
2451 3697 2523 3752 24
2552 3708 2598 3752 et
2622 3696 2811 3770 θείῃ).
2844 3697 3008 3751 Vides
3059 3712 3192 3776 sane
3222 3698 3495 3770 quomodo

1889 3788 1986 3844 ille
2022 3790 2328 3846 rectissime
2370 3792 2657 3847 concludat
2686 3792 2917 3862 publicis
2943 3790 3144 3848 Christi
3167 3780 3172 3786 ’
3193 3792 3492 3861 miraculis,

1892 3896 2016 3953 quae
2040 3882 2275 3953 gentiles
2304 3881 2553 3938 falsitatis
2580 3900 2807 3956 arguere
2857 3876 3150 3955 numquam
3176 3891 3490 3952 potuerunt,

1889 3995 2000 4040 non
2055 3980 2364 4036 christiana:
2412 3991 2616 4035 tantum
2672 3979 2947 4052 religionis
2977 3978 3156 4035 adseri
3183 3979 3486 4045 veritatem,

1888 4067 1984 4130 sed
2015 4071 2246 4136 ethnicos
2273 4073 2434 4126 etiam
2487 4071 2781 4127 falsitatem
2814 4069 3224 4127 evidentissime
3251 4069 3490 4140 probari.

1959 4166 2116 4229 Tanti
2164 4181 2296 4222 vero
2329 4165 2585 4237 ponderis
2640 4175 2724 4221 est
2775 4166 2878 4222 hoc
2907 4174 3308 4236 argumentum,
3339 4175 3399 4220 ut
3423 4179 3491 4221 eo

1885 4260 2106 4331 penitus
2155 4260 2386 4314 convicti
2430 4257 2660 4330 gentiles
2714 4275 2875 4330 quam
2909 4259 3145 4330 plurimi,
3175 4259 3376 4315 relictis
3402 4274 3492 4328 pa-

1887 4354 2007 4410 triis
2038 4353 2535 4422 superstitionibus,
2575 4361 2628 4408 et
2657 4353 2822 4423 impio
2849 4352 3076 4410 deorum
3103 4367 3323 4409 suorum
3344 4352 3489 4408 cultu

1887 4447 2118 4518 reiecto,
2144 4461 2342 4503 nomen
2380 4447 2692 4502 christiana:
2714 4447 2960 4516 religioni
2989 4457 3183 4524 Sponte
3205 4445 3486 4502 dederint:

1891 4561 1911 4596 ι
1955 4542 2213 4607 Virtutes,
2255 4559 2273 4592 ι
2333 4541 2558 4607 etenim,
2605 4559 2626 4593 ι
2652 4540 2762 4612 sub
2800 4541 2974 4596 oculis
3028 4542 3238 4612 posita},
3272 4557 3291 4591 ι
3326 4540 3490 4596 verba

1884 4634 2064 4690 adhuc
2103 4644 2228 4689 sunt
2255 4633 2478 4691 Arnobii
2516 4653 2535 4688 ι
2565 4644 2625 4691 et
2650 4633 2891 4692 inaudita
2936 4634 3022 4688 illa
3053 4636 3134 4689 vis
3163 4649 3369 4700 rerum,
3400 4635 3490 4690 vel

211 4717 367 4783 drino.
395 4723 460 4777 de
490 4724 688 4793 quibus
717 4740 813 4779 nos
857 4724 909 4779 in
939 4725 1311 4804 superioribus
1351 4726 1657 4799 Apparatus
1683 4745 1777 4785 no-
1806 4730 1861 4812 ρ
1887 4742 2004 4798 quae
2034 4727 2102 4783 ab
2153 4727 2271 4797 ipso
2320 4727 2476 4785 fiebat
2520 4728 2723 4800 palam,
2759 4725 2844 4782 vel
2887 4725 2956 4790 ab
2986 4727 3103 4798 ejus
3145 4726 3488 4799 praeconibus

215 4813 300 4866 stri
330 4813 489 4880 libris,
537 4831 675 4886 aque
705 4816 867 4870 etiam
895 4832 926 4869 a
954 4815 1312 4884 Tertulliano,
1341 4817 1595 4890 Origene,
1629 4821 1781 4877 aliis-

214 4918 304 4972 que
342 4907 576 4974 pluribus
625 4908 842 4964 abunde
896 4919 1228 4976 tractatum;
1263 4921 1423 4983 atque
1475 4913 1650 4982 dnctis
1701 4925 1780 4970 tot

214 5005 567 5074 tantorumque
629 5003 870 5056 virorum
919 5004 1138 5073 scriptis
1199 5019 1262 5058 ac
1313 5004 1777 5064 lucubrationibus

211 5091 532 5148 christianam
563 5095 884 5166 religionem
913 5112 940 5148 a
977 5095 1124 5150 falsis
1149 5096 1487 5153 ethnicorum
1520 5093 1774 5174 crimina-

212 5184 417 5240 tionibus
465 5188 785 5258 plenissime
835 5189 1184 5248 vindieatam.
1237 5191 1378 5258 Quin
1439 5193 1604 5251 inuno
1675 5211 1776 5268 pro

212 5290 340 5335 certo
366 5298 576 5354 semper
609 5284 874 5340 habuerat
897 5285 1044 5340 illam
1079 5287 1187 5344 nilo
1215 5287 1331 5342 sine
1357 5287 1569 5345 vindice
1600 5297 1656 5349 et
1683 5289 1777 5345 de-

215 5371 636 5435 fensorelirmam
683 5390 740 5435 et
787 5382 1164 5438 inconcussam
1213 5397 1271 5438 se
1301 5383 1412 5452 ipsa
1465 5394 1630 5452 stare,
1675 5401 1776 5442 nec

212 5464 314 5520 uilis
355 5487 604 5542 umquam
654 5473 1020 5542 quorumlibet
1067 5473 1499 5534 adversariorum
1550 5491 1770 5541 suorum

212 5558 406 5629 viribus,
450 5565 677 5627 artibus,
733 5563 894 5628 dolis,
949 5565 1217 5623 machinis
1252 5581 1414 5635 posse
1464 5567 1775 5628 labefactari

213 5659 264 5704 nt
295 5658 507 5712 convelli
539 5675 554 5710 :
591 5677 609 5710 ‹
650 5656 776 5712 Suis
807 5657 999 5730 (enim)
1027 5659 1136 5722 illa,
1169 5661 1366 5730 inquit,
1410 5673 1660 5726 contenta
1693 5675 1776 5721 est

212 5743 405 5812 viribus,
437 5761 490 5805 et
519 5751 765 5807 veritatis
817 5752 1048 5820 propriae
1094 5751 1499 5808 fundamiaibus
1547 5757 1771 5823 nititur;

213 5851 297 5897 nec
337 5843 588 5910 Spoliatur
617 5846 667 5900 vi
721 5858 838 5909 sua,
872 5845 1084 5902 etiamsi
1118 5845 1326 5900 nullum
1378 5846 1572 5904 habeat
1600 5847 1776 5904 vindi-

211 5943 308 5989 cem
333 5951 345 6003 ;
367 5937 522 5997 immo
543 5941 590 5997 si
641 5939 839 6010 linguae
871 5955 1062 5998 omnes
1092 5951 1279 6006 contra
1309 5939 1524 6011 faciant,
1554 5951 1773 6000 contra-

1882 4818 2256 4876 ceiebrabatur
2287 4819 2340 4874 in
2375 4819 2510 4874 orbe
2539 4827 2672 4888 toto,
2706 4834 2769 4874 ea
2809 4817 3045 4886 subdidit
3092 4818 3486 4896 appetitionum

1888 4914 2157 4986 flammas,
2199 4923 2254 4970 et
2282 4914 2348 4968 ad
2398 4914 2557 4970 unius
2583 4912 2923 4973 credulitatis
2964 4912 3254 4974 adsensum
3304 4922 3488 4969 mente

1883 5025 1986 5067 una
2017 5024 2350 5065 concurrere
2396 5019 2584 5080 gentes
2612 5017 2667 5065 et
2696 5008 2926 5079 populos
2974 5007 3120 5075 fecit,
3148 5018 3203 5062 et
3239 5007 3487 5064 moribus

1883 5101 2276 5179 dissimillimas
2305 5102 2552 5157 nationes
2583 5119 2601 5156 ι
2636 5101 2884 5170 (Arnob.,
2914 5101 3005 5156 lib.
3030 5118 3089 5168 ιι,
3119 5119 3172 5168 ν.
3207 5097 3321 5171 50).
3351 5099 3486 5167 Quis

1881 5204 2061 5254 autem
2096 5194 2222 5250 inde
2250 5210 2355 5250 non
2401 5196 2691 5265 perspiciat
2715 5194 2952 5265 inaudita
2987 5193 3248 5262 hactenus
3278 5191 3487 5249 Christi

1883 5287 2384 5360 discipulorumque
2411 5287 2531 5360 ejus
2579 5287 2842 5344 miracula
2873 5288 3005 5341 tanti
3045 5286 3111 5342 ad
3149 5285 3483 5358 probandam

1883 5379 2008 5436 fidei
2047 5380 2356 5436 christiana:
2399 5381 2681 5436 veritatem
2714 5379 2883 5436 fuisse
2930 5379 3159 5441 roboris,
3197 5387 3484 5446 tantaeque

1883 5471 2221 5530 efficacitatis
2247 5516 2262 5539 ,
2297 5483 2354 5528 ut
2388 5474 2704 5529 innumeros
2751 5470 3024 5539 homines,
3059 5479 3171 5524 toto
3212 5478 3481 5526 terrarum

1882 5565 2015 5622 orbe
2053 5565 2352 5637 dispersos,
2395 5563 2626 5636 ltuicque
2674 5563 2989 5620 christiana:
3028 5561 3279 5635 religioni
3320 5572 3480 5618 antea

1879 5672 2104 5730 prorsus
2155 5657 2457 5728 oppositos,
2498 5657 2566 5712 ad
2606 5671 2724 5713 eam
2755 5653 3135 5712 lubentissime
3182 5653 3479 5724 suscipien-

1878 5755 2002 5810 dam
2026 5753 2393 5811 adduxerim?

1951 5850 2083 5919 Qua:
2112 5859 2293 5906 autem
2321 5848 2527 5906 fuerint
2565 5848 2657 5907 illa
2697 5847 2900 5909 Christi
2925 5845 3207 5914 miracula,
3237 5843 3479 5901 breviter

1885 5942 2162 6003 Arnobius
2193 5951 2443 6001 recenset
2487 5941 2621 6016 (1b.,
2673 5959 2728 6013 ρ.
2769 5939 2888 6012 26).
2940 5939 3242 6010 Quoslibet,
3285 5937 3478 6009 inquit,
