3918 6372
389 459 493 516 407

1604 426 2052 492 DISSERTATIO
2090 424 2373 483 Pii/EVM

3576 412 3684 468 408

388 574 604 639 surdos,
646 578 737 624 aut
786 574 985 629 mutos,
1015 569 1107 617 aut
1146 559 1336 632 quovis
1369 554 1580 619 morbo,
1612 550 1783 618 febre,
1818 548 1977 611 fame,
2011 552 2065 610 Α
2087 542 2334 609 Christo,
2365 543 2675 599 evanuisse.
2707 538 2989 605 Viderant,
3024 537 3264 609 inquam,
3296 535 3550 594 ﬁdentem
3580 533 3689 589 diis

391 667 654 729 ctccitale,
706 657 1123 721 claudicatione,
1156 650 1455 725 hydropisi,
1502 640 1673 716 lepra,
1724 640 1982 713 proﬁuvio

390 758 689 830 sanguinis,
723 752 979 825 paralysi,
1014 749 1239 818 aliisque
1280 738 1690 813 a-gritudinibus
1738 734 1982 789 laboran-

391 864 475 909 tes
514 850 763 915 sanavit,
812 846 974 899 maris
1018 850 1406 906 ventorumque
1442 830 1646 887 sedavit
1696 826 1982 899 procellas.

393 945 539 1001 illius
568 942 738 996 untlas
772 938 915 993 sicco
973 933 1199 989 calcavit
1246 928 1400 997 pede,
1452 932 1692 980 secretas
1738 919 1988 991 cognovit

395 1036 674 1092 hominum
699 1046 797 1101 cog
822 1028 1069 1085 taliones.
1102 1022 1237 1077 alios
1264 1029 1424 1090 atque.
1442 1018 1603 1073 etiam
1634 1012 1985 1083 semetipsum

390 1146 422 1184 a
455 1138 628 1182 morte
656 1118 926 1180 revocavit
957 1118 1022 1171 ad
1058 1115 1250 1178 tilum;
1296 1120 1417 1181 post
1445 1114 1897 1164 resurrectionem
1929 1116 1990 1156 se

393 1219 685 1275 videndum
721 1213 989 1285 pra'buit,
1022 1216 1077 1264 et
1123 1222 1245 1262 cum
1299 1200 1580 1271 discipulis
1633 1204 1991 1253 conversatus

396 1326 481 1372 est
510 1336 525 1379 ς
556 1312 788 1380 denique
818 1317 876 1361 ut
900 1302 1137 1359 auctoris
1164 1299 1334 1355 n05tri
1366 1294 1544 1351 verbis
1561 1303 1774 1347 utamur
1804 1306 1818 1342 :
1854 1286 1992 1342 «Cu-

393 1409 483 1477 jus
510 1418 708 1459 nomen
751 1399 991 1453 auditum
1035 1394 1185 1464 fugat
1240 1392 1430 1446 noxios
1475 1386 1717 1457 spiritus,
1764 1379 1993 1449 imponit

395 1498 668 1554 silentium
724 1492 952 1551 vatibus,
983 1486 1261 1557 aruspices
1308 1480 1641 1537 inconsultos
1682 1472 1877 1537 reddit,
1900 1485 1993 1524 ar-

397 1592 703 1665 rogantium
756 1598 1035 1657 magorum
1093 1578 1340 1636 frustrari
1390 1574 1558 1631 efﬁcit
1592 1570 1854 1628 actiones,
1884 1577 1994 1619 non

406 1690 657 1749 horrore,
684 1694 738 1736 ut
773 1680 976 1746 dicitis,
1019 1674 1342 1738 divinitatis,
1374 1669 1469 1726 sed
1514 1663 1733 1735 majoris
1780 1659 1995 1715 licentia

402 1781 688 1854 potestatis
729 1800 747 1830 ι
787 1775 979 1849 (Ibid,
1012 1790 1065 1842 ρ.
1094 1770 1211 1843 27).
1268 1769 1397 1834 Quis
1437 1773 1614 1817 autem
1661 1772 1770 1813 non
1821 1753 1999 1809 videat

400 1899 560 1954 quam
584 1879 820 1934 validum
861 1876 930 1929 sit
958 1873 1061 1927 hoc
1085 1874 1485 1940 argumentum,
1514 1873 1622 1930 quo
1654 1855 1746 1911 ille
1775 1868 1879 1909 non
1910 1864 2001 1905 so-

2089 637 2262 704 falsis,
2286 647 2344 694 et
2368 635 2437 692 ab
2464 635 2669 690 eisdem
2702 633 3077 688 metuentibus
3108 628 3406 701 proditum,
3441 624 3689 700 pondere

2091 731 2487 802 praecipitatum
2512 742 2631 790 suo,
2649 726 2899 782 cruribus
2914 724 3152 797 iacuisse
3183 722 3521 794 praefractis:
3557 728 3687 791 post

2090 823 2287 878 deinde
2332 820 2596 891 perlatum
2655 818 2925 873 Bruudam
2954 860 2968 881 ,
3012 814 3343 873 cruciatibus
3373 822 3428 868 et
3478 811 3691 881 pudore

2093 914 2386 978 defessum,
2418 928 2485 968 ex
2515 912 2767 966 altissimi
2811 910 3066 966 culminis
3091 924 3152 964 se
3179 922 3397 962 rursum
3431 904 3691 976 ρι’ωοίρί-

2096 1020 2240 1063 tasse
2267 1006 2501 1077 fastigio.
2549 1026 2567 1059 i
2604 1004 2819 1061 Scimus
2865 1003 3083 1075 quidem
3124 1002 3226 1056 hoc
3256 998 3570 1054 miraculum
3618 996 3694 1051 ab

2095 1102 2363 1157 alicuibus
2408 1109 2502 1155 aut
2539 1102 2718 1154 vocari
2750 1100 2803 1153 in
2832 1098 3078 1163 dubium,
3108 1107 3197 1151 aut
3231 1095 3447 1164 penitus
3476 1091 3690 1164 negari.

2097 1194 2309 1249 Etenim
2366 1193 2481 1248 haec
2512 1190 2734 1246 historia
2784 1190 2851 1245 ab
2888 1185 3391 1260 pseudepigraphis,
3420 1195 3477 1238 ut
3507 1185 3689 1247 aiunt,

2097 1286 2273 1341 libris.
2307 1283 2410 1339 hoc
2430 1293 2513 1340 est
2542 1281 2921 1354 proculdubio,
2950 1278 3437 1337 Constitutionibus
3474 1286 3699 1347 aposto-

2097 1378 2217 1433 licis
2266 1377 2550 1447 desumpta
2596 1374 2709 1447 (lib.
2756 1390 2842 1441 vt,
2897 1371 3173 1427 Coustitut.
3218 1369 3524 1441 apostolic.,
3557 1386 3603 1423 c.
3638 1369 3696 1435 9,

2101 1488 2155 1540 ρ.
2178 1465 2330 1540 279),
2359 1468 2506 1524 varie
2532 1483 2561 1521 a
2593 1466 2755 1521 variis
2780 1465 3140 1533 scriptoribus
3170 1472 3440 1517 narratur.
3489 1459 3703 1516 Deinde

2102 1577 2229 1617 vero
2257 1560 2443 1615 Romae
2469 1559 2626 1614 valde
2652 1559 2854 1613 incerta
2887 1556 2986 1611 fuit
3041 1554 3182 1609 fama
3230 1554 3375 1609 illius
3423 1552 3699 1617 miraculi,

2100 1670 2165 1710 ac
2192 1653 2261 1709 de
2285 1652 2382 1709 illo
2406 1652 2651 1708 Justinus
2674 1658 2901 1722 martyr,
2929 1649 3193 1715 Irenteus,
3218 1646 3421 1717 aliique
3436 1644 3703 1716 antiquis-

2102 1747 2226 1802 simi
2257 1747 2553 1815 scriptores
2584 1742 2800 1814 penitus
2822 1743 3114 1797 siluerunt.

2177 1839 2284 1897 Sed
2316 1839 2434 1895 hac
2451 1838 2640 1905 eadem
2667 1837 2893 1892 historia
2916 1854 2943 1890 a
2974 1837 3177 1908 Cyrillo
3205 1834 3703 1904 Hierosolymitano

406 1927 560 1954 νη...
597 1927 818 1934 .-η-..νη
1147 1927 1177 1940 υ
1534 1927 1545 1930 _

406 1976 517 2030 lum
548 1973 830 2027 veritatem
858 1964 1167 2021 christiana:
1216 1956 1512 2028 religionis,
1542 1950 1638 2007 sed
1688 1958 1996 2017 supremam
2031 1950 2080 2010 Β
2107 1934 2190 1991 bis
2218 1934 2547 1991 describitur
2575 1932 2757 1988 verbis
2783 1950 2796 1986 :
2824 1950 2842 1984 ι
2873 1930 3065 1986 Petrus
3116 1939 3173 1985 et
3200 1928 3419 1995 Paulus,
3445 1927 3707 1983 Ecclesia:

404 2083 625 2141 quoque
656 2063 891 2125 Christi,
938 2068 995 2114 ut
1022 2047 1159 2113 infra
1209 2050 1557 2109 ostendemus
1582 2043 1770 2117 (Infr.,
1796 2055 1913 2109 cap.
1941 2037 1996 2106 6,

404 2137 503 2216 art.
539 2137 614 2230 ἰ),
649 2156 985 2212 divinitatem
1017 2149 1172 2218 plane
1191 2137 1568 2201 demonstrat?

480 2253 646 2323 Urget
693 2250 893 2309 adhuc,
925 2256 1139 2314 tamque
1190 2244 1522 2301 constanter,
1552 2242 1713 2302 quam
1751 2239 1877 2281 vere
1902 2220 1999 2281 ad—

407 2357 625 2405 severat
670 2344 948 2401 Christum
998 2336 1273 2407 discipulis
1320 2331 1456 2395 suis,
1488 2327 1592 2384 etsi
1619 2321 1824 2395 egenis,
1853 2318 2002 2375 inﬁr-

406 2443 533 2503 mis,
559 2448 614 2495 et
670 2434 935 2504 imperitis
991 2430 1209 2486 dedisse
1256 2425 1443 2480 cadent
1495 2431 1718 2490 prorsus
1749 2410 2001 2469 miracula

409 2533 640 2592 faciendi
667 2537 989 2601 potestatem
1018 2542 1032 2588 ;
1057 2538 1158 2592 qua
1188 2518 1403 2590 quidem
1452 2527 1557 2568 non
1597 2511 1649 2565 in
1674 2507 1861 2564 Judzea
1886 2514 2003 2557 tan—

411 2639 545 2689 tum.
573 2625 670 2681 sed
712 2625 762 2677 in
796 2617 1063 2675 universis
1097 2615 1261 2669 totius
1290 2609 1437 2664 orbis
1468 2615 1629 2660 terra:
1659 2599 1898 2672 partibus
1924 2597 2005 2649 in-

407 2739 633 2783 numera
691 2721 956 2778 fecerunt,
985 2711 1183 2781 quibus
1233 2705 1426 2762 inﬁniti
1478 2713 1619 2770 pene
1664 2694 1911 2751 homines
1937 2689 2005 2744 ad

410 2817 773 2893 proﬁtendam
806 2811 1160 2869 Christianam
1188 2804 1346 2858 ﬁdem
1376 2808 1498 2854 sunt
1529 2791 1749 2849 adducti
1776 2807 1790 2842 :
1821 2805 1839 2838 ι
1869 2785 2007 2840 Enu-

415 2912 613 2968 merari
644 2908 790 2963 enim
823 2910 1068 2976 possnnt,
1110 2918 1128 2950 ›
1162 2895 1331 2965 inquit
1373 2891 1485 2953 ille,
1517 2906 1535 2939 ι
1575 2897 1737 2954 atque
1765 2880 1818 2935 in
1850 2892 2004 2932 usum

413 3003 832 3078 cumpntationis
858 2996 1041 3052 venire
1066 3035 1079 3056 ,
1127 3006 1190 3045 ea
1237 3002 1356 3059 qum
1386 2984 1439 3039 in
1483 2979 1627 3035 India
1658 2983 1807 3047 gesta
1858 2976 2003 3032 sunt,

416 3064 557 3171 apud
586 3099 767 3154 Serus.
798 3093 993 3147 Persas
1020 3095 1077 3142 et
1100 3082 1304 3147 Medos,
1338 3081 1389 3134 in
1421 3073 1640 3138 Arabia,
1672 3067 1929 3140 Egypto,
1952 3064 2007 3118 in

414 3159 567 3259 Alsia,
615 3190 793 3262 Syria.
848 3182 989 3255 apud
1042 3179 1301 3243 Galatas,
1362 3169 1630 3232 Parthus,
1660 3164 1924 3233 Phrygas,
1952 3159 2006 3211 in

415 3249 1009 3352 .Acltaia,'M;icedottia,
1066 3272 1255 3342 Epiro,
1284 3269 1339 3322 in
1384 3261 1575 3319 insulis
1619 3267 1674 3313 et
1718 3249 2007 3326 provinciis

2109 2026 2377 2099 prwfecti,
2398 2025 2676 2081 Simonem
2709 2037 2831 2079 sese
2876 2023 3043 2078 Deum
3094 2031 3479 2085 ostentantem,
3512 2022 3706 2074 talem-

2108 2134 2214 2191 que
2243 2119 2643 2184 existimatum,
2674 2116 2964 2171 confestim
3009 2125 3185 2169 morte
3224 2114 3539 2169 affecerunt.
3566 2112 3705 2168 Nam

2107 2234 2228 2275 cum
2257 2216 2444 2274 Simon
2469 2217 2522 2271 in
2543 2231 2723 2270 aerem
2746 2212 3144 2270 dwmoniorum
3170 2211 3419 2267 vehiculo
3444 2209 3701 2276 ferretur,

2108 2313 2339 2386 genibus
2368 2311 2636 2381 provoluti
2676 2309 2822 2365 servi
2878 2309 3094 2363 Del.....
3137 2305 3501 2362 contentionis
3535 2304 3706 2360 telum

2110 2421 2333 2477 precum
2365 2407 2671 2462 interventu
2724 2403 2777 2457 in
2813 2416 3065 2472 maguum
3106 2400 3362 2470 ejaculati
3390 2406 3538 2459 sunt.
3565 2407 3622 2453 et
3648 2400 3706 2452 in

2111 2512 2309 2556 terram
2338 2515 2460 2553 eum
2490 2498 2928 2568 dejecerunt.....
2956 2510 2991 2549 e
3031 2492 3253 2548 sublimi
3295 2506 3419 2547 aere
3447 2491 3605 2546 deum
3635 2490 3708 2545 il-

2108 2595 2220 2649 lum
2255 2593 2494 2647 habitum
2552 2593 2605 2645 in
2656 2598 2855 2644 terram
2887 2585 3206 2657 deiecerunt
3254 2584 3321 2639 ad
3376 2581 3578 2638 inferos
3606 2582 3710 2640 de-

2110 2685 2451 2758 primendum
2490 2704 2511 2737 ι
2561 2684 2809 2755 (Cyrill.,
2854 2680 3063 2736 Catach.
3111 2678 3163 2746 6,
3210 2698 3263 2749 p.
3316 2679 3432 2746 54).
3486 2677 3709 2732 Litteris

2108 2794 2325 2850 quoque
2381 2776 2840 2847 consignaverunt
2910 2774 3014 2828 hoc
3081 2770 3320 2835 factum,
3388 2768 3482 2825 sed
3532 2770 3712 2825 multo

2109 2875 2349 2935 brevius.
2387 2870 2747 2935 Ambrosius,
2816 2866 3155 2937 Augustinus
3182 2908 3198 2929 ,
3260 2863 3496 2918 Isidorus
3538 2862 3711 2918 Pelu—

2112 2965 2675 3033 si0ta,'l‘beodoretus
2729 2974 2781 3016 et
2839 2960 3101 3016 Maximus
3154 2958 3503 3013 Taurinensis
3557 2956 3713 3028 (Am-

2111 3062 2272 3123 bros..
2319 3062 2408 3116 lib.
2466 3076 2518 3115 tv
2572 3058 2816 3123 ﬂexam,
2859 3071 2974 3125 cap.
3051 3055 3115 3117 8,
3173 3052 3202 3123 §
3258 3052 3366 3117 53,
3420 3068 3538 3122 pag.
3596 3050 3711 3115 78;

2112 3158 2355 3225 August,
2399 3152 2436 3206 ι.
2482 3152 2546 3206 de
2593 3150 2817 3211 Πρω-ες..
2850 3167 2903 3217 ρ.
2933 3146 3007 3209 6;
3041 3144 3261 3208 Isidor.,
3296 3145 3333 3197 ι.
3370 3160 3418 3209 ι,
3450 3159 3532 3213 ep.
3577 3158 3711 3207 xm,

2115 3267 2168 3320 p.
2216 3248 2282 3313 ις
2317 3245 2596 3311 Theodor.,
2639 3244 2678 3299 ι.
2711 3259 2757 3307 t,
2811 3239 3005 3294 ﬂleret.
3052 3237 3241 3309 fabul.,
3286 3250 3335 3291 c.
3375 3252 3429 3299 ι,
3480 3254 3533 3303 p.
3572 3234 3714 3300 l98;

419 3327 692 3441 omnibus,
743 3388 878 3445 quas
934 3369 1013 3423 sol
1060 3364 1243 3421 oriens
1297 3369 1458 3428 atque
1495 3350 1744 3409 occidens
1796 3348 2007 3409 lustrat,
2039 3348 2084 3411 ρ
2119 3340 2365 3407 Musam,
2424 3341 2559 3393 hom.
2616 3338 2670 3401 5,
2715 3338 2768 3389 in
2813 3332 2978 3387 natat.
3032 3328 3139 3385 SS.
3195 3326 3340 3382 Petri
3388 3336 3435 3382 et
3490 3326 3711 3397 Pauli).

2126 3434 2159 3445 Α
2208 3436 2218 3445 -
2356 3444 2359 3445 ν
2526 3432 2536 3445 ι
3027 3437 3139 3445 η--
3202 3430 3373 3445 ,,.,,.
3466 3421 3590 3445 -..μ
3658 3421 3711 3445 με

421 3480 594 3548 ipsam
625 3472 856 3541 denique
885 3464 1026 3537 apud
1068 3458 1343 3517 dominam
1375 3453 1621 3512 Romam,
1652 3447 1704 3499 in
1732 3456 1859 3514 qua,
1892 3452 2012 3494 cum

421 3532 675 3626 homines
701 3532 811 3620 sint
858 3532 1044 3614 Numae
1071 3550 1212 3623 regis
1244 3545 1453 3601 artibus
1472 3550 1636 3611 atque
1662 3532 1896 3604 antiquis
1926 3546 2017 3585 su-

419 3658 837 3737 perstitionibus
873 3649 1141 3720 occupati,
1189 3657 1298 3699 non
1345 3636 1669 3693 distulerunt
1710 3639 1887 3683 tamen
1929 3639 2017 3679 res

421 3717 626 3829 patrias
655 3753 924 3822 linquere,
952 3717 1246 3799 erveritati
1275 3737 1585 3793 coalescere
1610 3720 1923 3781 christiana:
1945 3717 1969 3771 ?
1991 3735 2009 3768 ι

423 3852 663 3927 (Arnob.,
688 3846 777 3901 lib.
809 3860 869 3907 tt,
907 3858 959 3908 ρ.
983 3835 1099 3910 50).

498 3901 663 4001 Nihil.
678 3954 808 4009 ergo
837 3901 1027 3991 insana
1058 3901 1431 3997 'quorumdam
1471 3912 1748 3986 gentilium
1794 3901 2016 3964 temeri-

425 4051 537 4096 tate
567 3999 881 4095 absurdius,
911 4027 1003 4098 qui
1036 4024 1153 4078 baac
1183 4014 1441 4074 miracula
1468 4010 1601 4066 falsa
1632 4006 1798 4062 fuisse
1816 3999 2019 4073 garrie-

422 4136 575 4192 bant.
602 4126 745 4186 Fieri
775 4089 943 4179 enim.
971 4132 1076 4173 non
1126 4111 1319 4184 potuit,
1345 4116 1403 4162 ut
1453 4112 1530 4159 tot
1556 4111 1763 4172 gentes,
1793 4104 1901 4150 tam
1932 4089 2019 4147 di-

423 4241 598 4284 versa:
654 4219 901 4277 nationes
950 4227 981 4267 a
1022 4225 1082 4265 se
1128 4205 1357 4261 invicem
1389 4193 1782 4254 remotissimae,
1823 4201 1885 4241 ac
1910 4184 2017 4238 Ro-

559 4319 574 4373 i
607 4315 732 4385 ipsi,
762 4321 971 4365 summa
1006 4314 1188 4358 rerum
1221 4294 1397 4364 potiti,
1432 4289 1499 4345 ad
1528 4286 1659 4343 falsa
1690 4288 2019 4338 sectatorum

426 4412 628 4472 Christi
667 4402 920 4462 miracula
971 4412 1071 4468 pro
1118 4392 1261 4447 Vt-ris
1291 4382 1633 4459 agnoscenda
1679 4374 2023 4445 conspirave-

427 4466 727 4572 riiit.Quid
769 4496 954 4557 etiam,
977 4466 1125 4561 quod
1175 4480 1442 4539 innumeri
1478 4475 1549 4530 illi
1578 4490 1644 4530 ex
1676 4479 1753 4525 tot
1778 4466 2023 4539 gentibus

426 4565 681 4657 homines
706 4604 813 4647 tam
856 4584 1032 4648 bardi,
1063 4579 1309 4642 hebetes,
1340 4581 1393 4629 et
1430 4567 1609 4626 stolidi
1640 4565 1746 4620 dici
1771 4576 1877 4617 non
1900 4572 2024 4630 pos-

426 4702 551 4751 sunt
580 4734 593 4755 ,
625 4695 683 4741 nt
713 4697 833 4755 quae
860 4693 966 4734 non
1002 4673 1251 4728 viderant
1281 4663 1562 4728 miracula,
1596 4674 1654 4715 se
1684 4655 1886 4711 vidisse
1914 4666 2023 4707 non

430 4746 607 4843 solum
638 4746 921 4849 ﬁngerent,
952 4767 1047 4824 sed
1079 4760 1317 4820 inaudita
1343 4758 1603 4813 hactenus
1635 4749 1851 4805 fictione
1880 4746 2023 4800 ines-
2054 4754 2108 4815 ι)

433 4879 572 4941 cati,
606 4837 905 4941 repudiatis
948 4870 1161 4931 patrum
1195 4867 1257 4907 ac
1288 4846 1624 4921 popularium
1652 4854 1874 4897 suorum
1902 4837 2027 4909 qui-

428 4931 936 5026 buscum'feliciter
966 4953 1151 5006 vivere
1202 4949 1486 5015 poterant,
1530 4931 2026 5007 superstitionibus,

431 5062 740 5121 institutam
770 5068 801 5106 a
829 5048 1045 5105 Christo
1092 5053 1339 5099 severam
1368 5030 1578 5090 vivendi
1606 5031 1893 5087 rationem.
1918 5038 2026 5080 non

429 5119 549 5215 sine
602 5158 756 5207 certo
812 5144 1006 5215 capitis
1065 5134 1310 5210 periculo
1338 5129 1776 5201 amplexarentur
1804 5119 2026 5197 (Ibid.).

434 5254 655 5309 Certtnn
706 5242 870 5315 igitur
923 5237 1200 5305 ﬁxumque
1228 5243 1351 5285 esse
1394 5224 1555 5280 debet
1605 5222 1725 5276 illos
1755 5216 2028 5273 miraculis

434 5349 713 5403 dumtaxat
741 5330 1124 5406 apertissimis,
1153 5336 1209 5382 et
1228 5324 1349 5380 luce
1382 5322 1497 5393 ipsa
1521 5315 1860 5382 clarioribus,
1889 5326 2029 5384 prat-

432 5441 616 5497 buisse
640 5433 953 5488 adsensum.

508 5530 780 5589 Arnobius
830 5537 993 5597 porro
1016 5520 1245 5577 Romae.
1295 5528 1453 5587 quam
1510 5516 1727 5581 propter
1757 5516 2023 5563 summum

435 5642 595 5686 suum
625 5623 911 5693 imperium
963 5614 1223 5670 dominam
1248 5617 1430 5675 vocat,
1458 5604 1735 5662 mentione
1767 5601 1927 5665 facta,
1961 5598 2024 5653 il—

436 5720 529 5777 iud
578 5712 831 5789 proponit
872 5706 1214 5772 miraculum,
1265 5718 1372 5775 quo
1403 5702 1600 5757 Petrus
1653 5696 1929 5769 apostolus
1957 5692 2027 5747 de

436 5816 714 5884 prostrato
739 5804 962 5861 Simone
996 5814 1155 5870 mago
1185 5794 1548 5863 triumphasse
1588 5788 1977 5862 perbibebatur
2009 5800 2023 5836 :

446 5881 465 5957 ὲ
500 5903 779 5965 Viderunt,
807 5915 826 5950 ι
861 5897 933 5950 ait
956 5892 1175 5966 (lbid.),
1215 5910 1235 5945 ι
1256 5905 1474 5948 currum
1502 5884 1745 5946 Simonis
1776 5881 1945 5952 magi,
1974 5886 2030 5936 et

439 5996 731 6068 quadrigas
772 5992 958 6061 igneas
987 5987 1155 6063 \Petri
1197 5999 1293 6044 ore
1326 5980 1597 6047 dilﬁatas,
1643 5986 1703 6036 et
1748 5974 2031 6034 nominato

2118 3434 2252 3505 Quis
2278 3444 2459 3489 autem
2507 3427 2785 3487 dubitandi
2813 3427 2969 3481 locus
3022 3437 3143 3479 esse
3202 3430 3411 3493 potest,
3462 3421 3593 3489 quin
3658 3421 3717 3473 hi

2120 3529 2325 3598 aliique
2381 3526 2617 3592 antiquze
2674 3536 2735 3577 ac
2787 3520 2950 3574 variae
3018 3516 3190 3571 aetatis
3244 3514 3539 3582 scriptores
3593 3528 3720 3581 per-

2121 3635 2340 3677 suasum
2389 3617 2674 3673 habuerint
2703 3628 2889 3669 verum
2937 3625 3060 3665 esse
3110 3609 3249 3662 hanc
3294 3604 3721 3660 bistoriam?At

2124 3714 2340 3772 tametsi
2372 3713 2518 3771 inea
2553 3709 2758 3782 aliquid
2812 3706 2951 3771 falsi,
2982 3704 3068 3761 vel
3123 3705 3166 3758 si
3199 3702 3527 3773 pertinacius
3553 3701 3717 3766 velis,

2125 3810 2262 3867 nihil
2295 3820 2523 3877 prorsus
2551 3806 2665 3860 veri
2695 3812 2841 3859 esset
2874 3818 2889 3865 ;
2925 3816 3030 3854 nou
3065 3795 3191 3851 inde
3222 3804 3404 3851 tamen
3430 3794 3721 3849 arnobiani

2125 3900 2429 3976 argumenti
2462 3901 2544 3955 vis
2574 3907 2668 3953 aut
2692 3897 2858 3952 robur
2898 3893 3012 3948 ullo
3055 3891 3212 3961 plane
3255 3889 3415 3943 modo
3442 3890 3723 3943 minuere-

2125 4008 2232 4054 tur.
2264 3994 2588 4052 Christianaa
2644 3988 2908 4061 siquidem
2939 3984 3220 4055 religionis
3251 3983 3450 4036 veritas
3479 3997 3587 4036 non
3617 3981 3723 4035 hoc

2127 4090 2344 4163 quidem
2395 4087 2513 4142 solo
2544 4082 2806 4140 miraculo
2831 4080 2901 4133 ab
2950 4077 3043 4132 illo
3075 4075 3352 4146 probatur,
3386 4072 3480 4127 sed
3507 4088 3577 4127 ex
3601 4074 3723 4128 aliis

2128 4188 2289 4259 plane
2318 4180 2644 4245 innumeris,
2683 4191 2802 4249 quae
2831 4190 2860 4227 a
2891 4172 3106 4229 Christo
3134 4170 3361 4224 Domino
3383 4167 3614 4237 ejusque
3640 4168 3725 4222 di.

2129 4281 2351 4351 scipulis
2379 4278 2516 4333 facta
2564 4272 2731 4329 fuisse
2777 4284 2961 4331 nemo,
2993 4267 3068 4320 uti
3096 4265 3353 4327 diximus,
3389 4262 3487 4315 nisi
3522 4260 3719 4317 invicta

2129 4388 2354 4449 prorsus
2400 4368 2766 4426 obstinatione
2793 4365 3099 4419 obcaecatus
3132 4366 3340 4428 poterat
3371 4354 3623 4409 inﬁciari.
3658 4358 3727 4409 At

2130 4448 2198 4527 ex
2222 4468 2288 4524 iis
2308 4466 2559 4523 omnibus
2586 4468 2777 4515 auctor
2802 4464 2987 4512 noster
3006 4462 3150 4508 tanta
3174 4448 3494 4506 certitudiue
3522 4462 3722 4518 quanta

2132 4562 2398 4621 evidentia
2449 4553 2727 4613 concludit
2771 4562 2956 4605 veram
2988 4558 3111 4602 esse
3161 4544 3331 4600 solam
3370 4540 3724 4597 Christianam

2134 4655 2469 4726 religionem.

2717 4770 3013 4815 ARTICULUS
3051 4769 3110 4809 ιι.

2134 4880 2671 4949 οιιοπιοσο-.Ατυίξι)ί9ε
2700 4874 3003 4949 ,δι-ξριτιξηὲ
3018 4865 3193 4949 ﬁl???
3212 4863 3451 4949 s39“???
3476 4860 3726 4949 ςεηθηίίίεε

2195 4924 3040 5001 ὸῖιίιῆξνείιῖδῖξιῖὂὶέρἱμιιῖοι-ιιιιιιιιιθ
3068 4931 3175 4994 ejus
3212 4924 3443 4978 miracula
3476 4924 3723 4975 inﬁrmare

2196 5012 2467 5063 tentabant.

2204 5120 2349 5177 Nihil
2377 5124 2464 5173 est
2495 5122 2601 5168 tam
2633 5118 2841 5166 certum
2888 5104 2944 5161 et
2987 5100 3235 5167 evidens,
3282 5096 3427 5169 quod
3473 5094 3723 5151 homines

2125 5211 2414 5288 ingeniosi,
2443 5224 2471 5264 a
2491 5216 2640 5263 recto
2666 5199 2906 5258 veritatis
2926 5196 3139 5253 tramite
3166 5190 3727 5255 aberrantes,autdu-

2127 5310 2273 5367 bium
2296 5308 2491 5370 facere,
2526 5310 2618 5357 aut
2638 5299 2949 5360 obscurare,
2966 5302 3057 5347 aut
3086 5304 3285 5359 negare
3310 5286 3559 5357 malignis
3585 5286 3724 5340 arti-

2126 5403 2228 5458 bus
2260 5415 2365 5455 non
2395 5388 2824 5451 moliantur.Non
2853 5387 3049 5440 mirum
3082 5382 3262 5451 itaque
3286 5380 3331 5433 si
3353 5378 3570 5450 quidam
3604 5388 3727 5447 post

2127 5494 2349 5559 Christi,
2396 5488 2891 5559 discipulorumque
2920 5481 3038 5549 ejus
3094 5484 3347 5539 mortem,
3376 5474 3590 5528 illorum
3620 5474 3721 5526 mi—

2128 5590 2333 5654 racula,
2350 5583 2562 5641 tametsi
2585 5593 2767 5635 coram
2796 5573 3017 5631 inﬁnitis
3044 5583 3212 5641 prope
3230 5565 3448 5622 modum
3462 5564 3721 5630 ethnicis,

2128 5697 2184 5745 et
2213 5687 2264 5741 in
2287 5696 2473 5739 eorum
2495 5677 2724 5749 gratiam
2751 5671 2915 5733 edita,
2933 5669 3208 5723 inlirmare
3228 5677 3291 5715 ac
3320 5674 3516 5729 negare
3544 5668 3723 5712 tenta-

2132 5782 2324 5837 veriut.
2361 5775 2747 5831 Verumtamen
2774 5762 2975 5822 ethnici
3010 5758 3183 5827 primo
3226 5753 3486 5810 Ecclesiae
3524 5760 3723 5805 nosme

2131 5870 2409 5932 nascentis
2441 5880 2687 5939 tempore
2715 5872 2795 5917 tot
2819 5870 3074 5927 tantaque
3097 5850 3375 5914 miracula,
3402 5857 3509 5901 tam
3538 5846 3720 5912 certis,

2130 5984 2292 6044 quam
2307 5962 2606 6025 innumeris
2621 5955 2940 6015 conﬁrmata
2955 5941 3461 6013 testibus,falsitatis
3473 5952 3720 6011 arguere,
