  <div class='ocr_page' id='page_1' title='image "/cluster/home/n/w/nwhite01/storage/ocr_20150623/5/uva.x000826532/244.png"; bbox 0 0 3918 6346; ppageno 0'>
   <div class='ocr_carea' id='block_1_1' title="bbox 223 394 319 447">
    <p class='ocr_par' dir='ltr' id='par_1_1' title="bbox 223 394 319 447">
     <span class='ocr_line' id='line_1_1' title="bbox 223 394 319 447; baseline 0.052 -4"><span class='ocrx_word' id='word_1_1' title='bbox 223 394 319 447; x_wconf 78' lang='grc' dir='ltr'><strong>Ιιο9</strong></span> 
     </span>
    </p>
   </div>
   <div class='ocr_carea' id='block_1_2' title="bbox 1488 384 2294 458">
    <p class='ocr_par' dir='ltr' id='par_1_2' title="bbox 1488 384 2294 458">
     <span class='ocr_line' id='line_1_2' title="bbox 1488 384 2294 458; baseline -0.007 -11"><span class='ocrx_word' id='word_1_2' title='bbox 1488 391 1552 447; x_wconf 84' lang='lat' dir='ltr'><strong>IN</strong></span> <span class='ocrx_word' id='word_1_3' title='bbox 1592 386 1973 458; x_wconf 65' lang='grc' dir='ltr'>ΑΒΝοιιιιιιι,</span> <span class='ocrx_word' id='word_1_4' title='bbox 2013 384 2164 444; x_wconf 81' lang='lat' dir='ltr'><strong>CAP.</strong></span> <span class='ocrx_word' id='word_1_5' title='bbox 2208 384 2294 442; x_wconf 85' lang='grc' dir='ltr'><strong>ιιι.</strong></span> 
     </span>
    </p>
   </div>
   <div class='ocr_carea' id='block_1_3' title="bbox 3436 400 3542 454">
    <p class='ocr_par' dir='ltr' id='par_1_3' title="bbox 3436 400 3542 454">
     <span class='ocr_line' id='line_1_3' title="bbox 3436 400 3542 454; baseline -0.019 0"><span class='ocrx_word' id='word_1_6' title='bbox 3436 400 3542 454; x_wconf 67' lang='lat' dir='ltr'><strong>MO</strong></span> 
     </span>
    </p>
   </div>
   <div class='ocr_carea' id='block_1_4' title="bbox 220 503 3537 583">
    <p class='ocr_par' dir='ltr' id='par_1_4' title="bbox 220 503 3537 583">
     <span class='ocr_line' id='line_1_4' title="bbox 220 503 3537 583; baseline -0.001 -16"><span class='ocrx_word' id='word_1_7' title='bbox 220 515 291 567; x_wconf 91' lang='lat' dir='ltr'><strong>uti</strong></span> <span class='ocrx_word' id='word_1_8' title='bbox 321 511 397 568; x_wconf 86' lang='lat' dir='ltr'><strong>ait</strong></span> <span class='ocrx_word' id='word_1_9' title='bbox 446 511 761 579; x_wconf 78' lang='lat' dir='ltr'><strong>Arnobius,</strong></span> <span class='ocrx_word' id='word_1_10' title='bbox 795 524 1086 583; x_wconf 83' lang='lat' dir='ltr'><strong>numquam</strong></span> <span class='ocrx_word' id='word_1_11' title='bbox 1128 510 1243 567; x_wconf 87' lang='lat' dir='ltr'><strong>ausi</strong></span> <span class='ocrx_word' id='word_1_12' title='bbox 1293 518 1415 565; x_wconf 87' lang='lat' dir='ltr'><strong>sunt</strong></span> <span class='ocrx_word' id='word_1_13' title='bbox 1443 508 1686 581; x_wconf 80' lang='lat' dir='ltr'><strong>(Arnob.,</strong></span> <span class='ocrx_word' id='word_1_14' title='bbox 1712 509 1749 562; x_wconf 89' lang='grc' dir='ltr'><strong>ι.</strong></span> <span class='ocrx_word' id='word_1_15' title='bbox 1782 522 1822 574; x_wconf 88' lang='grc' dir='ltr'>ι,</span> <span class='ocrx_word' id='word_1_16' title='bbox 1854 507 1905 567; x_wconf 79' lang='grc' dir='ltr'>Α</span> <span class='ocrx_word' id='word_1_17' title='bbox 2001 503 2176 559; x_wconf 83' lang='lat' dir='ltr'><strong>Tanto</strong></span> <span class='ocrx_word' id='word_1_18' title='bbox 2217 503 2481 558; x_wconf 91' lang='lat' dir='ltr'><strong>horumce</strong></span> <span class='ocrx_word' id='word_1_19' title='bbox 2519 513 2965 575; x_wconf 85' lang='lat' dir='ltr'><strong>argumentorum</strong></span> <span class='ocrx_word' id='word_1_20' title='bbox 3009 504 3253 575; x_wconf 87' lang='lat' dir='ltr'><strong>pondere</strong></span> <span class='ocrx_word' id='word_1_21' title='bbox 3282 512 3537 577; x_wconf 86' lang='lat' dir='ltr'><strong>oppressi</strong></span> 
     </span>
    </p>
   </div>
   <div class='ocr_carea' id='block_1_5' title="bbox 222 608 707 679">
    <p class='ocr_par' dir='ltr' id='par_1_5' title="bbox 222 608 707 679">
     <span class='ocr_line' id='line_1_5' title="bbox 222 608 707 679; baseline 0 -17"><span class='ocrx_word' id='word_1_22' title='bbox 222 626 273 679; x_wconf 84' lang='lat' dir='ltr'><strong>p.</strong></span> <span class='ocrx_word' id='word_1_23' title='bbox 305 609 395 672; x_wconf 76' lang='lat'><strong>33,</strong></span> <span class='ocrx_word' id='word_1_24' title='bbox 427 617 475 661; x_wconf 77' lang='lat' dir='ltr'><strong>et</strong></span> <span class='ocrx_word' id='word_1_25' title='bbox 505 608 707 679; x_wconf 56' lang='grc' dir='ltr'><strong>κίκι).</strong></span> 
     </span>
    </p>
   </div>
   <div class='ocr_carea' id='block_1_6' title="bbox 291 696 1829 768">
    <p class='ocr_par' dir='ltr' id='par_1_6' title="bbox 291 696 1829 768">
     <span class='ocr_line' id='line_1_6' title="bbox 291 696 1829 768; baseline -0.001 -13"><span class='ocrx_word' id='word_1_26' title='bbox 291 702 421 755; x_wconf 86' lang='lat' dir='ltr'><strong>Post</strong></span> <span class='ocrx_word' id='word_1_27' title='bbox 451 700 576 757; x_wconf 65' lang='lat' dir='ltr'><strong>haec</strong></span> <span class='ocrx_word' id='word_1_28' title='bbox 602 713 814 767; x_wconf 86' lang='lat' dir='ltr'><strong>autem,</strong></span> <span class='ocrx_word' id='word_1_29' title='bbox 845 701 1161 758; x_wconf 80' lang='lat' dir='ltr'><strong>audaciores</strong></span> <span class='ocrx_word' id='word_1_30' title='bbox 1190 700 1338 765; x_wconf 87' lang='lat' dir='ltr'><strong>facti,</strong></span> <span class='ocrx_word' id='word_1_31' title='bbox 1367 697 1691 768; x_wconf 87' lang='lat' dir='ltr'><strong>objiciebant</strong></span> <span class='ocrx_word' id='word_1_32' title='bbox 1712 696 1829 753; x_wconf 75' lang='lat' dir='ltr'><strong>haec</strong></span> 
     </span>
    </p>
   </div>
   <div class='ocr_carea' id='block_1_7' title="bbox 220 792 1828 864">
    <p class='ocr_par' dir='ltr' id='par_1_7' title="bbox 220 792 1828 864">
     <span class='ocr_line' id='line_1_7' title="bbox 220 792 1828 864; baseline 0 -19"><span class='ocrx_word' id='word_1_33' title='bbox 220 792 329 862; x_wconf 82' lang='lat' dir='ltr'><strong>ipsa</strong></span> <span class='ocrx_word' id='word_1_34' title='bbox 388 792 667 847; x_wconf 89' lang='lat' dir='ltr'><strong>miracula</strong></span> <span class='ocrx_word' id='word_1_35' title='bbox 710 796 777 850; x_wconf 87' lang='lat' dir='ltr'><strong>ab</strong></span> <span class='ocrx_word' id='word_1_36' title='bbox 832 794 1197 864; x_wconf 82' lang='lat' dir='ltr'><strong>evangelistis,</strong></span> <span class='ocrx_word' id='word_1_37' title='bbox 1241 794 1468 863; x_wconf 90' lang='lat' dir='ltr'><strong>aliisque</strong></span> <span class='ocrx_word' id='word_1_38' title='bbox 1516 792 1828 846; x_wconf 88' lang='lat' dir='ltr'><strong>auctoribus</strong></span> 
     </span>
    </p>
   </div>
   <div class='ocr_carea' id='block_1_8' title="bbox 218 886 1827 961">
    <p class='ocr_par' dir='ltr' id='par_1_8' title="bbox 218 886 1827 961">
     <span class='ocr_line' id='line_1_8' title="bbox 218 886 1827 961; baseline 0.001 -20"><span class='ocrx_word' id='word_1_39' title='bbox 218 888 415 957; x_wconf 84' lang='lat' dir='ltr'><strong>scripta</strong></span> <span class='ocrx_word' id='word_1_40' title='bbox 443 886 625 943; x_wconf 88' lang='lat' dir='ltr'><strong>fuisse</strong></span> <span class='ocrx_word' id='word_1_41' title='bbox 659 889 1013 954; x_wconf 75' lang='lat' dir='ltr'><strong>mendaciter,</strong></span> <span class='ocrx_word' id='word_1_42' title='bbox 1047 899 1137 942; x_wconf 91' lang='lat' dir='ltr'><strong>ant</strong></span> <span class='ocrx_word' id='word_1_43' title='bbox 1164 891 1216 943; x_wconf 92' lang='lat' dir='ltr'><strong>in</strong></span> <span class='ocrx_word' id='word_1_44' title='bbox 1250 890 1570 961; x_wconf 83' lang='lat' dir='ltr'><strong>immensum</strong></span> <span class='ocrx_word' id='word_1_45' title='bbox 1598 903 1827 958; x_wconf 76' lang='lat' dir='ltr'><strong>exagge-</strong></span> 
     </span>
    </p>
   </div>
   <div class='ocr_carea' id='block_1_9' title="bbox 225 979 1823 1055">
    <p class='ocr_par' dir='ltr' id='par_1_9' title="bbox 225 979 1823 1055">
     <span class='ocr_line' id='line_1_9' title="bbox 225 979 1823 1055; baseline 0.001 -20"><span class='ocrx_word' id='word_1_46' title='bbox 225 992 354 1036; x_wconf 81' lang='lat' dir='ltr'><strong>rata.</strong></span> <span class='ocrx_word' id='word_1_47' title='bbox 387 982 535 1048; x_wconf 90' lang='lat' dir='ltr'><strong>Quin</strong></span> <span class='ocrx_word' id='word_1_48' title='bbox 569 983 742 1037; x_wconf 83' lang='lat' dir='ltr'><strong>immo</strong></span> <span class='ocrx_word' id='word_1_49' title='bbox 774 984 948 1055; x_wconf 89' lang='lat' dir='ltr'><strong>plura,</strong></span> <span class='ocrx_word' id='word_1_50' title='bbox 986 984 1149 1055; x_wconf 91' lang='lat' dir='ltr'><strong>inquit</strong></span> <span class='ocrx_word' id='word_1_51' title='bbox 1191 982 1484 1050; x_wconf 83' lang='lat' dir='ltr'><strong>Arnobius,</strong></span> <span class='ocrx_word' id='word_1_52' title='bbox 1514 992 1566 1037; x_wconf 90' lang='lat' dir='ltr'><strong>et</strong></span> <span class='ocrx_word' id='word_1_53' title='bbox 1596 979 1823 1047; x_wconf 91' lang='lat' dir='ltr'><strong>Christi,</strong></span> 
     </span>
    </p>
   </div>
   <div class='ocr_carea' id='block_1_10' title="bbox 221 1075 1825 1147">
    <p class='ocr_par' dir='ltr' id='par_1_10' title="bbox 221 1075 1825 1147">
     <span class='ocr_line' id='line_1_10' title="bbox 221 1075 1825 1147; baseline -0.002 -17"><span class='ocrx_word' id='word_1_54' title='bbox 221 1086 272 1130; x_wconf 83' lang='lat' dir='ltr'><strong>et</strong></span> <span class='ocrx_word' id='word_1_55' title='bbox 297 1075 700 1146; x_wconf 86' lang='lat' dir='ltr'><strong>discipulorum</strong></span> <span class='ocrx_word' id='word_1_56' title='bbox 751 1078 872 1147; x_wconf 83' lang='lat' dir='ltr'><strong>ejus</strong></span> <span class='ocrx_word' id='word_1_57' title='bbox 921 1076 1177 1133; x_wconf 82' lang='lat' dir='ltr'><strong>miracula</strong></span> <span class='ocrx_word' id='word_1_58' title='bbox 1208 1077 1277 1130; x_wconf 88' lang='lat' dir='ltr'><strong>ab</strong></span> <span class='ocrx_word' id='word_1_59' title='bbox 1326 1076 1393 1131; x_wconf 88' lang='lat' dir='ltr'><strong>iis</strong></span> <span class='ocrx_word' id='word_1_60' title='bbox 1445 1084 1569 1131; x_wconf 89' lang='lat' dir='ltr'><strong>sunt</strong></span> <span class='ocrx_word' id='word_1_61' title='bbox 1599 1078 1825 1140; x_wconf 86' lang='lat' dir='ltr'><strong>omissa,</strong></span> 
     </span>
    </p>
   </div>
   <div class='ocr_carea' id='block_1_11' title="bbox 223 1170 1827 1241">
    <p class='ocr_par' dir='ltr' id='par_1_11' title="bbox 223 1170 1827 1241">
     <span class='ocr_line' id='line_1_11' title="bbox 223 1170 1827 1241; baseline 0 -18"><span class='ocrx_word' id='word_1_62' title='bbox 223 1184 318 1223; x_wconf 87' lang='lat' dir='ltr'><strong>nec</strong></span> <span class='ocrx_word' id='word_1_63' title='bbox 347 1173 536 1225; x_wconf 84' lang='lat' dir='ltr'><strong>omnia</strong></span> <span class='ocrx_word' id='word_1_64' title='bbox 572 1172 774 1227; x_wconf 72' lang='lat' dir='ltr'><strong>litteris</strong></span> <span class='ocrx_word' id='word_1_65' title='bbox 826 1172 1067 1227; x_wconf 88' lang='lat' dir='ltr'><strong>mamlari</strong></span> <span class='ocrx_word' id='word_1_66' title='bbox 1099 1178 1406 1241; x_wconf 88' lang='lat' dir='ltr'><strong>potuerunt.</strong></span> <span class='ocrx_word' id='word_1_67' title='bbox 1440 1170 1493 1227; x_wconf 92' lang='lat' dir='ltr'><strong>Si</strong></span> <span class='ocrx_word' id='word_1_68' title='bbox 1548 1186 1669 1239; x_wconf 64' lang='lat' dir='ltr'><strong>qua!</strong></span> <span class='ocrx_word' id='word_1_69' title='bbox 1697 1183 1827 1223; x_wconf 89' lang='lat' dir='ltr'><strong>vero</strong></span> 
     </span>
    </p>
   </div>
   <div class='ocr_carea' id='block_1_12' title="bbox 221 1261 1825 1333">
    <p class='ocr_par' dir='ltr' id='par_1_12' title="bbox 221 1261 1825 1333">
     <span class='ocr_line' id='line_1_12' title="bbox 221 1261 1825 1333; baseline 0.001 -20"><span class='ocrx_word' id='word_1_70' title='bbox 221 1262 336 1315; x_wconf 83' lang='lat' dir='ltr'><strong>aliis</strong></span> <span class='ocrx_word' id='word_1_71' title='bbox 366 1262 419 1316; x_wconf 89' lang='lat' dir='ltr'><strong>in</strong></span> <span class='ocrx_word' id='word_1_72' title='bbox 456 1263 711 1333; x_wconf 87' lang='lat' dir='ltr'><strong>scriptis,</strong></span> <span class='ocrx_word' id='word_1_73' title='bbox 744 1263 794 1318; x_wconf 94' lang='lat' dir='ltr'><strong>id</strong></span> <span class='ocrx_word' id='word_1_74' title='bbox 840 1274 942 1327; x_wconf 82' lang='lat' dir='ltr'><strong>est,</strong></span> <span class='ocrx_word' id='word_1_75' title='bbox 978 1262 1331 1333; x_wconf 78' lang='lat' dir='ltr'><strong>proculdubio</strong></span> <span class='ocrx_word' id='word_1_76' title='bbox 1359 1264 1409 1315; x_wconf 92' lang='lat' dir='ltr'><strong>in</strong></span> <span class='ocrx_word' id='word_1_77' title='bbox 1452 1261 1825 1331; x_wconf 77' lang='lat' dir='ltr'><strong>pseudoevan-</strong></span> 
     </span>
    </p>
   </div>
   <div class='ocr_carea' id='block_1_13' title="bbox 221 1352 1825 1425">
    <p class='ocr_par' dir='ltr' id='par_1_13' title="bbox 221 1352 1825 1425">
     <span class='ocr_line' id='line_1_13' title="bbox 221 1352 1825 1425; baseline 0.001 -19"><span class='ocrx_word' id='word_1_78' title='bbox 221 1352 372 1421; x_wconf 88' lang='lat' dir='ltr'><strong>geliis</strong></span> <span class='ocrx_word' id='word_1_79' title='bbox 413 1355 737 1425; x_wconf 71' lang='lat' dir='ltr'><strong>posteritati</strong></span> <span class='ocrx_word' id='word_1_80' title='bbox 780 1354 1151 1409; x_wconf 87' lang='lat' dir='ltr'><strong>commendata</strong></span> <span class='ocrx_word' id='word_1_81' title='bbox 1182 1356 1447 1423; x_wconf 84' lang='lat' dir='ltr'><strong>leguntur,</strong></span> <span class='ocrx_word' id='word_1_82' title='bbox 1476 1353 1591 1407; x_wconf 73' lang='lat' dir='ltr'><strong>ha-c</strong></span> <span class='ocrx_word' id='word_1_83' title='bbox 1620 1354 1825 1407; x_wconf 75' lang='lat' dir='ltr'><strong>damo-</strong></span> 
     </span>
    </p>
   </div>
   <div class='ocr_carea' id='block_1_14' title="bbox 221 1446 1827 1503">
    <p class='ocr_par' dir='ltr' id='par_1_14' title="bbox 221 1446 1827 1503">
     <span class='ocr_line' id='line_1_14' title="bbox 221 1446 1827 1503; baseline 0 -4"><span class='ocrx_word' id='word_1_84' title='bbox 221 1462 347 1501; x_wconf 87' lang='lat' dir='ltr'><strong>num</strong></span> <span class='ocrx_word' id='word_1_85' title='bbox 398 1457 495 1502; x_wconf 84' lang='lat' dir='ltr'><strong>aut</strong></span> <span class='ocrx_word' id='word_1_86' title='bbox 556 1448 841 1503; x_wconf 82' lang='lat' dir='ltr'><strong>hominum</strong></span> <span class='ocrx_word' id='word_1_87' title='bbox 892 1449 999 1503; x_wconf 86' lang='lat' dir='ltr'><strong>illis</strong></span> <span class='ocrx_word' id='word_1_88' title='bbox 1048 1449 1301 1502; x_wconf 79' lang='lat' dir='ltr'><strong>similium</strong></span> <span class='ocrx_word' id='word_1_89' title='bbox 1357 1446 1733 1501; x_wconf 75' lang='lat' dir='ltr'><strong>malevolentia</strong></span> <span class='ocrx_word' id='word_1_90' title='bbox 1773 1455 1827 1499; x_wconf 89' lang='lat' dir='ltr'><strong>et</strong></span> 
     </span>
    </p>
   </div>
   <div class='ocr_carea' id='block_1_15' title="bbox 222 1539 1826 1611">
    <p class='ocr_par' dir='ltr' id='par_1_15' title="bbox 222 1539 1826 1611">
     <span class='ocr_line' id='line_1_15' title="bbox 222 1539 1826 1611; baseline -0.002 -17"><span class='ocrx_word' id='word_1_91' title='bbox 222 1539 501 1596; x_wconf 79' lang='lat' dir='ltr'><strong>fraudibus</strong></span> <span class='ocrx_word' id='word_1_92' title='bbox 548 1542 761 1609; x_wconf 85' lang='lat' dir='ltr'><strong>addita,</strong></span> <span class='ocrx_word' id='word_1_93' title='bbox 792 1542 1138 1611; x_wconf 88' lang='lat' dir='ltr'><strong>interpolata,</strong></span> <span class='ocrx_word' id='word_1_94' title='bbox 1167 1549 1371 1594; x_wconf 87' lang='lat' dir='ltr'><strong>mutata</strong></span> <span class='ocrx_word' id='word_1_95' title='bbox 1403 1539 1826 1606; x_wconf 89' lang='lat' dir='ltr'><strong>detruncataque</strong></span> 
     </span>
    </p>
   </div>
   <div class='ocr_carea' id='block_1_16' title="bbox 217 1631 1828 1704">
    <p class='ocr_par' dir='ltr' id='par_1_16' title="bbox 217 1631 1828 1704">
     <span class='ocr_line' id='line_1_16' title="bbox 217 1631 1828 1704; baseline -0.001 -18"><span class='ocrx_word' id='word_1_96' title='bbox 217 1631 468 1699; x_wconf 85' lang='lat' dir='ltr'><strong>fuerunt,</strong></span> <span class='ocrx_word' id='word_1_97' title='bbox 516 1645 603 1699; x_wconf 90' lang='lat' dir='ltr'><strong>nt,</strong></span> <span class='ocrx_word' id='word_1_98' title='bbox 634 1634 680 1689; x_wconf 91' lang='lat' dir='ltr'><strong>si</strong></span> <span class='ocrx_word' id='word_1_99' title='bbox 734 1634 848 1690; x_wconf 86' lang='lat' dir='ltr'><strong>fieri</strong></span> <span class='ocrx_word' id='word_1_100' title='bbox 877 1643 1080 1704; x_wconf 85' lang='lat' dir='ltr'><strong>posset,</strong></span> <span class='ocrx_word' id='word_1_101' title='bbox 1135 1643 1243 1688; x_wconf 88' lang='lat' dir='ltr'><strong>tam</strong></span> <span class='ocrx_word' id='word_1_102' title='bbox 1278 1631 1612 1687; x_wconf 90' lang='lat' dir='ltr'><strong>mirabilinm</strong></span> <span class='ocrx_word' id='word_1_103' title='bbox 1645 1640 1828 1699; x_wconf 83' lang='lat' dir='ltr'><strong>gesto-</strong></span> 
     </span>
    </p>
   </div>
   <div class='ocr_carea' id='block_1_17' title="bbox 216 1722 1825 1795">
    <p class='ocr_par' dir='ltr' id='par_1_17' title="bbox 216 1722 1825 1795">
     <span class='ocr_line' id='line_1_17' title="bbox 216 1722 1825 1795; baseline -0.002 -15"><span class='ocrx_word' id='word_1_104' title='bbox 216 1742 332 1780; x_wconf 91' lang='lat' dir='ltr'><strong>rum</strong></span> <span class='ocrx_word' id='word_1_105' title='bbox 361 1728 653 1781; x_wconf 88' lang='lat' dir='ltr'><strong>elevarent</strong></span> <span class='ocrx_word' id='word_1_106' title='bbox 686 1726 1086 1782; x_wconf 83' lang='lat' dir='ltr'><strong>auctoritatem.</strong></span> <span class='ocrx_word' id='word_1_107' title='bbox 1116 1724 1257 1795; x_wconf 84' lang='lat' dir='ltr'><strong>Quid</strong></span> <span class='ocrx_word' id='word_1_108' title='bbox 1287 1739 1440 1791; x_wconf 87' lang='lat' dir='ltr'><strong>vero,</strong></span> <span class='ocrx_word' id='word_1_109' title='bbox 1473 1722 1615 1794; x_wconf 86' lang='lat' dir='ltr'><strong>quod</strong></span> <span class='ocrx_word' id='word_1_110' title='bbox 1642 1722 1825 1794; x_wconf 86' lang='lat' dir='ltr'><strong>genti-</strong></span> 
     </span>
    </p>
   </div>
   <div class='ocr_carea' id='block_1_18' title="bbox 221 1812 1825 1884">
    <p class='ocr_par' dir='ltr' id='par_1_18' title="bbox 221 1812 1825 1884">
     <span class='ocr_line' id='line_1_18' title="bbox 221 1812 1825 1884; baseline -0.004 -12"><span class='ocrx_word' id='word_1_111' title='bbox 221 1817 297 1872; x_wconf 89' lang='lat' dir='ltr'><strong>les</strong></span> <span class='ocrx_word' id='word_1_112' title='bbox 325 1817 462 1873; x_wconf 85' lang='lat' dir='ltr'><strong>nihil</strong></span> <span class='ocrx_word' id='word_1_113' title='bbox 492 1828 690 1871; x_wconf 82' lang='lat' dir='ltr'><strong>rontra</strong></span> <span class='ocrx_word' id='word_1_114' title='bbox 721 1833 1000 1873; x_wconf 89' lang='lat' dir='ltr'><strong>sacrorum</strong></span> <span class='ocrx_word' id='word_1_115' title='bbox 1044 1818 1369 1884; x_wconf 81' lang='lat' dir='ltr'><strong>scriptorum</strong></span> <span class='ocrx_word' id='word_1_116' title='bbox 1415 1824 1720 1869; x_wconf 88' lang='lat' dir='ltr'><strong>nostrorum</strong></span> <span class='ocrx_word' id='word_1_117' title='bbox 1763 1812 1825 1866; x_wconf 84' lang='lat' dir='ltr'><strong>ﬁ-</strong></span> 
     </span>
    </p>
   </div>
   <div class='ocr_carea' id='block_1_19' title="bbox 1935 598 3537 670">
    <p class='ocr_par' dir='ltr' id='par_1_19' title="bbox 1935 598 3537 670">
     <span class='ocr_line' id='line_1_19' title="bbox 1935 598 3537 670; baseline 0.004 -17"><span class='ocrx_word' id='word_1_118' title='bbox 1935 599 2167 670; x_wconf 85' lang='lat' dir='ltr'><strong>gentiles</strong></span> <span class='ocrx_word' id='word_1_119' title='bbox 2193 613 2261 654; x_wconf 91' lang='lat' dir='ltr'><strong>eo</strong></span> <span class='ocrx_word' id='word_1_120' title='bbox 2308 598 2522 653; x_wconf 88' lang='lat' dir='ltr'><strong>tandem</strong></span> <span class='ocrx_word' id='word_1_121' title='bbox 2555 598 2780 654; x_wconf 73' lang='lat' dir='ltr'><strong>insaniae</strong></span> <span class='ocrx_word' id='word_1_122' title='bbox 2808 610 2861 655; x_wconf 89' lang='lat' dir='ltr'><strong>et</strong></span> <span class='ocrx_word' id='word_1_123' title='bbox 2915 600 3263 669; x_wconf 84' lang='lat' dir='ltr'><strong>impudentiae</strong></span> <span class='ocrx_word' id='word_1_124' title='bbox 3292 601 3537 659; x_wconf 64' lang='lat' dir='ltr'><strong>deveneo</strong></span> 
     </span>
    </p>
   </div>
   <div class='ocr_carea' id='block_1_20' title="bbox 1933 690 3535 763">
    <p class='ocr_par' dir='ltr' id='par_1_20' title="bbox 1933 690 3535 763">
     <span class='ocr_line' id='line_1_20' title="bbox 1933 690 3535 763; baseline 0.003 -18"><span class='ocrx_word' id='word_1_125' title='bbox 1933 701 2074 755; x_wconf 87' lang='lat' dir='ltr'><strong>rant,</strong></span> <span class='ocrx_word' id='word_1_126' title='bbox 2113 701 2169 744; x_wconf 89' lang='lat' dir='ltr'><strong>nt</strong></span> <span class='ocrx_word' id='word_1_127' title='bbox 2201 690 2315 745; x_wconf 63' lang='lat' dir='ltr'><strong>haec</strong></span> <span class='ocrx_word' id='word_1_128' title='bbox 2364 690 2625 746; x_wconf 85' lang='lat' dir='ltr'><strong>miracula</strong></span> <span class='ocrx_word' id='word_1_129' title='bbox 2670 706 2697 743; x_wconf 91' lang='lat' dir='ltr'><strong>a</strong></span> <span class='ocrx_word' id='word_1_130' title='bbox 2726 690 2944 746; x_wconf 81' lang='lat' dir='ltr'><strong>Christo</strong></span> <span class='ocrx_word' id='word_1_131' title='bbox 2978 693 3201 763; x_wconf 78' lang='lat' dir='ltr'><strong>magicis</strong></span> <span class='ocrx_word' id='word_1_132' title='bbox 3230 693 3442 750; x_wconf 86' lang='lat' dir='ltr'><strong>artibus</strong></span> <span class='ocrx_word' id='word_1_133' title='bbox 3470 709 3535 750; x_wconf 90' lang='lat' dir='ltr'><strong>ac</strong></span> 
     </span>
    </p>
   </div>
   <div class='ocr_carea' id='block_1_21' title="bbox 1934 782 3529 853">
    <p class='ocr_par' dir='ltr' id='par_1_21' title="bbox 1934 782 3529 853">
     <span class='ocr_line' id='line_1_21' title="bbox 1934 782 3529 853; baseline 0.005 -18"><span class='ocrx_word' id='word_1_134' title='bbox 1934 782 2220 853; x_wconf 61' lang='lat' dir='ltr'><strong>praestigiis</strong></span> <span class='ocrx_word' id='word_1_135' title='bbox 2243 786 2379 838; x_wconf 76' lang='lat' dir='ltr'><strong>facta</strong></span> <span class='ocrx_word' id='word_1_136' title='bbox 2403 784 2568 839; x_wconf 86' lang='lat' dir='ltr'><strong>fuisse</strong></span> <span class='ocrx_word' id='word_1_137' title='bbox 2596 782 2756 838; x_wconf 88' lang='lat' dir='ltr'><strong>nobis</strong></span> <span class='ocrx_word' id='word_1_138' title='bbox 2783 784 3022 853; x_wconf 88' lang='lat' dir='ltr'><strong>objicere</strong></span> <span class='ocrx_word' id='word_1_139' title='bbox 3055 801 3160 839; x_wconf 91' lang='lat' dir='ltr'><strong>non</strong></span> <span class='ocrx_word' id='word_1_140' title='bbox 3195 786 3482 843; x_wconf 84' lang='lat' dir='ltr'><strong>timuerint</strong></span> <span class='ocrx_word' id='word_1_141' title='bbox 3515 806 3529 843; x_wconf 91' lang='lat'><strong>:</strong></span> 
     </span>
    </p>
   </div>
   <div class='ocr_carea' id='block_1_22' title="bbox 1940 874 3534 945">
    <p class='ocr_par' dir='ltr' id='par_1_22' title="bbox 1940 874 3534 945">
     <span class='ocr_line' id='line_1_22' title="bbox 1940 874 3534 945; baseline 0.008 -21"><span class='ocrx_word' id='word_1_142' title='bbox 1940 891 1959 924; x_wconf 75' lang='grc' dir='ltr'><strong>ι</strong></span> <span class='ocrx_word' id='word_1_143' title='bbox 1990 874 2174 945; x_wconf 81' lang='lat' dir='ltr'><strong>Magos</strong></span> <span class='ocrx_word' id='word_1_144' title='bbox 2216 874 2354 940; x_wconf 86' lang='lat' dir='ltr'><strong>fuit,</strong></span> <span class='ocrx_word' id='word_1_145' title='bbox 2394 894 2413 927; x_wconf 76' lang='grc' dir='ltr'><strong>ι</strong></span> <span class='ocrx_word' id='word_1_146' title='bbox 2447 891 2635 931; x_wconf 90' lang='lat' dir='ltr'><strong>eorum</strong></span> <span class='ocrx_word' id='word_1_147' title='bbox 2675 876 2838 932; x_wconf 89' lang='lat' dir='ltr'><strong>verba</strong></span> <span class='ocrx_word' id='word_1_148' title='bbox 2871 888 2997 931; x_wconf 86' lang='lat' dir='ltr'><strong>sunt</strong></span> <span class='ocrx_word' id='word_1_149' title='bbox 3041 878 3109 933; x_wconf 87' lang='lat' dir='ltr'><strong>ab</strong></span> <span class='ocrx_word' id='word_1_150' title='bbox 3137 879 3376 933; x_wconf 80' lang='lat' dir='ltr'><strong>Arnohin</strong></span> <span class='ocrx_word' id='word_1_151' title='bbox 3419 895 3534 936; x_wconf 84' lang='lat' dir='ltr'><strong>me-</strong></span> 
     </span>
    </p>
   </div>
   <div class='ocr_carea' id='block_1_23' title="bbox 1935 970 3530 1043">
    <p class='ocr_par' dir='ltr' id='par_1_23' title="bbox 1935 970 3530 1043">
     <span class='ocr_line' id='line_1_23' title="bbox 1935 970 3530 1043; baseline 0.005 -22"><span class='ocrx_word' id='word_1_152' title='bbox 1935 979 2141 1022; x_wconf 88' lang='lat' dir='ltr'><strong>morata</strong></span> <span class='ocrx_word' id='word_1_153' title='bbox 2172 1011 2187 1035; x_wconf 94' lang='lat'><strong>,</strong></span> <span class='ocrx_word' id='word_1_154' title='bbox 2231 987 2251 1021; x_wconf 81' lang='grc'><strong>›</strong></span> <span class='ocrx_word' id='word_1_155' title='bbox 2283 970 2637 1025; x_wconf 89' lang='lat' dir='ltr'><strong>clandestinis</strong></span> <span class='ocrx_word' id='word_1_156' title='bbox 2689 970 2896 1025; x_wconf 86' lang='lat' dir='ltr'><strong>artibus</strong></span> <span class='ocrx_word' id='word_1_157' title='bbox 2928 974 3108 1025; x_wconf 91' lang='lat' dir='ltr'><strong>omnia</strong></span> <span class='ocrx_word' id='word_1_158' title='bbox 3141 971 3230 1026; x_wconf 87' lang='lat' dir='ltr'><strong>illa</strong></span> <span class='ocrx_word' id='word_1_159' title='bbox 3282 972 3530 1043; x_wconf 84' lang='lat' dir='ltr'><strong>perleeit,</strong></span> 
     </span>
    </p>
   </div>
   <div class='ocr_carea' id='block_1_24' title="bbox 1935 1058 3535 1136">
    <p class='ocr_par' dir='ltr' id='par_1_24' title="bbox 1935 1058 3535 1136">
     <span class='ocr_line' id='line_1_24' title="bbox 1935 1058 3535 1136; baseline 0.006 -22"><span class='ocrx_word' id='word_1_160' title='bbox 1935 1058 2314 1133; x_wconf 66' lang='lat' dir='ltr'><strong>Egyptiorum</strong></span> <span class='ocrx_word' id='word_1_161' title='bbox 2364 1079 2430 1117; x_wconf 79' lang='lat' dir='ltr'><strong>ex</strong></span> <span class='ocrx_word' id='word_1_162' title='bbox 2477 1062 2653 1135; x_wconf 84' lang='lat' dir='ltr'><strong>adytis</strong></span> <span class='ocrx_word' id='word_1_163' title='bbox 2705 1066 3035 1134; x_wconf 85' lang='lat' dir='ltr'><strong>Angelorum</strong></span> <span class='ocrx_word' id='word_1_164' title='bbox 3087 1066 3387 1136; x_wconf 89' lang='lat' dir='ltr'><strong>potentium</strong></span> <span class='ocrx_word' id='word_1_165' title='bbox 3434 1083 3535 1123; x_wconf 89' lang='lat' dir='ltr'><strong>no-</strong></span> 
     </span>
    </p>
   </div>
   <div class='ocr_carea' id='block_1_25' title="bbox 1931 1155 3531 1231">
    <p class='ocr_par' dir='ltr' id='par_1_25' title="bbox 1931 1155 3531 1231">
     <span class='ocr_line' id='line_1_25' title="bbox 1931 1155 3531 1231; baseline 0.002 -22"><span class='ocrx_word' id='word_1_166' title='bbox 1931 1157 2098 1220; x_wconf 85' lang='lat' dir='ltr'><strong>mina,</strong></span> <span class='ocrx_word' id='word_1_167' title='bbox 2130 1166 2184 1211; x_wconf 90' lang='lat' dir='ltr'><strong>et</strong></span> <span class='ocrx_word' id='word_1_168' title='bbox 2213 1167 2448 1212; x_wconf 88' lang='lat' dir='ltr'><strong>remotas</strong></span> <span class='ocrx_word' id='word_1_169' title='bbox 2496 1155 2704 1211; x_wconf 86' lang='lat' dir='ltr'><strong>furatus</strong></span> <span class='ocrx_word' id='word_1_170' title='bbox 2751 1168 2835 1211; x_wconf 92' lang='lat' dir='ltr'><strong>est</strong></span> <span class='ocrx_word' id='word_1_171' title='bbox 2882 1157 3197 1229; x_wconf 84' lang='lat' dir='ltr'><strong>disciplinas</strong></span> <span class='ocrx_word' id='word_1_172' title='bbox 3237 1177 3256 1211; x_wconf 78' lang='grc' dir='ltr'><strong>ι</strong></span> <span class='ocrx_word' id='word_1_173' title='bbox 3288 1160 3531 1231; x_wconf 78' lang='lat' dir='ltr'><strong>(Arnob.,</strong></span> 
     </span>
    </p>
   </div>
   <div class='ocr_carea' id='block_1_26' title="bbox 1930 1248 3535 1320">
    <p class='ocr_par' dir='ltr' id='par_1_26' title="bbox 1930 1248 3535 1320">
     <span class='ocr_line' id='line_1_26' title="bbox 1930 1248 3535 1320; baseline 0.004 -18"><span class='ocrx_word' id='word_1_174' title='bbox 1930 1248 1968 1302; x_wconf 84' lang='grc'><strong>1.</strong></span> <span class='ocrx_word' id='word_1_175' title='bbox 2000 1264 2034 1310; x_wconf 86' lang='grc' dir='ltr'>ι,</span> <span class='ocrx_word' id='word_1_176' title='bbox 2063 1265 2116 1317; x_wconf 83' lang='grc' dir='ltr'><strong>ρ.</strong></span> <span class='ocrx_word' id='word_1_177' title='bbox 2147 1248 2263 1320; x_wconf 69' lang='grc'><strong>25).</strong></span> <span class='ocrx_word' id='word_1_178' title='bbox 2289 1250 2395 1303; x_wconf 87' lang='lat' dir='ltr'><strong>Sed</strong></span> <span class='ocrx_word' id='word_1_179' title='bbox 2436 1249 2550 1303; x_wconf 76' lang='lat' dir='ltr'><strong>haec</strong></span> <span class='ocrx_word' id='word_1_180' title='bbox 2579 1261 2735 1303; x_wconf 87' lang='lat' dir='ltr'><strong>vetus</strong></span> <span class='ocrx_word' id='word_1_181' title='bbox 2760 1250 3044 1319; x_wconf 85' lang='lat' dir='ltr'><strong>gentilium</strong></span> <span class='ocrx_word' id='word_1_182' title='bbox 3071 1251 3403 1318; x_wconf 86' lang='lat' dir='ltr'><strong>criminatio,</strong></span> <span class='ocrx_word' id='word_1_183' title='bbox 3433 1267 3535 1308; x_wconf 65' lang='lat' dir='ltr'><strong>saa-</strong></span> 
     </span>
    </p>
   </div>
   <div class='ocr_carea' id='block_1_27' title="bbox 1930 1341 3532 1417">
    <p class='ocr_par' dir='ltr' id='par_1_27' title="bbox 1930 1341 3532 1417">
     <span class='ocr_line' id='line_1_27' title="bbox 1930 1341 3532 1417; baseline 0.006 -25"><span class='ocrx_word' id='word_1_184' title='bbox 1930 1341 2053 1412; x_wconf 91' lang='lat' dir='ltr'><strong>pius</strong></span> <span class='ocrx_word' id='word_1_185' title='bbox 2083 1343 2334 1410; x_wconf 83' lang='lat' dir='ltr'><strong>repetita,</strong></span> <span class='ocrx_word' id='word_1_186' title='bbox 2368 1357 2585 1411; x_wconf 88' lang='lat' dir='ltr'><strong>semper</strong></span> <span class='ocrx_word' id='word_1_187' title='bbox 2612 1342 2887 1398; x_wconf 81' lang='lat' dir='ltr'><strong>confutata</strong></span> <span class='ocrx_word' id='word_1_188' title='bbox 2910 1353 3015 1400; x_wconf 90' lang='lat' dir='ltr'><strong>est.</strong></span> <span class='ocrx_word' id='word_1_189' title='bbox 3050 1344 3182 1411; x_wconf 83' lang='lat' dir='ltr'><strong>Quis</strong></span> <span class='ocrx_word' id='word_1_190' title='bbox 3207 1346 3351 1400; x_wconf 86' lang='lat' dir='ltr'><strong>enim</strong></span> <span class='ocrx_word' id='word_1_191' title='bbox 3376 1344 3532 1417; x_wconf 86' lang='lat' dir='ltr'><strong>igno-</strong></span> 
     </span>
    </p>
   </div>
   <div class='ocr_carea' id='block_1_28' title="bbox 1932 1435 3533 1508">
    <p class='ocr_par' dir='ltr' id='par_1_28' title="bbox 1932 1435 3533 1508">
     <span class='ocr_line' id='line_1_28' title="bbox 1932 1435 3533 1508; baseline 0.004 -19"><span class='ocrx_word' id='word_1_192' title='bbox 1932 1446 2013 1489; x_wconf 88' lang='lat' dir='ltr'><strong>rat</strong></span> <span class='ocrx_word' id='word_1_193' title='bbox 2046 1435 2175 1489; x_wconf 88' lang='lat' dir='ltr'><strong>illnd</strong></span> <span class='ocrx_word' id='word_1_194' title='bbox 2204 1436 2421 1489; x_wconf 79' lang='lat' dir='ltr'><strong>Christo</strong></span> <span class='ocrx_word' id='word_1_195' title='bbox 2449 1453 2476 1487; x_wconf 86' lang='lat' dir='ltr'><strong>a</strong></span> <span class='ocrx_word' id='word_1_196' title='bbox 2507 1435 2711 1491; x_wconf 67' lang='lat' dir='ltr'><strong>ludatis</strong></span> <span class='ocrx_word' id='word_1_197' title='bbox 2734 1436 3026 1506; x_wconf 86' lang='lat' dir='ltr'><strong>nbjectum,</strong></span> <span class='ocrx_word' id='word_1_198' title='bbox 3051 1437 3194 1508; x_wconf 91' lang='lat' dir='ltr'><strong>quod</strong></span> <span class='ocrx_word' id='word_1_199' title='bbox 3226 1438 3533 1496; x_wconf 82' lang='lat' dir='ltr'><strong>Beelzebub</strong></span> 
     </span>
    </p>
   </div>
   <div class='ocr_carea' id='block_1_29' title="bbox 1931 1528 3533 1599">
    <p class='ocr_par' dir='ltr' id='par_1_29' title="bbox 1931 1528 3533 1599">
     <span class='ocr_line' id='line_1_29' title="bbox 1931 1528 3533 1599; baseline 0.004 -18"><span class='ocrx_word' id='word_1_200' title='bbox 1931 1528 2149 1582; x_wconf 87' lang='lat' dir='ltr'><strong>nomine</strong></span> <span class='ocrx_word' id='word_1_201' title='bbox 2176 1528 2442 1583; x_wconf 69' lang='lat' dir='ltr'><strong>daamonia</strong></span> <span class='ocrx_word' id='word_1_202' title='bbox 2464 1528 2708 1598; x_wconf 89' lang='lat' dir='ltr'><strong>ejiceret.</strong></span> <span class='ocrx_word' id='word_1_203' title='bbox 2739 1528 2911 1595; x_wconf 86' lang='lat' dir='ltr'><strong>Quam</strong></span> <span class='ocrx_word' id='word_1_204' title='bbox 2950 1528 3171 1599; x_wconf 84' lang='lat' dir='ltr'><strong>quidem</strong></span> <span class='ocrx_word' id='word_1_205' title='bbox 3202 1530 3533 1587; x_wconf 87' lang='lat' dir='ltr'><strong>calumniam</strong></span> 
     </span>
    </p>
   </div>
   <div class='ocr_carea' id='block_1_30' title="bbox 1929 1619 3535 1689">
    <p class='ocr_par' dir='ltr' id='par_1_30' title="bbox 1929 1619 3535 1689">
     <span class='ocr_line' id='line_1_30' title="bbox 1929 1619 3535 1689; baseline 0.005 -16"><span class='ocrx_word' id='word_1_206' title='bbox 1929 1619 2030 1673; x_wconf 85' lang='lat' dir='ltr'><strong>etsi</strong></span> <span class='ocrx_word' id='word_1_207' title='bbox 2060 1620 2306 1675; x_wconf 78' lang='lat' dir='ltr'><strong>Christus</strong></span> <span class='ocrx_word' id='word_1_208' title='bbox 2334 1620 2586 1677; x_wconf 91' lang='lat' dir='ltr'><strong>dominus</strong></span> <span class='ocrx_word' id='word_1_209' title='bbox 2614 1620 2829 1676; x_wconf 86' lang='lat' dir='ltr'><strong>abunde</strong></span> <span class='ocrx_word' id='word_1_210' title='bbox 2875 1622 3210 1679; x_wconf 71' lang='lat' dir='ltr'><strong>confutasset</strong></span> <span class='ocrx_word' id='word_1_211' title='bbox 3233 1664 3248 1689; x_wconf 95' lang='lat'><strong>,</strong></span> <span class='ocrx_word' id='word_1_212' title='bbox 3296 1640 3416 1681; x_wconf 86' lang='lat' dir='ltr'><strong>eam</strong></span> <span class='ocrx_word' id='word_1_213' title='bbox 3449 1634 3535 1681; x_wconf 88' lang='lat' dir='ltr'><strong>ta-</strong></span> 
     </span>
    </p>
   </div>
   <div class='ocr_carea' id='block_1_31' title="bbox 1932 1713 3533 1790">
    <p class='ocr_par' dir='ltr' id='par_1_31' title="bbox 1932 1713 3533 1790">
     <span class='ocr_line' id='line_1_31' title="bbox 1932 1713 3533 1790; baseline 0.005 -23"><span class='ocrx_word' id='word_1_214' title='bbox 1932 1729 2053 1768; x_wconf 91' lang='lat' dir='ltr'><strong>men</strong></span> <span class='ocrx_word' id='word_1_215' title='bbox 2087 1713 2287 1769; x_wconf 85' lang='lat' dir='ltr'><strong>ethnici</strong></span> <span class='ocrx_word' id='word_1_216' title='bbox 2337 1724 2526 1785; x_wconf 84' lang='lat' dir='ltr'><strong>postea</strong></span> <span class='ocrx_word' id='word_1_217' title='bbox 2570 1725 2757 1790; x_wconf 82' lang='lat' dir='ltr'><strong>contra</strong></span> <span class='ocrx_word' id='word_1_218' title='bbox 2817 1719 2935 1786; x_wconf 88' lang='lat' dir='ltr'><strong>ejus</strong></span> <span class='ocrx_word' id='word_1_219' title='bbox 2982 1716 3283 1787; x_wconf 85' lang='lat' dir='ltr'><strong>discipulos</strong></span> <span class='ocrx_word' id='word_1_220' title='bbox 3310 1721 3533 1775; x_wconf 88' lang='lat' dir='ltr'><strong>immani</strong></span> 
     </span>
    </p>
   </div>
   <div class='ocr_carea' id='block_1_32' title="bbox 1933 1810 3534 1877">
    <p class='ocr_par' dir='ltr' id='par_1_32' title="bbox 1933 1810 3534 1877">
     <span class='ocr_line' id='line_1_32' title="bbox 1933 1810 3534 1877; baseline 0.005 -15"><span class='ocrx_word' id='word_1_221' title='bbox 1933 1824 2156 1877; x_wconf 87' lang='lat' dir='ltr'><strong>prorsus</strong></span> <span class='ocrx_word' id='word_1_222' title='bbox 2184 1819 2238 1863; x_wconf 91' lang='lat' dir='ltr'><strong>et</strong></span> <span class='ocrx_word' id='word_1_223' title='bbox 2265 1810 2602 1865; x_wconf 88' lang='lat' dir='ltr'><strong>intoleranda</strong></span> <span class='ocrx_word' id='word_1_224' title='bbox 2650 1812 2963 1865; x_wconf 85' lang='lat' dir='ltr'><strong>temeritate</strong></span> <span class='ocrx_word' id='word_1_225' title='bbox 3009 1810 3266 1867; x_wconf 89' lang='lat' dir='ltr'><strong>refricare</strong></span> <span class='ocrx_word' id='word_1_226' title='bbox 3294 1827 3400 1867; x_wconf 92' lang='lat' dir='ltr'><strong>non</strong></span> <span class='ocrx_word' id='word_1_227' title='bbox 3432 1812 3534 1869; x_wconf 82' lang='lat' dir='ltr'><strong>du-</strong></span> 
     </span>
    </p>
   </div>
   <div class='ocr_carea' id='block_1_33' title="bbox 216 1902 3529 1979">
    <p class='ocr_par' dir='ltr' id='par_1_33' title="bbox 216 1902 3529 1979">
     <span class='ocr_line' id='line_1_33' title="bbox 216 1902 3529 1979; baseline -0 -16"><span class='ocrx_word' id='word_1_228' title='bbox 216 1909 337 1963; x_wconf 86' lang='lat' dir='ltr'><strong>dem</strong></span> <span class='ocrx_word' id='word_1_229' title='bbox 371 1909 487 1965; x_wconf 92' lang='lat' dir='ltr'><strong>ullo</strong></span> <span class='ocrx_word' id='word_1_230' title='bbox 517 1911 689 1965; x_wconf 90' lang='lat' dir='ltr'><strong>modo</strong></span> <span class='ocrx_word' id='word_1_231' title='bbox 716 1909 1073 1979; x_wconf 88' lang='lat' dir='ltr'><strong>objiciebant,</strong></span> <span class='ocrx_word' id='word_1_232' title='bbox 1106 1908 1249 1979; x_wconf 91' lang='lat' dir='ltr'><strong>quod</strong></span> <span class='ocrx_word' id='word_1_233' title='bbox 1303 1908 1563 1963; x_wconf 89' lang='lat' dir='ltr'><strong>adversus</strong></span> <span class='ocrx_word' id='word_1_234' title='bbox 1615 1907 1826 1963; x_wconf 89' lang='lat' dir='ltr'><strong>illorum</strong></span> <span class='ocrx_word' id='word_1_235' title='bbox 1860 1912 1907 1972; x_wconf 84' lang='grc' dir='ltr'><strong>Β</strong></span> <span class='ocrx_word' id='word_1_236' title='bbox 1934 1902 2265 1958; x_wconf 86' lang='lat' dir='ltr'><strong>bitaverunt.</strong></span> <span class='ocrx_word' id='word_1_237' title='bbox 2293 1902 2427 1958; x_wconf 76' lang='lat' dir='ltr'><strong>Nam</strong></span> <span class='ocrx_word' id='word_1_238' title='bbox 2462 1912 2522 1958; x_wconf 92' lang='lat' dir='ltr'><strong>ut</strong></span> <span class='ocrx_word' id='word_1_239' title='bbox 2563 1904 2699 1959; x_wconf 82' lang='lat' dir='ltr'><strong>alios</strong></span> <span class='ocrx_word' id='word_1_240' title='bbox 2726 1906 2864 1960; x_wconf 87' lang='lat' dir='ltr'><strong>bene</strong></span> <span class='ocrx_word' id='word_1_241' title='bbox 2887 1905 3085 1960; x_wconf 89' lang='lat' dir='ltr'><strong>multos</strong></span> <span class='ocrx_word' id='word_1_242' title='bbox 3117 1917 3529 1974; x_wconf 74' lang='lat' dir='ltr'><strong>przetereamus,</strong></span> 
     </span>
    </p>
   </div>
   <div class='ocr_carea' id='block_1_34' title="bbox 216 2000 1825 2075">
    <p class='ocr_par' dir='ltr' id='par_1_34' title="bbox 216 2000 1825 2075">
     <span class='ocr_line' id='line_1_34' title="bbox 216 2000 1825 2075; baseline -0.003 -16"><span class='ocrx_word' id='word_1_243' title='bbox 216 2004 515 2075; x_wconf 86' lang='lat' dir='ltr'><strong>scriptores</strong></span> <span class='ocrx_word' id='word_1_244' title='bbox 547 2005 666 2074; x_wconf 88' lang='lat' dir='ltr'><strong>pari</strong></span> <span class='ocrx_word' id='word_1_245' title='bbox 696 2005 862 2058; x_wconf 91' lang='lat' dir='ltr'><strong>immo</strong></span> <span class='ocrx_word' id='word_1_246' title='bbox 893 2004 1088 2074; x_wconf 88' lang='lat' dir='ltr'><strong>potiori</strong></span> <span class='ocrx_word' id='word_1_247' title='bbox 1114 2002 1238 2072; x_wconf 87' lang='lat' dir='ltr'><strong>jure</strong></span> <span class='ocrx_word' id='word_1_248' title='bbox 1263 2002 1421 2072; x_wconf 89' lang='lat' dir='ltr'><strong>objici</strong></span> <span class='ocrx_word' id='word_1_249' title='bbox 1463 2016 1570 2055; x_wconf 91' lang='lat' dir='ltr'><strong>non</strong></span> <span class='ocrx_word' id='word_1_250' title='bbox 1600 2000 1825 2069; x_wconf 86' lang='lat' dir='ltr'><strong>posset?</strong></span> 
     </span>
    </p>
   </div>
   <div class='ocr_carea' id='block_1_35' title="bbox 216 2092 1827 2163">
    <p class='ocr_par' dir='ltr' id='par_1_35' title="bbox 216 2092 1827 2163">
     <span class='ocr_line' id='line_1_35' title="bbox 216 2092 1827 2163; baseline -0.002 -14"><span class='ocrx_word' id='word_1_251' title='bbox 216 2094 516 2163; x_wconf 65' lang='lat' dir='ltr'><strong>Prwterea,</strong></span> <span class='ocrx_word' id='word_1_252' title='bbox 551 2096 781 2152; x_wconf 78' lang='lat' dir='ltr'><strong>veridici</strong></span> <span class='ocrx_word' id='word_1_253' title='bbox 831 2106 1081 2150; x_wconf 89' lang='lat' dir='ltr'><strong>auctores</strong></span> <span class='ocrx_word' id='word_1_254' title='bbox 1123 2094 1291 2148; x_wconf 88' lang='lat' dir='ltr'><strong>nostri</strong></span> <span class='ocrx_word' id='word_1_255' title='bbox 1322 2103 1474 2147; x_wconf 91' lang='lat' dir='ltr'><strong>tanto</strong></span> <span class='ocrx_word' id='word_1_256' title='bbox 1502 2092 1665 2146; x_wconf 89' lang='lat' dir='ltr'><strong>animi</strong></span> <span class='ocrx_word' id='word_1_257' title='bbox 1700 2106 1827 2146; x_wconf 88' lang='lat' dir='ltr'><strong>can-</strong></span> 
     </span>
    </p>
   </div>
   <div class='ocr_carea' id='block_1_36' title="bbox 218 2175 1825 2260">
    <p class='ocr_par' dir='ltr' id='par_1_36' title="bbox 218 2175 1825 2260">
     <span class='ocr_line' id='line_1_36' title="bbox 218 2175 1825 2260; baseline -0.002 -18"><span class='ocrx_word' id='word_1_258' title='bbox 218 2188 369 2256; x_wconf 88' lang='lat' dir='ltr'><strong>dore,</strong></span> <span class='ocrx_word' id='word_1_259' title='bbox 401 2190 693 2260; x_wconf 90' lang='lat' dir='ltr'><strong>tantisquc</strong></span> <span class='ocrx_word' id='word_1_260' title='bbox 722 2188 972 2243; x_wconf 81' lang='lat' dir='ltr'><strong>veritatis</strong></span> <span class='ocrx_word' id='word_1_261' title='bbox 1001 2175 1297 2241; x_wconf 71' lang='lat' dir='ltr'><strong>luminibus</strong></span> <span class='ocrx_word' id='word_1_262' title='bbox 1328 2186 1583 2239; x_wconf 90' lang='lat' dir='ltr'><strong>miracula</strong></span> <span class='ocrx_word' id='word_1_263' title='bbox 1624 2182 1825 2239; x_wconf 86' lang='lat' dir='ltr'><strong>Christi</strong></span> 
     </span>
    </p>
   </div>
   <div class='ocr_carea' id='block_1_37' title="bbox 216 2282 1826 2353">
    <p class='ocr_par' dir='ltr' id='par_1_37' title="bbox 216 2282 1826 2353">
     <span class='ocr_line' id='line_1_37' title="bbox 216 2282 1826 2353; baseline -0.002 -16"><span class='ocrx_word' id='word_1_264' title='bbox 216 2282 563 2353; x_wconf 84' lang='lat' dir='ltr'><strong>descripsere</strong></span> <span class='ocrx_word' id='word_1_265' title='bbox 593 2295 650 2337; x_wconf 88' lang='lat' dir='ltr'><strong>nt</strong></span> <span class='ocrx_word' id='word_1_266' title='bbox 676 2284 856 2339; x_wconf 88' lang='lat' dir='ltr'><strong>nullus</strong></span> <span class='ocrx_word' id='word_1_267' title='bbox 880 2299 980 2339; x_wconf 89' lang='lat' dir='ltr'><strong>nec</strong></span> <span class='ocrx_word' id='word_1_268' title='bbox 1000 2282 1234 2345; x_wconf 73' lang='lat' dir='ltr'><strong>Judmus,</strong></span> <span class='ocrx_word' id='word_1_269' title='bbox 1268 2298 1367 2337; x_wconf 87' lang='lat' dir='ltr'><strong>nec</strong></span> <span class='ocrx_word' id='word_1_270' title='bbox 1389 2282 1628 2353; x_wconf 76' lang='lat' dir='ltr'><strong>gentilis,</strong></span> <span class='ocrx_word' id='word_1_271' title='bbox 1654 2295 1826 2351; x_wconf 83' lang='lat' dir='ltr'><strong>quan—</strong></span> 
     </span>
    </p>
   </div>
   <div class='ocr_carea' id='block_1_38' title="bbox 218 2374 1823 2447">
    <p class='ocr_par' dir='ltr' id='par_1_38' title="bbox 218 2374 1823 2447">
     <span class='ocr_line' id='line_1_38' title="bbox 218 2374 1823 2447; baseline -0.001 -17"><span class='ocrx_word' id='word_1_272' title='bbox 218 2376 467 2432; x_wconf 87' lang='lat' dir='ltr'><strong>tumlibet</strong></span> <span class='ocrx_word' id='word_1_273' title='bbox 518 2377 949 2433; x_wconf 89' lang='lat' dir='ltr'><strong>cbristianorum</strong></span> <span class='ocrx_word' id='word_1_274' title='bbox 984 2378 1235 2432; x_wconf 90' lang='lat' dir='ltr'><strong>inimicus</strong></span> <span class='ocrx_word' id='word_1_275' title='bbox 1260 2418 1277 2444; x_wconf 92' lang='lat'><strong>,</strong></span> <span class='ocrx_word' id='word_1_276' title='bbox 1324 2376 1389 2431; x_wconf 93' lang='lat' dir='ltr'><strong>iis</strong></span> <span class='ocrx_word' id='word_1_277' title='bbox 1418 2376 1633 2447; x_wconf 88' lang='lat' dir='ltr'><strong>quando</strong></span> <span class='ocrx_word' id='word_1_278' title='bbox 1681 2374 1823 2431; x_wconf 81' lang='lat' dir='ltr'><strong>facta</strong></span> 
     </span>
    </p>
   </div>
   <div class='ocr_carea' id='block_1_39' title="bbox 216 2471 1080 2543">
    <p class='ocr_par' dir='ltr' id='par_1_39' title="bbox 216 2471 1080 2543">
     <span class='ocr_line' id='line_1_39' title="bbox 216 2471 1080 2543; baseline -0.001 -18"><span class='ocrx_word' id='word_1_279' title='bbox 216 2481 360 2536; x_wconf 79' lang='lat' dir='ltr'><strong>sunt,</strong></span> <span class='ocrx_word' id='word_1_280' title='bbox 396 2471 675 2543; x_wconf 77' lang='lat' dir='ltr'><strong>refragari</strong></span> <span class='ocrx_word' id='word_1_281' title='bbox 708 2486 874 2527; x_wconf 85' lang='lat' dir='ltr'><strong>ausus</strong></span> <span class='ocrx_word' id='word_1_282' title='bbox 901 2471 1080 2526; x_wconf 90' lang='lat' dir='ltr'><strong>fuerit.</strong></span> 
     </span>
    </p>
   </div>
   <div class='ocr_carea' id='block_1_40' title="bbox 288 2563 1827 2637">
    <p class='ocr_par' dir='ltr' id='par_1_40' title="bbox 288 2563 1827 2637">
     <span class='ocr_line' id='line_1_40' title="bbox 288 2563 1827 2637; baseline -0.001 -17"><span class='ocrx_word' id='word_1_283' title='bbox 288 2568 358 2620; x_wconf 79' lang='lat' dir='ltr'><strong>At</strong></span> <span class='ocrx_word' id='word_1_284' title='bbox 393 2567 607 2636; x_wconf 87' lang='lat' dir='ltr'><strong>scripta</strong></span> <span class='ocrx_word' id='word_1_285' title='bbox 661 2579 867 2632; x_wconf 89' lang='lat' dir='ltr'><strong>nostra,</strong></span> <span class='ocrx_word' id='word_1_286' title='bbox 903 2566 1221 2637; x_wconf 87' lang='lat' dir='ltr'><strong>inquiebant</strong></span> <span class='ocrx_word' id='word_1_287' title='bbox 1248 2563 1471 2631; x_wconf 82' lang='lat' dir='ltr'><strong>ethnici,</strong></span> <span class='ocrx_word' id='word_1_288' title='bbox 1507 2564 1660 2618; x_wconf 78' lang='lat' dir='ltr'><strong>libris</strong></span> <span class='ocrx_word' id='word_1_289' title='bbox 1681 2564 1827 2619; x_wconf 91' lang='lat' dir='ltr'><strong>chri-</strong></span> 
     </span>
    </p>
   </div>
   <div class='ocr_carea' id='block_1_41' title="bbox 220 2656 1823 2730">
    <p class='ocr_par' dir='ltr' id='par_1_41' title="bbox 220 2656 1823 2730">
     <span class='ocr_line' id='line_1_41' title="bbox 220 2656 1823 2730; baseline 0 -19"><span class='ocrx_word' id='word_1_290' title='bbox 220 2658 531 2714; x_wconf 88' lang='lat' dir='ltr'><strong>stianorum</strong></span> <span class='ocrx_word' id='word_1_291' title='bbox 559 2659 721 2730; x_wconf 88' lang='lat' dir='ltr'><strong>longe</strong></span> <span class='ocrx_word' id='word_1_292' title='bbox 747 2660 1053 2729; x_wconf 87' lang='lat' dir='ltr'><strong>antiquiora</strong></span> <span class='ocrx_word' id='word_1_293' title='bbox 1083 2666 1232 2714; x_wconf 89' lang='lat' dir='ltr'><strong>sunt.</strong></span> <span class='ocrx_word' id='word_1_294' title='bbox 1262 2672 1325 2712; x_wconf 90' lang='lat' dir='ltr'><strong>ac</strong></span> <span class='ocrx_word' id='word_1_295' title='bbox 1352 2656 1583 2727; x_wconf 90' lang='lat' dir='ltr'><strong>proinde</strong></span> <span class='ocrx_word' id='word_1_296' title='bbox 1611 2656 1715 2711; x_wconf 89' lang='lat' dir='ltr'><strong>lide</strong></span> <span class='ocrx_word' id='word_1_297' title='bbox 1736 2656 1823 2711; x_wconf 93' lang='lat' dir='ltr'><strong>di-</strong></span> 
     </span>
    </p>
   </div>
   <div class='ocr_carea' id='block_1_42' title="bbox 218 2752 1822 2823">
    <p class='ocr_par' dir='ltr' id='par_1_42' title="bbox 218 2752 1822 2823">
     <span class='ocr_line' id='line_1_42' title="bbox 218 2752 1822 2823; baseline 0.003 -20"><span class='ocrx_word' id='word_1_298' title='bbox 218 2753 422 2823; x_wconf 82' lang='lat' dir='ltr'><strong>gniora.</strong></span> <span class='ocrx_word' id='word_1_299' title='bbox 454 2753 633 2821; x_wconf 85' lang='lat' dir='ltr'><strong>Quasi</strong></span> <span class='ocrx_word' id='word_1_300' title='bbox 682 2769 835 2820; x_wconf 90' lang='lat' dir='ltr'><strong>vero,</strong></span> <span class='ocrx_word' id='word_1_301' title='bbox 868 2754 1160 2822; x_wconf 87' lang='lat' dir='ltr'><strong>respondet</strong></span> <span class='ocrx_word' id='word_1_302' title='bbox 1188 2752 1488 2819; x_wconf 83' lang='lat' dir='ltr'><strong>Arnobius,</strong></span> <span class='ocrx_word' id='word_1_303' title='bbox 1522 2768 1714 2807; x_wconf 89' lang='lat' dir='ltr'><strong>omnes</strong></span> <span class='ocrx_word' id='word_1_304' title='bbox 1755 2768 1822 2808; x_wconf 77' lang='lat' dir='ltr'><strong>ex</strong></span> 
     </span>
    </p>
   </div>
   <div class='ocr_carea' id='block_1_43' title="bbox 219 2844 1823 2917">
    <p class='ocr_par' dir='ltr' id='par_1_43' title="bbox 219 2844 1823 2917">
     <span class='ocr_line' id='line_1_43' title="bbox 219 2844 1823 2917; baseline -0.001 -17"><span class='ocrx_word' id='word_1_305' title='bbox 219 2849 559 2916; x_wconf 85' lang='lat' dir='ltr'><strong>turpissimts</strong></span> <span class='ocrx_word' id='word_1_306' title='bbox 588 2848 1001 2917; x_wconf 87' lang='lat' dir='ltr'><strong>falsissimisque</strong></span> <span class='ocrx_word' id='word_1_307' title='bbox 1050 2846 1275 2901; x_wconf 88' lang='lat' dir='ltr'><strong>deorum</strong></span> <span class='ocrx_word' id='word_1_308' title='bbox 1305 2844 1502 2901; x_wconf 81' lang='lat' dir='ltr'><strong>fabulis</strong></span> <span class='ocrx_word' id='word_1_309' title='bbox 1524 2862 1629 2899; x_wconf 90' lang='lat' dir='ltr'><strong>non</strong></span> <span class='ocrx_word' id='word_1_310' title='bbox 1658 2862 1823 2915; x_wconf 88' lang='lat' dir='ltr'><strong>agno-</strong></span> 
     </span>
    </p>
   </div>
   <div class='ocr_carea' id='block_1_44' title="bbox 216 2938 1818 3009">
    <p class='ocr_par' dir='ltr' id='par_1_44' title="bbox 216 2938 1818 3009">
     <span class='ocr_line' id='line_1_44' title="bbox 216 2938 1818 3009; baseline 0 -16"><span class='ocrx_word' id='word_1_311' title='bbox 216 2949 366 2994; x_wconf 75' lang='lat' dir='ltr'><strong>scant</strong></span> <span class='ocrx_word' id='word_1_312' title='bbox 386 2956 586 2995; x_wconf 88' lang='lat' dir='ltr'><strong>earum</strong></span> <span class='ocrx_word' id='word_1_313' title='bbox 620 2940 1001 3009; x_wconf 85' lang='lat' dir='ltr'><strong>antiquitatem</strong></span> <span class='ocrx_word' id='word_1_314' title='bbox 1026 2938 1537 2993; x_wconf 80' lang='lat' dir='ltr'><strong>absurdissimorum</strong></span> <span class='ocrx_word' id='word_1_315' title='bbox 1569 2955 1818 2993; x_wconf 89' lang='lat' dir='ltr'><strong>errorum</strong></span> 
     </span>
    </p>
   </div>
   <div class='ocr_carea' id='block_1_45' title="bbox 218 3032 1820 3103">
    <p class='ocr_par' dir='ltr' id='par_1_45' title="bbox 218 3032 1820 3103">
     <span class='ocr_line' id='line_1_45' title="bbox 218 3032 1820 3103; baseline 0 -16"><span class='ocrx_word' id='word_1_316' title='bbox 218 3034 689 3088; x_wconf 76' lang='lat' dir='ltr'><strong>ftecundissimam</strong></span> <span class='ocrx_word' id='word_1_317' title='bbox 725 3034 891 3089; x_wconf 82' lang='lat' dir='ltr'><strong>fuisse</strong></span> <span class='ocrx_word' id='word_1_318' title='bbox 923 3044 1150 3087; x_wconf 90' lang='lat' dir='ltr'><strong>matrem</strong></span> <span class='ocrx_word' id='word_1_319' title='bbox 1195 3041 1250 3087; x_wconf 90' lang='lat' dir='ltr'><strong>et</strong></span> <span class='ocrx_word' id='word_1_320' title='bbox 1296 3032 1582 3103; x_wconf 73' lang='lat' dir='ltr'><strong>originem.</strong></span> <span class='ocrx_word' id='word_1_321' title='bbox 1617 3032 1820 3087; x_wconf 90' lang='lat' dir='ltr'><strong>Deinde</strong></span> 
     </span>
    </p>
   </div>
   <div class='ocr_carea' id='block_1_46' title="bbox 218 3127 1818 3195">
    <p class='ocr_par' dir='ltr' id='par_1_46' title="bbox 218 3127 1818 3195">
     <span class='ocr_line' id='line_1_46' title="bbox 218 3127 1818 3195; baseline 0 -16"><span class='ocrx_word' id='word_1_322' title='bbox 218 3141 362 3193; x_wconf 85' lang='lat' dir='ltr'><strong>vero,</strong></span> <span class='ocrx_word' id='word_1_323' title='bbox 393 3144 526 3183; x_wconf 89' lang='lat' dir='ltr'><strong>cum</strong></span> <span class='ocrx_word' id='word_1_324' title='bbox 559 3130 927 3184; x_wconf 89' lang='lat' dir='ltr'><strong>recentiorum</strong></span> <span class='ocrx_word' id='word_1_325' title='bbox 974 3137 1217 3183; x_wconf 87' lang='lat' dir='ltr'><strong>actorum</strong></span> <span class='ocrx_word' id='word_1_326' title='bbox 1252 3127 1463 3181; x_wconf 81' lang='lat' dir='ltr'><strong>facilius</strong></span> <span class='ocrx_word' id='word_1_327' title='bbox 1492 3142 1651 3195; x_wconf 90' lang='lat' dir='ltr'><strong>quam</strong></span> <span class='ocrx_word' id='word_1_328' title='bbox 1680 3127 1818 3181; x_wconf 91' lang='lat' dir='ltr'><strong>anti-</strong></span> 
     </span>
    </p>
   </div>
   <div class='ocr_carea' id='block_1_47' title="bbox 216 3218 1819 3291">
    <p class='ocr_par' dir='ltr' id='par_1_47' title="bbox 216 3218 1819 3291">
     <span class='ocr_line' id='line_1_47' title="bbox 216 3218 1819 3291; baseline 0 -18"><span class='ocrx_word' id='word_1_329' title='bbox 216 3221 489 3290; x_wconf 90' lang='lat' dir='ltr'><strong>quiorum,</strong></span> <span class='ocrx_word' id='word_1_330' title='bbox 530 3220 742 3274; x_wconf 61' lang='lat' dir='ltr'><strong>falsitas</strong></span> <span class='ocrx_word' id='word_1_331' title='bbox 764 3218 1224 3291; x_wconf 88' lang='lat' dir='ltr'><strong>deprehendatur,</strong></span> <span class='ocrx_word' id='word_1_332' title='bbox 1250 3228 1415 3273; x_wconf 68' lang='lat' dir='ltr'><strong>tanta:</strong></span> <span class='ocrx_word' id='word_1_333' title='bbox 1463 3218 1707 3288; x_wconf 90' lang='lat' dir='ltr'><strong>profecto</strong></span> <span class='ocrx_word' id='word_1_334' title='bbox 1737 3226 1819 3273; x_wconf 86' lang='lat' dir='ltr'><strong>te-</strong></span> 
     </span>
    </p>
   </div>
   <div class='ocr_carea' id='block_1_48' title="bbox 1934 1997 3535 2071">
    <p class='ocr_par' dir='ltr' id='par_1_48' title="bbox 1934 1997 3535 2071">
     <span class='ocr_line' id='line_1_48' title="bbox 1934 1997 3535 2071; baseline 0.002 -18"><span class='ocrx_word' id='word_1_335' title='bbox 1934 1997 2141 2064; x_wconf 79' lang='lat' dir='ltr'><strong>Celsus,</strong></span> <span class='ocrx_word' id='word_1_336' title='bbox 2186 2008 2320 2054; x_wconf 71' lang='lat' dir='ltr'><strong>te~te</strong></span> <span class='ocrx_word' id='word_1_337' title='bbox 2364 1998 2619 2069; x_wconf 83' lang='lat' dir='ltr'><strong>Origene,</strong></span> <span class='ocrx_word' id='word_1_338' title='bbox 2657 2018 2675 2051; x_wconf 75' lang='grc' dir='ltr'><strong>ι</strong></span> <span class='ocrx_word' id='word_1_339' title='bbox 2716 1999 3060 2055; x_wconf 85' lang='lat' dir='ltr'><strong>Servatorem</strong></span> <span class='ocrx_word' id='word_1_340' title='bbox 3106 2009 3345 2065; x_wconf 88' lang='lat' dir='ltr'><strong>accusat,</strong></span> <span class='ocrx_word' id='word_1_341' title='bbox 3377 2001 3535 2071; x_wconf 87' lang='lat' dir='ltr'><strong>quasi</strong></span> 
     </span>
    </p>
   </div>
   <div class='ocr_carea' id='block_1_49' title="bbox 1936 2092 3533 2165">
    <p class='ocr_par' dir='ltr' id='par_1_49' title="bbox 1936 2092 3533 2165">
     <span class='ocr_line' id='line_1_49' title="bbox 1936 2092 3533 2165; baseline 0.003 -20"><span class='ocrx_word' id='word_1_342' title='bbox 1936 2092 2156 2161; x_wconf 82' lang='lat' dir='ltr'><strong>magicis</strong></span> <span class='ocrx_word' id='word_1_343' title='bbox 2186 2093 2392 2147; x_wconf 81' lang='lat' dir='ltr'><strong>artibus</strong></span> <span class='ocrx_word' id='word_1_344' title='bbox 2419 2094 2679 2148; x_wconf 79' lang='lat' dir='ltr'><strong>miracula</strong></span> <span class='ocrx_word' id='word_1_345' title='bbox 2705 2093 2895 2148; x_wconf 84' lang='lat' dir='ltr'><strong>fecerit</strong></span> <span class='ocrx_word' id='word_1_346' title='bbox 2922 2112 2940 2145; x_wconf 75' lang='grc' dir='ltr'><strong>ι</strong></span> <span class='ocrx_word' id='word_1_347' title='bbox 2971 2092 3240 2165; x_wconf 83' lang='lat' dir='ltr'><strong>(0rigen.,</strong></span> <span class='ocrx_word' id='word_1_348' title='bbox 3268 2094 3305 2148; x_wconf 85' lang='grc' dir='ltr'>ι.</span> <span class='ocrx_word' id='word_1_349' title='bbox 3332 2111 3367 2161; x_wconf 85' lang='grc' dir='ltr'>ι,</span> <span class='ocrx_word' id='word_1_350' title='bbox 3394 2108 3533 2151; x_wconf 81' lang='lat' dir='ltr'><strong>cont.</strong></span> 
     </span>
    </p>
   </div>
   <div class='ocr_carea' id='block_1_50' title="bbox 1934 2182 3535 2259">
    <p class='ocr_par' dir='ltr' id='par_1_50' title="bbox 1934 2182 3535 2259">
     <span class='ocr_line' id='line_1_50' title="bbox 1934 2182 3535 2259; baseline 0.004 -20"><span class='ocrx_word' id='word_1_351' title='bbox 1934 2182 2092 2249; x_wconf 54' lang='grc' dir='ltr'><strong>ϐείω,</strong></span> <span class='ocrx_word' id='word_1_352' title='bbox 2135 2204 2187 2256; x_wconf 84' lang='lat' dir='ltr'><strong>p.</strong></span> <span class='ocrx_word' id='word_1_353' title='bbox 2216 2185 2291 2256; x_wconf 87' lang='lat'><strong>7).</strong></span> <span class='ocrx_word' id='word_1_354' title='bbox 2321 2186 2606 2243; x_wconf 87' lang='lat' dir='ltr'><strong>Garriebat</strong></span> <span class='ocrx_word' id='word_1_355' title='bbox 2660 2188 2951 2256; x_wconf 86' lang='lat' dir='ltr'><strong>siquidem,</strong></span> <span class='ocrx_word' id='word_1_356' title='bbox 3000 2195 3059 2241; x_wconf 93' lang='lat' dir='ltr'><strong>ut</strong></span> <span class='ocrx_word' id='word_1_357' title='bbox 3089 2187 3229 2241; x_wconf 93' lang='lat' dir='ltr'><strong>idem</strong></span> <span class='ocrx_word' id='word_1_358' title='bbox 3273 2188 3535 2259; x_wconf 77' lang='lat' dir='ltr'><strong>Origenes</strong></span> 
     </span>
    </p>
   </div>
   <div class='ocr_carea' id='block_1_51' title="bbox 1932 2278 3530 2355">
    <p class='ocr_par' dir='ltr' id='par_1_51' title="bbox 1932 2278 3530 2355">
     <span class='ocr_line' id='line_1_51' title="bbox 1932 2278 3530 2355; baseline 0.001 -21"><span class='ocrx_word' id='word_1_359' title='bbox 1932 2290 2119 2349; x_wconf 88' lang='lat' dir='ltr'><strong>postea</strong></span> <span class='ocrx_word' id='word_1_360' title='bbox 2147 2278 2486 2345; x_wconf 81' lang='lat' dir='ltr'><strong>testificatur,</strong></span> <span class='ocrx_word' id='word_1_361' title='bbox 2517 2299 2535 2331; x_wconf 85' lang='grc'><em>‹</em></span> <span class='ocrx_word' id='word_1_362' title='bbox 2566 2296 2687 2335; x_wconf 88' lang='lat' dir='ltr'><strong>eum</strong></span> <span class='ocrx_word' id='word_1_363' title='bbox 2714 2280 2853 2335; x_wconf 88' lang='lat' dir='ltr'><strong>clam</strong></span> <span class='ocrx_word' id='word_1_364' title='bbox 2876 2279 3163 2345; x_wconf 86' lang='lat' dir='ltr'><strong>educatur,</strong></span> <span class='ocrx_word' id='word_1_365' title='bbox 3185 2291 3240 2336; x_wconf 88' lang='lat' dir='ltr'><strong>et</strong></span> <span class='ocrx_word' id='word_1_366' title='bbox 3273 2280 3324 2336; x_wconf 92' lang='lat' dir='ltr'><strong>in</strong></span> <span class='ocrx_word' id='word_1_367' title='bbox 3354 2280 3530 2355; x_wconf 61' lang='grc' dir='ltr'><strong>Αἰπ-</strong></span> 
     </span>
    </p>
   </div>
   <div class='ocr_carea' id='block_1_52' title="bbox 1935 2374 3533 2446">
    <p class='ocr_par' dir='ltr' id='par_1_52' title="bbox 1935 2374 3533 2446">
     <span class='ocr_line' id='line_1_52' title="bbox 1935 2374 3533 2446; baseline 0.004 -20"><span class='ocrx_word' id='word_1_368' title='bbox 1935 2383 2025 2442; x_wconf 82' lang='grc' dir='ltr'><strong>ριο</strong></span> <span class='ocrx_word' id='word_1_369' title='bbox 2065 2374 2320 2429; x_wconf 88' lang='lat' dir='ltr'><strong>mercede</strong></span> <span class='ocrx_word' id='word_1_370' title='bbox 2353 2374 2694 2441; x_wconf 89' lang='lat' dir='ltr'><strong>tamulatum,</strong></span> <span class='ocrx_word' id='word_1_371' title='bbox 2722 2374 2953 2443; x_wconf 87' lang='lat' dir='ltr'><strong>peritum</strong></span> <span class='ocrx_word' id='word_1_372' title='bbox 2988 2374 3107 2444; x_wconf 87' lang='lat' dir='ltr'><strong>ejus</strong></span> <span class='ocrx_word' id='word_1_373' title='bbox 3135 2376 3312 2446; x_wconf 89' lang='lat' dir='ltr'><strong>gentis</strong></span> <span class='ocrx_word' id='word_1_374' title='bbox 3336 2376 3533 2431; x_wconf 90' lang='lat' dir='ltr'><strong>artium</strong></span> 
     </span>
    </p>
   </div>
   <div class='ocr_carea' id='block_1_53' title="bbox 1930 2467 3535 2539">
    <p class='ocr_par' dir='ltr' id='par_1_53' title="bbox 1930 2467 3535 2539">
     <span class='ocr_line' id='line_1_53' title="bbox 1930 2467 3535 2539; baseline 0.003 -17"><span class='ocrx_word' id='word_1_375' title='bbox 1930 2467 2055 2523; x_wconf 91' lang='lat' dir='ltr'><strong>inde</strong></span> <span class='ocrx_word' id='word_1_376' title='bbox 2100 2483 2420 2531; x_wconf 89' lang='lat' dir='ltr'><strong>reversum.</strong></span> <span class='ocrx_word' id='word_1_377' title='bbox 2453 2470 2648 2539; x_wconf 90' lang='lat' dir='ltr'><strong>quibus</strong></span> <span class='ocrx_word' id='word_1_378' title='bbox 2692 2470 2879 2535; x_wconf 87' lang='lat' dir='ltr'><strong>fretus,</strong></span> <span class='ocrx_word' id='word_1_379' title='bbox 2936 2484 3032 2538; x_wconf 91' lang='lat' dir='ltr'><strong>pro</strong></span> <span class='ocrx_word' id='word_1_380' title='bbox 3080 2470 3190 2525; x_wconf 90' lang='lat' dir='ltr'><strong>Deo</strong></span> <span class='ocrx_word' id='word_1_381' title='bbox 3241 2485 3302 2525; x_wconf 89' lang='lat' dir='ltr'><strong>se</strong></span> <span class='ocrx_word' id='word_1_382' title='bbox 3347 2469 3535 2527; x_wconf 89' lang='lat' dir='ltr'><strong>haberi</strong></span> 
     </span>
    </p>
   </div>
   <div class='ocr_carea' id='block_1_54' title="bbox 1931 2561 3536 2634">
    <p class='ocr_par' dir='ltr' id='par_1_54' title="bbox 1931 2561 3536 2634">
     <span class='ocr_line' id='line_1_54' title="bbox 1931 2561 3536 2634; baseline 0.002 -18"><span class='ocrx_word' id='word_1_383' title='bbox 1931 2576 2122 2633; x_wconf 90' lang='lat' dir='ltr'><strong>passus</strong></span> <span class='ocrx_word' id='word_1_384' title='bbox 2150 2563 2215 2616; x_wconf 91' lang='lat' dir='ltr'><strong>sit</strong></span> <span class='ocrx_word' id='word_1_385' title='bbox 2257 2582 2276 2615; x_wconf 76' lang='grc' dir='ltr'><strong>ι</strong></span> <span class='ocrx_word' id='word_1_386' title='bbox 2320 2561 2510 2634; x_wconf 64' lang='lat' dir='ltr'><strong>(Ibid,</strong></span> <span class='ocrx_word' id='word_1_387' title='bbox 2537 2582 2591 2633; x_wconf 86' lang='lat' dir='ltr'><strong>p.</strong></span> <span class='ocrx_word' id='word_1_388' title='bbox 2625 2562 2743 2633; x_wconf 77' lang='lat'><strong>50).</strong></span> <span class='ocrx_word' id='word_1_389' title='bbox 2777 2562 2983 2617; x_wconf 89' lang='lat' dir='ltr'><strong>Dehinc</strong></span> <span class='ocrx_word' id='word_1_390' title='bbox 3022 2562 3175 2633; x_wconf 85' lang='lat' dir='ltr'><strong>fingit</strong></span> <span class='ocrx_word' id='word_1_391' title='bbox 3227 2563 3425 2632; x_wconf 87' lang='lat' dir='ltr'><strong>impius</strong></span> <span class='ocrx_word' id='word_1_392' title='bbox 3452 2565 3536 2620; x_wconf 86' lang='lat' dir='ltr'><strong>vir</strong></span> 
     </span>
    </p>
   </div>
   <div class='ocr_carea' id='block_1_55' title="bbox 1930 2655 3535 2727">
    <p class='ocr_par' dir='ltr' id='par_1_55' title="bbox 1930 2655 3535 2727">
     <span class='ocr_line' id='line_1_55' title="bbox 1930 2655 3535 2727; baseline 0.004 -18"><span class='ocrx_word' id='word_1_393' title='bbox 1930 2668 1990 2710; x_wconf 86' lang='lat' dir='ltr'><strong>se</strong></span> <span class='ocrx_word' id='word_1_394' title='bbox 2034 2656 2261 2711; x_wconf 87' lang='lat' dir='ltr'><strong>credere</strong></span> <span class='ocrx_word' id='word_1_395' title='bbox 2309 2672 2496 2711; x_wconf 83' lang='lat' dir='ltr'><strong>revera</strong></span> <span class='ocrx_word' id='word_1_396' title='bbox 2531 2656 2669 2711; x_wconf 87' lang='lat' dir='ltr'><strong>facta</strong></span> <span class='ocrx_word' id='word_1_397' title='bbox 2717 2655 2883 2710; x_wconf 87' lang='lat' dir='ltr'><strong>fuisse</strong></span> <span class='ocrx_word' id='word_1_398' title='bbox 2913 2672 2939 2707; x_wconf 91' lang='lat' dir='ltr'><strong>a</strong></span> <span class='ocrx_word' id='word_1_399' title='bbox 2970 2655 3212 2722; x_wconf 76' lang='lat' dir='ltr'><strong>Christo,</strong></span> <span class='ocrx_word' id='word_1_400' title='bbox 3242 2674 3362 2727; x_wconf 67' lang='lat' dir='ltr'><strong>quae</strong></span> <span class='ocrx_word' id='word_1_401' title='bbox 3387 2658 3535 2716; x_wconf 83' lang='lat' dir='ltr'><strong>dice-</strong></span> 
     </span>
    </p>
   </div>
   <div class='ocr_carea' id='block_1_56' title="bbox 1928 2748 3534 2831">
    <p class='ocr_par' dir='ltr' id='par_1_56' title="bbox 1928 2748 3534 2831">
     <span class='ocr_line' id='line_1_56' title="bbox 1928 2748 3534 2831; baseline 0.006 -29"><span class='ocrx_word' id='word_1_402' title='bbox 1928 2748 2151 2815; x_wconf 87' lang='lat' dir='ltr'><strong>bantur,</strong></span> <span class='ocrx_word' id='word_1_403' title='bbox 2186 2752 2469 2814; x_wconf 88' lang='lat' dir='ltr'><strong>miracula,</strong></span> <span class='ocrx_word' id='word_1_404' title='bbox 2502 2750 2595 2805; x_wconf 90' lang='lat' dir='ltr'><strong>sed</strong></span> <span class='ocrx_word' id='word_1_405' title='bbox 2638 2749 2755 2804; x_wconf 60' lang='lat' dir='ltr'><strong>base</strong></span> <span class='ocrx_word' id='word_1_406' title='bbox 2782 2750 3091 2805; x_wconf 88' lang='lat' dir='ltr'><strong>communia</strong></span> <span class='ocrx_word' id='word_1_407' title='bbox 3150 2748 3282 2806; x_wconf 88' lang='lat' dir='ltr'><strong>facit</strong></span> <span class='ocrx_word' id='word_1_408' title='bbox 3305 2755 3436 2831; x_wconf 80' lang='grc' dir='ltr'><strong>πρὸς</strong></span> <span class='ocrx_word' id='word_1_409' title='bbox 3464 2758 3534 2811; x_wconf 75' lang='grc' dir='ltr'><strong>τὰ</strong></span> 
     </span>
    </p>
   </div>
   <div class='ocr_carea' id='block_1_57' title="bbox 1928 2844 3533 2922">
    <p class='ocr_par' dir='ltr' id='par_1_57' title="bbox 1928 2844 3533 2922">
     <span class='ocr_line' id='line_1_57' title="bbox 1928 2844 3533 2922; baseline 0.002 -23"><span class='ocrx_word' id='word_1_410' title='bbox 1928 2844 2054 2921; x_wconf 73' lang='grc' dir='ltr'><strong>ἔργα</strong></span> <span class='ocrx_word' id='word_1_411' title='bbox 2082 2855 2180 2902; x_wconf 85' lang='grc' dir='ltr'><strong>τῶν</strong></span> <span class='ocrx_word' id='word_1_412' title='bbox 2236 2854 2451 2920; x_wconf 60' lang='grc' dir='ltr'><strong>νοητῶν,</strong></span> <span class='ocrx_word' id='word_1_413' title='bbox 2505 2849 2573 2907; x_wconf 81' lang='grc' dir='ltr'><strong>ὡς</strong></span> <span class='ocrx_word' id='word_1_414' title='bbox 2630 2846 3062 2917; x_wconf 73' lang='grc' dir='ltr'><strong>ὑπισχνουμένων</strong></span> <span class='ocrx_word' id='word_1_415' title='bbox 3111 2849 3533 2922; x_wconf 76' lang='grc' dir='ltr'><strong>θαυμασιώτερα,</strong></span> 
     </span>
    </p>
   </div>
   <div class='ocr_carea' id='block_1_58' title="bbox 1926 2940 3532 3016">
    <p class='ocr_par' dir='ltr' id='par_1_58' title="bbox 1926 2940 3532 3016">
     <span class='ocr_line' id='line_1_58' title="bbox 1926 2940 3532 3016; baseline 0.003 -25"><span class='ocrx_word' id='word_1_416' title='bbox 1926 2942 2010 2992; x_wconf 81' lang='grc' dir='ltr'><strong>καὶ</strong></span> <span class='ocrx_word' id='word_1_417' title='bbox 2040 2943 2171 3016; x_wconf 80' lang='grc' dir='ltr'><strong>πρὸς</strong></span> <span class='ocrx_word' id='word_1_418' title='bbox 2196 2945 2261 2997; x_wconf 78' lang='grc' dir='ltr'><strong>τά</strong></span> <span class='ocrx_word' id='word_1_419' title='bbox 2303 2940 2405 2995; x_wconf 70' lang='grc' dir='ltr'><strong>ὑπὸ</strong></span> <span class='ocrx_word' id='word_1_420' title='bbox 2442 2948 2542 2995; x_wconf 83' lang='grc' dir='ltr'><strong>τῶν</strong></span> <span class='ocrx_word' id='word_1_421' title='bbox 2572 2942 2831 3011; x_wconf 79' lang='grc' dir='ltr'><strong>μαθόντων</strong></span> <span class='ocrx_word' id='word_1_422' title='bbox 2872 2940 2975 2994; x_wconf 78' lang='grc' dir='ltr'><strong>ὑπὸ</strong></span> <span class='ocrx_word' id='word_1_423' title='bbox 3004 2944 3293 3014; x_wconf 70' lang='grc' dir='ltr'><strong>Λὶσγυπτίων</strong></span> <span class='ocrx_word' id='word_1_424' title='bbox 3332 2942 3474 2997; x_wconf 63' lang='grc' dir='ltr'><strong>ἄπιτε</strong></span> <span class='ocrx_word' id='word_1_425' title='bbox 3506 2942 3532 2996; x_wconf 76' lang='grc' dir='ltr'>ὁ</span> 
     </span>
    </p>
   </div>
   <div class='ocr_carea' id='block_1_59' title="bbox 1925 3031 3532 3109">
    <p class='ocr_par' dir='ltr' id='par_1_59' title="bbox 1925 3031 3532 3109">
     <span class='ocr_line' id='line_1_59' title="bbox 1925 3031 3532 3109; baseline 0.002 -25"><span class='ocrx_word' id='word_1_426' title='bbox 1925 3031 2145 3104; x_wconf 70' lang='grc' dir='ltr'><strong>λούμενα</strong></span> <span class='ocrx_word' id='word_1_427' title='bbox 2175 3035 2225 3085; x_wconf 80' lang='grc' dir='ltr'><strong>ἐν</strong></span> <span class='ocrx_word' id='word_1_428' title='bbox 2254 3034 2440 3104; x_wconf 77' lang='grc' dir='ltr'><strong>μέσαις</strong></span> <span class='ocrx_word' id='word_1_429' title='bbox 2470 3035 2702 3109; x_wconf 77' lang='grc' dir='ltr'><strong>ἀγοραῖς.</strong></span> <span class='ocrx_word' id='word_1_430' title='bbox 2736 3031 2870 3086; x_wconf 85' lang='lat' dir='ltr'><strong>Ctlnt</strong></span> <span class='ocrx_word' id='word_1_431' title='bbox 2923 3033 3377 3100; x_wconf 69' lang='lat' dir='ltr'><strong>praestigiatorum</strong></span> <span class='ocrx_word' id='word_1_432' title='bbox 3401 3047 3532 3102; x_wconf 90' lang='lat' dir='ltr'><strong>ope-</strong></span> 
     </span>
    </p>
   </div>
   <div class='ocr_carea' id='block_1_60' title="bbox 1925 3127 3528 3197">
    <p class='ocr_par' dir='ltr' id='par_1_60' title="bbox 1925 3127 3528 3197">
     <span class='ocr_line' id='line_1_60' title="bbox 1925 3127 3528 3197; baseline 0.002 -18"><span class='ocrx_word' id='word_1_433' title='bbox 1925 3128 2093 3189; x_wconf 87' lang='lat' dir='ltr'><strong>ribus,</strong></span> <span class='ocrx_word' id='word_1_434' title='bbox 2128 3128 2219 3195; x_wconf 90' lang='lat' dir='ltr'><strong>qui</strong></span> <span class='ocrx_word' id='word_1_435' title='bbox 2270 3128 2599 3181; x_wconf 86' lang='lat' dir='ltr'><strong>mirabiliora</strong></span> <span class='ocrx_word' id='word_1_436' title='bbox 2643 3127 2990 3197; x_wconf 86' lang='lat' dir='ltr'><strong>pollicentur,</strong></span> <span class='ocrx_word' id='word_1_437' title='bbox 3023 3136 3077 3182; x_wconf 90' lang='lat' dir='ltr'><strong>et</strong></span> <span class='ocrx_word' id='word_1_438' title='bbox 3114 3142 3239 3181; x_wconf 88' lang='lat' dir='ltr'><strong>cum</strong></span> <span class='ocrx_word' id='word_1_439' title='bbox 3285 3129 3528 3183; x_wconf 86' lang='lat' dir='ltr'><strong>circula-</strong></span> 
     </span>
    </p>
   </div>
   <div class='ocr_carea' id='block_1_61' title="bbox 1924 3218 3531 3295">
    <p class='ocr_par' dir='ltr' id='par_1_61' title="bbox 1924 3218 3531 3295">
     <span class='ocr_line' id='line_1_61' title="bbox 1924 3218 3531 3295; baseline 0.006 -25"><span class='ocrx_word' id='word_1_440' title='bbox 1924 3225 2103 3272; x_wconf 92' lang='lat' dir='ltr'><strong>torum</strong></span> <span class='ocrx_word' id='word_1_441' title='bbox 2130 3218 2287 3273; x_wconf 82' lang='lat' dir='ltr'><strong>factis</strong></span> <span class='ocrx_word' id='word_1_442' title='bbox 2314 3223 2365 3275; x_wconf 92' lang='lat' dir='ltr'><strong>in</strong></span> <span class='ocrx_word' id='word_1_443' title='bbox 2395 3220 2573 3275; x_wconf 88' lang='lat' dir='ltr'><strong>medio</strong></span> <span class='ocrx_word' id='word_1_444' title='bbox 2596 3219 2714 3274; x_wconf 88' lang='lat' dir='ltr'><strong>foro</strong></span> <span class='ocrx_word' id='word_1_445' title='bbox 2744 3221 3023 3291; x_wconf 55' lang='lat' dir='ltr'><strong>praestitis,</strong></span> <span class='ocrx_word' id='word_1_446' title='bbox 3048 3222 3139 3292; x_wconf 90' lang='lat' dir='ltr'><strong>qui</strong></span> <span class='ocrx_word' id='word_1_447' title='bbox 3165 3221 3235 3277; x_wconf 89' lang='lat' dir='ltr'><strong>ab</strong></span> <span class='ocrx_word' id='word_1_448' title='bbox 3255 3220 3531 3295; x_wconf 66' lang='lat' dir='ltr'><strong>Egyptiis</strong></span> 
     </span>
    </p>
   </div>
   <div class='ocr_carea' id='block_1_62' title="bbox 217 3311 2771 3386">
    <p class='ocr_par' dir='ltr' id='par_1_62' title="bbox 217 3311 2771 3386">
     <span class='ocr_line' id='line_1_62' title="bbox 217 3311 2771 3386; baseline 0 -19"><span class='ocrx_word' id='word_1_449' title='bbox 217 3323 482 3369; x_wconf 85' lang='lat' dir='ltr'><strong>mentatts</strong></span> <span class='ocrx_word' id='word_1_450' title='bbox 528 3315 827 3385; x_wconf 83' lang='lat' dir='ltr'><strong>scriptores</strong></span> <span class='ocrx_word' id='word_1_451' title='bbox 875 3314 1043 3368; x_wconf 86' lang='lat' dir='ltr'><strong>nostri</strong></span> <span class='ocrx_word' id='word_1_452' title='bbox 1091 3327 1212 3367; x_wconf 90' lang='lat' dir='ltr'><strong>esse</strong></span> <span class='ocrx_word' id='word_1_453' title='bbox 1264 3326 1371 3365; x_wconf 91' lang='lat' dir='ltr'><strong>non</strong></span> <span class='ocrx_word' id='word_1_454' title='bbox 1401 3320 1712 3381; x_wconf 89' lang='lat' dir='ltr'><strong>potuerunt,</strong></span> <span class='ocrx_word' id='word_1_455' title='bbox 1763 3320 1819 3365; x_wconf 93' lang='lat' dir='ltr'><strong>ut</strong></span> <span class='ocrx_word' id='word_1_456' title='bbox 1848 3316 1892 3377; x_wconf 69' lang='grc' dir='ltr'><strong>ί]</strong></span> <span class='ocrx_word' id='word_1_457' title='bbox 1924 3324 1985 3365; x_wconf 85' lang='lat' dir='ltr'><strong>ea</strong></span> <span class='ocrx_word' id='word_1_458' title='bbox 2019 3311 2325 3367; x_wconf 91' lang='lat' dir='ltr'><strong>didicerunt</strong></span> <span class='ocrx_word' id='word_1_459' title='bbox 2352 3312 2535 3379; x_wconf 83' lang='lat' dir='ltr'><strong>(lbid.,</strong></span> <span class='ocrx_word' id='word_1_460' title='bbox 2570 3333 2621 3385; x_wconf 71' lang='grc' dir='ltr'><strong>ρ..</strong></span> <span class='ocrx_word' id='word_1_461' title='bbox 2655 3314 2771 3386; x_wconf 81' lang='lat'><strong>53).</strong></span> 
     </span>
    </p>
   </div>
   <div class='ocr_carea' id='block_1_63' title="bbox 216 3405 1817 3474">
    <p class='ocr_par' dir='ltr' id='par_1_63' title="bbox 216 3405 1817 3474">
     <span class='ocr_line' id='line_1_63' title="bbox 216 3405 1817 3474; baseline 0 -14"><span class='ocrx_word' id='word_1_462' title='bbox 216 3408 453 3462; x_wconf 78' lang='lat' dir='ltr'><strong>recentia</strong></span> <span class='ocrx_word' id='word_1_463' title='bbox 509 3406 793 3472; x_wconf 87' lang='lat' dir='ltr'><strong>miracula,</strong></span> <span class='ocrx_word' id='word_1_464' title='bbox 846 3414 901 3460; x_wconf 92' lang='lat' dir='ltr'><strong>et</strong></span> <span class='ocrx_word' id='word_1_465' title='bbox 950 3405 1214 3460; x_wconf 87' lang='lat' dir='ltr'><strong>hactenus</strong></span> <span class='ocrx_word' id='word_1_466' title='bbox 1245 3405 1501 3467; x_wconf 80' lang='lat' dir='ltr'><strong>inaudita,</strong></span> <span class='ocrx_word' id='word_1_467' title='bbox 1544 3413 1817 3474; x_wconf 88' lang='lat' dir='ltr'><strong>tamquam</strong></span> 
     </span>
    </p>
   </div>
   <div class='ocr_carea' id='block_1_64' title="bbox 215 3497 1818 3570">
    <p class='ocr_par' dir='ltr' id='par_1_64' title="bbox 215 3497 1818 3570">
     <span class='ocr_line' id='line_1_64' title="bbox 215 3497 1818 3570; baseline 0.001 -20"><span class='ocrx_word' id='word_1_468' title='bbox 215 3500 501 3556; x_wconf 80' lang='lat' dir='ltr'><strong>verissima</strong></span> <span class='ocrx_word' id='word_1_469' title='bbox 542 3498 901 3570; x_wconf 80' lang='lat' dir='ltr'><strong>pra-dicarem</strong></span> <span class='ocrx_word' id='word_1_470' title='bbox 929 3542 943 3564; x_wconf 93' lang='lat'><strong>,</strong></span> <span class='ocrx_word' id='word_1_471' title='bbox 974 3514 1202 3569; x_wconf 90' lang='lat' dir='ltr'><strong>quorum</strong></span> <span class='ocrx_word' id='word_1_472' title='bbox 1251 3498 1535 3553; x_wconf 85' lang='lat' dir='ltr'><strong>falsitatem</strong></span> <span class='ocrx_word' id='word_1_473' title='bbox 1574 3512 1639 3552; x_wconf 89' lang='lat' dir='ltr'><strong>eo</strong></span> <span class='ocrx_word' id='word_1_474' title='bbox 1660 3497 1818 3552; x_wconf 91' lang='lat' dir='ltr'><strong>citius</strong></span> 
     </span>
    </p>
   </div>
   <div class='ocr_carea' id='block_1_65' title="bbox 214 3591 1813 3665">
    <p class='ocr_par' dir='ltr' id='par_1_65' title="bbox 214 3591 1813 3665">
     <span class='ocr_line' id='line_1_65' title="bbox 214 3591 1813 3665; baseline -0.003 -17"><span class='ocrx_word' id='word_1_475' title='bbox 214 3596 435 3664; x_wconf 74' lang='lat' dir='ltr'><strong>gentiles</strong></span> <span class='ocrx_word' id='word_1_476' title='bbox 485 3595 890 3665; x_wconf 85' lang='lat' dir='ltr'><strong>cognovissent.</strong></span> <span class='ocrx_word' id='word_1_477' title='bbox 923 3610 1031 3663; x_wconf 92' lang='lat' dir='ltr'><strong>quo</strong></span> <span class='ocrx_word' id='word_1_478' title='bbox 1075 3595 1247 3663; x_wconf 87' lang='lat' dir='ltr'><strong>magis</strong></span> <span class='ocrx_word' id='word_1_479' title='bbox 1295 3610 1400 3646; x_wconf 92' lang='lat' dir='ltr'><strong>non</strong></span> <span class='ocrx_word' id='word_1_480' title='bbox 1449 3591 1624 3645; x_wconf 89' lang='lat' dir='ltr'><strong>solum</strong></span> <span class='ocrx_word' id='word_1_481' title='bbox 1653 3607 1813 3657; x_wconf 85' lang='lat' dir='ltr'><strong>nova,</strong></span> 
     </span>
    </p>
   </div>
   <div class='ocr_carea' id='block_1_66' title="bbox 214 3683 1817 3757">
    <p class='ocr_par' dir='ltr' id='par_1_66' title="bbox 214 3683 1817 3757">
     <span class='ocr_line' id='line_1_66' title="bbox 214 3683 1817 3757; baseline 0.001 -19"><span class='ocrx_word' id='word_1_482' title='bbox 214 3684 542 3757; x_wconf 87' lang='lat' dir='ltr'><strong>insuetaque</strong></span> <span class='ocrx_word' id='word_1_483' title='bbox 588 3696 763 3749; x_wconf 90' lang='lat' dir='ltr'><strong>erant,</strong></span> <span class='ocrx_word' id='word_1_484' title='bbox 796 3685 890 3741; x_wconf 89' lang='lat' dir='ltr'><strong>sed</strong></span> <span class='ocrx_word' id='word_1_485' title='bbox 924 3684 988 3739; x_wconf 91' lang='lat' dir='ltr'><strong>iis</strong></span> <span class='ocrx_word' id='word_1_486' title='bbox 1029 3686 1192 3740; x_wconf 90' lang='lat' dir='ltr'><strong>etiam</strong></span> <span class='ocrx_word' id='word_1_487' title='bbox 1233 3683 1362 3739; x_wconf 88' lang='lat' dir='ltr'><strong>falsa</strong></span> <span class='ocrx_word' id='word_1_488' title='bbox 1386 3684 1600 3738; x_wconf 89' lang='lat' dir='ltr'><strong>illorum</strong></span> <span class='ocrx_word' id='word_1_489' title='bbox 1630 3684 1817 3755; x_wconf 81' lang='lat' dir='ltr'><strong>religio</strong></span> 
     </span>
    </p>
   </div>
   <div class='ocr_carea' id='block_1_67' title="bbox 216 3778 1813 3844">
    <p class='ocr_par' dir='ltr' id='par_1_67' title="bbox 216 3778 1813 3844">
     <span class='ocr_line' id='line_1_67' title="bbox 216 3778 1813 3844; baseline 0.003 -14"><span class='ocrx_word' id='word_1_490' title='bbox 216 3778 452 3835; x_wconf 83' lang='lat' dir='ltr'><strong>funditus</strong></span> <span class='ocrx_word' id='word_1_491' title='bbox 483 3779 838 3835; x_wconf 88' lang='lat' dir='ltr'><strong>evertebatur</strong></span> <span class='ocrx_word' id='word_1_492' title='bbox 887 3778 1041 3834; x_wconf 90' lang='lat' dir='ltr'><strong>Tunc</strong></span> <span class='ocrx_word' id='word_1_493' title='bbox 1078 3789 1257 3833; x_wconf 90' lang='lat' dir='ltr'><strong>tamen</strong></span> <span class='ocrx_word' id='word_1_494' title='bbox 1290 3795 1353 3835; x_wconf 91' lang='lat' dir='ltr'><strong>ea</strong></span> <span class='ocrx_word' id='word_1_495' title='bbox 1384 3788 1525 3844; x_wconf 88' lang='lat' dir='ltr'><strong>acta,</strong></span> <span class='ocrx_word' id='word_1_496' title='bbox 1554 3790 1645 3833; x_wconf 90' lang='lat' dir='ltr'><strong>aut</strong></span> <span class='ocrx_word' id='word_1_497' title='bbox 1673 3780 1813 3835; x_wconf 89' lang='lat' dir='ltr'><strong>scri-</strong></span> 
     </span>
    </p>
   </div>
   <div class='ocr_carea' id='block_1_68' title="bbox 215 3872 1815 3945">
    <p class='ocr_par' dir='ltr' id='par_1_68' title="bbox 215 3872 1815 3945">
     <span class='ocr_line' id='line_1_68' title="bbox 215 3872 1815 3945; baseline 0.001 -17"><span class='ocrx_word' id='word_1_498' title='bbox 215 3884 297 3943; x_wconf 83' lang='lat' dir='ltr'><strong>pta</strong></span> <span class='ocrx_word' id='word_1_499' title='bbox 340 3890 472 3931; x_wconf 86' lang='lat' dir='ltr'><strong>cum</strong></span> <span class='ocrx_word' id='word_1_500' title='bbox 525 3874 758 3945; x_wconf 89' lang='lat' dir='ltr'><strong>primum</strong></span> <span class='ocrx_word' id='word_1_501' title='bbox 814 3872 1085 3938; x_wconf 83' lang='lat' dir='ltr'><strong>viderunt,</strong></span> <span class='ocrx_word' id='word_1_502' title='bbox 1117 3872 1404 3943; x_wconf 86' lang='lat' dir='ltr'><strong>quantavis</strong></span> <span class='ocrx_word' id='word_1_503' title='bbox 1455 3872 1815 3929; x_wconf 88' lang='lat' dir='ltr'><strong>admiratione</strong></span> 
     </span>
    </p>
   </div>
   <div class='ocr_carea' id='block_1_69' title="bbox 216 3968 1813 4041">
    <p class='ocr_par' dir='ltr' id='par_1_69' title="bbox 216 3968 1813 4041">
     <span class='ocr_line' id='line_1_69' title="bbox 216 3968 1813 4041; baseline 0 -18"><span class='ocrx_word' id='word_1_504' title='bbox 216 3968 603 4041; x_wconf 82' lang='lat' dir='ltr'><strong>obstupefacti,</strong></span> <span class='ocrx_word' id='word_1_505' title='bbox 656 3968 790 4023; x_wconf 88' lang='lat' dir='ltr'><strong>nihil</strong></span> <span class='ocrx_word' id='word_1_506' title='bbox 838 3978 1049 4035; x_wconf 88' lang='lat' dir='ltr'><strong>contra,</strong></span> <span class='ocrx_word' id='word_1_507' title='bbox 1103 3969 1203 4023; x_wconf 92' lang='lat' dir='ltr'><strong>nisi</strong></span> <span class='ocrx_word' id='word_1_508' title='bbox 1254 3968 1395 4023; x_wconf 90' lang='lat' dir='ltr'><strong>forte</strong></span> <span class='ocrx_word' id='word_1_509' title='bbox 1424 3978 1665 4023; x_wconf 85' lang='lat' dir='ltr'><strong>amentes</strong></span> <span class='ocrx_word' id='word_1_510' title='bbox 1691 3970 1813 4040; x_wconf 88' lang='lat' dir='ltr'><strong>qui-</strong></span> 
     </span>
    </p>
   </div>
   <div class='ocr_carea' id='block_1_70' title="bbox 212 4064 877 4121">
    <p class='ocr_par' dir='ltr' id='par_1_70' title="bbox 212 4064 877 4121">
     <span class='ocr_line' id='line_1_70' title="bbox 212 4064 877 4121; baseline 0 -3"><span class='ocrx_word' id='word_1_511' title='bbox 212 4064 325 4120; x_wconf 82' lang='lat' dir='ltr'><strong>dam</strong></span> <span class='ocrx_word' id='word_1_512' title='bbox 351 4064 705 4121; x_wconf 87' lang='lat' dir='ltr'><strong>mutire&#39;ausi</strong></span> <span class='ocrx_word' id='word_1_513' title='bbox 733 4072 877 4119; x_wconf 91' lang='lat' dir='ltr'><strong>sunt.</strong></span> 
     </span>
    </p>
   </div>
   <div class='ocr_carea' id='block_1_71' title="bbox 276 4158 1813 4229">
    <p class='ocr_par' dir='ltr' id='par_1_71' title="bbox 276 4158 1813 4229">
     <span class='ocr_line' id='line_1_71' title="bbox 276 4158 1813 4229; baseline 0.002 -14"><span class='ocrx_word' id='word_1_514' title='bbox 276 4159 568 4229; x_wconf 79' lang='lat' dir='ltr'><strong>Urgebant</strong></span> <span class='ocrx_word' id='word_1_515' title='bbox 610 4158 787 4214; x_wconf 89' lang='lat' dir='ltr'><strong>adhuc</strong></span> <span class='ocrx_word' id='word_1_516' title='bbox 840 4160 1039 4215; x_wconf 84' lang='lat' dir='ltr'><strong>ethnici</strong></span> <span class='ocrx_word' id='word_1_517' title='bbox 1071 4159 1271 4229; x_wconf 87' lang='lat' dir='ltr'><strong>scripta</strong></span> <span class='ocrx_word' id='word_1_518' title='bbox 1301 4160 1719 4217; x_wconf 87' lang='lat' dir='ltr'><strong>christianorum</strong></span> <span class='ocrx_word' id='word_1_519' title='bbox 1745 4164 1813 4219; x_wconf 88' lang='lat' dir='ltr'><strong>ab</strong></span> 
     </span>
    </p>
   </div>
   <div class='ocr_carea' id='block_1_72' title="bbox 210 4251 1813 4324">
    <p class='ocr_par' dir='ltr' id='par_1_72' title="bbox 210 4251 1813 4324">
     <span class='ocr_line' id='line_1_72' title="bbox 210 4251 1813 4324; baseline 0.004 -19"><span class='ocrx_word' id='word_1_520' title='bbox 210 4251 442 4309; x_wconf 89' lang='lat' dir='ltr'><strong>indoctis</strong></span> <span class='ocrx_word' id='word_1_521' title='bbox 496 4262 551 4308; x_wconf 89' lang='lat' dir='ltr'><strong>et</strong></span> <span class='ocrx_word' id='word_1_522' title='bbox 596 4253 861 4324; x_wconf 87' lang='lat' dir='ltr'><strong>imperitis</strong></span> <span class='ocrx_word' id='word_1_523' title='bbox 913 4253 1223 4308; x_wconf 90' lang='lat' dir='ltr'><strong>hominibus</strong></span> <span class='ocrx_word' id='word_1_524' title='bbox 1272 4253 1512 4323; x_wconf 89' lang='lat' dir='ltr'><strong>profecta</strong></span> <span class='ocrx_word' id='word_1_525' title='bbox 1568 4254 1813 4311; x_wconf 59' lang='lat' dir='ltr'><strong>soloecisv~</strong></span> 
     </span>
    </p>
   </div>
   <div class='ocr_carea' id='block_1_73' title="bbox 210 4346 1811 4419">
    <p class='ocr_par' dir='ltr' id='par_1_73' title="bbox 210 4346 1811 4419">
     <span class='ocr_line' id='line_1_73' title="bbox 210 4346 1811 4419; baseline 0.003 -19"><span class='ocrx_word' id='word_1_526' title='bbox 210 4348 305 4401; x_wconf 88' lang='lat' dir='ltr'><strong>mis</strong></span> <span class='ocrx_word' id='word_1_527' title='bbox 334 4358 574 4411; x_wconf 90' lang='lat' dir='ltr'><strong>scatere,</strong></span> <span class='ocrx_word' id='word_1_528' title='bbox 601 4362 663 4401; x_wconf 91' lang='lat' dir='ltr'><strong>ac</strong></span> <span class='ocrx_word' id='word_1_529' title='bbox 690 4348 882 4401; x_wconf 83' lang='lat' dir='ltr'><strong>vitiosa</strong></span> <span class='ocrx_word' id='word_1_530' title='bbox 908 4346 1183 4402; x_wconf 87' lang='lat' dir='ltr'><strong>locutione</strong></span> <span class='ocrx_word' id='word_1_531' title='bbox 1214 4346 1401 4402; x_wconf 77' lang='lat' dir='ltr'><strong>fcedari</strong></span> <span class='ocrx_word' id='word_1_532' title='bbox 1436 4346 1626 4418; x_wconf 86' lang='lat' dir='ltr'><strong>(Idem,</strong></span> <span class='ocrx_word' id='word_1_533' title='bbox 1664 4367 1716 4419; x_wconf 83' lang='lat' dir='ltr'><strong>p.</strong></span> <span class='ocrx_word' id='word_1_534' title='bbox 1743 4350 1811 4405; x_wconf 71' lang='grc'><strong>54</strong></span> 
     </span>
    </p>
   </div>
   <div class='ocr_carea' id='block_1_74' title="bbox 213 4440 1809 4512">
    <p class='ocr_par' dir='ltr' id='par_1_74' title="bbox 213 4440 1809 4512">
     <span class='ocr_line' id='line_1_74' title="bbox 213 4440 1809 4512; baseline 0.003 -19"><span class='ocrx_word' id='word_1_535' title='bbox 213 4450 257 4493; x_wconf 81' lang='lat' dir='ltr'><strong>et</strong></span> <span class='ocrx_word' id='word_1_536' title='bbox 285 4441 480 4512; x_wconf 60' lang='grc' dir='ltr'><strong>καφ).</strong></span> <span class='ocrx_word' id='word_1_537' title='bbox 512 4440 631 4495; x_wconf 85' lang='lat' dir='ltr'><strong>Non</strong></span> <span class='ocrx_word' id='word_1_538' title='bbox 666 4442 820 4496; x_wconf 88' lang='lat' dir='ltr'><strong>facile</strong></span> <span class='ocrx_word' id='word_1_539' title='bbox 850 4442 1010 4512; x_wconf 88' lang='lat' dir='ltr'><strong>igitur</strong></span> <span class='ocrx_word' id='word_1_540' title='bbox 1040 4440 1203 4495; x_wconf 79' lang='lat' dir='ltr'><strong>ﬁdem</strong></span> <span class='ocrx_word' id='word_1_541' title='bbox 1228 4442 1294 4495; x_wconf 91' lang='lat' dir='ltr'><strong>iis</strong></span> <span class='ocrx_word' id='word_1_542' title='bbox 1332 4441 1653 4497; x_wconf 90' lang='lat' dir='ltr'><strong>habendam.</strong></span> <span class='ocrx_word' id='word_1_543' title='bbox 1673 4442 1809 4511; x_wconf 85' lang='lat' dir='ltr'><strong>Quid</strong></span> 
     </span>
    </p>
   </div>
   <div class='ocr_carea' id='block_1_75' title="bbox 211 4534 1807 4604">
    <p class='ocr_par' dir='ltr' id='par_1_75' title="bbox 211 4534 1807 4604">
     <span class='ocr_line' id='line_1_75' title="bbox 211 4534 1807 4604; baseline 0.002 -18"><span class='ocrx_word' id='word_1_544' title='bbox 211 4547 370 4603; x_wconf 88' lang='lat' dir='ltr'><strong>ergo,</strong></span> <span class='ocrx_word' id='word_1_545' title='bbox 408 4534 486 4587; x_wconf 88' lang='lat' dir='ltr'><strong>ait</strong></span> <span class='ocrx_word' id='word_1_546' title='bbox 519 4534 834 4587; x_wconf 82' lang='lat' dir='ltr'><strong>Arnobius?</strong></span> <span class='ocrx_word' id='word_1_547' title='bbox 868 4534 1121 4603; x_wconf 89' lang='lat' dir='ltr'><strong>numquid</strong></span> <span class='ocrx_word' id='word_1_548' title='bbox 1156 4534 1356 4587; x_wconf 90' lang='lat' dir='ltr'><strong>veritas</strong></span> <span class='ocrx_word' id='word_1_549' title='bbox 1407 4535 1647 4604; x_wconf 86' lang='lat' dir='ltr'><strong>quolibet</strong></span> <span class='ocrx_word' id='word_1_550' title='bbox 1692 4550 1807 4590; x_wconf 89' lang='lat' dir='ltr'><strong>ser-</strong></span> 
     </span>
    </p>
   </div>
   <div class='ocr_carea' id='block_1_76' title="bbox 213 4628 1808 4698">
    <p class='ocr_par' dir='ltr' id='par_1_76' title="bbox 213 4628 1808 4698">
     <span class='ocr_line' id='line_1_76' title="bbox 213 4628 1808 4698; baseline 0.001 -17"><span class='ocrx_word' id='word_1_551' title='bbox 213 4642 393 4694; x_wconf 87' lang='lat' dir='ltr'><strong>mone,</strong></span> <span class='ocrx_word' id='word_1_552' title='bbox 425 4628 592 4682; x_wconf 89' lang='lat' dir='ltr'><strong>etiam</strong></span> <span class='ocrx_word' id='word_1_553' title='bbox 639 4628 810 4698; x_wconf 87' lang='lat' dir='ltr'><strong>magis</strong></span> <span class='ocrx_word' id='word_1_554' title='bbox 842 4629 1091 4694; x_wconf 89' lang='lat' dir='ltr'><strong>barbaro,</strong></span> <span class='ocrx_word' id='word_1_555' title='bbox 1125 4629 1394 4683; x_wconf 91' lang='lat' dir='ltr'><strong>enuntiari</strong></span> <span class='ocrx_word' id='word_1_556' title='bbox 1443 4643 1548 4683; x_wconf 89' lang='lat' dir='ltr'><strong>non</strong></span> <span class='ocrx_word' id='word_1_557' title='bbox 1584 4632 1808 4698; x_wconf 82' lang='lat' dir='ltr'><strong>potest?</strong></span> 
     </span>
    </p>
   </div>
   <div class='ocr_carea' id='block_1_77' title="bbox 1998 3404 3528 3474">
    <p class='ocr_par' dir='ltr' id='par_1_77' title="bbox 1998 3404 3528 3474">
     <span class='ocr_line' id='line_1_77' title="bbox 1998 3404 3528 3474; baseline 0.007 -16"><span class='ocrx_word' id='word_1_558' title='bbox 1998 3404 2103 3460; x_wconf 92' lang='lat' dir='ltr'><strong>Sed</strong></span> <span class='ocrx_word' id='word_1_559' title='bbox 2133 3406 2644 3474; x_wconf 77' lang='lat' dir='ltr'><strong>impudentissimam</strong></span> <span class='ocrx_word' id='word_1_560' title='bbox 2674 3409 2998 3463; x_wconf 85' lang='lat' dir='ltr'><strong>calumniam</strong></span> <span class='ocrx_word' id='word_1_561' title='bbox 3029 3419 3134 3464; x_wconf 90' lang='lat' dir='ltr'><strong>tam</strong></span> <span class='ocrx_word' id='word_1_562' title='bbox 3170 3410 3328 3468; x_wconf 87' lang='lat' dir='ltr'><strong>facile</strong></span> <span class='ocrx_word' id='word_1_563' title='bbox 3349 3413 3528 3470; x_wconf 87' lang='lat' dir='ltr'><strong>Arno-</strong></span> 
     </span>
    </p>
   </div>
   <div class='ocr_carea' id='block_1_78' title="bbox 1922 3498 3526 3575">
    <p class='ocr_par' dir='ltr' id='par_1_78' title="bbox 1922 3498 3526 3575">
     <span class='ocr_line' id='line_1_78' title="bbox 1922 3498 3526 3575; baseline 0.005 -22"><span class='ocrx_word' id='word_1_564' title='bbox 1922 3498 2071 3566; x_wconf 88' lang='lat' dir='ltr'><strong>bius,</strong></span> <span class='ocrx_word' id='word_1_565' title='bbox 2120 3516 2279 3569; x_wconf 85' lang='lat' dir='ltr'><strong>quam</strong></span> <span class='ocrx_word' id='word_1_566' title='bbox 2328 3500 2631 3572; x_wconf 82' lang='lat' dir='ltr'><strong>Origenes,</strong></span> <span class='ocrx_word' id='word_1_567' title='bbox 2680 3502 2838 3557; x_wconf 86' lang='lat' dir='ltr'><strong>diluit</strong></span> <span class='ocrx_word' id='word_1_568' title='bbox 2888 3506 3210 3575; x_wconf 87' lang='lat' dir='ltr'><strong>penitusque</strong></span> <span class='ocrx_word' id='word_1_569' title='bbox 3255 3507 3526 3563; x_wconf 79' lang='lat' dir='ltr'><strong>dissolvit.</strong></span> 
     </span>
    </p>
   </div>
   <div class='ocr_carea' id='block_1_79' title="bbox 1922 3594 3530 3672">
    <p class='ocr_par' dir='ltr' id='par_1_79' title="bbox 1922 3594 3530 3672">
     <span class='ocr_line' id='line_1_79' title="bbox 1922 3594 3530 3672; baseline 0.006 -25"><span class='ocrx_word' id='word_1_570' title='bbox 1922 3594 2159 3649; x_wconf 90' lang='lat' dir='ltr'><strong>Primum</strong></span> <span class='ocrx_word' id='word_1_571' title='bbox 2187 3596 2331 3651; x_wconf 89' lang='lat' dir='ltr'><strong>enim</strong></span> <span class='ocrx_word' id='word_1_572' title='bbox 2366 3596 2459 3651; x_wconf 90' lang='lat' dir='ltr'><strong>ille</strong></span> <span class='ocrx_word' id='word_1_573' title='bbox 2489 3599 2783 3666; x_wconf 87' lang='lat' dir='ltr'><strong>respondet</strong></span> <span class='ocrx_word' id='word_1_574' title='bbox 2823 3600 3031 3652; x_wconf 90' lang='lat' dir='ltr'><strong>nullum</strong></span> <span class='ocrx_word' id='word_1_575' title='bbox 3067 3614 3283 3670; x_wconf 85' lang='lat' dir='ltr'><strong>magum</strong></span> <span class='ocrx_word' id='word_1_576' title='bbox 3325 3600 3530 3672; x_wconf 88' lang='lat' dir='ltr'><strong>aliquid</strong></span> 
     </span>
    </p>
   </div>
   <div class='ocr_carea' id='block_1_80' title="bbox 1922 3690 3529 3763">
    <p class='ocr_par' dir='ltr' id='par_1_80' title="bbox 1922 3690 3529 3763">
     <span class='ocr_line' id='line_1_80' title="bbox 1922 3690 3529 3763; baseline 0.005 -22"><span class='ocrx_word' id='word_1_577' title='bbox 1922 3703 2176 3757; x_wconf 87' lang='lat' dir='ltr'><strong>umquam</strong></span> <span class='ocrx_word' id='word_1_578' title='bbox 2220 3690 2301 3744; x_wconf 89' lang='lat' dir='ltr'><strong>vel</strong></span> <span class='ocrx_word' id='word_1_579' title='bbox 2336 3690 2627 3745; x_wconf 88' lang='lat' dir='ltr'><strong>millesima</strong></span> <span class='ocrx_word' id='word_1_580' title='bbox 2676 3700 2833 3761; x_wconf 88' lang='lat' dir='ltr'><strong>parte</strong></span> <span class='ocrx_word' id='word_1_581' title='bbox 2876 3690 3105 3756; x_wconf 85' lang='lat' dir='ltr'><strong>fecisse,</strong></span> <span class='ocrx_word' id='word_1_582' title='bbox 3154 3692 3301 3763; x_wconf 82' lang='lat' dir='ltr'><strong>quod</strong></span> <span class='ocrx_word' id='word_1_583' title='bbox 3326 3692 3529 3750; x_wconf 75' lang='lat' dir='ltr'><strong>Christi</strong></span> 
     </span>
    </p>
   </div>
   <div class='ocr_carea' id='block_1_81' title="bbox 1921 3781 3525 3854">
    <p class='ocr_par' dir='ltr' id='par_1_81' title="bbox 1921 3781 3525 3854">
     <span class='ocr_line' id='line_1_81' title="bbox 1921 3781 3525 3854; baseline 0.004 -19"><span class='ocrx_word' id='word_1_584' title='bbox 1921 3782 2195 3837; x_wconf 87' lang='lat' dir='ltr'><strong>miraculis</strong></span> <span class='ocrx_word' id='word_1_585' title='bbox 2219 3783 2506 3838; x_wconf 90' lang='lat' dir='ltr'><strong>consimile</strong></span> <span class='ocrx_word' id='word_1_586' title='bbox 2535 3784 2625 3838; x_wconf 90' lang='lat' dir='ltr'><strong>sit.</strong></span> <span class='ocrx_word' id='word_1_587' title='bbox 2651 3781 2901 3838; x_wconf 90' lang='lat' dir='ltr'><strong>Christus</strong></span> <span class='ocrx_word' id='word_1_588' title='bbox 2927 3786 3213 3840; x_wconf 88' lang='lat' dir='ltr'><strong>enimvero</strong></span> <span class='ocrx_word' id='word_1_589' title='bbox 3241 3786 3360 3841; x_wconf 88' lang='lat' dir='ltr'><strong>sine</strong></span> <span class='ocrx_word' id='word_1_590' title='bbox 3386 3787 3490 3841; x_wconf 92' lang='lat' dir='ltr'><strong>ulla</strong></span> <span class='ocrx_word' id='word_1_591' title='bbox 3509 3830 3525 3854; x_wconf 91' lang='lat'><strong>,</strong></span> 
     </span>
    </p>
   </div>
   <div class='ocr_carea' id='block_1_82' title="bbox 1920 3872 3530 3947">
    <p class='ocr_par' dir='ltr' id='par_1_82' title="bbox 1920 3872 3530 3947">
     <span class='ocr_line' id='line_1_82' title="bbox 1920 3872 3530 3947; baseline 0.004 -20"><span class='ocrx_word' id='word_1_592' title='bbox 1920 3872 2095 3943; x_wconf 89' lang='lat' dir='ltr'><strong>inquit</strong></span> <span class='ocrx_word' id='word_1_593' title='bbox 2120 3884 2307 3929; x_wconf 91' lang='lat' dir='ltr'><strong>auctor</strong></span> <span class='ocrx_word' id='word_1_594' title='bbox 2339 3884 2522 3929; x_wconf 87' lang='lat' dir='ltr'><strong>noster</strong></span> <span class='ocrx_word' id='word_1_595' title='bbox 2552 3874 2795 3945; x_wconf 83' lang='lat' dir='ltr'><strong>(Arnob.,</strong></span> <span class='ocrx_word' id='word_1_596' title='bbox 2827 3876 2917 3929; x_wconf 79' lang='lat' dir='ltr'><strong>lib.</strong></span> <span class='ocrx_word' id='word_1_597' title='bbox 2942 3891 2981 3941; x_wconf 87' lang='grc' dir='ltr'>ι,</span> <span class='ocrx_word' id='word_1_598' title='bbox 3016 3892 3137 3947; x_wconf 84' lang='lat' dir='ltr'><strong>pag.</strong></span> <span class='ocrx_word' id='word_1_599' title='bbox 3170 3875 3285 3944; x_wconf 76' lang='lat'><strong>9.5).</strong></span> <span class='ocrx_word' id='word_1_600' title='bbox 3338 3878 3388 3932; x_wconf 92' lang='lat' dir='ltr'><strong>vi</strong></span> <span class='ocrx_word' id='word_1_601' title='bbox 3410 3893 3530 3933; x_wconf 87' lang='lat' dir='ltr'><strong>ear-</strong></span> 
     </span>
    </p>
   </div>
   <div class='ocr_carea' id='block_1_83' title="bbox 1920 3967 3527 4039">
    <p class='ocr_par' dir='ltr' id='par_1_83' title="bbox 1920 3967 3527 4039">
     <span class='ocr_line' id='line_1_83' title="bbox 1920 3967 3527 4039; baseline 0.006 -19"><span class='ocrx_word' id='word_1_602' title='bbox 1920 3967 2147 4031; x_wconf 88' lang='lat' dir='ltr'><strong>minutn,</strong></span> <span class='ocrx_word' id='word_1_603' title='bbox 2179 3979 2269 4022; x_wconf 89' lang='lat' dir='ltr'><strong>aut</strong></span> <span class='ocrx_word' id='word_1_604' title='bbox 2300 3967 2590 4023; x_wconf 89' lang='lat' dir='ltr'><strong>herbarum</strong></span> <span class='ocrx_word' id='word_1_605' title='bbox 2619 3977 2676 4022; x_wconf 88' lang='lat' dir='ltr'><strong>et</strong></span> <span class='ocrx_word' id='word_1_606' title='bbox 2698 3970 3008 4039; x_wconf 86' lang='lat' dir='ltr'><strong>graminum</strong></span> <span class='ocrx_word' id='word_1_607' title='bbox 3036 3972 3215 4026; x_wconf 89' lang='lat' dir='ltr'><strong>succis</strong></span> <span class='ocrx_word' id='word_1_608' title='bbox 3234 4015 3248 4038; x_wconf 93' lang='lat'><strong>,</strong></span> <span class='ocrx_word' id='word_1_609' title='bbox 3280 3972 3399 4029; x_wconf 90' lang='lat' dir='ltr'><strong>sine</strong></span> <span class='ocrx_word' id='word_1_610' title='bbox 3420 3974 3527 4030; x_wconf 90' lang='lat' dir='ltr'><strong>ulla</strong></span> 
     </span>
    </p>
   </div>
   <div class='ocr_carea' id='block_1_84' title="bbox 1917 4061 3522 4133">
    <p class='ocr_par' dir='ltr' id='par_1_84' title="bbox 1917 4061 3522 4133">
     <span class='ocr_line' id='line_1_84' title="bbox 1917 4061 3522 4133; baseline 0.005 -19"><span class='ocrx_word' id='word_1_611' title='bbox 1917 4074 2195 4116; x_wconf 89' lang='lat' dir='ltr'><strong>sacrorum</strong></span> <span class='ocrx_word' id='word_1_612' title='bbox 2246 4061 2564 4117; x_wconf 90' lang='lat' dir='ltr'><strong>libaminum</strong></span> <span class='ocrx_word' id='word_1_613' title='bbox 2612 4076 2675 4115; x_wconf 89' lang='lat' dir='ltr'><strong>ac</strong></span> <span class='ocrx_word' id='word_1_614' title='bbox 2736 4071 3045 4131; x_wconf 91' lang='lat' dir='ltr'><strong>temporum</strong></span> <span class='ocrx_word' id='word_1_615' title='bbox 3105 4066 3522 4133; x_wconf 89' lang='lat' dir='ltr'><strong>observatione,</strong></span> 
     </span>
    </p>
   </div>
   <div class='ocr_carea' id='block_1_85' title="bbox 1916 4157 3527 4232">
    <p class='ocr_par' dir='ltr' id='par_1_85' title="bbox 1916 4157 3527 4232">
     <span class='ocr_line' id='line_1_85' title="bbox 1916 4157 3527 4232; baseline 0.004 -23"><span class='ocrx_word' id='word_1_616' title='bbox 1916 4157 2034 4210; x_wconf 88' lang='lat' dir='ltr'><strong>sine</strong></span> <span class='ocrx_word' id='word_1_617' title='bbox 2062 4158 2183 4211; x_wconf 89' lang='lat' dir='ltr'><strong>ullis</strong></span> <span class='ocrx_word' id='word_1_618' title='bbox 2212 4157 2375 4227; x_wconf 88' lang='lat' dir='ltr'><strong>plane</strong></span> <span class='ocrx_word' id='word_1_619' title='bbox 2402 4157 2641 4221; x_wconf 90' lang='lat' dir='ltr'><strong>artibus,</strong></span> <span class='ocrx_word' id='word_1_620' title='bbox 2683 4172 2806 4225; x_wconf 84' lang='lat' dir='ltr'><strong>quae</strong></span> <span class='ocrx_word' id='word_1_621' title='bbox 2834 4172 3127 4228; x_wconf 87' lang='lat' dir='ltr'><strong>numquam</strong></span> <span class='ocrx_word' id='word_1_622' title='bbox 3158 4175 3267 4214; x_wconf 92' lang='lat' dir='ltr'><strong>non</strong></span> <span class='ocrx_word' id='word_1_623' title='bbox 3297 4176 3328 4215; x_wconf 92' lang='lat' dir='ltr'><strong>a</strong></span> <span class='ocrx_word' id='word_1_624' title='bbox 3359 4160 3527 4232; x_wconf 84' lang='lat' dir='ltr'><strong>Magis</strong></span> 
     </span>
    </p>
   </div>
   <div class='ocr_carea' id='block_1_86' title="bbox 1914 4249 3523 4323">
    <p class='ocr_par' dir='ltr' id='par_1_86' title="bbox 1914 4249 3523 4323">
     <span class='ocr_line' id='line_1_86' title="bbox 1914 4249 3523 4323; baseline 0.005 -20"><span class='ocrx_word' id='word_1_625' title='bbox 1914 4249 2077 4303; x_wconf 86' lang='lat' dir='ltr'><strong>adltib</strong></span> <span class='ocrx_word' id='word_1_626' title='bbox 2114 4250 2329 4317; x_wconf 89' lang='lat' dir='ltr'><strong>bantur,</strong></span> <span class='ocrx_word' id='word_1_627' title='bbox 2366 4251 2461 4307; x_wconf 91' lang='lat' dir='ltr'><strong>sed</strong></span> <span class='ocrx_word' id='word_1_628' title='bbox 2488 4252 2604 4306; x_wconf 90' lang='lat' dir='ltr'><strong>sola</strong></span> <span class='ocrx_word' id='word_1_629' title='bbox 2636 4251 2876 4307; x_wconf 89' lang='lat' dir='ltr'><strong>nominis</strong></span> <span class='ocrx_word' id='word_1_630' title='bbox 2921 4253 3005 4307; x_wconf 88' lang='lat' dir='ltr'><strong>sui</strong></span> <span class='ocrx_word' id='word_1_631' title='bbox 3056 4263 3323 4323; x_wconf 81' lang='lat' dir='ltr'><strong>potestate</strong></span> <span class='ocrx_word' id='word_1_632' title='bbox 3352 4264 3408 4310; x_wconf 90' lang='lat' dir='ltr'><strong>et</strong></span> <span class='ocrx_word' id='word_1_633' title='bbox 3437 4255 3523 4311; x_wconf 87' lang='lat' dir='ltr'><strong>itt-</strong></span> 
     </span>
    </p>
   </div>
   <div class='ocr_carea' id='block_1_87' title="bbox 1914 4344 3522 4408">
    <p class='ocr_par' dir='ltr' id='par_1_87' title="bbox 1914 4344 3522 4408">
     <span class='ocr_line' id='line_1_87' title="bbox 1914 4344 3522 4408; baseline 0.005 -11"><span class='ocrx_word' id='word_1_634' title='bbox 1914 4344 2231 4408; x_wconf 75' lang='lat' dir='ltr'><strong>Vocatione,</strong></span> <span class='ocrx_word' id='word_1_635' title='bbox 2281 4344 2364 4399; x_wconf 86' lang='lat' dir='ltr'><strong>vel</strong></span> <span class='ocrx_word' id='word_1_636' title='bbox 2410 4345 2512 4399; x_wconf 86' lang='lat' dir='ltr'><strong>levi</strong></span> <span class='ocrx_word' id='word_1_637' title='bbox 2563 4355 2706 4401; x_wconf 86' lang='lat' dir='ltr'><strong>taetu</strong></span> <span class='ocrx_word' id='word_1_638' title='bbox 2759 4345 3026 4401; x_wconf 89' lang='lat' dir='ltr'><strong>miracula</strong></span> <span class='ocrx_word' id='word_1_639' title='bbox 3083 4347 3273 4403; x_wconf 89' lang='lat' dir='ltr'><strong>edidit.</strong></span> <span class='ocrx_word' id='word_1_640' title='bbox 3317 4347 3522 4405; x_wconf 85' lang='lat' dir='ltr'><strong>Eadem</strong></span> 
     </span>
    </p>
   </div>
   <div class='ocr_carea' id='block_1_88' title="bbox 1914 4436 3526 4509">
    <p class='ocr_par' dir='ltr' id='par_1_88' title="bbox 1914 4436 3526 4509">
     <span class='ocr_line' id='line_1_88' title="bbox 1914 4436 3526 4509; baseline 0.004 -20"><span class='ocrx_word' id='word_1_641' title='bbox 1914 4452 2131 4506; x_wconf 86' lang='lat' dir='ltr'><strong>quoque</strong></span> <span class='ocrx_word' id='word_1_642' title='bbox 2160 4438 2521 4506; x_wconf 87' lang='lat' dir='ltr'><strong>responsione</strong></span> <span class='ocrx_word' id='word_1_643' title='bbox 2551 4436 2815 4507; x_wconf 88' lang='lat' dir='ltr'><strong>Origenes</strong></span> <span class='ocrx_word' id='word_1_644' title='bbox 2841 4438 3166 4509; x_wconf 88' lang='lat' dir='ltr'><strong>stupendam</strong></span> <span class='ocrx_word' id='word_1_645' title='bbox 3189 4437 3335 4495; x_wconf 74' lang='lat' dir='ltr'><strong>Celsi</strong></span> <span class='ocrx_word' id='word_1_646' title='bbox 3360 4441 3526 4496; x_wconf 78' lang='lat' dir='ltr'><strong>auda-</strong></span> 
     </span>
    </p>
   </div>
   <div class='ocr_carea' id='block_1_89' title="bbox 1914 4532 3521 4607">
    <p class='ocr_par' dir='ltr' id='par_1_89' title="bbox 1914 4532 3521 4607">
     <span class='ocr_line' id='line_1_89' title="bbox 1914 4532 3521 4607; baseline 0.006 -22"><span class='ocrx_word' id='word_1_647' title='bbox 1914 4532 2053 4585; x_wconf 89' lang='lat' dir='ltr'><strong>ciam</strong></span> <span class='ocrx_word' id='word_1_648' title='bbox 2086 4534 2398 4602; x_wconf 72' lang='lat' dir='ltr'><strong>Comprimit</strong></span> <span class='ocrx_word' id='word_1_649' title='bbox 2430 4532 2735 4603; x_wconf 85' lang='lat' dir='ltr'><strong>frangitque</strong></span> <span class='ocrx_word' id='word_1_650' title='bbox 2780 4553 2793 4588; x_wconf 93' lang='lat'><strong>:</strong></span> <span class='ocrx_word' id='word_1_651' title='bbox 2830 4554 2848 4587; x_wconf 81' lang='grc' dir='ltr'><strong>ι</strong></span> <span class='ocrx_word' id='word_1_652' title='bbox 2893 4534 3043 4589; x_wconf 89' lang='lat' dir='ltr'><strong>Licet</strong></span> <span class='ocrx_word' id='word_1_653' title='bbox 3086 4534 3189 4589; x_wconf 91' lang='lat' dir='ltr'><strong>hoc</strong></span> <span class='ocrx_word' id='word_1_654' title='bbox 3228 4551 3521 4607; x_wconf 89' lang='lat' dir='ltr'><strong>argumen-</strong></span> 
     </span>
    </p>
   </div>
   <div class='ocr_carea' id='block_1_90' title="bbox 1913 4626 3519 4701">
    <p class='ocr_par' dir='ltr' id='par_1_90' title="bbox 1913 4626 3519 4701">
     <span class='ocr_line' id='line_1_90' title="bbox 1913 4626 3519 4701; baseline 0.004 -22"><span class='ocrx_word' id='word_1_655' title='bbox 1913 4634 2060 4690; x_wconf 90' lang='lat' dir='ltr'><strong>tum,</strong></span> <span class='ocrx_word' id='word_1_656' title='bbox 2100 4643 2119 4677; x_wconf 86' lang='grc'><strong>›</strong></span> <span class='ocrx_word' id='word_1_657' title='bbox 2158 4626 2436 4695; x_wconf 89' lang='lat' dir='ltr'><strong>inquiebat</strong></span> <span class='ocrx_word' id='word_1_658' title='bbox 2486 4626 2577 4681; x_wconf 90' lang='lat' dir='ltr'><strong>ille</strong></span> <span class='ocrx_word' id='word_1_659' title='bbox 2627 4626 2842 4699; x_wconf 86' lang='lat' dir='ltr'><strong>(0rig.,</strong></span> <span class='ocrx_word' id='word_1_660' title='bbox 2900 4628 2991 4682; x_wconf 80' lang='lat' dir='ltr'><strong>lib.</strong></span> <span class='ocrx_word' id='word_1_661' title='bbox 3045 4644 3083 4683; x_wconf 91' lang='grc' dir='ltr'>ι.</span> <span class='ocrx_word' id='word_1_662' title='bbox 3141 4641 3304 4685; x_wconf 82' lang='lat' dir='ltr'><strong>contr.</strong></span> <span class='ocrx_word' id='word_1_663' title='bbox 3348 4630 3519 4701; x_wconf 50' lang='lat' dir='ltr'><strong>Cela,</strong></span> 
     </span>
    </p>
   </div>
   <div class='ocr_carea' id='block_1_91' title="bbox 210 4716 3518 4791">
    <p class='ocr_par' dir='ltr' id='par_1_91' title="bbox 210 4716 3518 4791">
     <span class='ocr_line' id='line_1_91' title="bbox 210 4716 3518 4791; baseline 0.001 -18"><span class='ocrx_word' id='word_1_664' title='bbox 210 4717 410 4773; x_wconf 86' lang='lat' dir='ltr'><strong>Contra</strong></span> <span class='ocrx_word' id='word_1_665' title='bbox 441 4728 592 4774; x_wconf 86' lang='lat' dir='ltr'><strong>certe</strong></span> <span class='ocrx_word' id='word_1_666' title='bbox 620 4735 687 4775; x_wconf 90' lang='lat' dir='ltr'><strong>eo</strong></span> <span class='ocrx_word' id='word_1_667' title='bbox 719 4722 892 4791; x_wconf 85' lang='lat' dir='ltr'><strong>magis</strong></span> <span class='ocrx_word' id='word_1_668' title='bbox 931 4719 1064 4775; x_wconf 80' lang='lat' dir='ltr'><strong>ﬁdes</strong></span> <span class='ocrx_word' id='word_1_669' title='bbox 1093 4720 1447 4789; x_wconf 82' lang='lat' dir='ltr'><strong>scriptoribus</strong></span> <span class='ocrx_word' id='word_1_670' title='bbox 1482 4723 1681 4777; x_wconf 89' lang='lat' dir='ltr'><strong>nostris</strong></span> <span class='ocrx_word' id='word_1_671' title='bbox 1707 4724 1800 4778; x_wconf 92' lang='lat' dir='ltr'><strong>tri-</strong></span> <span class='ocrx_word' id='word_1_672' title='bbox 1834 4724 1888 4785; x_wconf 91' lang='lat' dir='ltr'><strong>D</strong></span> <span class='ocrx_word' id='word_1_673' title='bbox 1914 4733 2034 4788; x_wconf 79' lang='lat' dir='ltr'><strong>pag.</strong></span> <span class='ocrx_word' id='word_1_674' title='bbox 2064 4718 2093 4772; x_wconf 91' lang='lat'><strong>7</strong></span> <span class='ocrx_word' id='word_1_675' title='bbox 2124 4716 2169 4787; x_wconf 86' lang='lat'><strong>).</strong></span> <span class='ocrx_word' id='word_1_676' title='bbox 2209 4736 2227 4768; x_wconf 77' lang='grc' dir='ltr'><strong>ι</strong></span> <span class='ocrx_word' id='word_1_677' title='bbox 2262 4716 2331 4772; x_wconf 88' lang='lat' dir='ltr'><strong>de</strong></span> <span class='ocrx_word' id='word_1_678' title='bbox 2377 4718 2563 4779; x_wconf 87' lang='lat' dir='ltr'><strong>modo.</strong></span> <span class='ocrx_word' id='word_1_679' title='bbox 2590 4732 2699 4789; x_wconf 90' lang='lat' dir='ltr'><strong>quo</strong></span> <span class='ocrx_word' id='word_1_680' title='bbox 2724 4718 2882 4773; x_wconf 82' lang='lat' dir='ltr'><strong>Jesus</strong></span> <span class='ocrx_word' id='word_1_681' title='bbox 2906 4720 3021 4773; x_wconf 67' lang='lat' dir='ltr'><strong>haec</strong></span> <span class='ocrx_word' id='word_1_682' title='bbox 3050 4720 3271 4785; x_wconf 82' lang='lat' dir='ltr'><strong>fecerit,</strong></span> <span class='ocrx_word' id='word_1_683' title='bbox 3307 4722 3518 4778; x_wconf 88' lang='lat' dir='ltr'><strong>insolu-</strong></span> 
     </span>
    </p>
   </div>
   <div class='ocr_carea' id='block_1_92' title="bbox 212 4810 1806 4885">
    <p class='ocr_par' dir='ltr' id='par_1_92' title="bbox 212 4810 1806 4885">
     <span class='ocr_line' id='line_1_92' title="bbox 212 4810 1806 4885; baseline 0.001 -18"><span class='ocrx_word' id='word_1_684' title='bbox 212 4810 420 4868; x_wconf 88' lang='lat' dir='ltr'><strong>buenda</strong></span> <span class='ocrx_word' id='word_1_685' title='bbox 452 4820 557 4877; x_wconf 90' lang='lat' dir='ltr'><strong>est,</strong></span> <span class='ocrx_word' id='word_1_686' title='bbox 586 4828 696 4885; x_wconf 90' lang='lat' dir='ltr'><strong>quo</strong></span> <span class='ocrx_word' id='word_1_687' title='bbox 747 4814 919 4885; x_wconf 86' lang='lat' dir='ltr'><strong>magis</strong></span> <span class='ocrx_word' id='word_1_688' title='bbox 964 4814 997 4868; x_wconf 91' lang='lat' dir='ltr'><strong>ii</strong></span> <span class='ocrx_word' id='word_1_689' title='bbox 1029 4828 1282 4868; x_wconf 88' lang='lat' dir='ltr'><strong>sermone</strong></span> <span class='ocrx_word' id='word_1_690' title='bbox 1314 4814 1572 4884; x_wconf 85' lang='lat' dir='ltr'><strong>simplici,</strong></span> <span class='ocrx_word' id='word_1_691' title='bbox 1595 4824 1651 4870; x_wconf 85' lang='lat' dir='ltr'><strong>et</strong></span> <span class='ocrx_word' id='word_1_692' title='bbox 1679 4818 1806 4870; x_wconf 72' lang='lat' dir='ltr'><strong>abs-</strong></span> 
     </span>
    </p>
   </div>
   <div class='ocr_carea' id='block_1_93' title="bbox 210 4905 1809 4975">
    <p class='ocr_par' dir='ltr' id='par_1_93' title="bbox 210 4905 1809 4975">
     <span class='ocr_line' id='line_1_93' title="bbox 210 4905 1809 4975; baseline 0.004 -17"><span class='ocrx_word' id='word_1_693' title='bbox 210 4919 310 4975; x_wconf 89' lang='lat' dir='ltr'><strong>que</strong></span> <span class='ocrx_word' id='word_1_694' title='bbox 337 4906 451 4960; x_wconf 91' lang='lat' dir='ltr'><strong>ullo</strong></span> <span class='ocrx_word' id='word_1_695' title='bbox 467 4906 760 4962; x_wconf 83' lang='lat' dir='ltr'><strong>verborum</strong></span> <span class='ocrx_word' id='word_1_696' title='bbox 788 4905 915 4963; x_wconf 92' lang='lat' dir='ltr'><strong>fuco</strong></span> <span class='ocrx_word' id='word_1_697' title='bbox 944 4916 998 4963; x_wconf 90' lang='lat' dir='ltr'><strong>et</strong></span> <span class='ocrx_word' id='word_1_698' title='bbox 1027 4909 1297 4965; x_wconf 89' lang='lat' dir='ltr'><strong>lenocinio</strong></span> <span class='ocrx_word' id='word_1_699' title='bbox 1319 4910 1481 4966; x_wconf 91' lang='lat' dir='ltr'><strong>locuti</strong></span> <span class='ocrx_word' id='word_1_700' title='bbox 1511 4917 1655 4963; x_wconf 90' lang='lat' dir='ltr'><strong>sunt.</strong></span> <span class='ocrx_word' id='word_1_701' title='bbox 1675 4908 1809 4965; x_wconf 84' lang='lat' dir='ltr'><strong>Nul-</strong></span> 
     </span>
    </p>
   </div>
   <div class='ocr_carea' id='block_1_94' title="bbox 213 4996 1807 5069">
    <p class='ocr_par' dir='ltr' id='par_1_94' title="bbox 213 4996 1807 5069">
     <span class='ocr_line' id='line_1_94' title="bbox 213 4996 1807 5069; baseline 0.004 -18"><span class='ocrx_word' id='word_1_702' title='bbox 213 4996 318 5052; x_wconf 90' lang='lat' dir='ltr'><strong>lum</strong></span> <span class='ocrx_word' id='word_1_703' title='bbox 354 4998 562 5069; x_wconf 83' lang='lat' dir='ltr'><strong>quippe</strong></span> <span class='ocrx_word' id='word_1_704' title='bbox 599 4999 861 5056; x_wconf 89' lang='lat' dir='ltr'><strong>orationis</strong></span> <span class='ocrx_word' id='word_1_705' title='bbox 919 5014 1326 5068; x_wconf 86' lang='lat' dir='ltr'><strong>ornamentum,</strong></span> <span class='ocrx_word' id='word_1_706' title='bbox 1380 5004 1583 5058; x_wconf 86' lang='lat' dir='ltr'><strong>nullum</strong></span> <span class='ocrx_word' id='word_1_707' title='bbox 1636 5003 1807 5057; x_wconf 73' lang='lat' dir='ltr'><strong>anili-</strong></span> 
     </span>
    </p>
   </div>
   <div class='ocr_carea' id='block_1_95' title="bbox 212 5092 1805 5169">
    <p class='ocr_par' dir='ltr' id='par_1_95' title="bbox 212 5092 1805 5169">
     <span class='ocr_line' id='line_1_95' title="bbox 212 5092 1805 5169; baseline 0.004 -23"><span class='ocrx_word' id='word_1_708' title='bbox 212 5092 346 5147; x_wconf 86' lang='lat' dir='ltr'><strong>cium</strong></span> <span class='ocrx_word' id='word_1_709' title='bbox 376 5093 577 5148; x_wconf 90' lang='lat' dir='ltr'><strong>veritas</strong></span> <span class='ocrx_word' id='word_1_710' title='bbox 624 5092 902 5149; x_wconf 88' lang='lat' dir='ltr'><strong>desiderat</strong></span> <span class='ocrx_word' id='word_1_711' title='bbox 930 5094 1119 5162; x_wconf 82' lang='lat' dir='ltr'><strong>(Ibid.,</strong></span> <span class='ocrx_word' id='word_1_712' title='bbox 1153 5116 1204 5168; x_wconf 86' lang='lat' dir='ltr'><strong>p.</strong></span> <span class='ocrx_word' id='word_1_713' title='bbox 1236 5096 1365 5169; x_wconf 78' lang='lat'><strong>55).</strong></span> <span class='ocrx_word' id='word_1_714' title='bbox 1404 5096 1650 5168; x_wconf 86' lang='lat' dir='ltr'><strong>Denique</strong></span> <span class='ocrx_word' id='word_1_715' title='bbox 1688 5114 1805 5153; x_wconf 89' lang='lat' dir='ltr'><strong>ser-</strong></span> 
     </span>
    </p>
   </div>
   <div class='ocr_carea' id='block_1_96' title="bbox 210 5187 1802 5258">
    <p class='ocr_par' dir='ltr' id='par_1_96' title="bbox 210 5187 1802 5258">
     <span class='ocr_line' id='line_1_96' title="bbox 210 5187 1802 5258; baseline 0.002 -18"><span class='ocrx_word' id='word_1_716' title='bbox 210 5187 380 5240; x_wconf 87' lang='lat' dir='ltr'><strong>monis</strong></span> <span class='ocrx_word' id='word_1_717' title='bbox 415 5196 739 5242; x_wconf 88' lang='lat' dir='ltr'><strong>ornamenta</strong></span> <span class='ocrx_word' id='word_1_718' title='bbox 766 5228 781 5251; x_wconf 95' lang='lat'><strong>,</strong></span> <span class='ocrx_word' id='word_1_719' title='bbox 813 5189 1154 5258; x_wconf 70' lang='lat' dir='ltr'><strong>suspicantes,</strong></span> <span class='ocrx_word' id='word_1_720' title='bbox 1186 5190 1259 5243; x_wconf 91' lang='lat' dir='ltr'><strong>uti</strong></span> <span class='ocrx_word' id='word_1_721' title='bbox 1282 5191 1357 5243; x_wconf 90' lang='lat' dir='ltr'><strong>ait</strong></span> <span class='ocrx_word' id='word_1_722' title='bbox 1388 5191 1679 5254; x_wconf 87' lang='lat' dir='ltr'><strong>Arnobius,</strong></span> <span class='ocrx_word' id='word_1_723' title='bbox 1704 5190 1802 5243; x_wconf 86' lang='lat' dir='ltr'><strong>ad-</strong></span> 
     </span>
    </p>
   </div>
   <div class='ocr_carea' id='block_1_97' title="bbox 206 5281 1801 5355">
    <p class='ocr_par' dir='ltr' id='par_1_97' title="bbox 206 5281 1801 5355">
     <span class='ocr_line' id='line_1_97' title="bbox 206 5281 1801 5355; baseline 0.005 -23"><span class='ocrx_word' id='word_1_724' title='bbox 206 5282 429 5348; x_wconf 73' lang='lat' dir='ltr'><strong>juvant;</strong></span> <span class='ocrx_word' id='word_1_725' title='bbox 480 5281 533 5335; x_wconf 91' lang='lat' dir='ltr'><strong>id</strong></span> <span class='ocrx_word' id='word_1_726' title='bbox 582 5293 687 5344; x_wconf 88' lang='lat' dir='ltr'><strong>est,</strong></span> <span class='ocrx_word' id='word_1_727' title='bbox 737 5298 945 5349; x_wconf 90' lang='lat' dir='ltr'><strong>eorum,</strong></span> <span class='ocrx_word' id='word_1_728' title='bbox 981 5285 1069 5354; x_wconf 91' lang='lat' dir='ltr'><strong>qui</strong></span> <span class='ocrx_word' id='word_1_729' title='bbox 1118 5285 1188 5340; x_wconf 88' lang='lat' dir='ltr'><strong>de</strong></span> <span class='ocrx_word' id='word_1_730' title='bbox 1235 5286 1409 5355; x_wconf 88' lang='lat' dir='ltr'><strong>aliqua</strong></span> <span class='ocrx_word' id='word_1_731' title='bbox 1442 5302 1503 5340; x_wconf 89' lang='lat' dir='ltr'><strong>re</strong></span> <span class='ocrx_word' id='word_1_732' title='bbox 1531 5285 1801 5352; x_wconf 88' lang='lat' dir='ltr'><strong>dubitant,</strong></span> 
     </span>
    </p>
   </div>
   <div class='ocr_carea' id='block_1_98' title="bbox 215 5376 1805 5448">
    <p class='ocr_par' dir='ltr' id='par_1_98' title="bbox 215 5376 1805 5448">
     <span class='ocr_line' id='line_1_98' title="bbox 215 5376 1805 5448; baseline 0.004 -21"><span class='ocrx_word' id='word_1_733' title='bbox 215 5387 405 5445; x_wconf 84' lang='lat' dir='ltr'><strong>augent</strong></span> <span class='ocrx_word' id='word_1_734' title='bbox 453 5385 509 5432; x_wconf 91' lang='lat' dir='ltr'><strong>et</strong></span> <span class='ocrx_word' id='word_1_735' title='bbox 558 5376 974 5444; x_wconf 86' lang='lat' dir='ltr'><strong>dubitationem,</strong></span> <span class='ocrx_word' id='word_1_736' title='bbox 1034 5390 1090 5433; x_wconf 89' lang='lat' dir='ltr'><strong>et</strong></span> <span class='ocrx_word' id='word_1_737' title='bbox 1138 5380 1805 5448; x_wconf 78' lang='lat' dir='ltr'><strong>suSpirionem.Timendi</strong></span> 
     </span>
    </p>
   </div>
   <div class='ocr_carea' id='block_1_99' title="bbox 215 5470 1805 5537">
    <p class='ocr_par' dir='ltr' id='par_1_99' title="bbox 215 5470 1805 5537">
     <span class='ocr_line' id='line_1_99' title="bbox 215 5470 1805 5537; baseline 0.006 -16"><span class='ocrx_word' id='word_1_738' title='bbox 215 5470 348 5524; x_wconf 85' lang='lat' dir='ltr'><strong>enim</strong></span> <span class='ocrx_word' id='word_1_739' title='bbox 380 5480 509 5525; x_wconf 91' lang='lat' dir='ltr'><strong>tunc</strong></span> <span class='ocrx_word' id='word_1_740' title='bbox 562 5471 713 5525; x_wconf 90' lang='lat' dir='ltr'><strong>locus</strong></span> <span class='ocrx_word' id='word_1_741' title='bbox 740 5481 846 5537; x_wconf 89' lang='lat' dir='ltr'><strong>est,</strong></span> <span class='ocrx_word' id='word_1_742' title='bbox 876 5488 943 5528; x_wconf 90' lang='lat' dir='ltr'><strong>ne</strong></span> <span class='ocrx_word' id='word_1_743' title='bbox 966 5474 1170 5529; x_wconf 83' lang='lat' dir='ltr'><strong>veritas</strong></span> <span class='ocrx_word' id='word_1_744' title='bbox 1217 5474 1299 5529; x_wconf 89' lang='lat' dir='ltr'><strong>bis</strong></span> <span class='ocrx_word' id='word_1_745' title='bbox 1330 5477 1683 5537; x_wconf 86' lang='lat' dir='ltr'><strong>ornamentis,</strong></span> <span class='ocrx_word' id='word_1_746' title='bbox 1719 5486 1805 5530; x_wconf 84' lang='lat' dir='ltr'><strong>at-</strong></span> 
     </span>
    </p>
   </div>
   <div class='ocr_carea' id='block_1_100' title="bbox 213 5565 1803 5636">
    <p class='ocr_par' dir='ltr' id='par_1_100' title="bbox 213 5565 1803 5636">
     <span class='ocr_line' id='line_1_100' title="bbox 213 5565 1803 5636; baseline 0.006 -21"><span class='ocrx_word' id='word_1_747' title='bbox 213 5576 308 5631; x_wconf 91' lang='lat' dir='ltr'><strong>que</strong></span> <span class='ocrx_word' id='word_1_748' title='bbox 353 5565 615 5619; x_wconf 89' lang='lat' dir='ltr'><strong>orationis</strong></span> <span class='ocrx_word' id='word_1_749' title='bbox 661 5566 941 5633; x_wconf 87' lang='lat' dir='ltr'><strong>leporibus</strong></span> <span class='ocrx_word' id='word_1_750' title='bbox 969 5568 1159 5621; x_wconf 90' lang='lat' dir='ltr'><strong>obruta</strong></span> <span class='ocrx_word' id='word_1_751' title='bbox 1192 5568 1427 5635; x_wconf 85' lang='lat' dir='ltr'><strong>penitus,</strong></span> <span class='ocrx_word' id='word_1_752' title='bbox 1469 5577 1559 5621; x_wconf 90' lang='lat' dir='ltr'><strong>aut</strong></span> <span class='ocrx_word' id='word_1_753' title='bbox 1589 5570 1803 5636; x_wconf 89' lang='lat' dir='ltr'><strong>repulsa</strong></span> 
     </span>
    </p>
   </div>
   <div class='ocr_carea' id='block_1_101' title="bbox 214 5655 1805 5726">
    <p class='ocr_par' dir='ltr' id='par_1_101' title="bbox 214 5655 1805 5726">
     <span class='ocr_line' id='line_1_101' title="bbox 214 5655 1805 5726; baseline 0.006 -19"><span class='ocrx_word' id='word_1_754' title='bbox 214 5655 293 5720; x_wconf 89' lang='lat' dir='ltr'><strong>sit,</strong></span> <span class='ocrx_word' id='word_1_755' title='bbox 321 5668 373 5712; x_wconf 91' lang='lat' dir='ltr'><strong>et</strong></span> <span class='ocrx_word' id='word_1_756' title='bbox 422 5660 473 5712; x_wconf 92' lang='lat' dir='ltr'><strong>in</strong></span> <span class='ocrx_word' id='word_1_757' title='bbox 513 5660 631 5726; x_wconf 89' lang='lat' dir='ltr'><strong>ejus</strong></span> <span class='ocrx_word' id='word_1_758' title='bbox 660 5658 839 5713; x_wconf 88' lang='lat' dir='ltr'><strong>locum</strong></span> <span class='ocrx_word' id='word_1_759' title='bbox 876 5659 1086 5714; x_wconf 86' lang='lat' dir='ltr'><strong>falsitas</strong></span> <span class='ocrx_word' id='word_1_760' title='bbox 1117 5660 1493 5716; x_wconf 85' lang='lat' dir='ltr'><strong>substituatur.</strong></span> <span class='ocrx_word' id='word_1_761' title='bbox 1528 5662 1683 5715; x_wconf 84' lang='lat' dir='ltr'><strong>Plura</strong></span> <span class='ocrx_word' id='word_1_762' title='bbox 1711 5678 1805 5717; x_wconf 87' lang='lat' dir='ltr'><strong>au-</strong></span> 
     </span>
    </p>
   </div>
   <div class='ocr_carea' id='block_1_102' title="bbox 216 5750 1803 5825">
    <p class='ocr_par' dir='ltr' id='par_1_102' title="bbox 216 5750 1803 5825">
     <span class='ocr_line' id='line_1_102' title="bbox 216 5750 1803 5825; baseline 0.006 -24"><span class='ocrx_word' id='word_1_763' title='bbox 216 5756 311 5802; x_wconf 88' lang='lat' dir='ltr'><strong>tem</strong></span> <span class='ocrx_word' id='word_1_764' title='bbox 340 5750 441 5814; x_wconf 90' lang='lat' dir='ltr'><strong>his,</strong></span> <span class='ocrx_word' id='word_1_765' title='bbox 476 5767 597 5821; x_wconf 73' lang='lat' dir='ltr'><strong>quae</strong></span> <span class='ocrx_word' id='word_1_766' title='bbox 624 5752 769 5806; x_wconf 86' lang='lat' dir='ltr'><strong>dicta</strong></span> <span class='ocrx_word' id='word_1_767' title='bbox 803 5762 951 5819; x_wconf 86' lang='lat' dir='ltr'><strong>sunt,</strong></span> <span class='ocrx_word' id='word_1_768' title='bbox 979 5763 1035 5808; x_wconf 90' lang='lat' dir='ltr'><strong>et</strong></span> <span class='ocrx_word' id='word_1_769' title='bbox 1058 5754 1237 5809; x_wconf 90' lang='lat' dir='ltr'><strong>adhuc</strong></span> <span class='ocrx_word' id='word_1_770' title='bbox 1271 5757 1519 5811; x_wconf 87' lang='lat' dir='ltr'><strong>dicentur</strong></span> <span class='ocrx_word' id='word_1_771' title='bbox 1544 5756 1701 5825; x_wconf 87' lang='lat' dir='ltr'><strong>plane</strong></span> <span class='ocrx_word' id='word_1_772' title='bbox 1726 5758 1803 5810; x_wconf 87' lang='lat' dir='ltr'><strong>si-</strong></span> 
     </span>
    </p>
   </div>
   <div class='ocr_carea' id='block_1_103' title="bbox 219 5841 1801 5913">
    <p class='ocr_par' dir='ltr' id='par_1_103' title="bbox 219 5841 1801 5913">
     <span class='ocr_line' id='line_1_103' title="bbox 219 5841 1801 5913; baseline 0.007 -20"><span class='ocrx_word' id='word_1_773' title='bbox 219 5841 349 5896; x_wconf 87' lang='lat' dir='ltr'><strong>milia</strong></span> <span class='ocrx_word' id='word_1_774' title='bbox 401 5842 720 5899; x_wconf 83' lang='lat' dir='ltr'><strong>Lactantius</strong></span> <span class='ocrx_word' id='word_1_775' title='bbox 754 5845 996 5913; x_wconf 88' lang='lat' dir='ltr'><strong>tradidit,</strong></span> <span class='ocrx_word' id='word_1_776' title='bbox 1058 5847 1135 5901; x_wconf 91' lang='lat' dir='ltr'><strong>uti</strong></span> <span class='ocrx_word' id='word_1_777' title='bbox 1184 5864 1282 5901; x_wconf 61' lang='grc' dir='ltr'>δυο</span> <span class='ocrx_word' id='word_1_778' title='bbox 1333 5850 1455 5906; x_wconf 91' lang='lat' dir='ltr'><strong>loco</strong></span> <span class='ocrx_word' id='word_1_779' title='bbox 1500 5848 1801 5904; x_wconf 86' lang='lat' dir='ltr'><strong>videbimus</strong></span> 
     </span>
    </p>
   </div>
   <div class='ocr_carea' id='block_1_104' title="bbox 214 5933 1325 6015">
    <p class='ocr_par' dir='ltr' id='par_1_104' title="bbox 214 5933 1325 6015">
     <span class='ocr_line' id='line_1_104' title="bbox 214 5933 1325 6015; baseline 0.008 -26"><span class='ocrx_word' id='word_1_780' title='bbox 214 5933 436 6006; x_wconf 75' lang='lat' dir='ltr'><strong>(Dium.</strong></span> <span class='ocrx_word' id='word_1_781' title='bbox 468 5942 523 6010; x_wconf 79' lang='lat'><strong>3,</strong></span> <span class='ocrx_word' id='word_1_782' title='bbox 552 5942 610 5997; x_wconf 74' lang='lat' dir='ltr'><strong>in</strong></span> <span class='ocrx_word' id='word_1_783' title='bbox 640 5940 909 6012; x_wconf 58' lang='lat' dir='ltr'><strong>Lactant,</strong></span> <span class='ocrx_word' id='word_1_784' title='bbox 936 5959 983 5997; x_wconf 89' lang='lat' dir='ltr'><strong>c.</strong></span> <span class='ocrx_word' id='word_1_785' title='bbox 1015 5940 1071 6011; x_wconf 79' lang='lat'><strong>9,</strong></span> <span class='ocrx_word' id='word_1_786' title='bbox 1105 5952 1204 5999; x_wconf 81' lang='lat' dir='ltr'><strong>art.</strong></span> <span class='ocrx_word' id='word_1_787' title='bbox 1246 5942 1325 6015; x_wconf 73' lang='grc' dir='ltr'><strong>ὅ).</strong></span> 
     </span>
    </p>
   </div>
   <div class='ocr_carea' id='block_1_105' title="bbox 1910 4809 3519 4876">
    <p class='ocr_par' dir='ltr' id='par_1_105' title="bbox 1910 4809 3519 4876">
     <span class='ocr_line' id='line_1_105' title="bbox 1910 4809 3519 4876; baseline 0.003 -10"><span class='ocrx_word' id='word_1_788' title='bbox 1910 4809 2017 4866; x_wconf 90' lang='lat' dir='ltr'><strong>bile</strong></span> <span class='ocrx_word' id='word_1_789' title='bbox 2046 4811 2322 4876; x_wconf 86' lang='lat' dir='ltr'><strong>videatur;</strong></span> <span class='ocrx_word' id='word_1_790' title='bbox 2353 4821 2565 4867; x_wconf 89' lang='lat' dir='ltr'><strong>constat</strong></span> <span class='ocrx_word' id='word_1_791' title='bbox 2596 4823 2775 4868; x_wconf 89' lang='lat' dir='ltr'><strong>tamen</strong></span> <span class='ocrx_word' id='word_1_792' title='bbox 2808 4813 3135 4871; x_wconf 86' lang='lat' dir='ltr'><strong>christianos</strong></span> <span class='ocrx_word' id='word_1_793' title='bbox 3184 4816 3327 4871; x_wconf 88' lang='lat' dir='ltr'><strong>nulla</strong></span> <span class='ocrx_word' id='word_1_794' title='bbox 3360 4832 3519 4873; x_wconf 80' lang='lat' dir='ltr'><strong>exer-</strong></span> 
     </span>
    </p>
   </div>
   <div class='ocr_carea' id='block_1_106' title="bbox 1911 4906 3521 4973">
    <p class='ocr_par' dir='ltr' id='par_1_106' title="bbox 1911 4906 3521 4973">
     <span class='ocr_line' id='line_1_106' title="bbox 1911 4906 3521 4973; baseline 0.004 -12"><span class='ocrx_word' id='word_1_795' title='bbox 1911 4921 2037 4961; x_wconf 90' lang='lat' dir='ltr'><strong>cere</strong></span> <span class='ocrx_word' id='word_1_796' title='bbox 2066 4906 2502 4973; x_wconf 78' lang='lat' dir='ltr'><strong>incantamenta,</strong></span> <span class='ocrx_word' id='word_1_797' title='bbox 2548 4906 2677 4962; x_wconf 88' lang='lat' dir='ltr'><strong>Jesu</strong></span> <span class='ocrx_word' id='word_1_798' title='bbox 2710 4909 2994 4963; x_wconf 83' lang='lat' dir='ltr'><strong>dumtaxat</strong></span> <span class='ocrx_word' id='word_1_799' title='bbox 3034 4912 3254 4966; x_wconf 90' lang='lat' dir='ltr'><strong>nomine</strong></span> <span class='ocrx_word' id='word_1_800' title='bbox 3292 4922 3521 4968; x_wconf 88' lang='lat' dir='ltr'><strong>conten-</strong></span> 
     </span>
    </p>
   </div>
   <div class='ocr_carea' id='block_1_107' title="bbox 1913 4999 3515 5072">
    <p class='ocr_par' dir='ltr' id='par_1_107' title="bbox 1913 4999 3515 5072">
     <span class='ocr_line' id='line_1_107' title="bbox 1913 4999 3515 5072; baseline 0.006 -19"><span class='ocrx_word' id='word_1_801' title='bbox 1913 5010 1995 5055; x_wconf 88' lang='lat' dir='ltr'><strong>tos</strong></span> <span class='ocrx_word' id='word_1_802' title='bbox 2016 5040 2031 5065; x_wconf 90' lang='lat'><strong>,</strong></span> <span class='ocrx_word' id='word_1_803' title='bbox 2064 5006 2119 5054; x_wconf 90' lang='lat' dir='ltr'><strong>et</strong></span> <span class='ocrx_word' id='word_1_804' title='bbox 2158 4999 2318 5055; x_wconf 89' lang='lat' dir='ltr'><strong>dictis</strong></span> <span class='ocrx_word' id='word_1_805' title='bbox 2348 5001 2470 5053; x_wconf 82' lang='lat' dir='ltr'><strong>aliis</strong></span> <span class='ocrx_word' id='word_1_806' title='bbox 2492 5041 2506 5064; x_wconf 93' lang='lat'><strong>,</strong></span> <span class='ocrx_word' id='word_1_807' title='bbox 2556 5000 2755 5072; x_wconf 82' lang='lat' dir='ltr'><strong>quibus</strong></span> <span class='ocrx_word' id='word_1_808' title='bbox 2802 5001 3101 5057; x_wconf 88' lang='lat' dir='ltr'><strong>secundum</strong></span> <span class='ocrx_word' id='word_1_809' title='bbox 3128 5018 3335 5057; x_wconf 83' lang='lat' dir='ltr'><strong>sacram</strong></span> <span class='ocrx_word' id='word_1_810' title='bbox 3367 5006 3515 5061; x_wconf 81' lang='lat' dir='ltr'><strong>Scri-</strong></span> 
     </span>
    </p>
   </div>
   <div class='ocr_carea' id='block_1_108' title="bbox 1912 5093 3519 5175">
    <p class='ocr_par' dir='ltr' id='par_1_108' title="bbox 1912 5093 3519 5175">
     <span class='ocr_line' id='line_1_108' title="bbox 1912 5093 3519 5175; baseline 0.006 -29"><span class='ocrx_word' id='word_1_811' title='bbox 1912 5103 2124 5161; x_wconf 86' lang='lat' dir='ltr'><strong>pturam</strong></span> <span class='ocrx_word' id='word_1_812' title='bbox 2158 5093 2293 5148; x_wconf 81' lang='lat' dir='ltr'><strong>fides</strong></span> <span class='ocrx_word' id='word_1_813' title='bbox 2326 5093 2669 5165; x_wconf 84' lang='lat' dir='ltr'><strong>adhibeatur.</strong></span> <span class='ocrx_word' id='word_1_814' title='bbox 2706 5114 2725 5147; x_wconf 72' lang='grc' dir='ltr'><strong>ι</strong></span> <span class='ocrx_word' id='word_1_815' title='bbox 2760 5094 3030 5175; x_wconf 79' lang='grc' dir='ltr'><strong>Α”ντικρυς</strong></span> <span class='ocrx_word' id='word_1_816' title='bbox 3058 5100 3107 5152; x_wconf 79' lang='grc' dir='ltr'><strong>θὲ</strong></span> <span class='ocrx_word' id='word_1_817' title='bbox 3134 5093 3227 5170; x_wconf 77' lang='grc' dir='ltr'><strong>κᾷν</strong></span> <span class='ocrx_word' id='word_1_818' title='bbox 3254 5096 3377 5173; x_wconf 76' lang='grc' dir='ltr'><strong>δοκῇ</strong></span> <span class='ocrx_word' id='word_1_819' title='bbox 3405 5101 3519 5155; x_wconf 80' lang='grc' dir='ltr'><strong>ἀνέ-</strong></span> 
     </span>
    </p>
   </div>
   <div class='ocr_carea' id='block_1_109' title="bbox 1906 5183 3514 5263">
    <p class='ocr_par' dir='ltr' id='par_1_109' title="bbox 1906 5183 3514 5263">
     <span class='ocr_line' id='line_1_109' title="bbox 1906 5183 3514 5263; baseline 0.004 -22"><span class='ocrx_word' id='word_1_820' title='bbox 1906 5187 2109 5260; x_wconf 67' lang='grc' dir='ltr'><strong>λεγκτον</strong></span> <span class='ocrx_word' id='word_1_821' title='bbox 2156 5183 2282 5245; x_wconf 78' lang='grc' dir='ltr'><strong>εἶναι</strong></span> <span class='ocrx_word' id='word_1_822' title='bbox 2326 5192 2384 5245; x_wconf 87' lang='grc' dir='ltr'><strong>τὸ</strong></span> <span class='ocrx_word' id='word_1_823' title='bbox 2426 5193 2657 5263; x_wconf 78' lang='grc' dir='ltr'><strong>περὶτοῦ</strong></span> <span class='ocrx_word' id='word_1_824' title='bbox 2704 5189 2895 5254; x_wconf 80' lang='grc' dir='ltr'><strong>Ἰησοῦ,</strong></span> <span class='ocrx_word' id='word_1_825' title='bbox 2940 5197 3050 5251; x_wconf 82' lang='grc' dir='ltr'><strong>πῶς</strong></span> <span class='ocrx_word' id='word_1_826' title='bbox 3086 5197 3256 5247; x_wconf 81' lang='grc' dir='ltr'><strong>ταῦτα</strong></span> <span class='ocrx_word' id='word_1_827' title='bbox 3282 5194 3514 5257; x_wconf 65' lang='grc' dir='ltr'><strong>ἐποίησε.</strong></span> 
     </span>
    </p>
   </div>
   <div class='ocr_carea' id='block_1_110' title="bbox 1910 5278 3517 5359">
    <p class='ocr_par' dir='ltr' id='par_1_110' title="bbox 1910 5278 3517 5359">
     <span class='ocr_line' id='line_1_110' title="bbox 1910 5278 3517 5359; baseline 0.004 -26"><span class='ocrx_word' id='word_1_828' title='bbox 1910 5284 2068 5350; x_wconf 71' lang='grc' dir='ltr'><strong>σαφὲς</strong></span> <span class='ocrx_word' id='word_1_829' title='bbox 2095 5278 2172 5335; x_wconf 83' lang='grc' dir='ltr'><strong>ὅτι</strong></span> <span class='ocrx_word' id='word_1_830' title='bbox 2202 5284 2503 5358; x_wconf 78' lang='grc' dir='ltr'><strong>χριστιανοὶ</strong></span> <span class='ocrx_word' id='word_1_831' title='bbox 2552 5280 2766 5355; x_wconf 76' lang='grc' dir='ltr'><strong>οὐδεμιᾷ</strong></span> <span class='ocrx_word' id='word_1_832' title='bbox 2807 5283 2989 5357; x_wconf 74' lang='grc' dir='ltr'><strong>μελέτῃ</strong></span> <span class='ocrx_word' id='word_1_833' title='bbox 3016 5281 3223 5354; x_wconf 78' lang='grc' dir='ltr'><strong>ἐπῳδῶν</strong></span> <span class='ocrx_word' id='word_1_834' title='bbox 3254 5286 3517 5359; x_wconf 80' lang='grc' dir='ltr'><strong>χρώμενοι</strong></span> 
     </span>
    </p>
   </div>
   <div class='ocr_carea' id='block_1_111' title="bbox 1908 5374 2307 5449">
    <p class='ocr_par' dir='ltr' id='par_1_111' title="bbox 1908 5374 2307 5449">
     <span class='ocr_line' id='line_1_111' title="bbox 1908 5374 2307 5449; baseline 0 -20"><span class='ocrx_word' id='word_1_835' title='bbox 1908 5374 2307 5449; x_wconf 67' lang='grc' dir='ltr'><strong>ἐντυγχάνουσι.</strong></span> 
     </span>
    </p>
   </div>
   <div class='ocr_carea' id='block_1_112' title="bbox 1986 5470 3512 5543">
    <p class='ocr_par' dir='ltr' id='par_1_112' title="bbox 1986 5470 3512 5543">
     <span class='ocr_line' id='line_1_112' title="bbox 1986 5470 3512 5543; baseline 0.004 -18"><span class='ocrx_word' id='word_1_836' title='bbox 1986 5470 2192 5525; x_wconf 86' lang='lat' dir='ltr'><strong>Deinde</strong></span> <span class='ocrx_word' id='word_1_837' title='bbox 2232 5487 2362 5526; x_wconf 88' lang='lat' dir='ltr'><strong>vero</strong></span> <span class='ocrx_word' id='word_1_838' title='bbox 2412 5480 2563 5526; x_wconf 90' lang='lat' dir='ltr'><strong>tanta</strong></span> <span class='ocrx_word' id='word_1_839' title='bbox 2602 5470 2857 5526; x_wconf 85' lang='lat' dir='ltr'><strong>Cltrtstus</strong></span> <span class='ocrx_word' id='word_1_840' title='bbox 2904 5472 3163 5528; x_wconf 87' lang='lat' dir='ltr'><strong>miracula</strong></span> <span class='ocrx_word' id='word_1_841' title='bbox 3215 5473 3512 5543; x_wconf 90' lang='lat' dir='ltr'><strong>patrando,</strong></span> 
     </span>
    </p>
   </div>
   <div class='ocr_carea' id='block_1_113' title="bbox 1908 5564 3509 5631">
    <p class='ocr_par' dir='ltr' id='par_1_113' title="bbox 1908 5564 3509 5631">
     <span class='ocr_line' id='line_1_113' title="bbox 1908 5564 3509 5631; baseline 0.001 -10"><span class='ocrx_word' id='word_1_842' title='bbox 1908 5567 1981 5621; x_wconf 90' lang='lat' dir='ltr'><strong>ait</strong></span> <span class='ocrx_word' id='word_1_843' title='bbox 2020 5566 2292 5621; x_wconf 86' lang='lat' dir='ltr'><strong>Arnobius</strong></span> <span class='ocrx_word' id='word_1_844' title='bbox 2313 5608 2326 5629; x_wconf 90' lang='lat'><strong>,</strong></span> <span class='ocrx_word' id='word_1_845' title='bbox 2361 5566 2495 5620; x_wconf 90' lang='lat' dir='ltr'><strong>nihil</strong></span> <span class='ocrx_word' id='word_1_846' title='bbox 2524 5566 2838 5620; x_wconf 89' lang='lat' dir='ltr'><strong>hominibus</strong></span> <span class='ocrx_word' id='word_1_847' title='bbox 2867 5566 2969 5619; x_wconf 87' lang='lat' dir='ltr'><strong>nisi</strong></span> <span class='ocrx_word' id='word_1_848' title='bbox 3001 5564 3129 5619; x_wconf 80' lang='lat' dir='ltr'><strong>felix</strong></span> <span class='ocrx_word' id='word_1_849' title='bbox 3155 5574 3209 5619; x_wconf 91' lang='lat' dir='ltr'><strong>et</strong></span> <span class='ocrx_word' id='word_1_850' title='bbox 3240 5565 3473 5623; x_wconf 87' lang='lat' dir='ltr'><strong>faustum</strong></span> <span class='ocrx_word' id='word_1_851' title='bbox 3494 5612 3509 5631; x_wconf 90' lang='lat'><strong>,</strong></span> 
     </span>
    </p>
   </div>
   <div class='ocr_carea' id='block_1_114' title="bbox 1912 5656 3515 5731">
    <p class='ocr_par' dir='ltr' id='par_1_114' title="bbox 1912 5656 3515 5731">
     <span class='ocr_line' id='line_1_114' title="bbox 1912 5656 3515 5731; baseline 0 -16"><span class='ocrx_word' id='word_1_852' title='bbox 1912 5662 2039 5715; x_wconf 89' lang='lat' dir='ltr'><strong>utile</strong></span> <span class='ocrx_word' id='word_1_853' title='bbox 2071 5674 2293 5729; x_wconf 86' lang='lat' dir='ltr'><strong>prorsus</strong></span> <span class='ocrx_word' id='word_1_854' title='bbox 2340 5669 2395 5713; x_wconf 91' lang='lat' dir='ltr'><strong>et</strong></span> <span class='ocrx_word' id='word_1_855' title='bbox 2442 5660 2677 5713; x_wconf 85' lang='lat' dir='ltr'><strong>salutare</strong></span> <span class='ocrx_word' id='word_1_856' title='bbox 2708 5658 2954 5713; x_wconf 91' lang='lat' dir='ltr'><strong>contulit.</strong></span> <span class='ocrx_word' id='word_1_857' title='bbox 2988 5656 3191 5713; x_wconf 86' lang='lat' dir='ltr'><strong>Contra</strong></span> <span class='ocrx_word' id='word_1_858' title='bbox 3216 5674 3347 5714; x_wconf 82' lang='lat' dir='ltr'><strong>vero</strong></span> <span class='ocrx_word' id='word_1_859' title='bbox 3378 5661 3515 5731; x_wconf 77' lang='lat' dir='ltr'><strong>Magi</strong></span> 
     </span>
    </p>
   </div>
   <div class='ocr_carea' id='block_1_115' title="bbox 1908 5751 3514 5823">
    <p class='ocr_par' dir='ltr' id='par_1_115' title="bbox 1908 5751 3514 5823">
     <span class='ocr_line' id='line_1_115' title="bbox 1908 5751 3514 5823; baseline 0.001 -16"><span class='ocrx_word' id='word_1_860' title='bbox 1908 5753 1974 5807; x_wconf 93' lang='lat' dir='ltr'><strong>iis</strong></span> <span class='ocrx_word' id='word_1_861' title='bbox 2001 5751 2143 5818; x_wconf 86' lang='lat' dir='ltr'><strong>suis,</strong></span> <span class='ocrx_word' id='word_1_862' title='bbox 2196 5769 2313 5820; x_wconf 72' lang='lat' dir='ltr'><strong>qua:</strong></span> <span class='ocrx_word' id='word_1_863' title='bbox 2347 5752 2699 5823; x_wconf 85' lang='lat' dir='ltr'><strong>putabantur,</strong></span> <span class='ocrx_word' id='word_1_864' title='bbox 2737 5751 3011 5805; x_wconf 84' lang='lat' dir='ltr'><strong>miraculis</strong></span> <span class='ocrx_word' id='word_1_865' title='bbox 3062 5752 3193 5806; x_wconf 89' lang='lat' dir='ltr'><strong>nihil</strong></span> <span class='ocrx_word' id='word_1_866' title='bbox 3250 5753 3354 5807; x_wconf 90' lang='lat' dir='ltr'><strong>nisi</strong></span> <span class='ocrx_word' id='word_1_867' title='bbox 3406 5754 3514 5809; x_wconf 81' lang='lat' dir='ltr'><strong>illi-</strong></span> 
     </span>
    </p>
   </div>
   <div class='ocr_carea' id='block_1_116' title="bbox 1905 5846 3515 5921">
    <p class='ocr_par' dir='ltr' id='par_1_116' title="bbox 1905 5846 3515 5921">
     <span class='ocr_line' id='line_1_116' title="bbox 1905 5846 3515 5921; baseline 0.001 -18"><span class='ocrx_word' id='word_1_868' title='bbox 1905 5850 2069 5903; x_wconf 93' lang='lat' dir='ltr'><strong>citum</strong></span> <span class='ocrx_word' id='word_1_869' title='bbox 2092 5888 2107 5913; x_wconf 91' lang='lat'><strong>,</strong></span> <span class='ocrx_word' id='word_1_870' title='bbox 2144 5847 2355 5911; x_wconf 74' lang='lat' dir='ltr'><strong>infelix,</strong></span> <span class='ocrx_word' id='word_1_871' title='bbox 2383 5848 2604 5901; x_wconf 78' lang='lat' dir='ltr'><strong>noxium</strong></span> <span class='ocrx_word' id='word_1_872' title='bbox 2626 5889 2639 5910; x_wconf 93' lang='lat'><strong>,</strong></span> <span class='ocrx_word' id='word_1_873' title='bbox 2668 5846 3028 5915; x_wconf 87' lang='lat' dir='ltr'><strong>perniciosum</strong></span> <span class='ocrx_word' id='word_1_874' title='bbox 3052 5890 3068 5913; x_wconf 93' lang='lat'><strong>,</strong></span> <span class='ocrx_word' id='word_1_875' title='bbox 3096 5848 3515 5921; x_wconf 86' lang='lat' dir='ltr'><strong>hominibusque</strong></span> 
     </span>
    </p>
   </div>
   <div class='ocr_carea' id='block_1_117' title="bbox 1902 5940 3514 6012">
    <p class='ocr_par' dir='ltr' id='par_1_117' title="bbox 1902 5940 3514 6012">
     <span class='ocr_line' id='line_1_117' title="bbox 1902 5940 3514 6012; baseline -0.001 -11"><span class='ocrx_word' id='word_1_876' title='bbox 1902 5952 1957 6001; x_wconf 87' lang='lat' dir='ltr'><strong>et</strong></span> <span class='ocrx_word' id='word_1_877' title='bbox 1984 5940 2183 5997; x_wconf 86' lang='lat' dir='ltr'><strong>belluis</strong></span> <span class='ocrx_word' id='word_1_878' title='bbox 2208 5940 2433 5998; x_wconf 84' lang='lat' dir='ltr'><strong>exitiale</strong></span> <span class='ocrx_word' id='word_1_879' title='bbox 2457 5941 2851 6011; x_wconf 64' lang='lat' dir='ltr'><strong>praestiterunt.</strong></span> <span class='ocrx_word' id='word_1_880' title='bbox 2884 5940 2941 5997; x_wconf 84' lang='lat' dir='ltr'><strong>Si</strong></span> <span class='ocrx_word' id='word_1_881' title='bbox 2972 5940 3102 6012; x_wconf 90' lang='lat' dir='ltr'><strong>quid</strong></span> <span class='ocrx_word' id='word_1_882' title='bbox 3132 5950 3317 5998; x_wconf 85' lang='lat' dir='ltr'><strong>autem</strong></span> <span class='ocrx_word' id='word_1_883' title='bbox 3368 5944 3514 6001; x_wconf 86' lang='lat' dir='ltr'><strong>utili—</strong></span> 
     </span>
    </p>
   </div>
  </div>
