3918 6342
326 369 427 426 411

1525 359 1977 421 DISSERTATIO
2015 361 2294 422 PBEVIA

3513 365 3618 420 419.

326 479 454 536 tatis
493 477 802 540 viderentur
843 476 1075 546 afferre,
1125 479 1224 532 hoc
1265 492 1374 533 nou
1410 477 1608 532 accidit
1659 473 1904 542 illorum,
1938 543 1943 552 ί

2054 503 2139 543 ους
2158 485 2430 546 τοσούτοις
2457 480 2710 543 κινδύνοις
2729 479 2948 544 ἑαυτούς
2976 481 3423 554 παραϐιϐληκέναι
3452 481 3616 553 (εἰσά-

329 573 425 631 sed
453 574 713 640 aliorum,
743 573 796 632 id
829 583 941 638 est,
973 572 1279 627 daemonum
1300 615 1314 636 ,
1361 588 1392 626 a
1439 587 1498 627 se
1544 571 1918 627 invocatorum

331 673 636 736 potestate:
669 664 801 732 Quis
832 665 931 718 hoc
964 663 1198 731 nesciat,
1235 682 1254 716 ι
1289 664 1513 718 Arnobii
1553 663 1716 719 verba
1765 675 1920 728 sunt,

335 777 354 810 ε
385 765 479 813 aut
506 758 840 820 mortiferam
870 756 1195 823 immittere,
1225 757 1420 826 quibus
1453 757 1692 823 libuerit,
1721 756 1922 822 tabem,

330 863 423 908 aut
471 851 814 910 familiarium
861 849 1200 918 disrumpere
1226 848 1549 914 charitates,
1569 887 1583 902 .
1609 889 1621 900 .
1647 889 1656 901 .
1678 888 1691 902 .
1711 889 1723 902 .
1753 856 1843 902 aut
1873 850 1925 902 in

330 943 615 999 curriculis
643 956 812 1009 equos
860 941 1172 1008 debilitare,
1226 933 1492 1008 incitare,
1543 941 1790 1007 tardare,
1835 951 1929 995 aut

329 1036 589 1090 uxoribus
613 1042 665 1090 et
698 1033 882 1088 liberis
913 1033 1134 1095 alienis,
1165 1033 1278 1087 sive
1306 1033 1382 1088 illi
1414 1049 1593 1089 mares
1624 1033 1758 1098 sint,
1812 1036 1928 1088 sive

327 1128 544 1185 feminei
571 1129 785 1197 generis
806 1169 820 1192 ,
852 1128 1155 1183 ineoncessi
1196 1129 1397 1182 amoris
1429 1127 1676 1184 ﬂammas
1699 1170 1714 1194 ,
1760 1137 1814 1184 et
1847 1127 1928 1182 fu-

327 1224 488 1280 riales
535 1223 828 1278 immittere
877 1222 1201 1291 cupiditates
1253 1240 1265 1275 :
1316 1231 1409 1276 aut
1459 1224 1502 1277 si
1555 1223 1682 1280 utile
1730 1221 1928 1292 aliquid

327 1316 615 1377 videantur
644 1315 847 1371 audere
868 1357 881 1380 ,
917 1330 1023 1370 non
1038 1315 1275 1386 ‘propria
1307 1318 1356 1369 vi
1389 1330 1548 1385 posse
1571 1357 1585 1381 ,
1619 1317 1711 1370 sed
1742 1331 1928 1369 eorum

328 1424 463 1483 quos
493 1409 747 1464 invocant
797 1416 1064 1477 potestate
1098 1427 1116 1460 ι
1164 1407 1418 1480 (Arnob.,
1453 1407 1541 1461 lib.
1572 1423 1624 1472 ι,
1659 1424 1780 1476 pag.
1808 1405 1929 1477 25).

401 1519 467 1576 Et
517 1519 634 1574 haec
678 1517 897 1589 quidem
944 1520 1142 1572 mirum
1193 1519 1435 1588 profecto
1481 1519 1533 1570 in
1585 1516 1804 1571 modum
1848 1517 1933 1573 his

330 1612 507 1668 adhuc
528 1610 917 1667 conﬁrmantur
933 1612 1184 1682 Origenis
1210 1611 1472 1666 adversus
1484 1612 1700 1667 Celsum
1723 1612 1932 1668 verbis:

329 1709 404 1762 Τά
448 1709 538 1777 μέν
591 1713 692 1761 τῶν
747 1707 1132 1777 ἀντιχρίστων,
1183 1708 1268 1760 καί
1327 1713 1425 1762 τῶν
1481 1708 1935 1780 προσποιουμένων

330 1796 590 1869 δυνάμεις.
623 1801 691 1860 ὡς
722 1801 956 1870 μαθητῶν
993 1798 1176 1863 Ἰησοῦ,
1219 1806 1428 1870 σημεῖα,
1460 1801 1546 1853 καί
1573 1801 1764 1874 τέρατα
1807 1799 1939 1874 λέγεο

328 1912 416 1946 ται
445 1885 573 1945 εἶναι
617 1887 781 1960 ψεύδη
804 1931 816 1951 ,
862 1891 912 1944 έν
938 1891 1082 1962 πάσῃ
1113 1891 1285 1962 ἀπάτῃ
1326 1888 1525 1952 ἀδικίας
1575 1898 1682 1952 τοῖς
1722 1891 1939 1945 ἀπολλυ-

329 1984 499 2054 μένοις
529 1984 812 2055 ἰσχύοντα.
859 1985 923 2038 τά
947 1981 1002 2037 δέ
1029 1989 1123 2039 τοῦ
1165 1989 1392 2058 Χριστοῦ
1422 1986 1509 2037 καί
1557 1991 1658 2038 τῶν
1706 1987 1939 2056 μαθητῶν

331 2078 494 2132 αὐτοῦ
514 2078 710 2153 καρπόν
733 2075 914 2148 ἴσχεν,
941 2079 1033 2131 οῦκ
1053 2079 1276 2140 ἀπάτην,
1301 2077 1425 2132 ἀλλὰ
1448 2081 1705 2149 σωτηρίαν
1725 2078 1936 2150 ψυχῶν.

330 2173 410 2233 τίς
439 2172 540 2245 γάρ
590 2172 676 2226 τόν
722 2176 988 2246 κρείττονα
1037 2172 1165 2244 βίον,
1219 2174 1304 2226 καί
1351 2171 1694 2228 συστέλλοντα
1737 2175 1805 2228 τά
1848 2181 1940 2235 τῆς

331 2266 514 2324 κακίας
562 2263 814 2339 ὁσημέραι
856 2266 942 2318 ini
990 2266 1049 2320 τὸ
1103 2262 1334 2328 ἔλαττον,
1385 2265 1601 2338 εὐλόγως
1650 2267 1796 2336 φησὶν
1837 2267 1938 2319 άπὸ

332 2356 537 2420 ἀπάτης
562 2359 821 2430 γίνιο-θαις
857 2357 1321 2417 Antichristorum.
1356 2367 1400 2411 et
1439 2359 1509 2410 ad
1553 2357 1938 2410 similitudinem

331 2447 460 2506 Jesu
488 2451 860 2517 discipulorum
902 2451 1146 2504 uirtutem
1192 2466 1337 2503 suam
1381 2467 1616 2504 exercere
1647 2451 1939 2504 conantium

333 2541 586 2595 miracula
614 2543 949 2614 prodigiaque
980 2543 1316 2612 appellantur
1346 2542 1642 2608 mendacia,
1683 2543 1820 2594 omni
1848 2541 1937 2595 de-

334 2637 570 2706 ceptione
598 2636 897 2706 injustitiw,
930 2637 999 2690 ad
1054 2635 1338 2705 perdendos
1396 2636 1626 2690 homines
1676 2635 1933 2704 efﬁcacia;

335 2729 713 2788 Miraculorum
739 2740 913 2786 autem
933 2728 1123 2786 Christi
1152 2730 1368 2799 ejusque
1395 2729 1762 2798 discipulorum
1792 2731 1936 2800 [ruc-

335 2834 416 2883 tus
443 2833 590 2890 erat,
639 2841 740 2881 non
797 2825 1060 2890 deceptio,
1114 2825 1205 2879 sed
1255 2824 1394 2878 salus
1442 2825 1750 2878 animarum.
1811 2823 1938 2890 Quis

336 2921 471 2974 enim
498 2919 832 2990 probabiliter
885 2919 1072 2974 diceret
1122 2919 1528 2974 emendationem
1571 2921 1718 2985 vitis,
1769 2919 1937 2986 quoti-

339 3013 618 3084 dianosque
657 3030 690 3067 a
727 3014 863 3068 vitiis
901 3013 971 3066 ad
1015 3014 1252 3066 virtutem
1294 3017 1586 3084 profectus,
1635 3013 1776 3066 nasci
1799 3029 1826 3066 e
1851 3012 1940 3066 de-

337 3107 694 3176 ceptionibus?
724 3107 914 3179 (Orig.
934 3147 950 3173 ,
1001 3106 1090 3161 lib.
1132 3121 1192 3169 ιι,
1237 3122 1358 3175 pag.
1387 3105 1499 3176 90).
1532 3103 1768 3174 Longius
1800 3104 1940 3158 foret

337 3208 508 3255 totum
535 3199 678 3258 hunc
706 3197 955 3270 Origenis
1001 3199 1178 3253 locum
1224 3197 1536 3252 describere
1565 3213 1580 3251 :
1615 3196 1710 3250 sed
1740 3211 1861 3250 eum
1892 3195 1940 3250 si

339 3294 606 3364 integrum
649 3295 832 3363 legere
863 3291 1134 3358 volueris,
1189 3290 1437 3346 lectionis
1491 3300 1542 3344 te
1586 3287 1940 3360 proculdubio

341 3398 447 3441 non
473 3383 699 3456 pigebit.

414 3498 602 3555 Tertio
652 3497 902 3553 Christus
957 3506 1036 3552 tot
1091 3495 1388 3558 miracula,
1444 3494 1620 3565 pergit
1671 3491 1941 3549 Arnobius

341 3593 591 3670 (Arnob.,
636 3594 722 3647 lib.
753 3608 792 3659 ι,
823 3609 944 3664 pag.
975 3589 1094 3663 27),
1130 3605 1237 3645 non
1287 3605 1422 3644 vana
1469 3588 1654 3659 utique
1705 3597 1942 3642 ostenta-

344 3688 492 3742 tione
517 3686 726 3752 edidit,
755 3684 850 3740 sed
873 3693 929 3738 ut
949 3698 1172 3753 Operam
1199 3681 1529 3752 benignitate
1556 3681 1749 3746 duros,
1784 3691 1942 3750 atque

343 3777 654 3834 incredulos
687 3776 936 3831 homines
986 3774 1053 3829 ad
1098 3789 1279 3829 veram
1335 3774 1424 3828 Dei
1477 3773 1837 3844 cognitionem
1890 3780 1946 3827 et

344 3870 546 3926 cultum
577 3869 908 3924 adduceret:
941 3867 1082 3938 magi
1112 3882 1274 3932 vero,
1319 3876 1377 3920 ut
1406 3866 1475 3920 ab
1511 3867 1610 3920 hac
1637 3867 1946 3936 cognitione

343 3975 398 4022 et
427 3965 576 4021 cultu
602 3978 825 4019 aversos
847 4003 861 4027 ,
894 3962 961 4017 ad
989 3961 1252 4017 nefariam
1286 3959 1542 4015 falsorum
1590 3959 1813 4015 deorum
1855 3975 1947 4013 ve-

345 4058 685 4113 nerationem
715 4053 1038 4109 inducerent
1058 4094 1072 4115 ,
1107 4062 1201 4106 aut
1231 4051 1483 4106 inductos
1513 4060 1769 4121 cogerent
1799 4051 1850 4105 in
1883 4067 1944 4105 ea

345 4163 562 4220 semper
587 4161 962 4219 perseverare.
1001 4144 1241 4214 Denique
1273 4152 1476 4198 tantum
1504 4143 1656 4199 abest
1674 4183 1690 4206 ,
1717 4154 1773 4198 ut
1794 4141 1948 4198 Chri-

347 4252 460 4300 stus
508 4240 713 4300 aliauid
765 4239 870 4294 ulla
917 4247 1033 4293 arte
1082 4237 1291 4308 magica
1343 4235 1531 4290 fecerit
1561 4233 1786 4305 (Ibid.);
1819 4236 1946 4303 quin

348 4336 531 4406 potius
552 4334 699 4387 illam
724 4345 941 4387 omnem
964 4331 1044 4387 sic
1067 4329 1511 4386 condenmaverit
1533 4335 1634 4392 ,ιιι
1661 4326 1946 4391 Arnobius,

355 4426 513 4482 sicuti
537 4427 646 4495 jam
677 4425 913 4480 vidimus
935 4465 949 4490 ,
1000 4425 1140 4478 inter
1169 4421 1428 4476 miracula
1477 4419 1594 4490 ejus
1615 4425 1910 4490 [computet
1932 4461 1948 4486 ,

350 4520 626 4590 antiquata
676 4517 745 4573 ab
787 4517 880 4571 illo
906 4526 1095 4572 cuncta
1126 4515 1435 4571 daemonum
1457 4554 1472 4580 ,
1508 4523 1711 4577 vatum,
1761 4512 1952 4566 harus-

355 4613 557 4686 picum,
588 4622 644 4667 et
673 4625 952 4682 magorum
985 4609 1234 4664 artificia.

420 4725 606 4797 Neque
632 4725 865 4781 absimili
917 4724 1079 4794 plane
1122 4721 1285 4778 modo
1333 4721 1584 4793 Origines
1626 4719 1786 4776 Celso
1838 4733 1953 4774 res-
1981 4742 2036 4804 ι)

350 4817 595 4890 pondet:
638 4815 762 4890 Ἐγὼ
809 4814 863 4872 δέ
911 4818 1002 4870 οὐκ
1049 4810 1140 4870 οἶδ’
1170 4811 1306 4876 ὅπως
1351 4810 1410 4869 ἂν
1455 4816 1620 4888 μάγος
1668 4817 1956 4888 ἠγωνίσατο

353 4910 550 4978 διδάξαι
602 4911 747 4983 λόγον
801 4912 1036 4966 πείθοντα
1092 4907 1335 4980 (πάντα)
1389 4910 1657 4981 πράττειν,
1710 4909 1784 4969 ’ὡς
1828 4911 1958 4962 Θεοῦ

353 5009 608 5078 κρίνοντος
636 5006 854 5076 ἕκαστον
883 5005 968 5058 ἐπὶ
997 5009 1127 5058 πᾶσι
1157 5009 1265 5063 τοῖς
1285 5005 1680 5078 πεπραγμένοις.
1709 5006 1796 5058 καί
1823 5002 1960 5058 οὕτω

355 5097 635 5155 διατιθέντα
676 5101 797 5158 τούς
828 5097 1014 5152 ἑαυτοῦ
1053 5097 1304 5168 μαθητάς,
1335 5091 1405 5156 οἷς
1434 5094 1610 5166 ἤμελλε
1659 5099 1964 5170 χρήσασθαι

357 5191 606 5252 διακόνοις
642 5199 734 5253 τῆς
779 5191 967 5246 εαυτοῦ
1006 5187 1361 5248 διδασκαλίας.
1394 5187 1501 5258 Ego
1529 5204 1644 5242 vero
1671 5205 1773 5242 non
1803 5187 1958 5243 intel-

359 5283 460 5355 ligo
495 5281 750 5352 quomodo
794 5297 973 5350 magus
1007 5281 1247 5350 potuisset
1299 5280 1424 5331 dare
1464 5297 1699 5352 Operam,
1749 5291 1802 5333 ut
1844 5299 1958 5350 per-

359 5377 595 5433 suaderet
644 5391 1047 5445 unumquemque
1093 5375 1168 5427 ita
1211 5391 1331 5427 suas
1380 5374 1604 5428 actiones
1666 5375 1954 5439 moderari,

361 5487 422 5524 ac
450 5471 492 5526 si
522 5468 817 5523 redditurus
845 5478 970 5523 esset
1013 5469 1262 5520 rationem
1292 5465 1402 5520 Deo
1444 5465 1636 5533 iudici:
1690 5476 1838 5538 atque
1885 5468 1957 5520 ita

364 5563 648 5633 discipulos
678 5578 799 5616 suos
823 5560 1120 5626 instituere,
1153 5561 1335 5631 quibus
1367 5567 1478 5614 erat
1504 5575 1688 5613 usurus
1717 5561 1963 5615 ministris

365 5671 470 5711 suae
509 5655 756 5708 doctrinae
803 5652 820 5724 (
849 5651 995 5723 Orig.
1023 5695 1036 5720 ,
1068 5652 1152 5705 lib.
1205 5669 1242 5718 ι,
1288 5662 1452 5708 contr.
1482 5648 1616 5706 Cels.
1641 5693 1655 5716 ,
1694 5670 1812 5721 pag.
1846 5653 1960 5722 30).

364 5747 499 5804 Tum
554 5755 832 5816 postquam
878 5761 1006 5801 vera
1074 5745 1327 5799 miracula
1397 5744 1465 5798 ab
1523 5743 1638 5812 ejus
1691 5744 1966 5817 discipulis

369 5840 604 5894 factitata
631 5837 795 5894 fuisse
847 5839 1129 5908 probavit,
1192 5837 1309 5893 haec
1359 5838 1618 5893 continuo
1662 5836 1893 5906 subjecit
1936 5855 1950 5892 :

375 5935 430 5986 El
456 5931 508 5987 δὲ
539 5931 778 6002 δυνάμεις
809 5933 1037 6002 ἐτέλουν,
1086 5934 1200 5988 τίνα
1243 5928 1358 6003 ἔχει
1398 5931 1713 5989 πιθανότητα
1756 5933 1815 5986 τὸ
1867 5934 1962 6002 μά-

2023 575 2228 646 γοντας)
2259 573 2587 631 διδασκαλίαν
2633 575 2848 646 μαγείας
2891 575 3338 648 ἀπαγορεύουσαν.
3379 574 3531 641 Quod
3579 578 3622 629 si

2028 668 2297 737 patrabant
2333 669 2431 738 ipsi
2461 684 2659 738 quoque
2683 667 2947 738 prodigia,
2977 666 3230 732 quomodo
3258 666 3518 736 probabile
3548 680 3621 722 est

2027 777 2202 832 magos
2245 777 2297 814 se
2321 762 2617 829 exposuisse
2653 769 2725 813 tot
2769 759 3039 828 periculis,
3077 759 3163 830 qui
3215 759 3500 813 doctrinam
3542 759 3624 812 in-

2029 855 2282 908 duxerunt
2311 896 2323 913 .
2376 856 2624 925 magicam
2675 862 2836 907 artem
2870 854 3072 923 penitus
3103 852 3454 907 detestantem.
3498 853 3624 907 Post

2030 946 2165 1011 haec,
2191 945 2380 1002 eodem
2407 963 2594 1001 rursus
2613 949 2775 1001 modo
2798 946 3038 1012 Celsum,
3056 949 3242 1000 eadem
3267 957 3620 1016 repetentem,

2031 1039 2263 1107 refellit,
2295 1049 2569 1110 totamque
2621 1055 2771 1094 suam
2825 1040 3244 1108 disputationem
3298 1041 3443 1096 hunc
3498 1057 3624 1095 con-

2031 1133 2201 1187 cludit
2241 1135 2292 1187 in
2319 1134 2534 1188 modum
2568 1151 2581 1188 :
2618 1133 2747 1201 Quis
2796 1149 2936 1187 sanat
2982 1136 3164 1188 mentis
3207 1137 3438 1204 conferat
3481 1150 3624 1200 eum,

2032 1224 2306 1280 Christum
2329 1267 2343 1289 ,
2375 1243 2490 1280 cum
2521 1227 2954 1296 praestigiatorum
2996 1227 3260 1293 proposito
3281 1266 3296 1289 ,
3325 1241 3384 1278 ac
3410 1242 3514 1279 non
3540 1241 3631 1294 po-

2034 1319 2132 1372 tius
2159 1318 2329 1372 credat
2347 1319 2502 1390 juxta
2529 1323 2735 1372 oracula
2754 1317 2920 1373 Deum
2951 1334 3058 1372 esse
3088 1329 3413 1389 conspectum
3460 1320 3510 1371 in
3540 1319 3631 1372 Im-

2035 1430 2187 1467 marto
2217 1431 2458 1482 corpore,
2491 1415 2624 1467 utin
2668 1425 2898 1467 nostrum
2941 1430 3099 1480 genus
3143 1425 3394 1466 exerceret
3439 1413 3630 1480 benefi-

2036 1509 2272 1560 centiam.
2298 1515 2406 1568 Πῶς
2433 1508 2650 1580 εὐλόγως
2687 1504 2747 1563 ἄν
2768 1530 2846 1569 τις
2881 1509 3035 1562 αὐτὸν
3064 1516 3125 1582 τῇ
3179 1509 3479 1582 προαιρέσει
3536 1515 3634 1563 τῶν

2035 1608 2229 1674 γοητῶν
2243 1600 2554 1672 παραϐάλοι.
2573 1603 2658 1654 καί
2674 1605 2763 1672 μη.
2782 1600 2895 1656 κατ’
2911 1599 3234 1673 ἐπαγγελίαν,
3266 1601 3351 1654 τόν
3370 1603 3494 1654 Θεὸν
3510 1594 3639 1656 εἶναι

2038 1695 2304 1756 πιστεύοι,
2337 1694 2385 1746 έν
2417 1696 2710 1770 ἀνθρωπίνῳ
2735 1696 2950 1766 φανέντα
2976 1696 3200 1764 σώματι.
3242 1693 3323 1748 ἐπ’
3368 1695 3639 1768 εὐεργεσίᾳ

2039 1790 2131 1839 τοῦ
2160 1786 2336 1857 γένους
2363 1785 2500 1856 ἡμῖν.
2531 1783 2722 1851 (lbid.,
2755 1801 2872 1854 pag.
2905 1782 3023 1854 5i.)

2113 1875 2271 1929 Plura
2315 1892 2443 1931 sane
2473 1879 2683 1947 egregia
2706 1919 2720 1942 ,
2768 1886 2822 1930 et
2851 1875 2990 1931 lectu
3021 1876 3178 1947 digna
3213 1876 3314 1931 hoc
3363 1878 3538 1947 ipsum
3586 1877 3638 1932 in

2044 1986 2420 2046 argumentum
2474 1977 2712 2044 disputat
2767 1976 3075 2031 Eusebius:
3108 1976 3204 2032 sed
3255 1979 3376 2048 quia
3432 1977 3640 2048 longius

2045 2077 2189 2122 esset
2221 2083 2283 2121 ea
2315 2067 2400 2121 hic
2430 2067 2769 2134 describere,
2806 2069 2871 2122 ad
2899 2069 3015 2137 ejus
3044 2079 3095 2123 te
3126 2071 3391 2123 mittimus
3418 2069 3635 2135 librum,

2043 2175 2203 2228 quem
2233 2160 2447 2229 quidem
2479 2161 2523 2213 si
2556 2159 2704 2215 adire
2737 2172 2789 2214 et
2823 2162 3165 2230 pervolutare
3200 2171 3250 2214 te
3279 2176 3385 2216 non
3420 2161 3634 2229 ta-deat,

2045 2253 2244 2322 legisse
2271 2253 2490 2306 ntiuime
2523 2253 2803 2318 pmuitebit
2835 2251 3084 2324 (Euseb.,
3121 2253 3210 2308 lib.
3249 2271 3335 2319 ιιι,
3376 2253 3634 2310 Demonst.

2045 2344 2245 2416 Evang.
2271 2388 2286 2412 ,
2317 2363 2430 2417 cap.
2461 2347 2495 2402 5
2527 2357 2572 2402 et
2599 2347 2662 2414 6;
2707 2365 2826 2418 pag.
2860 2349 2984 2414 105,
3028 2357 3073 2402 et
3100 2365 3245 2419 :seq.,
3280 2360 3326 2402 et
3358 2365 3477 2420 pag.
3514 2349 3635 2414 109,

2045 2448 2090 2493 et
2115 2455 2251 2508 seqq.
2278 2441 2318 2507 ).

2574 2615 2969 2657 Αιιτιεῦιυε
3008 2617 3111 2655 Ill.

2043 2759 2198 2820 Quam
2222 2759 2432 2810 absurde
2454 2759 2650 2810 Ethnici
2688 2760 2964 2822 objicerent
2990 2759 3164 2808 eadem
3190 2766 3272 2809 aut
3288 2759 3465 2812 similia
3485 2773 3513 2809 a
3546 2759 3646 2810 diis

2254 2824 2387 2882 suis,
2417 2830 2562 2886 atque
2589 2837 2616 2872 a
2639 2822 2826 2874 Christo
2851 2823 2973 2872 facta
2999 2822 3150 2872 fuisse
3174 2822 3421 2872 miracula.

2117 2996 2512 3054 Pertinaciores
2527 2995 2726 3051 ethnici
2749 2995 2815 3049 ad
2842 3006 3092 3051 extrema
3132 2995 3372 3063 redacti,
3414 3010 3514 3052 nec
3543 3010 3641 3052 ce-

2044 3090 2174 3146 dere
2203 3107 2453 3162 umquam
2483 3101 2724 3147 veteutes
2749 3134 2763 3156 ,
2799 3092 3070 3146 instabant
3100 3092 3290 3147 eadem
3314 3108 3343 3145 a
3370 3092 3472 3146 diis
3494 3095 3606 3148 suis
3627 3135 3644 3158 ,

2043 3197 2162 3252 qua:
2206 3198 2237 3235 a
2277 3183 2495 3238 Christo
2543 3183 2688 3238 edita
2739 3184 3021 3238 miracula.
3057 3183 3232 3239 Unum
3280 3186 3423 3240 enim
3469 3201 3536 3240 ex
3565 3186 3648 3242 eis

2043 3275 2406 3346 disputantem
2422 3277 2694 3331 Arnobius
2725 3275 2804 3331 sic
2835 3276 3044 3331 inducit
3076 3294 3088 3329 :
3130 3295 3148 3328 t
3181 3276 3400 3332 Frustra
3434 3287 3647 3333 tantum

1967 3343 2011 3406 C
2042 3368 2270 3439 adrogas
2299 3367 2532 3434 Christo,
2567 3384 2688 3423 cum
2719 3384 2865 3438 saepe
2895 3369 3028 3424 alios
3063 3369 3296 3424 sciamus
3321 3370 3452 3425 deos
3481 3381 3535 3426 et
3565 3372 3650 3426 la-

2042 3462 2355 3518 borantibus
2384 3463 2624 3534 plurimis
2652 3463 2866 3519 dedisse
2893 3464 3216 3527 medicinas,
3249 3475 3304 3520 et
3347 3467 3642 3520 multorum

2045 3557 2297 3622 morbos,
2341 3557 2781 3628 valetudinesque
2827 3573 3069 3612 curasse.
3111 3576 3130 3610 ι
3166 3558 3428 3628 (Arnob..
3475 3559 3560 3613 lib.
3600 3575 3642 3626 ι,

2046 3666 2166 3719 pag.
2191 3647 2305 3720 28).
2341 3648 2547 3705 Nullius
2593 3649 2769 3720 itaque
2794 3691 2806 3713 ,
2856 3649 3198 3720 iuquiebaut,
3232 3650 3360 3704 illud
3392 3650 3650 3705 christia—

2047 3760 2237 3800 norum
2263 3756 2636 3815 argumentum
2663 3759 2745 3800 εει
2786 3747 3067 3816 ponderis,
3100 3756 3192 3801 aut
3220 3749 3265 3801 si
3297 3747 3423 3818 quid
3453 3749 3651 3802 virium

2050 3837 2278 3902 habent,
2327 3853 2392 3892 eo
2423 3852 2640 3908 quoque
2680 3853 2862 3892 veram
2909 3853 3030 3893 esse
3058 3851 3298 3895 nostram
3329 3840 3654 3910 religionem

2049 3930 2389 3985 conficietur.
2424 3931 2504 3984 Dii
2535 3931 2682 3984 enim
2713 3932 2881 3989 nostri
2914 3946 3020 3988 non
3054 3931 3260 3986 minora
3293 3947 3451 4000 quam
3487 3928 3653 3987 Chri-

2050 4034 2166 4080 stus
2199 4025 2453 4079 miracula
2486 4025 2792 4080 ediderunt.

2127 4117 2233 4178 Sed
2248 4117 2366 4172 haec
2390 4117 2744 4173 Ethnicorum
2767 4117 3116 4188 reprehensio
3129 4119 3196 4174 ab
3215 4115 3454 4176 Arnobio
3467 4129 3658 4175 nostro

2052 4209 2309 4268 facillime
2354 4213 2615 4267 evertitur
2645 4210 2859 4284 (Infr.,
2889 4229 3006 4283 cap.
3036 4213 3124 4278 18;
3152 4221 3255 4266 art.
3283 4228 3321 4280 ι,
3367 4223 3416 4267 et
3458 4215 3654 4285 seqq.).

2055 4304 2188 4359 Esto
2218 4305 2383 4366 enim,
2418 4304 2591 4375 inquit
2619 4304 2744 4365 ille.
2770 4304 2913 4374 quod
2944 4285 3131 4374 postea
3157 4317 3338 4360 utrum
3361 4321 3547 4361 verum
3585 4309 3659 4362 sit

2054 4397 2472 4466 exautinabitur.
2498 4396 2744 4467 quaedam
2779 4395 2852 4450 dii
2880 4396 3138 4450 miracula
3171 4396 3396 4451 fecerint
3424 4413 3439 4451 :
3469 4413 3658 4457 nonne

2055 4499 2205 4550 certo
2225 4488 2425 4546 certius
2443 4499 2526 4545 est
2545 4489 2751 4545 nullum
2784 4491 2852 4544 ab
2881 4490 2990 4547 ullo
3016 4490 3296 4561 gentilium
3317 4491 3440 4559 deo,
3463 4508 3656 4563 quem-

2058 4583 2346 4642 admodum
2371 4601 2400 4639 a
2422 4582 2638 4640 Christo
2667 4584 2908 4648 domino,
2941 4584 3058 4639 sine
3108 4588 3216 4639 uiio
3268 4585 3654 4657 medicamine,

2061 4686 2150 4730 aut
2173 4677 2276 4734 ulla
2297 4718 2313 4744 ,
2346 4679 2422 4733 uti
2450 4693 2612 4748 supra
2640 4677 2896 4741 diximus,
2921 4687 3147 4732 externa
3170 4676 3273 4732 alia
3302 4692 3362 4734 re
3386 4677 3655 4748 adhibita,

2060 4770 2157 4826 sed
2182 4771 2297 4826 solo
2321 4770 2460 4826 illius
2490 4773 2743 4839 nomine,
2793 4782 2885 4828 aut
2929 4772 3206 4827 levissimo
3259 4781 3404 4829 tactu
3453 4773 3660 4832 editum

2062 4867 2228 4921 fuisse
2259 4867 2574 4924 miraculum
2599 4866 2623 4920 ’l

2136 4973 2404 5027 Praeterea
2458 4970 2668 5025 etiamsi
2717 4968 2990 5025 hominem
3049 4967 3659 5041 aliquem'qtiibnsdam

2065 5068 2324 5126 remediis
2353 5075 2444 5122 aut
2468 5066 2708 5122 externis
2734 5067 2896 5121 rebus
2933 5065 3002 5119 ab
3030 5065 3210 5136 aliquo
3235 5065 3514 5136 gentilium
3554 5066 3665 5122 deo

2069 5173 2314 5220 sanatum
2343 5178 2464 5218 esse
2489 5161 2802 5233 probaveris
2822 5205 2835 5225 ,
2871 5166 3041 5231 quot,
3076 5160 3216 5214 Deus
3245 5161 3415 5214 bone!
3446 5161 3664 5218 ostendi

2063 5272 2295 5336 possunt
2339 5261 2506 5316 millia
2556 5260 2863 5318 hominum.
2914 5259 3002 5328 qui
3053 5265 3331 5327 postquam
3361 5254 3415 5310 iu
3444 5257 3666 5327 templis

2063 5357 2430 5426 Esculapium
2464 5355 2708 5424 aliosque
2734 5353 2865 5409 deos
2896 5345 3096 5421 sa‘pius
3123 5351 3370 5421 repetitis
3395 5393 3410 5416 ,
3439 5367 3500 5405 ac
3531 5366 3666 5406 con-

2063 5455 2226 5510 tinuis
2252 5453 2497 5524 precibus
2525 5451 2871 5511 invocarunt;
2903 5445 3104 5501 nullum
3134 5456 3308 5500 tamen
3343 5445 3531 5501 morbo
3554 5461 3662 5501 suo

2065 5549 2322 5603 invenere
2365 5543 2696 5607 remedium,
2741 5541 2838 5596 sed
2881 5548 2972 5593 aut
3023 5538 3172 5606 pejus
3215 5554 3274 5594 se
3323 5538 3662 5605 habuerunt,

2065 5654 2156 5698 aut
2183 5641 2381 5696 mortui
2413 5647 2576 5700 sunt.
2623 5651 2721 5691 nec
2752 5647 3003 5703 umquam
3035 5632 3178 5686 ullus
3207 5646 3274 5686 ex
3332 5631 3448 5685 istis
3499 5631 3670 5688 ullius

2067 5740 2153 5795 dei
2182 5752 2344 5808 opera
2390 5751 2418 5790 a
2471 5740 2645 5788 morte
2674 5730 2738 5785 ad
2763 5731 2923 5783 vitam
2958 5737 3241 5783 revocatus
3268 5736 3351 5781 est
3379 5724 3616 5798 (Arnob.
3645 5769 3664 5794 ,

2068 5835 2156 5889 lib.
2182 5848 2217 5896 1,
2254 5849 2371 5902 pag.
2403 5827 2559 5902 29.)?

2145 5925 2315 5981 Simili
2341 5924 2502 5980 etiam
2531 5921 2690 5977 modo
2715 5918 2946 5990 Cyrillus
2973 5915 3370 5973 Alexandrinus
3392 5957 3406 5982 ,
3450 5913 3673 5973 Juliano
