3918 6358
229 388 331 445 M3

1497 385 1564 444 IN
1602 383 1977 452 ARNOBIUM,
2019 385 2171 442 CAP.
2214 385 2304 443 lll.

3449 393 3557 450 4M

227 499 544 570 imperatori
591 500 920 572 respondet.
951 499 1243 571 Objiciehat
1271 499 1414 556 enim
1443 501 1829 559 celeberrimus
1857 502 1908 565 Α
1933 515 2126 557 verum
2163 503 2353 568 Deum,
2382 515 2438 559 et
2487 503 2770 576 religionis
2826 518 2942 560 suae
2972 507 3260 565 veritatem
3301 497 3554 566 invictis-

228 591 317 646 ille
331 589 599 662 Apostata
622 593 763 651 nihil
786 591 1057 650 Christum
1080 602 1376 647 memoratu
1397 593 1615 665 dignum
1638 596 1832 665 egisse;

231 683 331 738 nisi
358 683 412 739 in
444 684 762 743 Bethsaidte
787 687 944 758 pagis
969 700 1140 741 caecos
1160 728 1174 751 ,
1209 677 1535 757 claudosque
1556 703 1794 752 ,curasse
1815 729 1830 753 ,

225 783 280 830 et
300 775 589 846 adjnrasse
636 778 912 833 daemonio
939 787 1249 846 correptos.
1287 792 1384 846 pro
1428 794 1621 848 magno
1647 779 1832 847 aliquo

224 868 461 926 facinore
500 871 794 927 habeatur.
825 869 1062 941 Cyrillus
1092 887 1220 926 vero
1250 870 1387 928 hanc
1427 871 1682 926 insulsam
1735 887 1829 927 ca-

224 961 559 1016 villationem
606 963 686 1017 sic
733 963 955 1017 refellit.
987 962 1158 1033 Negat
1188 963 1362 1032 primo
1391 971 1497 1043 ta_m
1527 977 1694 1032 pauca
1726 964 1828 1017 mi-

222 1056 397 1113 racula
431 1055 582 1111 facta
612 1055 782 1112 fuisse
810 1073 840 1110 a
867 1056 1088 1111 Christo
1109 1098 1123 1120 ,
1156 1065 1320 1126 atque
1352 1055 1523 1110 multo
1553 1059 1702 1124 plura
1729 1096 1743 1120 ,
1775 1065 1830 1111 et

222 1149 586 1206 admiratione
609 1150 770 1222 longe
797 1149 1044 1221 digniora
1072 1148 1214 1204 edita
1243 1148 1602 1204 demonstrat.
1632 1149 1828 1204 Poeta-

220 1257 336 1299 rum
389 1242 597 1299 deinde
652 1244 912 1313 principis
971 1241 1280 1298 testimonio
1327 1242 1486 1312 plane
1555 1242 1828 1297 convincit

220 1336 420 1392 nullum
461 1352 726 1408 umquam
759 1348 1030 1393 mortuum
1059 1336 1333 1392 hominem
1354 1379 1368 1403 ,
1401 1352 1577 1404 neque
1605 1327 1821 1402 a'Jove,

219 1444 390 1500 neque
419 1429 490 1484 ab
512 1431 632 1485 ullo
661 1430 769 1484 alio
797 1429 1154 1485 Ethnicorum
1196 1429 1301 1483 deo
1327 1428 1395 1483 ad
1448 1429 1610 1482 vitam
1659 1430 1826 1484 fuisse

220 1521 512 1577 excitatum
545 1541 560 1577 :
595 1521 800 1593 (ενι-ῆι.
859 1522 1139 1587 Alexand.,
1172 1520 1262 1575 lib.
1322 1537 1396 1584 vt,
1450 1533 1616 1576 contr.
1663 1521 1820 1587 Juli.,

218 1631 331 1686 pag.
366 1614 494 1677 l93.
518 1626 569 1669 et
597 1615 764 1689 seqq.)
783 1620 957 1673 Καίτοι
979 1618 1066 1674 τὸν
1090 1619 1200 1679 σὸν,
1291 1612 1464 1681 οὗτος,
1490 1616 1688 1672 ὕπατον
1708 1622 1820 1683 Δία,

214 1710 297 1762 καὶ
321 1709 416 1764 σὺν
613 1708 670 1766 δὲ
695 1713 815 1772 τοὺς
846 1706 1048 1775 ἄλλους,
1077 1707 1166 1771 οὓς
1181 1707 1243 1768 δὴ
1271 1712 1357 1764 καὶ
1383 1711 1524 1770 Geor};
1551 1705 1677 1765 εἶναι
1706 1720 1820 1780 φῆς,

216 1798 602 1866 ἀδυνατοῦντας
624 1805 911 1878 εὑρήσομεν
941 1812 1041 1860 τῶν
1078 1809 1171 1858 τοῦ
1218 1804 1434 1858 θανάτου
1463 1804 1677 1878 βρόχων
1701 1806 1822 1863 τοὺς

1939 594 2076 648 sime
2102 595 2496 664 comprobavit.

2012 685 2079 739 Et
2111 694 2258 742 certe
2300 701 2476 760 neque
2521 687 2736 761 Jupiter
2786 688 2881 744 ulli
2939 705 3196 760 umquam
3228 693 3546 751 mortalium

1935 791 2032 832 seu
2079 777 2343 846 Curioni,
2399 794 2493 834 seu
2551 780 2792 850 pontiﬁci
2848 783 3109 845 maxime.
3165 798 3259 839 seu
3309 784 3546 846 Flamini

1937 867 2112 934 Diali;
2147 885 2321 940 neque
2352 871 2488 926 ullus
2511 887 2723 943 magus,
2757 872 2872 928 sive
2899 876 3214 941 Armenius,
3246 875 3361 931 sive
3384 877 3547 932 Pam-

1939 961 2144 1032 philus,
2182 963 2296 1017 sive
2337 961 2657 1019 Zoroastres
2699 974 2866 1032 tanta,
2903 978 2961 1020 ut
2987 965 3235 1038 Christus
3261 967 3545 1040 discipulis

1940 1054 2052 1108 suis
2101 1054 2358 1109 miracula
2406 1055 2679 1124 patrandi,
2716 1056 2881 1112 immo
2928 1072 3029 1112 nec
3071 1058 3354 1115 minimum
3399 1076 3543 1116 mor-

1932 1143 2056 1197 bum
2108 1144 2468 1214 depellendi,
2533 1147 2845 1204 facultatem
2900 1165 3154 1222 umquam
3205 1151 3429 1224 largitus
3459 1160 3546 1210 est

1932 1234 2148 1309 (Ibid.).

2541 1369 2847 1414 ARTICULUS
2885 1373 2960 1412 IV.

1930 1483 2182 1552 Quomodo
2205 1498 2268 1534 ex
2305 1492 2420 1552 tota,
2438 1487 2529 1538 hac
2553 1489 2887 1552 disputatione
2913 1498 3201 1544 avertantur
3217 1497 3415 1548 insulsa
3449 1501 3543 1549 So-

1992 1549 2260 1622 cianorum,
2287 1557 2339 1626 et
2357 1549 2875 1626 atheorumadyersus
2894 1554 3098 1617 Christi,
3119 1565 3172 1613 et
3187 1559 3542 1626 discipulorum

1992 1609 2099 1670 ejus
2122 1609 2352 1661 miracula
2379 1616 2860 1677 argtuneutationcs.

2015 1714 2218 1782 Quibus
2243 1721 2578 1790 argumentis
2606 1722 2878 1779 adsertam
2923 1725 2992 1780 ab
3022 1726 3266 1784 Arnobio
3310 1730 3542 1786 vidimus

1936 1807 2322 1864 miraculorum
2364 1828 2393 1863 a
2438 1811 2656 1867 Christo
2684 1815 2909 1887 ejusque
2937 1817 3219 1892 discipulis
3267 1821 3537 1876 editorum

214 1893 424 1957 ἁλόντας
446 1895 716 1972 ἁρπάσαι,
741 1900 829 1952 καὶ
851 1899 987 1968 πρὸς
1012 1918 1066 1972 γε
1094 1903 1250 1952 τοῦτο
1271 1898 1407 1971 ἡμᾶς
1435 1897 1651 1972 ἐμπεδοῖ
1668 1898 1815 1972 λέγων

1929 1901 2234 1969 veritatem,
2267 1904 2458 1963 iisdem
2483 1916 2632 1962 certe
2664 1911 3032 1964 recentiorum
3059 1914 3420 1983 quorumdam
3453 1931 3540 1970 so-

213 1983 240 2042 ὃ
260 1995 481 2048 ποιητῶν
510 1988 747 2065 ἄριστῶν

362 2108 456 2158 In:
477 2115 568 2169 im
593 2119 752 2161 θάνατον
775 2117 840 2168 μιν
863 2118 1016 2168 tantm,
1039 2114 1125 2158 οὺει
1146 2119 1316 2170 θωὶιειρ,

361 2181 435 2220 Καὶ
459 2180 554 2232 φασξ
576 2177 688 2232 ἀνδρὶ
711 2177 888 2221 δύνανται
911 2182 1126 2230 Maius,
1149 2182 1287 2220 (indu
1311 2195 1368 2220 ιιιν
1393 2177 1439 2231 δὴ

358 2244 470 2294 loip'
492 2243 590 2293 ὀλοιὴ
611 2244 790 2295 καθέλῃσι
810 2245 1021 2294 molinae
1046 2244 1228 2282 θανάτοιο.

216 2336 536 2408 Quamquam
584 2347 732 2390 tuum
779 2336 928 2390 illum
981 2353 1272 2406 supremum
1323 2335 1543 2406 Jovem,
1590 2338 1820 2412 aliosque

212 2445 317 2483 cum
344 2431 458 2500 ipso
477 2471 495 2497 ,
527 2447 662 2502 quos
689 2440 746 2483 tu
787 2429 909 2483 deos
929 2446 1035 2483 esse
1060 2429 1324 2484 contendis
1343 2470 1359 2497 ,
1403 2429 1713 2499 inﬁrmiores
1731 2432 1815 2485 in-

212 2523 494 2588 veniemus,
546 2540 700 2593 quam
733 2533 788 2576 ut
836 2523 1014 2577 mortis
1059 2523 1254 2593 laqueis
1301 2525 1577 2594 implicitos
1622 2526 1818 2595 eripere

211 2625 418 2685 queant,
450 2633 568 2689 qua
608 2617 662 2671 in
708 2633 765 2670 re
813 2633 907 2671 nos
946 2616 1218 2686 conﬁrmat
1265 2627 1532 2688 poetarum
1578 2619 1816 2689 princeps

211 2708 282 2764 Itis
309 2709 468 2764 verbis
493 2726 518 2764 :

293 2819 483 2872 Verum
512 2825 775 2873 enimvero
799 2829 1008 2874 mortem
1031 2824 1259 2875 omnibus
1282 2837 1815 2940 communetrﬁneqqe

1628 2903 1660 2939 ιι
1685 2903 1759 2940 IDS
1798 2928 1810 2940 .

291 2945 451 3002 Etiam
497 2948 566 2997 ab
603 2954 764 3000 amato
789 2949 894 2999 viro
931 2956 1136 3014 possunt
1168 2961 1380 3010 arcere,
1405 2890 1813 3014 ρυδεαιξίέἓλλιίῗιξὲ

292 3071 470 3124 Fatum
497 3074 838 3137 perniciosum
861 3074 1159 3137 corripuerit
1182 3086 1372 3137 asperat
1396 3014 1814 3126 mortis.[tandem

209 3175 305 3232 Sed
357 3178 480 3234 htec
535 3178 712 3234 fusius
760 3180 1108 3249 prosequitur
1135 3180 1416 3252 Origenes,
1453 3198 1611 3252 quem
1663 3183 1813 3240 adire

1925 1990 2293 2058 einianorum,
2326 2006 2382 2051 et
2421 1998 2670 2064 aliorum,
2697 2000 2786 2071 qui
2811 2001 3297 2061 christianiaudire
3328 2007 3536 2075 volunt,

1924 2085 2235 2153 opiniones,
2263 2090 2378 2145 sive
2431 2093 2610 2161 potius
2643 2094 2962 2163 opinionum
2995 2079 3244 2166 portenta
3290 2099 3535 2159 funditus

1924 2188 2263 2236 evertuntur.
2295 2182 2427 2237 Nam
2462 2183 2515 2238 hi
2565 2185 2813 2258 ipsismet
2839 2189 3068 2248 ethnicis
3090 2189 3394 2249 deteriores
3422 2211 3534 2251 uno

1929 2273 2229 2345 eodemque
2281 2278 2475 2333 calami
2510 2281 2677 2339 ductu
2723 2282 2902 2336 omnia
2946 2284 3060 2340 sive
3103 2301 3135 2340 a
3166 2285 3384 2343 Christo
3438 2289 3537 2344 do-

1927 2362 2092 2428 mino,
2126 2365 2239 2420 sive
2261 2382 2289 2419 a
2328 2368 2572 2437 quolibet
2616 2370 2725 2426 alio
2753 2371 2895 2427 edita
2937 2375 3192 2431 miracula
3219 2379 3535 2438 convellere

1922 2456 2191 2523 nituntur,
2227 2459 2355 2513 dum
2386 2461 2580 2515 nullaa
2625 2463 2736 2517 Deo
2766 2464 2986 2534 quidem
3040 2467 3157 2553 ipso
3203 2457 3320 2525 fieri
3365 2485 3530 2543 posse

1921 2549 2392 2620 impudentissime
2431 2555 2742 2612 adﬁrmant.
2798 2558 3016 2615 Natura:
3064 2549 3337 2632 siquidem
3384 2566 3532 2635 leges

1921 2644 1995 2697 uti
2050 2646 2127 2700 illi
2170 2647 2446 2716 garriunt,
2496 2651 2748 2722 illiusque
2791 2652 2948 2719 ordo,
2982 2671 3102 2727 quae
3131 2657 3364 2728 ipsemet
3403 2669 3532 2716 sunt

1920 2735 2018 2793 Dei
2071 2737 2314 2806 decreta,
2345 2755 2626 2813 nequeunt
2665 2733 2782 2799 ullo
2824 2762 3076 2817 umquam
3114 2745 3277 2817 modo
3309 2760 3526 2821 pertur-

1917 2829 2056 2886 bari.
2097 2831 2463 2899 Quamobrem
2513 2839 2696 2892 omnia
2748 2838 2846 2895 Dei
2894 2840 3113 2898 decreta
3155 2858 3263 2899 non
3323 2846 3525 2913 minus,

1921 2939 2084 3000 quam
2125 2927 2214 2982 ille
2262 2928 2379 2999 ipse
2409 2930 2575 2998 Deus,
2611 2932 2966 2989 immutabilis
2993 2949 3116 2992 esse
3162 2937 3519 2995 concludunt.

1917 3014 2193 3073 Miraculis
2219 3036 2372 3091 ergo,
2417 3023 2686 3093 inquiunt,
2713 3037 2806 3080 aut
2849 3027 2972 3083 aliis
3002 3028 3285 3102 prodigiis,
3314 3032 3359 3087 si
3402 3048 3525 3110 quae

1921 3109 2211 3179 aliquando
2242 3111 2355 3167 fieri
2397 3115 2726 3182 potuissent,
2775 3116 2956 3173 divina
3001 3129 3214 3189 natura,
3248 3109 3523 3196 multoque

1921 3203 2092 3271 magis
2123 3203 2435 3260 christiana:
2465 3208 2743 3279 religionis
2773 3212 2977 3268 veritas
3025 3197 3323 3296 destruitur
3345 3218 3522 3293 potius

208 3272 419 3329 cuilibet
472 3272 619 3328 facie
661 3282 744 3328 est
778 3272 974 3346 (0rig.,
1006 3273 1042 3327 ι.
1077 3289 1116 3343 t,
1159 3285 1323 3331 contr.
1368 3275 1531 3342 Cels,
1563 3297 1615 3349 ρ.
1647 3278 1738 3344 94,
1763 3289 1810 3335 et
1838 3296 1884 3362 ρ
1916 3307 2076 3363 quam
2103 3294 2376 3352 adseritur
2404 3308 2458 3353 et
2487 3272 2778 3362 ειοῖῄιίιηιι,

206 3380 378 3435 seqq.;
411 3364 642 3431 Arnob.,
673 3382 780 3432 n.1,
815 3384 869 3435 ρ.
893 3365 1012 3439 29).

269 3457 457 3529 Neque
485 3458 594 3513 sibi
628 3473 789 3528 porro
819 3459 1092 3515 Arnobius
1139 3463 1340 3532 opponi
1382 3463 1510 3518 sinit
1539 3463 1672 3519 deos
1700 3480 1804 3520 non

207 3551 350 3606 malis
382 3550 731 3616 hominibus,
763 3551 858 3606 sed
910 3552 1066 3607 bonis
1110 3554 1298 3609 tulisse
1344 3556 1624 3612 auxilium.
1672 3557 1802 3611 Nam

207 3640 469 3711 Christus,
523 3646 617 3716 qui
664 3646 893 3700 mortuis
938 3648 1101 3703 vitam
1143 3648 1414 3714 reddidit,
1469 3652 1722 3706 omnibus
1750 3663 1805 3707 et

205 3736 352 3794 bonis
379 3749 436 3794 et
470 3737 654 3806 malis,
687 3739 830 3809 quod
860 3739 1057 3795 divina:
1089 3753 1172 3796 est
1199 3743 1508 3812 potestatis,
1540 3743 1648 3798 ullo
1678 3744 1801 3798 abs-

207 3845 302 3900 que
327 3829 655 3886 discrimine
697 3832 988 3903 opitulatus
1029 3844 1131 3889 est.
1161 3835 1304 3902 Quid
1351 3851 1503 3904 vero,
1539 3837 1679 3905 quod
1713 3839 1802 3908 qui

207 3922 355 3992 :egris
402 3923 478 3978 ob
511 3924 706 3978 merita
736 3938 897 3994 opem
929 3941 958 3980 a
1006 3926 1108 3981 diis
1138 3926 1264 3982 ferri
1296 3929 1448 3996 dicit,
1479 3931 1525 3984 is
1554 3931 1605 3984 in
1636 3930 1801 3986 dubio

205 4014 461 4086 relinquit
483 4026 665 4070 utrum
695 4015 808 4082 ille,
838 4018 922 4072 cui
953 4019 1292 4084 subvenitur,
1324 4020 1546 4077 fortuito
1576 4035 1798 4079 sanatus

205 4119 302 4160 non
335 4107 527 4172 fuerit,
549 4118 606 4162 et
630 4107 768 4163 alius
795 4125 903 4164 non
935 4111 1268 4179 sublevetur,
1296 4115 1420 4186 quia
1441 4117 1662 4173 morbus
1691 4135 1798 4174 non

203 4202 377 4270 potuit
400 4201 510 4257 ulla
537 4201 765 4259 deorum
792 4219 896 4276 ope
935 4208 1140 4262 curari.

268 4293 475 4351 Verum
508 4295 782 4353 Arnobius
810 4298 971 4370 longe
1014 4299 1191 4357 adhuc
1213 4304 1392 4360 acrius
1414 4314 1471 4361 et
1494 4307 1799 4367 vehemen-

203 4387 302 4443 tius
332 4387 683 4442 adversarios
712 4403 841 4446 suos
868 4392 1065 4461 premit
1093 4391 1281 4466 (Ibid.,
1312 4415 1367 4466 p.
1393 4397 1510 4470 30),
1537 4413 1801 4475 urgetque

1987 3387 2092 3443 Sed
2115 3390 2235 3459 quis
2267 3390 2553 3460 impiorum
2593 3393 2807 3466 illorum
2849 3396 3125 3470 hominum
3171 3400 3519 3462 dementissi—

1911 3494 2051 3534 mam
2086 3483 2442 3540 temeritatem
2469 3486 2609 3542 ferre
2640 3491 2860 3558 potest?
2890 3490 3051 3549 Certo
3073 3497 3275 3553 certius
3299 3499 3517 3555 deumn-

1908 3577 2200 3631 stravimus
2226 3579 2452 3647 plurima
2477 3596 2507 3634 a
2531 3582 2748 3638 Christo
2773 3585 3049 3658 ipsiusque
3073 3588 3350 3663 discipulis
3377 3593 3516 3650 facta

1907 3667 2074 3724 fuisse
2105 3669 2384 3737 miracula,
2419 3690 2538 3742 mne
2577 3685 2783 3732 natura:
2809 3679 3055 3738 ordinem
3094 3680 3346 3752 illiusque
3375 3688 3515 3743 vires

1906 3762 2065 3834 longe
2091 3775 2365 3835 superant,
2391 3775 2445 3822 et
2469 3766 2524 3821 hi
2548 3769 2682 3824 mira
2714 3770 3042 3840 impudentia
3070 3776 3286 3847 ipsimet
3313 3777 3425 3834 Deo
3451 3795 3513 3836 ea

1903 3852 2134 3911 faciendi
2158 3858 2399 3914 adimunt
2421 3863 2778 3931 potestatem?
2798 3864 2987 3928 Nonne
3005 3867 3074 3923 ab
3096 3877 3219 3924 actu
3239 3871 3305 3929 ad
3329 3887 3510 3942 posse,

1906 3962 1963 4004 ut
1991 3950 2294 4009 scholastici
2336 3943 2651 4031 loquuntur,
2684 3957 2828 4012 valet
2865 3963 3294 4032 consequentia?
3322 3962 3513 4021 Nonne

1903 4044 2052 4112 prius
2066 4041 2339 4098 Sociniani
2365 4047 2596 4116 probare
2622 4048 2896 4106 debebant
2920 4053 3064 4108 nulla
3084 4070 3338 4128 umquam
3369 4056 3508 4114 facta

1903 4135 2073 4191 fuisse
2117 4137 2374 4194 miracula
2395 4182 2410 4206 ,
2443 4156 2602 4210 quam
2635 4142 2872 4201 divinam
2916 4161 3116 4219 negare
3161 4149 3251 4206 illa
3285 4148 3511 4208 faciendi

1904 4229 2238 4299 potentiam?
2264 4229 2370 4286 Sed
2393 4219 2667 4303 quomodo
2691 4236 2820 4293 illud
2851 4240 3078 4302 inficiari
3104 4253 3346 4317 possunt,
3367 4245 3512 4312 quod

1902 4319 2118 4375 Ethnici
2144 4321 2292 4378 nullo
2318 4340 2550 4396 unquam
2570 4328 2730 4392 modo
2758 4345 2977 4412 negare,
3009 4349 3184 4414 neque
3208 4319 3371 4416 etiam
3394 4337 3511 4393 dis-

1903 4410 2178 4476 simulare.
2210 4415 2312 4470 nisi
2339 4417 2678 4476 intoleranda
2704 4410 2925 4494 prorsus
2948 4440 3010 4481 ac
3041 4410 3508 4497 impudentissima

202 4476 474 4568 Christum
517 4495 628 4534 non
657 4481 820 4537 modo
854 4483 1084 4553 plurima
1117 4499 1362 4557 patrasse
1388 4495 1669 4562 miracula,
1704 4498 1800 4554 sed
1904 4501 2205 4556 temeritate
2228 4507 2557 4573 potuerunt?
2584 4476 2907 4565 Non'minus
2927 4476 3194 4584 siquidem
3215 4525 3362 4571 certa
3384 4527 3511 4573 sunt

202 4575 391 4634 eadem
415 4576 663 4643 omnino,
698 4579 818 4634 sine
857 4579 970 4634 ullo
1003 4583 1126 4637 fuco
1165 4591 1258 4637 aut
1301 4587 1506 4642 auxilio
1547 4600 1796 4661 externo,
1902 4596 2102 4653 Christi
2134 4597 2632 4675 diseipulorumque
2657 4605 2777 4676 ejus
2805 4607 3088 4679 miracula,
3117 4626 3275 4683 quam
3299 4623 3509 4668 constat

202 4683 404 4776 suoque
433 4672 907 4776 tantummom‘ine
947 4673 1178 4731 faciendi
1229 4678 1612 4751 piscatoribus,
1641 4687 1801 4758 apiti-
1824 4696 1881 4759 1)
1903 4690 2198 4748 aedificatas
2230 4691 2397 4752 fuisse
2443 4672 2617 4753 urbes
2651 4672 2914 4769 Romam,
2947 4672 3467 4776 Constantinopolim
3487 4748 3503 4771 ,

203 4760 370 4832 cibus,
413 4763 727 4832 rusticanis,
777 4765 1029 4839 aliisque,
1075 4769 1216 4824 sicut
1255 4779 1413 4827 antea
1459 4775 1792 4847 dicebamus,
1901 4781 2150 4850 Niniven,
2185 4797 2239 4841 et
2260 4786 2395 4842 alias
2425 4789 2830 4862 celeberrimas,
2851 4760 2977 4867 qua:
2999 4763 3186 4868 postea
3215 4760 3506 4866 destructa;

206 4853 252 4911 id
278 4871 452 4928 genus
477 4855 810 4923 hominibus,
829 4857 1045 4916 dedisse
1066 4871 1414 4932 potestatem.
1452 4867 1584 4936 Quae
1617 4883 1797 4928 autem
1899 4885 2047 4932 sunt.
2819 4853 2829 4862 1
2875 4853 2888 4867 ⁸
2983 4899 2986 4904 ‘

205 4950 285 5006 illa
317 4953 536 5019 fuerint,
573 4952 809 5008 breviter
836 4965 1104 5023 recenset,
1134 4965 1190 5013 et
1236 4974 1357 5014 cum
1387 4961 1590 5020 Christi
1633 4969 1799 5023 mira-
1975 4971 2179 5030 Deinde
2207 4989 2337 5031 vero
2360 4977 2488 5049 quid
2519 4978 2711 5036 nefarii
2741 4981 2817 5038 illi
2849 4982 3098 5042 homines
3128 4997 3332 5044 naturae
3361 4988 3495 5061 legi-

205 5043 332 5157 culis
353 5043 654 5157 com‘poniLt,
685 5051 847 5119 atque
877 5045 1004 5103 inde
1032 5050 1306 5106 concludit
1337 5053 1468 5109 nihil
1502 5059 1792 5128 quidquam
1900 5065 2022 5133 bus,
2051 5079 2103 5123 et
2134 5060 2323 5125 ordine
2344 5043 2488 5127 aliud
2519 5061 2821 5148 intelligere
2850 5092 3098 5150 possunt,
3130 5084 3233 5138 nisi
3263 5099 3354 5140 eas
3381 5043 3504 5157 quae

205 5134 516 5241 admirabile
560 5137 631 5243 ab
660 5152 727 5193 eo
752 5147 982 5243 gestum,
1003 5144 1168 5243 .quod
1202 5144 1308 5200 illis
1351 5146 1654 5207 faciendum
1685 5171 1793 5210 non
1898 5171 1928 5212 a
1963 5160 2224 5233 principio
2251 5163 2432 5239 aliquo
2475 5134 2740 5236 spiritali,
2774 5134 3506 5243 ablomniqtt’enrnat'eria‘ldi:

205 5231 551 5285 concesserit.
582 5230 718 5285 Tum
748 5231 945 5288 deinde
970 5235 1050 5290 sic
1077 5249 1485 5308 argumentatur
1513 5260 1526 5295 ε
1562 5262 1584 5296 ι
1621 5247 1793 5303 Tran-
1898 5230 2079 5309 screto
2105 5230 2370 5325 impositae
2398 5230 2737 5330 suntiAtqui
2765 5261 2894 5318 illud
2921 5230 3242 5337 principium
3274 5267 3505 5340 ipsemet

207 5325 434 5382 scribere
456 5338 618 5395 posse
652 5326 704 5379 in
735 5327 1007 5383 hominem
1031 5328 1123 5401 jus
1150 5340 1329 5398 tuum;
1359 5344 1414 5388 et
1443 5339 1586 5406 quod
1615 5337 1794 5397 facere
1899 5346 2043 5402 Deus
2073 5357 2157 5403 est
2184 5351 2548 5420 omnipotens,
2580 5356 2669 5422 qui
2697 5341 2950 5423 decretis,
2976 5325 3157 5414 divina
3187 5325 3503 5418 sualvolun-

207 5418 343 5521 solus
371 5418 573 5488 possis,
617 5418 978 5489 fragilissimte
1009 5422 1338 5492 reiidonare,
1372 5436 1426 5482 et
1470 5431 1796 5502 participare
1895 5450 2005 5497 tate
2032 5441 2205 5510 factis,
2239 5418 2420 5499 omnia
2452 5418 2677 5514 creavit,
2713 5450 2874 5518 regit,
2908 5418 3273 5521 administrat,
3307 5457 3497 5512 mode-

210 5507 522 5579 faciendum,
571 5526 740 5582 supra
784 5513 966 5568 omnia
1015 5515 1136 5570 sita:
1175 5526 1260 5571 est
1293 5522 1594 5588 potestatis,
1623 5526 1796 5580 conti-

1928 5545 2066 5593 atur.
2097 5536 2190 5592 Illa
2229 5545 2406 5595 autem
2441 5539 2534 5595 Dei
2580 5543 2832 5598 voluntas
2876 5545 3038 5614 plane
3078 5518 3248 5604 libera
3274 5561 3378 5616 est,
3415 5550 3498 5607 sui

210 5608 480 5677 θεηιίδηυε
508 5606 614 5661 sub
643 5621 768 5663 sese
794 5616 878 5662 θεῖ
905 5623 1088 5664 rerum
1120 5613 1363 5666 omnium
1383 5629 1594 5680 causas»
1620 5626 1675 5672 θῐ
1700 5634 1790 5674 τεο
1898 5646 2113 5707 semper
2124 5632 2284 5702 juris,
2310 5634 2550 5705 nullique
2569 5637 2728 5692 alteri
2744 5637 3007 5707 subjecta.
3026 5640 3369 5714 Quapropter
3389 5647 3498 5703 sic-

213 5697 396 5754 tionum
445 5700 875 5770 facultatumque
929 5711 1173 5758 naturas.
1216 5724 1234 5757 ι
1273 5705 1462 5761 Divina
1517 5724 1647 5780 ergo
1698 5727 1794 5782 po-

1928 5724 1975 5778 ill
1991 5705 2193 5777 naturae
2212 5723 2357 5796 leges
2379 5734 2435 5781 et
2457 5727 2700 5782 ordinem
2723 5725 3003 5798 imposuit,
3026 5734 3096 5786 ita
3118 5734 3233 5789 hmo
3258 5750 3286 5786 a
3311 5751 3369 5790 se
3393 5739 3497 5792 im-

213 5797 403 5855 lestate.
428 5810 533 5849 non
563 5793 775 5866 magica
799 5794 998 5850 virtute
1027 5793 1282 5854 Christus
1311 5799 1594 5874 discipulis
1622 5804 1789 5860 mira-
1897 5815 2068 5885 posita
2115 5793 2464 5895 suspendere,
2492 5793 2890 5890 interrumpme
2912 5865 2925 5890 ,
2957 5793 3021 5877 ac
3051 5833 3262 5880 mutare
3295 5837 3494 5897 potest.

211 5887 331 5956 cuia,
360 5890 470 5947 suis
515 5890 693 5961 paria,
729 5888 929 5948 edendi
959 5901 1285 5963 potestatem
1317 5896 1626 5968 tribuendo,
1658 5908 1710 5958 et
1731 5917 1792 5959 se
1896 5907 2050 5967 Unde
2070 5887 2221 5967 recte
2233 5910 2502 5969 Arnobius
2517 5911 2584 5969 de
2599 5887 2819 5970 Christo
2835 5922 2890 5970 et
2905 5887 2972 5973 de
2987 5916 3096 5974 Deo
3114 5887 3337 5974 dixitfr
3365 5919 3500 5979 Sole
