3918 6350
380 376 487 432 bl!)

1597 357 2049 420 DISSERTATIO
2088 357 2367 413 PRIEVIA

3574 356 3679 413 416

379 490 498 558 ipso
513 486 805 544 estclarius
818 480 1342 559 potentioremillum
1357 480 1522 535 fuisse
1536 477 1811 550 quamlata
1826 483 1969 537 sunt.
2002 475 2055 534 A
2082 472 2162 527 nis
2193 480 2341 528 esset
2362 472 2592 529 aliorum
2620 471 2732 527 otio
2765 476 2820 526 et
2843 468 3098 540 patientia
3129 468 3551 547 intemperanter
3578 471 3677 527 ab-

377 595 499 635 cum
521 595 581 634 ea
598 578 754 633 solvit
770 587 826 634 et
851 578 977 633 vicit
1006 591 1125 647 quaz
1140 574 1411 645 perpetuis
1437 572 1682 637 nexibus,
1706 580 1755 625 et
1780 570 1972 623 immo—

377 672 473 728 bili
503 672 713 727 fuerant
739 672 1061 727 necessitate
1089 669 1336 724 devincta
1367 664 1609 733 (Arnob.,
1643 662 1731 717 lib.
1764 680 1819 727 n,
1849 677 1969 731 pag.

375 764 489 834 28).
524 765 730 832 Quibus
768 779 899 818 sane
926 763 1108 819 verbis
1134 759 1399 830 signiﬁcat
1430 759 1527 811 hos
1567 771 1736 811 nexus
1766 754 1972 810 tamdiu

375 860 541 916 fuisse
591 868 915 931 perpetuos,
971 868 1131 927 atque
1176 870 1294 909 eam
1337 851 1719 909 necessitatem
1770 849 1971 905 tamdiu

374 952 541 1010 fuisse
568 954 921 1018 immobilem,
957 947 1209 1023 quamdiu
1241 947 1380 1003 Deus
1406 956 1457 1005 et
1486 945 1732 1003 Christus
1764 943 1968 1011 voluit,

374 1046 586 1120 ipsique
615 1048 831 1117 placuit.

445 1140 657 1197 Scimus
676 1139 890 1206 quidem
916 1154 945 1193 a
970 1136 1290 1209 quibusdam
1310 1152 1374 1191 ex
1397 1136 1463 1191 iis
1478 1135 1721 1190 omnium
1750 1134 1975 1205 iniquis-

374 1235 529 1289 simis
550 1234 713 1288 stulte
728 1232 950 1286 omnino
976 1242 1029 1286 et
1056 1231 1257 1286 insulse
1284 1232 1452 1284 as~eri
1479 1230 1570 1283 Dei
1600 1228 1817 1283 nomine
1840 1227 1973 1282 nihil

375 1325 779 1397 intelligendum
811 1322 977 1391 aliud,
1004 1333 1201 1393 praeter
1228 1323 1532 1388 materiam,
1560 1331 1834 1391 statasque
1859 1335 1975 1373 mo-

372 1426 461 1473 tus
490 1419 629 1474 illius
673 1420 846 1489 leges,
878 1434 997 1490 qure
1025 1434 1054 1472 a
1089 1418 1302 1473 nemine
1328 1433 1551 1487 prorsus
1591 1417 1784 1471 mutari
1813 1429 1975 1486 posse

374 1512 667 1568 finxerunt.
699 1511 804 1567 Sed
832 1512 882 1565 hi
915 1510 1073 1567 nobis
1093 1511 1400 1566 edisserere
1421 1508 1975 1578 debebantquomodo

372 1604 456 1659 vel
487 1620 516 1659 a
547 1619 656 1675 quo
696 1612 911 1658 statutze
954 1612 1081 1659 sunt
1117 1603 1224 1658 illae
1256 1604 1419 1673 leges.
1462 1601 1647 1672 Neque
1676 1602 1820 1655 enim
1867 1599 1974 1653 ulla

376 1698 587 1753 ratione
605 1698 688 1753 vel
711 1714 741 1752 a
764 1713 825 1753 se
852 1698 1002 1770 ipsis,
1036 1698 1118 1753 vel
1144 1696 1377 1753 fortuitis
1400 1695 1639 1755 materiae
1658 1694 1973 1748 mutationi-

372 1791 496 1855 bus,
523 1792 603 1845 vel
634 1792 958 1847 neces~itate
987 1790 1165 1861 aliqua
1194 1791 1328 1845 latas
1360 1788 1500 1844 ullos
1534 1802 1788 1858 umquam
1815 1786 1975 1841 dixe-

2078 567 2301 620 ntentis.
2333 565 2466 621 Nam
2498 580 2560 621 ea
2592 580 2660 620 ex
2700 564 3019 619 dictis'satis
3061 562 3334 619 confutata
3356 605 3371 630 ,
3394 574 3567 635 atque
3610 566 3677 621 iis

2076 675 2197 729 qua:
2225 660 2277 714 in
2305 657 2759 727 subsequentibus
2780 656 3249 712 diesertatiouibus
3270 656 3466 711 nostris
3486 656 3556 711 de
3578 656 3675 711 iis-

2076 751 2195 806 dem
2227 750 2425 805 Christi
2454 759 2508 805 et
2550 750 2936 819 discipulorum
2968 752 3085 820 ejus
3124 747 3397 806 miraculis
3445 748 3674 809 dicenda

2078 854 2223 910 sunt,
2247 842 2422 898 adhuc
2446 842 2886 901 confutabuntur.

2702 981 2931 1040 CAPUT
2970 982 3059 1040 ιν.

2079 1115 2456 1173 Examinanlur
2474 1120 2581 1173 alia
2599 1118 2809 1173 Arnobii
2824 1129 3143 1192 argumenta,
3161 1120 3343 1190 quibus
3372 1120 3672 1179 christiana!

2420 1211 2681 1283 religionis
2709 1213 2968 1266 veritatem
2996 1212 3327 1270 demonstrat.

2599 1362 2887 1403 ARTICULUS
2926 1362 3141 1403 PRIIUS.

2078 1482 2328 1543 Quomodo
2353 1486 2537 1533 veritas
2558 1483 2837 1534 christiana:
2861 1486 3121 1545 religionis
3143 1484 3205 1533 ab
3229 1484 3447 1537 Arnol‘io
3470 1488 3676 1537 demon-

2138 1552 2327 1596 stretur
2351 1546 2624 1600 dirissimis.
2654 1555 2706 1596 et
2731 1547 2967 1596 hactenus
2986 1547 3216 1597 inauditis
3242 1560 3371 1608 pene
3396 1552 3680 1599 innumera-

2139 1609 2311 1656 bilium
2337 1608 2595 1670 cujusllbet
2622 1622 2792 1665 sexus,
2816 1612 2993 1670 aetatis,
3025 1618 3075 1659 et
3098 1611 3393 1660 conditionis
3414 1620 3678 1670 martyrum

2139 1670 2411 1739 suppliciis.
2437 1672 2493 1721 ad
2522 1680 2798 1739 extremum
2818 1686 2976 1739 usque
3004 1674 3114 1739 vitae
3137 1675 3362 1736 Spiritum
3385 1687 3474 1739 pro
3498 1670 3680 1726 Christi

2140 1735 2451 1783 confessione
2476 1735 2875 1784 constantissime
2902 1735 3145 1785 toleratis.

372 1886 463 1939 rit.
497 1884 640 1955 Ergo
661 1885 730 1940 ab
745 1885 854 1938 alio
876 1884 1181 1939 constitntze
1203 1892 1347 1938 sunt.
1366 1886 1434 1937 At
1460 1883 1550 1938 ille
1572 1884 1685 1951 ipse
1711 1892 1789 1936 est
1805 1881 1963 1943 Deus,
2001 1884 2047 1942 B
2146 1877 2302 1933 Aliud
2332 1879 2399 1934 ad
2428 1878 2779 1935 asserendam
2807 1879 3116 1935 christianze
3162 1880 3440 1950 religionis
3476 1884 3680 1939 verita-

370 1978 460 2049 qni
486 1978 603 2033 illas
627 1994 724 2048 pro
750 1977 997 2039 arbitrio.
1015 1978 1364 2043 uti‘diximus,
1388 1977 1670 2031 immutare
1695 1975 1973 2046 potest.Et

369 2084 503 2125 vero
547 2084 641 2125 eas
670 2070 739 2125 ab
776 2086 842 2125 eo
882 2072 1193 2125 immutatas
1240 2069 1405 2125 fuisse
1450 2069 1802 2123 invictissime
1845 2084 1973 2135 pro-

368 2164 500 2219 bant
524 2174 603 2220 tot
632 2175 889 2237 tantaque
910 2164 1110 2221 Christi
1128 2209 1140 2229 ,
1168 2179 1330 2237 atque
1353 2165 1498 2221 illius
1519 2174 1846 2221 sectatorum
1876 2166 1974 2222 mi—

368 2256 574 2321 racula.
601 2273 742 2326 quae,
777 2259 852 2312 uti
877 2258 1126 2325 vidimus,
1152 2258 1433 2330 gentilium
1464 2275 1531 2315 ne
1559 2259 1775 2329 quidem
1804 2258 1968 2330 perti-

372 2351 654 2407 nacissimi
683 2367 881 2423 negare
912 2362 1220 2423 potuerunt.

441 2443 549 2500 Sed
582 2444 915 2501 reorntiores
945 2446 1181 2503 hu-retici
1202 2492 1215 2514 ,
1254 2449 1469 2503 nomine
1491 2455 1645 2502 tenus
1668 2446 1969 2513 christiani,

366 2551 431 2593 ac
460 2536 788 2608 quibuslibet
813 2537 1047 2594 ethnicis
1068 2539 1405 2603 audaciores,
1439 2540 1640 2593 instant
1660 2539 1836 2595 adhuc
1858 2542 1973 2595 vul—

365 2647 547 2705 garem
578 2632 714 2688 hanc
741 2632 809 2688 de
844 2633 1041 2689 Christi
1073 2633 1345 2689 miraculis
1383 2632 1692 2703 opinionem
1724 2634 1849 2688 inde
1876 2648 1968 2689 or-

364 2733 499 2791 tam,
532 2724 673 2797 quod
703 2727 883 2796 pepuli
928 2742 1102 2797 neque
1142 2741 1331 2782 omnes
1362 2726 1579 2780 illorum
1610 2726 1971 2782 circumstan-

364 2817 500 2885 tias,
535 2834 709 2891 neque
755 2834 934 2875 veram
969 2834 1158 2875 eorum
1194 2835 1408 2873 causam
1456 2830 1816 2890 agnoscentes
1845 2864 1859 2885 ,
1908 2836 1969 2875 ea

363 2924 525 2981 supra
570 2922 772 2968 natura:
815 2912 1060 2968 ordinem
1104 2912 1239 2969 facta
1275 2928 1394 2967 esse
1440 2913 1807 2969 crediderunt.
1856 2914 1963 2971 Sed

364 3020 561 3075 magna
589 3007 705 3061 haec
732 3017 894 3077 atque
919 3007 1388 3077 impudentissima
1412 3009 1778 3078 improborum
1802 3009 1978 3065 homi-

364 3114 494 3153 num
537 3100 819 3155 mendacia
846 3110 995 3155 sunt.
1030 3100 1161 3155 Nam
1213 3100 1428 3155 illorum
1459 3103 1733 3165 omnium,
1766 3118 1886 3173 qua:
1917 3102 1972 3157 in

364 3192 654 3263 Scripturis
684 3196 884 3259 sacris,
919 3204 974 3249 et
1018 3196 1085 3249 ab
1128 3195 1369 3249 Arnobio
1416 3205 1604 3250 nostro
1644 3193 1972 3263 referuntur,

2077 1981 2182 2026 tem
2222 1984 2593 2044 argumentum
2637 1972 2785 2027 ducit
2812 1973 3085 2028 Arnobius
3111 1988 3176 2028 ex
3206 1974 3485 2045 suppliciis
3506 2016 3522 2040 ,
3558 1991 3679 2047 quae

2076 2079 2173 2133 pro
2198 2065 2339 2123 illius
2360 2064 2673 2121 defensione
2698 2064 2964 2120 innumeri
2990 2073 3255 2138 martyres
3275 2066 3519 2135 cujusvis
3546 2084 3679 2123 ron-

2076 2157 2313 2225 ditionis,
2333 2160 2526 2222 :etatis.
2548 2170 2601 2215 et
2623 2174 2785 2215 sexus
2805 2158 2873 2214 ad
2896 2168 3196 2216 extremum
3222 2175 3391 2232 usque
3405 2161 3674 2231 spiritum,

2076 2260 2131 2305 et
2175 2262 2400 2309 mortem
2454 2253 2885 2309 crudelissimam
2942 2254 3383 2311 constantissime
3432 2258 3677 2325 perpessi

2076 2353 2221 2400 sunt.
2250 2348 2379 2413 Quae
2408 2362 2559 2413 vero,
2581 2359 2908 2417 quantaque.
2941 2355 2998 2403 et
3027 2362 3185 2417 quam
3214 2346 3488 2404 horrenda
3516 2358 3678 2421 atque

2078 2438 2330 2493 immania
2374 2439 2573 2494 fuerint
2620 2440 2735 2494 hmc
2777 2440 3071 2513 supplicia,
3103 2441 3171 2495 ab
3204 2442 3442 2497 Arnobio
3490 2454 3678 2499 nostro

2076 2531 2253 2587 discas
2296 2533 2477 2588 velim.
2531 2533 2621 2589 Sic
2660 2542 2840 2588 autem
2888 2534 2981 2589 ille
3016 2535 3274 2590 Etlmicos
3326 2537 3498 2606 palam
3545 2537 3683 2593 allo-

2078 2623 2313 2694 quendo,
2340 2640 2401 2678 ea
2433 2625 2687 2694 exponit,
2722 2635 2780 2679 ut
2823 2641 2983 2681 nemo
3013 2626 3183 2696 possit
3218 2626 3375 2683 fidem
3417 2628 3467 2684 ei
3511 2630 3679 2685 dero-

2076 2732 2241 2788 gare:
2272 2737 2289 2769 ‹
2327 2717 2437 2772 Vos
2463 2719 2596 2787 ipsi,
2641 2739 2659 2773 ι
2693 2720 2857 2791 inquit
2890 2722 3131 2794 (Arnob.,
3168 2723 3255 2777 lib.
3289 2739 3327 2787 ι,
3360 2741 3477 2797 pag.
3512 2726 3601 2791 Η,
3632 2734 3681 2780 et

2078 2812 2167 2865 lib.
2199 2826 2271 2875 tv,
2303 2829 2425 2883 pag.
2462 2812 2607 2883 158),
2647 2831 2666 2863 ‹
2701 2830 2821 2868 cum
2850 2814 3013 2869 libido
3035 2816 3315 2870 incesserit
3336 2832 3500 2883 szeva,
3525 2819 3682 2873 exui-

2080 2904 2147 2958 tis
2180 2919 2277 2959 nos
2304 2906 2479 2971 bonis,
2514 2906 2888 2961 exterminatis
2928 2908 3113 2977 patriis
3147 2908 3395 2974 sedibus,
3428 2910 3681 2981 irrogatis

2078 2997 2334 3066 supplicia
2364 2998 2628 3064 capitalia,
2662 3001 2945 3070 torquetis,
2978 3000 3302 3069 dilaceratis,
3337 3004 3584 3072 exuritis,
3615 3016 3672 3060 et

2079 3088 2144 3143 ad
2172 3100 2473 3145 extremum
2500 3108 2596 3148 nos
2623 3094 2748 3148 leris
2773 3102 2825 3149 et
2858 3094 3156 3151 belluarum
3192 3097 3480 3153 laniatibus
3519 3099 3679 3169 obje-

2080 3185 2259 3237 c1atis.
2298 3204 2316 3236 ι
2350 3184 2585 3241 Videsne
2621 3188 2834 3257 quantis
2876 3190 3238 3250 cruciatibus.
3272 3191 3534 3247 boiiorum
3582 3209 3684 3249 ex-

364 3289 745 3344 miraculorum
776 3288 1001 3359 singula:
1028 3290 1470 3355 circumstantiae,
1506 3291 1757 3344 nimirum
1784 3333 1798 3356 ,
1831 3306 1969 3360 quae,

2087 3277 2416 3345 Spoliatione.
2448 3280 2661 3341 exsilio.
2694 3281 3045 3337 distractione
3089 3282 3457 3338 membrorum
3483 3326 3497 3343 .
3532 3284 3682 3355 igne,

366 3397 396 3437 a
424 3398 553 3452 quo,
582 3381 821 3453 quando.
854 3381 964 3447 ubi,
986 3391 1043 3438 et
1071 3381 1344 3451 quomodo
1374 3382 1512 3436 facta
1537 3382 1665 3440 sint.
1692 3382 1829 3437 adeo
1852 3398 1975 3453 gra-

366 3474 525 3544 phice
566 3482 620 3528 et
662 3473 943 3529 enucleate
971 3485 1335 3543 exponuntur,
1376 3484 1431 3527 ut
1466 3474 1594 3527 nihil
1630 3475 1829 3529 clarius
1860 3477 1975 3531 evi-

367 3568 693 3636 dentiusque
718 3567 1013 3623 desiderari
1045 3569 1234 3638 possit.
1266 3570 1441 3639 Atque
1472 3577 1528 3621 ut
1552 3567 1779 3637 plurima
1812 3570 1975 3625 missa

368 3660 652 3727 faciamus,
678 3661 1063 3732 ‘quorumnam,
1091 3676 1188 3715 oro
1220 3668 1291 3725 te,
1325 3659 1591 3715 factorum
1618 3665 1978 3717 circumstan-

370 3753 460 3808 tite
491 3754 699 3824 planius
740 3767 804 3807 ac
840 3751 1128 3807 dilucidius
1156 3751 1557 3819 describuntur,
1587 3769 1745 3824 quam
1787 3770 1976 3810 eorum

370 3846 792 3911 miraculorum,
836 3843 1032 3914 quibus
1071 3843 1315 3899 Christus
1352 3844 1611 3900 Lazarum
1654 3844 1897 3917 aliosque
1945 3862 1975 3901 a

373 3947 551 3993 morte
575 3937 642 3992 ad
674 3938 837 3991 vitam
873 3951 1179 3998 remeasse.
1213 3950 1276 3990 ac
1300 3936 1493 4007 quibus
1524 3946 1769 4007 negatam
1810 3953 1839 3991 a
1878 3953 1976 3993 na-

372 4038 493 4083 tura
545 4027 760 4083 videndi
811 4037 1132 4098 potestatem
1179 4026 1376 4083 fecisse
1420 4030 1706 4083 narratur?
1736 4032 1817 4084 Ad
1860 4030 1978 4086 haec

372 4137 535 4187 vero,
574 4137 756 4177 nonne
785 4122 998 4176 Ethnici
1038 4136 1103 4175 ac
1136 4120 1309 4176 Judaei
1332 4163 1348 4187 ,
1380 4120 1638 4188 capitales
1666 4120 1868 4177 Christi
1918 4137 1979 4177 ac

372 4214 610 4269 fundata:
640 4214 709 4268 ab
738 4228 803 4269 eo
826 4213 1100 4285 religionis
1129 4213 1332 4268 inimici
1365 4213 1618 4279 maxima,
1654 4228 1755 4283 qua
1788 4224 1977 4283 potue-

374 4314 522 4373 runt,
550 4306 821 4377 diligentia
850 4304 1187 4375 praescrutati
1229 4313 1376 4370 sunt,
1406 4320 1475 4359 an
1515 4305 1621 4359 ulla
1650 4306 1733 4359 vel
1762 4306 1979 4361 minima

377 4401 430 4455 in
461 4399 660 4455 Christi
684 4398 1178 4469 discipulorumque
1200 4399 1319 4467 ejus
1343 4399 1620 4455 miraculis
1644 4400 1859 4455 deesset
1878 4401 1980 4455 cir-

376 4492 724 4557 cumstantia,
753 4505 857 4561 qua
880 4490 1103 4552 fraudis,
1125 4500 1218 4545 aut
1246 4490 1361 4545 falsi
1390 4490 1594 4561 aliquid
1616 4492 1667 4545 in
1698 4492 1775 4547 eis
1798 4491 1980 4545 redar-

377 4600 545 4656 guere
575 4583 836 4653 possent?
864 4584 935 4639 At
962 4585 1205 4654 quamvis
1248 4584 1384 4640 nulli
1420 4600 1603 4656 operae
1634 4596 1686 4640 et
1716 4585 1885 4640 labori
1914 4586 1977 4641 ad

2083 3368 2347 3435 ﬂammis,
2396 3369 2629 3425 ferarum
2680 3388 2742 3427 ac
2788 3373 3084 3428 belluarum
3133 3374 3418 3432 laniatibus
3473 3376 3680 3433 ethnici

2079 3460 2402 3516 chriStianos
2444 3463 2509 3517 ad
2558 3465 2872 3533 ejurandam
2916 3480 3066 3520 suam
3115 3468 3429 3539 religionem
3479 3484 3679 3540 cogere

2080 3556 2439 3626 nequidquam
2469 3559 2765 3614 tentabant.
2796 3562 3159 3628 Quamobrem
3196 3562 3286 3617 ille
3308 3563 3416 3618 alio
3443 3564 3495 3618 in
3535 3564 3677 3620 libro

2082 3646 2170 3702 ubi
2197 3647 2531 3705 ethniciirum
2560 3666 2710 3707 sacra
2745 3654 3002 3723 exagitat,
3046 3655 3097 3709 in
3128 3669 3225 3710 eos
3255 3655 3333 3709 sic
3364 3655 3639 3711 invehitur
3668 3676 3682 3713 :

2086 3760 2105 3793 ι
2140 3743 2217 3795 Ad
2250 3742 2486 3799 haeccine
2515 3760 2666 3800 sacra
2712 3745 2963 3812 flammis,
2994 3748 3190 3813 exiliis,
3218 3748 3494 3812 aedibus,
3523 3760 3687 3820 atque

2080 3836 2285 3907 reliquo
2311 3853 2511 3907 genere
2551 3840 2933 3909 suppliciorum
2964 3842 3311 3907 compellitis,
3348 3853 3403 3897 et
3438 3844 3687 3900 crudeli-

2080 3932 2206 3985 tatis
2237 3942 2379 3987 metu
2413 3932 2650 4004 (Arnob.,
2686 3934 2773 3987 lib.
2797 3950 2854 3998 v,
2888 3952 3007 4005 pag.
3030 3935 3197 4007 l77)?
3226 3955 3245 3988 ι
3270 3936 3529 4008 lntelligis
3552 3954 3687 3996 sane

2082 4020 2167 4076 his
2210 4023 2387 4078 verbis
2416 4065 2430 4086 .
2481 4026 2677 4095 reliquo
2726 4042 2909 4095 genere
2973 4029 3380 4097 suppliciorum,
3428 4030 3690 4099 quaelibet

2080 4115 2241 4169 etiam
2274 4117 2629 4182 atrocissima,
2661 4134 2779 4186 quin
2810 4118 3136 4174 incredibilis
3163 4120 3505 4177 ethnicorum
3529 4163 3542 4187 ,
3569 4138 3674 4179 seu

2081 4211 2262 4280 potius
2291 4210 2621 4277 daemonum,
2652 4211 2842 4267 feritas
2863 4221 2918 4266 et
2946 4212 3124 4268 rabies
3154 4215 3461 4285 excogitare
3491 4217 3684 4286 potuit,

2080 4304 2466 4375 suppliciorum
2518 4323 2716 4376 genera
2760 4307 3172 4377 comprehendi.
3207 4309 3313 4365 Sed
3341 4310 3471 4381 quid
3518 4313 3691 4367 inter-

2081 4399 2385 4466 prelatione
2416 4414 2553 4466 onus
2580 4409 2684 4464 est,
2711 4400 2798 4455 ubi
2829 4399 2947 4456 haec
2973 4416 3160 4471 aperte
3189 4402 3257 4455 ab
3289 4401 3381 4457 illo
3409 4402 3691 4472 explican-

2084 4500 2216 4549 tur;
2259 4511 2277 4543 α
2311 4492 2535 4557 Studiis,
2582 4514 2600 4545 ›
2632 4495 2825 4564 inquit,
2868 4512 2887 4546 ‹
2928 4495 3105 4550 facere
3140 4495 3267 4565 quid
3314 4497 3690 4565 pervicacibus

2084 4585 2411 4655 possumus?
2436 4586 2574 4654 Quid
2608 4586 3002 4642 intentantibus
3030 4587 3263 4658 gladios,
3293 4588 3568 4659 novasque
3591 4606 3689 4645 ex-

378 4678 431 4733 id
462 4676 895 4747 investigandum
922 4679 1283 4749 pepercerint,
1308 4679 1441 4733 nihil
1467 4690 1643 4733 tamen
1669 4680 1811 4750 quod
1842 4682 1981 4735 veris
2007 4685 2061 4747 D
2084 4678 2442 4748 cogitantibus
2468 4679 2689 4748 ρωιιςιεῖ
2718 4698 2738 4731 ι
2775 4677 3004 4749 (Idem,
3036 4679 3125 4733 lib.
3150 4694 3229 4743 vt,
3257 4696 3376 4749 pag.
3408 4678 3557 4746 197.)
3583 4680 3690 4738 Eas

378 4771 656 4828 miraculis
686 4770 770 4826 vel
810 4773 1091 4827 minimum
1129 4772 1373 4838 deesset,
1420 4773 1831 4843 deprehendere
1861 4790 1980 4829 um-

378 4879 539 4934 quam
578 4866 882 4918 valuerunt.
917 4863 1028 4918 Nec
1058 4865 1235 4919 minus
1276 4866 1692 4922 Christianorum
1728 4867 1985 4922 intererat

381 4956 637 5026 indagare
663 4970 854 5010 omnes
882 4966 935 5011 et
963 4956 1202 5027 singulas
1230 4956 1418 5011 horum
1464 4958 1841 5014 miraculorum
1873 4960 1984 5014 cir-

379 5050 755 5115 cumstantias,
787 5049 983 5119 quibus
1024 5050 1090 5104 ad
1121 5050 1466 5121 rejiciendam
1500 5063 1708 5124 patrum
1738 5070 1980 5119 suorum,

378 5154 433 5199 et
461 5144 833 5213 profitendam,
860 5146 935 5200 uti
962 5146 1215 5213 diximus,
1246 5147 1401 5218 longe
1432 5149 1704 5207 duriorem
1731 5151 1984 5207 chriSIia-

382 5253 572 5291 norum
597 5237 910 5307 religionem
933 5238 1149 5295 addueti
1174 5252 1318 5295 sunt.
1344 5242 1459 5309 Qua
1486 5259 1613 5313 ergo
1636 5244 1813 5301 fronte
1836 5247 1985 5317 impii

385 5328 629 5383 homines
658 5339 777 5397 post
804 5340 882 5386 tot
910 5333 1103 5386 saecula
1132 5333 1334 5389 audent
1360 5335 1598 5403 objicere
1628 5353 1731 5391 non
1764 5354 1984 5408 perspe-

384 5437 500 5482 ctas
544 5426 610 5480 ab
653 5427 1005 5497 iis,quorum
1054 5429 1185 5485 nihil
1220 5448 1471 5502 umquam
1518 5435 1683 5503 magis
1729 5436 1987 5494 interesse

384 5531 616 5591 poterat,
652 5520 862 5575 illorum
906 5525 1289 5582 miraculorum
1333 5529 1795 5599 circumSIantias,
1829 5544 1989 5606 atque

385 5610 687 5667 incredibili
714 5629 931 5683 prorsus
954 5617 1289 5681 credulitate,
1325 5620 1388 5676 iis
1406 5637 1695 5693 numquam
1719 5626 1990 5681 examina-

388 5706 479 5772 tis,
511 5705 822 5761 christianze
862 5707 1111 5779 religioni
1143 5710 1284 5767 haud
1326 5714 1535 5771 incerto
1589 5716 1711 5770 vitre
1752 5719 1989 5787 periculo

386 5810 543 5850 suum
564 5799 806 5867 protinus
831 5798 1047 5856 dedisse
1075 5804 1303 5857 nomen?
1331 5804 1437 5860 Sed
1467 5806 1517 5860 in
1550 5804 1858 5862 refellendis
1880 5818 1986 5864 tam

385 5891 635 5947 absurdis
657 5892 974 5962 Opinionum
998 5898 1321 5953 commentis
1352 5899 1557 5957 diutius
1574 5899 1796 5966 morari,
1816 5899 1989 5957 homi-

2086 4773 2229 4827 hand
2252 4773 2411 4829 dubie
2437 4790 2646 4843 poenas,
2670 4789 2803 4845 quas
2830 4774 3005 4830 nullus
3029 4775 3373 4844 quantumvis
3400 4773 3684 4842 barbarus,

2086 4883 2149 4924 ac
2178 4869 2345 4935 ferus,
2375 4871 2658 4941 omnisque
2695 4869 3045 4924 humanitatis
3079 4884 3276 4939 expers
3305 4867 3471 4924 homo
3502 4869 3689 4926 hacte-

2088 4977 2187 5017 nus
2212 4964 2518 5033 excogitare
2547 4975 2601 5018 et
2634 4963 2835 5034 lingere
2866 4973 3137 5033 potuerat.

2181 5057 2363 5129 Neque
2414 5074 2538 5113 raro
2598 5058 2850 5127 quidem.
2902 5056 2997 5112 sed
3050 5057 3349 5127 saepissime
3398 5056 3690 5114 dirissimis

2088 5152 2418 5224 ejuscemodi
2454 5154 2784 5209 cruciatibus
2834 5162 3093 5217 vexatos,
3147 5161 3473 5222 necatosque
3522 5151 3692 5209 fuisse

2088 5248 2415 5305 christianos
2444 5248 2528 5303 his
2574 5258 2762 5303 auctor
2810 5258 2993 5303 noster
3044 5246 3184 5301 liaud
3223 5246 3470 5301 obscuris
3509 5247 3694 5303 verbis

2088 5340 2398 5411 signiﬁcat:
2440 5361 2458 5394 ι
2497 5342 2551 5396 Si
2586 5340 2811 5395 totidem
2842 5356 2941 5395 nos
2975 5340 3169 5406 modis,
3201 5340 3529 5410 totidemque
3559 5354 3691 5397 sen-

2090 5435 2292 5501 tentiis,
2327 5455 2347 5488 ι
2381 5446 2541 5507 atque
2571 5436 2787 5505 ipsimet
2809 5435 3051 5501 Ethnici,
3086 5454 3104 5487 ‹
3131 5436 3356 5489 deorum
3386 5443 3691 5490 vestrorum

2093 5528 2477 5583 subrueremus
2518 5528 2710 5593 iidem;
2742 5527 2874 5581 nulli
2914 5536 3055 5581 esset
3094 5526 3313 5580 dubium
3352 5525 3481 5594 quin
3526 5525 3607 5579 ira
3638 5538 3695 5581 et

2094 5620 2244 5675 rabie
2288 5621 2577 5686 concitati,
2611 5622 2797 5691 ignes,
2848 5621 2987 5676 feras
3019 5629 3075 5675 et
3117 5617 3351 5689 gladios,
3381 5627 3544 5686 atque
3587 5617 3693 5673 alia

2093 5715 2435 5785 postularetis
2462 5715 2849 5785 suppliciorum
2875 5715 2925 5768 in
2960 5729 3057 5767 nos
3083 5726 3302 5782 genera,
3331 5708 3530 5778 quibus
3547 5709 3693 5763 sitim

2092 5808 2279 5863 soletis
2296 5816 2527 5863 vestram
2548 5807 2717 5863 nostri
2734 5806 3011 5876 sanguinis
3030 5803 3361 5877 appetitione
3387 5800 3641 5873 proluere
3672 5821 3691 5854 ι

2091 5900 2326 5973 (Idem,
2354 5903 2444 5957 lib.
2481 5918 2560 5966 Ill,
2589 5919 2709 5973 pag.
2745 5900 2930 5965 1221).
