3918 6348
227 349 316 406 417

1487 343 1552 400 IN
1584 337 1966 406 ARNOBIUM,
2006 338 2161 395 CAP.
2200 338 2287 395 IV.

3416 339 3520 393 418

290 467 360 522 Ex
400 465 494 521 hoc
535 475 728 523 autem
769 465 856 521 vel
894 463 1012 521 solo
1037 460 1260 519 Arnobii
1295 460 1462 518 nostri
1495 458 1802 515 testimonio
1831 464 1880 524 Α
1910 454 2050 520 Deo,
2080 471 2267 510 eorum
2298 463 2474 510 tantas
2502 456 2808 511 animorum
2843 453 2956 510 fieri
2993 453 3425 519 conversiones;
3460 463 3520 508 ut

228 558 365 614 facile
410 560 634 632 colliges
690 571 890 630 quanta
945 557 1103 612 fuerit
1153 555 1297 609 illius
1340 552 1514 608 adhuc
1562 562 1806 621 tempore

227 664 498 725 martyrum
546 652 863 708 multitudo.
894 650 1046 720 Quod
1097 649 1312 718 quidem
1355 646 1478 702 ideo
1507 645 1681 699 obiter
1711 659 1806 697 no-

229 753 401 812 tamus,
433 757 488 803 ut
516 763 683 816 quam
716 745 852 801 falsa
883 745 951 800 sit
978 744 1047 799 de
1081 757 1269 799 eorum
1312 743 1583 813 paucitate
1621 739 1805 809 opinio

226 852 395 894 omnes
420 839 749 910 intelligant.

285 930 383 986 Sed
422 931 696 1003 agedum,
725 939 887 1001 atque
909 927 1206 985 Arnobium
1239 936 1480 983 nostrum
1507 924 1685 981 adhuc
1711 939 1805 978 au-

225 1021 442 1089 diamus,
491 1024 569 1080 de
595 1024 889 1094 cujuslibet
935 1021 1294 1087 conditionis,
1327 1019 1500 1075 aetatis
1542 1034 1608 1074 ac
1645 1031 1807 1072 sexus

224 1117 534 1190 martyribus
581 1117 979 1173 disserentem:
1031 1134 1050 1169 ι
1084 1116 1167 1172 Ab
1208 1113 1443 1170 dominis
1469 1153 1482 1177 ,
1521 1131 1540 1164 ι
1594 1111 1670 1166 ait
1691 1109 1808 1180 (ille

225 1209 418 1281 (Idem,
443 1210 543 1267 lib.
567 1226 626 1274 tt,
653 1227 772 1281 pag.
797 1211 869 1266 44
890 1219 938 1264 et
963 1206 1149 1282 τρίτῳ),
1175 1227 1196 1261 ι
1224 1223 1284 1264 se
1310 1207 1454 1263 servi
1478 1203 1809 1261 cruciatibus

221 1305 382 1370 afﬁci,
408 1306 613 1377 quibus
642 1305 948 1372 statuerint,
979 1305 1204 1370 malunt,
1244 1301 1381 1358 solvi
1409 1301 1669 1370 conjuges
1695 1312 1808 1352 ma-

223 1396 495 1466 trimoniis,
515 1397 856 1454 exliatredari
877 1413 908 1452 a
929 1395 1244 1468 parentibus
1267 1394 1445 1462 liberi,
1462 1409 1621 1464 quam
1646 1391 1809 1448 ﬁdem

219 1505 453 1562 rumpere
481 1490 859 1557 christianam,
879 1501 936 1545 et
957 1489 1212 1545 salutaris
1237 1487 1443 1542 militia:
1470 1492 1810 1541 sacramenta

221 1581 499 1652 deponere.
542 1600 562 1635 ι
596 1582 828 1637 Tantum
873 1592 1055 1637 autem
1099 1579 1283 1645 abest,
1316 1587 1374 1632 ut
1418 1587 1497 1632 tot
1545 1577 1811 1647 tantisque

218 1675 533 1732 cruciatibus
557 1675 761 1732 ethnici
789 1674 1208 1731 christianorum
1256 1672 1419 1728 fidem
1448 1669 1810 1726 labefactave-

217 1770 341 1835 rint;
367 1770 495 1841 quin
530 1771 706 1840 potius
747 1769 837 1825 illa
869 1768 1088 1824 altiores
1110 1782 1346 1838 semper,
1375 1766 1617 1822 Arnobio
1647 1772 1805 1832 teste,

1908 563 2032 600 cum
2074 548 2391 614 carnifices,
2446 547 2602 615 unci,
2653 547 2850 618 aliique
2902 546 3172 601 innumeri
3219 545 3514 611 cruciatus,

1909 640 2362 711 quemadmodum
2392 641 2647 704 diximus,
2679 638 3028 710 impendeant
3065 636 3355 694 creditoris
3376 678 3390 699 ,
3419 651 3515 690 ve-

1909 731 2002 785 luti
2069 732 2299 802 quadam
2357 732 2682 797 dulcedine,
2745 742 2907 802 atque
2963 728 3201 785 omnium
3261 729 3516 783 virtutum

1908 837 2094 878 amore
2137 824 2402 893 correpti,
2436 823 2681 894 cognitas
2724 823 2995 893 accipiant
3039 820 3309 885 rationes,
3352 829 3517 888 atque

1909 916 2094 972 mundi
2121 918 2374 973 omnibus
2403 917 2565 974 rebus
2597 925 2913 987 praeponam
2937 914 3204 970 amicitias
3223 911 3465 967 Christi?
3493 934 3513 962 ι

1909 1009 2046 1075 Tot,
2080 1013 2172 1068 ille
2197 1017 2273 1068 ait
2293 1053 2309 1079 ,
2340 1023 2556 1083 tamque
2584 1003 2799 1068 diversa
2828 1007 3372 1082 exquisitissimarum
3397 1047 3413 1071 ,
3455 1019 3522 1061 ac

1910 1104 2084 1161 ferme
2133 1108 2534 1163 incredibilium
2587 1122 2867 1178 pinnarum
2913 1119 3146 1176 genera,
3177 1101 3246 1157 ab
3288 1100 3521 1157 infirmis

1911 1199 2156 1271 adeoque
2188 1199 2393 1271 fragilis
2422 1211 2629 1256 natura:
2657 1198 2791 1254 viris
2821 1209 2876 1254 et
2905 1194 3229 1252 mulieribus
3276 1192 3477 1248 tamdiu
3501 1232 3518 1260 ,

1913 1303 2170 1362 tantaque
2187 1297 2354 1352 animi
2372 1295 2712 1361 fortitudine,
2731 1293 2916 1349 divino
2936 1293 3057 1348 sine
3069 1288 3274 1347 auxilio
3298 1285 3521 1344 tolerari

1911 1404 2020 1446 non
2049 1401 2360 1460 potuerunt.

1985 1483 2316 1555 Praeceptori
2339 1500 2439 1542 suo
2459 1485 2637 1540 adhuc
2657 1482 2986 1554 suffragatur
3003 1480 3246 1553 proxime
3273 1476 3522 1533 laudatus

1912 1590 1941 1630 a
1973 1577 2128 1632 nobis
2169 1578 2482 1633 Lactantius
2517 1596 2530 1631 :
2565 1594 2586 1629 ι
2620 1575 2754 1631 Nam
2776 1590 2901 1630 eum
2930 1573 3112 1630 videat
3133 1571 3324 1643 vulgus
3345 1611 3361 1635 ,
3392 1587 3412 1623 ι
3447 1568 3525 1624 ait

1914 1670 2025 1735 ille,
2066 1689 2085 1723 ι
2123 1672 2412 1728 dilacerari
2445 1672 2694 1740 homines
2727 1670 2894 1726 variis
2923 1677 3321 1725 tormentorum
3349 1678 3521 1736 gene-

1912 1764 2084 1826 ribus,
2117 1774 2173 1819 et
2217 1765 2359 1821 inter
2406 1763 2660 1836 fatigatos
2704 1761 2991 1819 carnifices
3037 1761 3292 1817 invictam
3336 1768 3524 1814 tenere

217 1863 372 1933 egerit
397 1863 635 1932 radices,
665 1879 731 1919 ac
757 1862 965 1919 ﬁrmius
995 1862 1254 1927 stabilita,
1287 1877 1409 1918 cum
1437 1859 1629 1930 majori
1661 1874 1806 1914 mar-
1837 1868 1886 1929 B
1914 1856 2250 1926 patientiam,
2284 1858 2600 1913 existimant
2641 1856 2695 1912 id
2735 1855 2878 1927 quod
2907 1871 2998 1911 res
3021 1863 3128 1920 est,
3160 1843 3261 1907 nec
3283 1865 3522 1906 consen—

219 1964 381 2027 tyrum
435 1975 694 2026 numero,
726 1960 894 2030 magis
935 1972 1155 2029 semper
1183 1956 1439 2013 creverit.
1469 1955 1810 2025 Quapmpter

219 2046 349 2106 hunc
375 2051 468 2108 ille
496 2055 670 2123 pergit
696 2052 748 2106 in
780 2052 999 2108 modum
1026 2070 1040 2106 :
1077 2072 1096 2103 ι
1130 2050 1265 2107 Cum
1294 2066 1492 2122 genera
1526 2063 1808 2120 pinnarum

221 2149 355 2198 tanta
393 2145 497 2200 sint
533 2161 563 2199 a
592 2145 746 2200 vobis
775 2149 1051 2217 proposita
1081 2144 1359 2216 religionis
1392 2142 1552 2213 hujus
1580 2157 1810 2214 sequen-

219 2235 348 2290 tibus
375 2237 546 2308 leges,
576 2251 834 2309 augeatur
861 2252 950 2292 res
979 2237 1172 2308 magis,
1201 2248 1256 2292 et
1282 2245 1470 2292 contra
1493 2251 1685 2293 omnes
1711 2236 1810 2291 mi-

220 2347 329 2398 nas,
360 2343 524 2404 atque
550 2334 835 2389 interdiCta
866 2331 1212 2388 formidinum
1257 2332 1556 2388 animosius
1583 2334 1808 2404 populus

219 2427 508 2496 obnitatur,
539 2439 595 2484 et
619 2428 685 2484 ad
717 2429 970 2486 credendi
1011 2428 1248 2486 studium
1289 2427 1667 2500 prohibitionis
1707 2431 1806 2484 sti-

219 2523 367 2578 mulis
390 2524 677 2579 excitetur.
721 2542 739 2579 ι
776 2523 795 2586 (
816 2522 981 2590 Idem,
1017 2541 1138 2596 pag.
1163 2523 1288 2596 45.)

282 2615 461 2688 Neque
484 2628 566 2673 est
598 2616 859 2687 profecto,
890 2619 1034 2688 quod
1063 2619 1186 2689 quis
1211 2620 1520 2691 suspicetur
1550 2620 1602 2674 id
1624 2620 1807 2676 abillo

219 2717 410 2764 temere
438 2717 494 2765 et
526 2709 666 2764 falso
691 2708 922 2775 dictum,
956 2721 1047 2765 aut
1079 2711 1240 2765 nimis
1262 2723 1662 2784 exaggeratum.
1687 2713 1806 2768 Non

216 2805 381 2858 minus
424 2803 628 2859 etenim
672 2804 974 2860 luculenter
1003 2804 1369 2861 Tertullianus
1403 2825 1416 2862 :
1454 2826 1472 2859 ι
1507 2807 1618 2863 Nec
1643 2808 1805 2879 quid-

215 2915 385 2970 quam,
420 2919 440 2953 ι
472 2900 570 2966 ait,
607 2918 627 2950 ί
662 2900 873 2969 proiicit
914 2900 1233 2970 exquisitior
1263 2918 1488 2972 quaeque
1514 2902 1806 2958 crudelitas

216 3003 420 3058 vestra;
449 2992 706 3048 illecebra
747 3003 830 3048 est
865 2994 1037 3064 magis
1078 3004 1265 3050 sectae.
1296 2994 1488 3051 Plures
1513 2997 1801 3064 efficimur,

215 3085 414 3157 quoties
441 3089 697 3142 metimur
721 3101 751 3140 a
774 3086 928 3143 vobis
948 3102 961 3140 :
981 3103 1170 3144 semen
1198 3098 1282 3144 est
1307 3089 1527 3159 sanguis
1555 3089 1806 3144 christia-

217 3194 517 3237 norum.....
561 3179 672 3236 Nec
714 3189 891 3235 tantos
935 3181 1216 3236 inveniunt
1244 3181 1405 3237 verba
1435 3191 1612 3236 vestra
1641 3181 1802 3237 disci-

1913 1964 2032 2005 sum
2062 1959 2172 2006 tam
2204 1951 2518 2017 multorum,
2551 1965 2654 2006 nec
2677 1949 3143 2020 perseverantiam
3175 1943 3521 2000 morientium

1913 2056 2106 2097 vanam
2134 2057 2282 2108 esse,
2302 2058 2404 2099 nec
2430 2043 2601 2112 ipsam
2626 2041 2943 2113 patientiam
2967 2040 3087 2094 sine
3113 2038 3224 2094 Deo
3251 2035 3524 2092 cruciatus

1913 2144 2095 2192 tantos
2142 2151 2301 2206 posse
2343 2139 2615 2192 sustinere
2651 2154 2671 2188 ι
2707 2134 2988 2205 (Lactant.
3011 2175 3027 2201 ,
3058 2131 3147 2187 lib.
3181 2148 3235 2200 v,
3278 2146 3396 2202 cap.
3431 2128 3522 2195 l5,

1912 2246 2035 2301 pag.
2079 2228 2248 2300 495).
2298 2228 2465 2284 Vides
2494 2230 2676 2300 itaque
2705 2243 2864 2299 quam
2897 2226 3102 2281 diserte
3134 2224 3225 2281 ille
3255 2233 3378 2296 pest
3418 2224 3520 2277 Ar-

1913 2325 2132 2380 nobium
2166 2331 2414 2379 nostrum
2437 2364 2452 2388 ,
2482 2338 2547 2378 ac
2573 2322 2798 2379 citatum
2827 2336 2856 2375 a
2888 2319 3045 2376 nobis
3070 2318 3202 2374 alibi
3232 2316 3522 2373 Minucium

1912 2415 2146 2472 Felicem
2183 2413 2444 2488 (Dissert.
2483 2417 2536 2469 in
2577 2414 2804 2477 Minoa,
2835 2429 2952 2482 cap.
2984 2428 3062 2476 vt,
3096 2421 3200 2466 art.
3223 2407 3339 2481 5.),
3370 2422 3522 2464 asse-

1910 2519 2064 2564 veret
2098 2509 2414 2580 inspiratam
2460 2508 2530 2564 ab
2577 2509 2812 2579 ipsomet
2862 2507 2973 2564 Deo
3019 2505 3168 2561 illam
3216 2503 3523 2561 mirabilem

1912 2616 2136 2672 prorsus
2183 2609 2482 2674 martyrum
2525 2600 2863 2670 patientiam.
2893 2598 3055 2667 Atqui
3092 2599 3230 2652 Deus
3259 2596 3399 2651 hanc
3436 2595 3523 2650 di-

1909 2696 2090 2751 vinatn
2120 2711 2274 2750 suam
2307 2711 2490 2766 opem,
2524 2707 2578 2750 et
2615 2693 2875 2748 auxilium
2920 2690 3413 2748 extraordinarium
3458 2689 3524 2744 iis

1911 2793 2118 2840 tantum
2147 2784 2362 2839 confert
2383 2824 2398 2848 ,
2431 2781 2523 2851 qui
2551 2797 2680 2837 vero
2711 2781 2829 2851 ejus
2859 2779 3065 2846 cultui,
3108 2793 3362 2848 verteque
3389 2775 3522 2831 reli-

1907 2879 2056 2950 gioni
2109 2878 2403 2947 mancipati
2453 2886 2610 2944 sunt,
2652 2891 2759 2931 non
2800 2884 2981 2931 autem
3025 2873 3183 2938 aliis,
3231 2873 3323 2944 qui
3372 2871 3520 2926 illum

1908 2980 2195 3041 spernunt,
2229 2972 2526 3042 repellunt.
2551 2979 2609 3025 et
2632 2970 2681 3026 ei
2714 2985 2932 3038 semper
2957 2968 3342 3023 adversantur.
3372 2965 3523 3022 Alias

1908 3069 2189 3125 enimvero
2220 3067 2312 3123 ille
2352 3067 2454 3123 sibi
2498 3066 2600 3136 ipsi
2633 3065 2945 3121 contrarius
2975 3073 3141 3119 esset.
3173 3061 3519 3117 Christiano-

1909 3177 2029 3216 rum
2062 3177 2230 3232 ergo,
2268 3161 2396 3231 qui,
2434 3161 2542 3214 Deo
2588 3159 2920 3229 cpitulante,
2953 3164 3034 3211 tot
3079 3164 3376 3226 tantaque,
3422 3171 3521 3225 pro

214 3278 386 3348 pulos,
426 3284 660 3348 quantos
701 3275 984 3331 christiani
1033 3274 1192 3331 factis
1235 3275 1499 3331 docendo.
1551 3274 1643 3329 Illa
1687 3276 1800 3344 ipsa

1917 3254 2106 3310 luenda
2155 3268 2269 3310 sum
2315 3253 2595 3326 religionis
2642 3251 3020 3320 professione,
3055 3258 3163 3304 tam
3205 3259 3521 3305 constanter

214 3369 514 3434 obstinatio,
531 3383 692 3439 quam
715 3370 1077 3438 exprobratis,
1101 3369 1354 3440 magistra
1379 3377 1482 3424 est.
1505 3368 1637 3437 Quis
1657 3369 1800 3425 enim

216 3476 310 3516 non
337 3462 798 3533 contemplatione
824 3464 942 3530 ejus
968 3464 1276 3520 concutitur
1312 3463 1380 3518 ad
1418 3463 1800 3534 requirendum

216 3556 328 3624 quid
356 3557 497 3611 lllllla
520 3559 574 3611 in
599 3571 658 3612 re
683 3555 937 3624 snt?Quis
962 3573 1092 3620 non,
1114 3557 1204 3612 ubi
1233 3541 1532 3628 requisivit,
1561 3559 1799 3625 accedit;

216 3649 294 3704 ubi
340 3652 600 3717 accessit,
657 3651 765 3721 pati
813 3659 1035 3720 exoptat
1085 3650 1456 3723 (Tertullian.,
1505 3653 1799 3724 Apologet.,

218 3757 321 3810 cap.
343 3743 411 3799 50
439 3742 496 3814 )‘l
516 3742 689 3798 Nemo
719 3755 896 3799 autem
925 3745 976 3801 id
1011 3745 1134 3816 ipsi,
1170 3761 1359 3816 parum
1387 3756 1589 3802 attenta
1621 3759 1804 3804 mente

216 3837 495 3904 scribenti,
545 3838 812 3895 excidisse
859 3849 1031 3910 putet.
1078 3840 1199 3894 Alio
1246 3840 1510 3913 siquidem
1558 3841 1612 3895 iu
1666 3833 1803 3897 libro

217 3932 387 3988 eadem
417 3935 614 4005 repetit
641 3952 655 3988 :
692 3951 710 3984 ι
743 3933 855 3990 Nec
882 3934 1094 3990 deﬁciet
1134 3935 1249 3991 haec
1289 3946 1458 4002 secta,
1486 3952 1645 4005 quam
1680 3946 1803 3992 tunc

217 4029 374 4096 magis
422 4029 676 4084 aedificari
723 4031 887 4096 scias,
934 4047 1056 4086 cum
1105 4031 1238 4086 ca-di
1288 4030 1520 4085 videtur.
1567 4031 1804 4103 Quisque

217 4121 348 4175 enim
380 4131 576 4176 tantam
606 4123 948 4179 tolerantiam
981 4135 1256 4194 spectans,
1277 4133 1333 4178 ut
1353 4124 1532 4193 aliquo
1549 4125 1804 4194 scrupulo

220 4227 511 4282 percussus.
542 4226 592 4270 et
625 4217 898 4286 inquirere
939 4217 1250 4272 accenditur
1284 4217 1411 4288 quid
1439 4218 1510 4271 sit
1537 4218 1587 4272 in
1619 4233 1801 4285 causa,

220 4317 272 4361 et
292 4309 379 4363 ubi
404 4311 718 4381 cognoverit
750 4311 1052 4373 veritatem,
1075 4321 1127 4364 et
1150 4309 1266 4381 ipse
1286 4312 1466 4365 statim
1488 4313 1753 4381 sequitur.
1781 4331 1799 4362 ›

224 4399 442 4469 (Idem.,
477 4403 594 4457 libr.
624 4404 694 4457 ad
725 4403 965 4474 Scapul..
999 4422 1114 4477 cap.
1147 4405 1234 4476 5).
1269 4404 1373 4460 Sed
1405 4406 1474 4462 de
1504 4407 1586 4461 his
1616 4406 1803 4472 fusius,

223 4494 304 4549 ubi
328 4495 393 4552 de
422 4510 651 4569 utroque
679 4499 771 4552 illo
800 4497 1119 4553 Tertulliani
1150 4499 1288 4553 libro
1307 4543 1320 4565 ,
1351 4499 1768 4571 disputabimus.

289 4590 477 4647 Eadem
506 4593 980 4664 argumentatioiie
1007 4604 1060 4648 et
1090 4592 1200 4648 Leo
1227 4592 1468 4664 Magnus,
1504 4603 1556 4648 et
1586 4594 1676 4648 alii
1711 4609 1808 4648 no-

1904 3348 2050 3418 passi
2082 3355 2229 3412 sunt,
2259 3361 2423 3402 verus
2453 3354 2750 3416 gratusque
2775 3353 2893 3400 erat
2929 3343 3037 3399 Deo
3067 3342 3268 3408 cultus,
3297 3356 3361 3397 ac
3391 3357 3518 3395 vera

1905 3439 2069 3494 etiam
2093 3454 2307 3505 eorum,
2323 3437 2785 3511 quemadmodum
2806 3435 2941 3493 falsa
2959 3435 3307 3494 ethnicorum
3326 3434 3519 3506 religio

1905 3546 2028 3589 esse
2054 3531 2313 3590 debebat.

2521 3684 2623 3723 ΛΚΤ
2630 3683 2813 3724 ιευιυε
2851 3684 2909 3724 ιι.

1907 3801 2159 3862 Quomodo
2183 3800 2431 3851 Arnobius
2453 3802 2732 3852 christiana:
2775 3801 3032 3864 religionis
3057 3802 3321 3854 veritatem
3358 3803 3521 3856 adhuc

1971 3866 2188 3916 vindicet
2229 3878 2290 3915 ex
2330 3863 2465 3914 illius
2500 3865 2723 3914 doctrina
2745 3900 2760 3924 ,
2796 3867 2858 3914 ab
2879 3863 3172 3915 innumeris
3204 3865 3484 3920 hominibus
3504 3907 3518 3927 ,

1967 3929 2172 3991 deorum
2196 3928 2350 3978 cultui
2377 3928 2600 3987 addictis,
2629 3940 2722 3991 per
2754 3935 2916 3978 totum
2955 3936 3201 3978 terrarum
3224 3934 3398 3982 orbem
3431 3944 3520 3981 ce-

1970 3989 2175 4041 lerrime
2202 3997 2454 4054 suscepta.

1979 4120 2277 4177 Veritatem
2328 4121 2641 4177 christiana:
2688 4120 2971 4192 religionis
3025 4121 3300 4178 Arnobius
3347 4123 3509 4178 tertio

1907 4224 2250 4285 argumento,
2284 4229 2349 4270 ex
2383 4215 2552 4285 ipsius
2590 4213 2871 4281 doetrina,
2902 4230 2965 4269 ac
2989 4217 3392 4286 promptissima
3422 4219 3521 4272 mi-

1910 4323 2078 4379 raque
2105 4307 2253 4364 illius
2279 4325 2375 4378 per
2401 4309 2684 4364 universas
2714 4309 2865 4364 orbis
2897 4318 3054 4364 teme
3077 4321 3258 4380 partes
3279 4354 3292 4376 ,
3325 4328 3521 4383 propa-

1910 4402 2128 4474 gatione
2148 4402 2338 4471 petito,
2360 4403 2792 4459 luculentissime
2817 4403 3176 4459 demonstrat.
3199 4405 3329 4472 Qua:
3349 4406 3515 4471 enim,

1911 4494 1987 4549 ait
2015 4494 2137 4555 ille.
2171 4504 2254 4549 est
2280 4495 2399 4566 ejus
2429 4493 2719 4550 doctrina?
2753 4498 2919 4552 Docet
2946 4513 3110 4551 unum
3145 4499 3520 4553 tantummodo

1913 4603 2034 4644 esse
2062 4589 2251 4655 Deum,
2283 4588 2534 4660 huncque
2561 4604 2834 4644 summum
2863 4606 3044 4645 rerum
3073 4593 3316 4646 omnium
3344 4591 3518 4646 domi-

225 4683 310 4737 stri
369 4688 658 4756 scriptores
704 4689 1015 4742 christiana:
1060 4687 1336 4756 religionis
1379 4686 1690 4754 veritatem,
1736 4688 1810 4741 uti
1840 4681 1892 4740 D
1921 4698 2045 4736 num
2081 4691 2136 4736 et
2176 4682 2474 4752 principem
2500 4725 2514 4751 ,
2561 4693 2722 4755 atque
2771 4683 2977 4739 idcirco
3020 4686 3188 4738 nostri
3239 4685 3522 4739 dumtaxat

224 4793 372 4834 nemo
438 4782 644 4845 nescit,
702 4780 1107 4836 evidentissime
1165 4781 1605 4835 demonstrarunt
1659 4779 1806 4848 (Leo

225 4867 584 4941 Magn.,scrm.
606 4873 723 4938 t,de
741 4873 845 4928 SS.
869 4872 1011 4928 Petr.
1032 4885 1078 4927 et
1113 4871 1327 4944 Paul.).
1360 4872 1431 4927 At
1463 4889 1569 4943 prae
1597 4875 1808 4928 caeteris

227 4962 551 5030 Lactantius,
603 4967 827 5023 Arnobii
877 4969 1044 5022 nostri
1093 4968 1421 5038 discipulus,
1456 4983 1575 5023 eam
1621 4979 1807 5024 eontra

226 5054 472 5115 Ethuiros
503 5070 757 5130 urget,ac
787 5061 1032 5130 qumdnm
1064 5062 1375 5118 eorumdem
1407 5061 1685 5132 genti'ium
1714 5064 1809 5118 ob-

224 5149 377 5218 jecta,
408 5157 600 5222 quibus
631 5155 771 5209 illius
799 5155 904 5208 vim
935 5164 990 5208 et
1016 5155 1180 5210 robur
1221 5156 1495 5211 inlirmare
1533 5157 1808 5211 conaban-

229 5252 337 5306 tur,
369 5247 548 5312 diluit,
578 5263 640 5302 ac
670 5247 1125 5316 quemadmodum
1169 5264 1270 5302 suo
1311 5249 1430 5302 loco
1471 5249 1810 5316 videbimus,

228 5341 429 5407 penitus
456 5341 1038 5413 subrertit(Lactant.,
1075 5344 1164 5396 lib.
1198 5360 1253 5409 ν,
1286 5344 1348 5397 de
1379 5342 1533 5412 lnst.,
1566 5362 1683 5416 cap.
1720 5346 1806 5411 15,

229 5447 346 5502 pag.
375 5436 496 5500 494,
526 5447 573 5491 et
599 5455 716 5506 cap.
759 5437 840 5499 l9,
872 5455 991 5509 pag.
1025 5436 1200 5509 518.).

297 5527 438 5585 Nunc
458 5534 634 5604 itaque
654 5549 812 5600 quam
831 5533 1233 5588 conclusionem
1260 5532 1383 5588 inde
1410 5534 1589 5588 eliciat
1612 5537 1814 5590 Auctor

234 5632 424 5688 noster,
456 5626 498 5681 si
533 5628 702 5692 lubet,
737 5627 1105 5697 expendamus
1137 5647 1148 5681 :
1188 5647 1204 5680 ι
1240 5627 1545 5699 Numquid,
1586 5650 1603 5681 ι
1646 5631 1818 5698 inquit

237 5711 472 5786 (Arnob,
500 5719 588 5773 lib.
618 5737 674 5782 ιι,
707 5737 826 5791 pag.
858 5721 986 5788 45),
1049 5740 1066 5772 ι
1105 5722 1218 5774 haec
1247 5720 1364 5777 fieri
1395 5722 1591 5789 passim
1621 5731 1674 5776 et
1699 5722 1814 5775 ioa<

239 5803 370 5862 niter
395 5811 642 5868 creditis?
670 5813 935 5868 Fortuitis
970 5813 1274 5869 incursibus
1311 5817 1514 5869 assumi
1547 5814 1644 5870 has
1668 5831 1818 5869 men-

243 5903 348 5958 tes?
373 5903 509 5966 Itane
538 5908 682 5968 istud
712 5924 823 5967 non
847 5908 1090 5967 divinum
1121 5922 1174 5967 et
1197 5925 1413 5968 sacrum
1445 5921 1551 5978 est,
1581 5919 1675 5967 aut
1703 5913 1820 5967 sine

1915 4789 2076 4830 causa
2105 4776 2368 4830 orandum
2399 4787 2451 4832 et
2485 4777 2841 4832 adorandum.
2873 4777 3041 4832 Docet
3070 4778 3202 4832 nihil
3233 4780 3300 4833 ab
3330 4797 3395 4832 eo
3426 4780 3521 4834 dc-

1919 4868 2248 4940 poscendum
2277 4911 2292 4937 ,
2327 4870 2427 4924 nisi
2452 4875 2660 4940 justum
2685 4913 2698 4935 ,
2745 4871 3032 4925 honestum
3056 4913 3069 4937 ,
3102 4880 3158 4926 et
3193 4871 3376 4925 auditu
3405 4872 3522 4942 ejus

1918 4966 2157 5035 dignum.
2215 4967 2379 5020 Docet
2426 4966 2556 5021 nihil
2599 4965 2946 5021 tribuendum
2995 4967 3190 5035 iniqua:
3239 4967 3520 5021 hominum

1918 5059 2193 5126 cupiditati
2226 5068 2280 5114 et
2310 5060 2559 5125 libidini,
2608 5061 2703 5117 sed
2737 5064 2950 5133 utrique
2997 5077 3216 5131 semper
3252 5062 3521 5117 obsisten-

1915 5153 2077 5214 dum;
2119 5153 2352 5208 dandam
2388 5155 2709 5210 innocentia:
2737 5171 2802 5210 ac
2833 5171 3044 5210 morum
3088 5155 3378 5225 integritati
3414 5155 3520 5209 ulla

1913 5265 2167 5320 umquam
2225 5250 2343 5304 sine
2399 5249 2808 5307 intermissione
2858 5268 3124 5322 operam,
3191 5266 3397 5320 nosque
3452 5251 3521 5305 ab

1916 5342 2062 5398 omni
2096 5342 2212 5396 labe
2241 5343 2563 5398 delictorum
2597 5346 2836 5399 omnium
2870 5346 3240 5416 amputatione
3285 5361 3518 5414 purgan-

1915 5436 2015 5490 dos
2042 5454 2054 5488 :
2092 5455 2109 5486 (
2145 5434 2290 5489 Nihil
2318 5451 2504 5490 sumus
2531 5437 2674 5492 aliud
2703 5438 3008 5501 christiani,
3047 5458 3064 5490 ›
3099 5437 3323 5492 Arnobii
3355 5440 3521 5493 verba

1918 5540 2071 5598 sunt,
2108 5550 2126 5581 ε
2164 5532 2264 5584 nisi
2299 5533 2556 5602 magistro
2583 5532 2834 5599 Christo,
2868 5535 3061 5587 summi
3093 5533 3237 5602 regis
3277 5549 3337 5588 ac
3376 5534 3522 5604 prin—

1919 5626 2052 5697 cipis
2091 5637 2468 5696 veneratores,
2519 5629 2682 5694 nihil,
2727 5630 2772 5684 si
2803 5629 3152 5694 consideres,
3189 5629 3330 5683 aliud
3365 5630 3520 5684 inve-

1922 5722 2036 5775 nics
2068 5722 2121 5775 in
2153 5723 2250 5776 ista
2286 5722 2549 5792 religione
2570 5724 2794 5777 versari.
2843 5723 2970 5778 Ηωο
3000 5723 3162 5776 totius
3193 5738 3404 5776 summa
3433 5739 3525 5778 ac—

1921 5815 2081 5869 tionis
2108 5858 2122 5880 ,
2170 5815 2256 5870 hic
2305 5817 2616 5887 propositus
2659 5817 2922 5871 terminus
2959 5816 3266 5871 divinorum
3320 5814 3526 5872 officio-

1924 5928 2073 5980 rum,
2103 5911 2190 5971 hic
2218 5913 2360 5973 linis.
2406 5913 2541 5971 lluic
2583 5928 2774 5971 omnes
2812 5929 2878 5971 ex
2906 5927 3057 5970 more
3088 5911 3524 5983 prosternimur,
