3918 6334
370 304 474 376 M9

1614 295 2058 367 DiSSERTATiO
2085 302 2363 363 PBEVIA

3561 295 3677 355 -120

373 433 515 488 hunc
559 430 776 488 collatis
806 430 1058 502 precibus
1097 429 1387 485 adoramus
1412 470 1427 496 ,
1469 428 1537 483 ab
1565 426 1668 481 hoc
1696 425 1841 496 justa
1863 468 1876 487 ,
1918 431 1971 478 et
1998 424 2050 485 Α
2076 421 2287 492 praediti
2321 431 2586 487 oratores,
2619 419 2976 491 grammatici,
3012 419 3283 486 rhetores,
3315 417 3550 474 consulti
3573 419 3667 490 ju-

371 525 634 593 honesta,
666 535 721 581 et
748 524 934 580 auditu
979 525 1094 593 ejus
1137 525 1401 594 condigna
1443 521 1805 590 deposcimus.
1848 518 1964 574 Non

370 619 516 689 quod
565 621 681 690 ipse
727 619 993 674 desideret
1040 618 1310 688 supplices
1341 631 1439 670 nos
1486 629 1646 681 csse,
1688 624 1776 668 aut
1821 620 1966 668 amet

371 713 641 769 substerni
671 757 684 777 ,
723 722 778 768 et
825 713 952 781 (sive
993 711 1132 782 aut)
1185 720 1262 765 tot
1300 709 1527 764 millium
1561 708 1965 763 venerationem

371 807 576 862 videre.
606 804 820 862 Utilitas
865 803 983 860 huic
1028 813 1205 857 nostra
1240 811 1352 867 est,
1396 811 1450 856 et
1489 799 1758 855 commodi
1798 801 1966 855 nostri

371 899 632 953 rationem
664 905 935 966 spectans.
967 895 1101 950 Nam
1127 895 1251 964 quia
1283 895 1436 964 proni
1468 893 1532 948 ad
1564 892 1748 962 culpas
1768 934 1783 959 ,
1815 901 1871 948 et
1898 894 1965 949 ad

369 987 612 1043 libidinis
639 987 823 1042 varios
853 986 1122 1056 appetitus
1152 986 1284 1040 vitio
1312 999 1497 1040 sumus
1528 985 1862 1041 inﬁrmitatis
1885 986 1968 1041 in-

368 1080 606 1150 genitm,
665 1080 862 1148 patitur
915 1090 977 1132 'se
1024 1073 1240 1146 semper
1295 1077 1499 1131 nostris
1549 1077 1968 1148 cogitationibus

367 1171 616 1240 concipi;
665 1181 722 1224 ut
753 1167 881 1224 dum
906 1169 1052 1223 illum
1082 1181 1301 1223 oramus
1323 1210 1338 1234 ,
1383 1177 1437 1222 et
1468 1172 1664 1223 mereri
1695 1169 1811 1239 ejus
1836 1184 1968 1224 con-

370 1264 640 1319 tendimus
681 1256 906 1319 mnnera
932 1306 948 1331 ,
998 1265 1332 1335 accipiamus
1363 1267 1690 1320 innocentiae
1721 1265 1966 1320 velunta-

369 1367 477 1412 tem
503 1399 517 1422 ,
563 1366 617 1412 et
653 1359 720 1412 ab
746 1358 893 1412 omni
925 1373 1026 1412 nos
1068 1358 1188 1413 labe
1223 1358 1542 1414 delictorum
1580 1358 1820 1412 omnium
1853 1371 1967 1412 am-

369 1452 646 1521 putatioue
677 1466 990 1522 purgemus.
1028 1471 1047 1503 ι
1072 1448 1091 1522 (
1118 1450 1337 1519 Arnob.,
1371 1452 1463 1506 lib.
1496 1469 1532 1520 ι,
1555 1467 1676 1522 pag.
1698 1451 1764 1506 14
1781 1460 1828 1506 et
1850 1449 1964 1519 15.)

367 1545 617 1618 Denique
660 1545 944 1600 christiani
989 1525 1357 1614 praedicabant
1405 1543 1569 1599 falsos
1608 1558 1730 1598 esse
1776 1557 1967 1599 omnes

367 1636 645 1706 gentilium
671 1638 804 1692 deos
823 1678 837 1702 ,
872 1637 1201 1707 respuebant
1232 1635 1502 1707 quoslibet
1529 1635 1722 1703 impios
1751 1634 1966 1689 illorum

366 1728 536 1794 ritus,
584 1728 960 1796 superstitiosa
995 1728 1284 1799 mysteria,
1330 1727 1590 1782 sacriﬁcia
1618 1735 1672 1780 et
1697 1724 1867 1791 festa,
1903 1741 1968 1782 ac

366 1829 655 1888 corruptos
683 1834 862 1874 mores
895 1819 1053 1895 plane
1081 1820 1404 1889 penitusque
1432 1817 1888 1874 condemnabam.

437 1910 636 1966 Verum
675 1920 875 1980 quanto
920 1911 1218 1967 christiana
1265 1911 1446 1981 religio
1473 1953 1486 1976 ,
1538 1911 1614 1965 uti
1658 1910 1750 1965 ille
1789 1908 1965 1965 adhuc

367 2002 632 2072 loquitur,
663 2003 827 2057 verior
851 2045 865 2067 ,
901 2001 1187 2071 ofﬁciosior
1210 2044 1224 2069 ,
1258 2004 1513 2072 potentior
1535 2044 1549 2070 ,
1591 2004 1785 2072 iustior
1813 2012 1958 2069 erat,

365 2102 515 2148 tanto
563 2109 693 2149 sane
739 2091 1014 2150 difﬁcilius
1056 2097 1446 2165 operosiusque
1485 2106 1601 2151 erat
1641 2096 1746 2152 hoc
1785 2095 1964 2176 ipsum

364 2185 650 2256 gentilibus
677 2187 1025 2255 persuadere.
1057 2187 1283 2253 Quantae
1311 2189 1453 2242 enim
1473 2228 1488 2254 ,
1517 2188 1709 2242 amabo
1744 2197 1795 2243 te
1816 2231 1830 2253 ,
1861 2188 1960 2242 im-

365 2277 548 2348 peritis
573 2320 588 2344 ,
643 2277 876 2333 indoctis
903 2294 968 2333 ac
1012 2279 1234 2334 rudibus
1261 2277 1462 2334 Christi
1495 2279 1775 2349 discipulis
1803 2281 1963 2336 molis

363 2380 417 2424 et
443 2382 623 2439 operae
649 2381 765 2425 erat
791 2411 805 2434 ,
835 2369 1055 2425 eosdem
1086 2372 1319 2440 gentiles
1349 2385 1579 2426 avocare
1603 2371 1673 2425 ab
1702 2371 1963 2444 antiquis-

361 2461 498 2516 simo
527 2461 751 2516 deorum
779 2504 795 2529 ,
846 2462 1219 2537 idolorumque
1250 2464 1394 2518 cultu
1418 2507 1431 2531 ,
1469 2473 1522 2518 et
1559 2461 1677 2518 aliis
1702 2465 1962 2534 supersti-

364 2554 595 2610 tionibus
619 2596 633 2619 ,
682 2569 816 2626 quas
840 2570 869 2609 a
896 2562 981 2610 tot'
1012 2555 1226 2610 saeculis
1255 2564 1510 2626 tanquam
1542 2556 1657 2626 pias
1685 2574 1806 2612 cum
1842 2575 1947 2612 nu—

363 2647 507 2702 tricis
547 2645 684 2703 iacte
731 2645 1037 2703 suxerant?
1078 2645 1274 2714 Quanti
1323 2648 1521 2702 laboris
1551 2656 1605 2702 et
1627 2647 1961 2705 difﬁcultatis

361 2749 477 2794 erat
509 2740 792 2795 innumera
834 2736 1115 2794 hominum
1157 2738 1323 2794 millia
1367 2739 1433 2793 ad
1478 2739 1787 2794 christianze
1833 2740 1961 2795 reli-

359 2833 556 2902 gionis,
589 2848 750 2904 quam
779 2849 973 2888 novam
1005 2843 1059 2889 et
1086 2833 1304 2903 impiam
1333 2832 1650 2901 credebant,
1686 2831 1959 2891 adducere

361 2921 753 2994 professionem
777 2925 799 2979 ?
827 2925 1033 2992 Quanta
1067 2925 1233 2981 animi
1260 2925 1612 2981 contentione
1638 2942 1776 2996 opus
1802 2939 1918 2983 erat
1935 2970 1955 2995 ,

361 3027 417 3071 ut
445 3017 623 3074 illosa
671 3018 856 3084 iiiolli,
900 3019 1133 3075 delicato
1176 3031 1228 3074 et
1271 3018 1560 3074 libidinoso
1609 3021 1821 3076 vivendi
1867 3039 1960 3092 ge-

359 3126 526 3176 nere,
574 3111 715 3181 qnod
748 3111 948 3166 licitum
988 3113 1288 3183 putabant,
1331 3113 1398 3168 ad
1440 3109 1581 3167 aliud
1611 3115 1958 3170 traducerent

2069 515 2165 581 ris,
2193 530 2256 570 ac
2284 512 2499 582 medici,
2525 504 2943 584 philosopltique
2965 513 3125 568 etiam
3151 506 3357 570 secreta
3382 513 3666 582 rimantes,

2070 610 2379 680 magisteria
2415 607 2530 663 haec
2559 618 2850 678 eXpetunt,
2900 609 3100 677 spretis
3128 605 3327 679 quibus
3361 615 3489 664 ante
3531 606 3669 663 ﬁde-

2071 701 2202 756 bant
2235 721 2254 752 ι
2289 698 2552 770 (Arnob.,
2581 701 2669 756 lib.
2696 717 2754 768 tt,
2793 718 2915 772 pag,
2939 702 3028 756 44.
3056 699 3100 772 ).

2143 793 2347 862 Saepius
2372 808 2502 847 vero
2524 794 2612 848 ille
2638 796 2831 862 repetit
2859 802 3030 848 totum
3057 785 3316 848 mundum
3341 791 3660 848 christiana

2070 885 2343 955 religionis
2387 885 2752 941 sectatoribus
2796 884 2875 940 sic
2917 883 3085 940 fuisse
3115 884 3382 954 repletum
3429 883 3661 954 (Idem,

2068 978 2155 1032 lib.
2188 993 2204 1032 ι
2231 1020 2245 1041 ,
2275 995 2393 1049 pag.
2433 977 2531 1044 55;
2563 978 2650 1032 lib.
2685 994 2722 1033 it
2752 1021 2766 1045 ,
2801 995 2924 1049 pag.
2958 977 3066 1047 50)
3098 994 3112 1044 ;
3159 992 3368 1048 nosque
3393 977 3506 1047 jam
3549 977 3670 1032 ani-

2069 1069 2453 1124 madvertimus
2494 1070 2668 1125 varias
2708 1070 2959 1142 regiones
2995 1070 3063 1124 ad
3099 1069 3364 1124 orientem
3406 1068 3669 1124 occiden-

2068 1170 2284 1232 temque
2311 1163 2479 1217 solem
2504 1163 2725 1233 positas,
2752 1176 2873 1233 quae
2906 1161 3045 1216 hanc
3072 1161 3391 1231 religionem
3420 1170 3668 1216 nostram

2068 1255 2496 1326 profitebantur,
2541 1255 2610 1310 ab
2642 1256 2736 1310 ilio
2774 1264 3028 1312 accurate
3066 1262 3121 1312 et
3157 1255 3348 1310 sedulo
3390 1255 3670 1311 recenseri

2071 1348 2249 1420 (Sup.
2279 1351 2376 1404 hoc
2401 1367 2544 1421 cap.,
2575 1359 2677 1404 art.
2708 1350 2762 1404 1.
2793 1348 2836 1420 ).

2142 1444 2211 1495 At
2240 1440 2548 1510 quomodo,
2577 1455 2797 1511 quaeso,
2835 1451 2912 1496 tot
2939 1440 3221 1507 homines,
3251 1448 3400 1496 tanto
3422 1441 3670 1498 locorum

2070 1531 2355 1587 intervallo
2405 1533 2692 1603 disjuncti,
2747 1533 3012 1604 singulari
3053 1532 3271 1603 ingenio
3313 1543 3368 1589 et
3421 1532 3673 1589 doctrina

2071 1633 2434 1692 praestantes,
2488 1625 2602 1678 suis
2651 1623 3002 1694 opinionibus
3047 1637 3111 1680 ac
3156 1623 3484 1694 praejudiciis
3526 1623 3673 1680 chri-

2069 1717 2259 1770 stianae
2303 1715 2426 1770 iidei
2466 1730 2498 1772 θ
2549 1716 2817 1771 diametro
2857 1715 3120 1786 oppositis
3172 1725 3277 1770 tam
3321 1716 3673 1786 pertinaciter

1995 1807 2302 1881 Baddicti,
2350 1807 2443 1862 illa
2498 1807 2824 1863 brevrssimo
2881 1816 3128 1878 tempore
3178 1808 3564 1878 deposuerint;
3617 1816 3676 1865 et

2071 1899 2207 1954 hanc
2233 1915 2354 1969 quae
2382 1899 2518 1954 nihil
2546 1897 2666 1957 fere
2695 1909 2822 1956 tunc
2847 1899 2901 1955 in
2929 1899 3034 1956 hoc
3063 1901 3267 1957 mundo
3288 1943 3305 1968 ,
3332 1901 3436 1956 nisi
3462 1901 3673 1973 suppli-

2067 1992 2147 2048 cia
2174 2032 2189 2057 ,
2218 2001 2529 2062 certamque
2557 1999 2787 2048 mortem
2812 2004 2997 2049 secum
3031 1993 3317 2061 trahebat,
3352 2003 3546 2065 sponte
3573 2009 3675 2051 sua

2067 2097 2274 2152 suoque
2298 2081 2501 2153 judicio
2532 2083 3036 2152 amplecterentur?
3074 2081 3264 2140 Nonne
3293 2085 3395 2140 hoc
3434 2087 3674 2143 maximo

2068 2174 2264 2228 diViiliB
2293 2174 2647 2245 providentiw
2678 2175 2939 2231 miraculo
2966 2177 3166 2232 veritas
3195 2176 3506 2234 christiana:
3537 2177 3672 2235 reli-

2065 2267 2236 2338 gionis
2276 2280 2383 2321 non
2437 2266 2617 2322 minus
2661 2276 2856 2331 certo,
2910 2272 3197 2338 perspicue
3240 2277 3295 2323 et
3336 2261 3667 2336 efficaciter,

2063 2376 2226 2431 quam
2270 2361 2374 2415 ulla
2419 2360 2639 2416 humani
2685 2359 2884 2431 ingenii
2925 2355 3146 2418 clariori
3192 2362 3671 2432 argumentatione

2065 2454 2465 2510 demonstratur
2485 2455 2510 2508 ‘I

2682 2590 2912 2648 CAPUT
2958 2592 3028 2648 ν.

2064 2729 2398 2785 Ethnicorum
2443 2730 2689 2785 adversus
2735 2730 3040 2787 christiana:
3084 2731 3352 2805 religionis
3395 2735 3667 2791 veritatem

2503 2833 2805 2894 argumenta
2842 2824 3224 2878 examinantur.

2581 2972 2879 3014 ARTICULUS
2927 2974 3142 3016 PRIMUS.

2061 3092 2214 3162 Quam
2241 3091 2449 3141 absurde
2476 3092 2667 3143 Ethnici
2694 3097 2972 3162 objecerint
2995 3097 3307 3162 christianum
3333 3098 3657 3162 religionem,

2121 3161 2292 3225 utpote
2316 3167 2432 3225 quae
2446 3170 2566 3205 nova
2586 3166 2710 3215 erat,
2729 3159 3062 3225 rejiciendam,
3089 3159 3455 3224 servandosqué
3480 3159 3666 3225 patrios

359 3204 518 3273 plane
545 3203 736 3258 durum
762 3245 778 3271 ,
814 3215 1086 3259 austerum
1117 3247 1130 3271 ,
1165 3220 1447 3269 severum,
1486 3207 1827 3277 naturalique
1857 3207 1950 3262 ito-
1980 3218 2024 3280 ί]
2119 3203 2349 3287 et'avitos
2392 3203 3664 3287 .-in._'s’,’_q..s;intjésﬁin’diéiei‘aiﬁ"iiii‘siiragi'ééf

357 3295 562 3350 tuinuni
591 3295 850 3367 appetitui
880 3299 1095 3366 penitus
1134 3299 1481 3367 repugnans?
1521 3297 1694 3364 Quam
1722 3299 1954 3369 denique

360 3391 584 3442 arduum
623 3397 677 3442 et
724 3387 1049 3443 laboriosum
1077 3429 1092 3454 ,
1135 3387 1304 3442 fracta
1334 3389 1580 3459 victaque
1621 3390 1954 3459 ejuscentodi

361 3483 637 3536 hominum
671 3498 804 3553 pene
831 3482 1131 3538 incredibili
1162 3482 1546 3546 obstinatione.
1581 3484 1687 3538 illis
1711 3483 1952 3540 animum

357 3577 613 3634 inducere
633 3619 647 3643 ,
694 3588 751 3632 ut
785 3578 1070 3633 crederent
1101 3593 1230 3634 vera
1258 3593 1380 3633 esse
1412 3579 1478 3634 de
1505 3578 1704 3634 Christi
1735 3595 1947 3634 summa

358 3671 658 3737 divinitate,
687 3671 926 3726 humano
952 3680 1074 3726 ortu
1104 3682 1159 3726 et
1186 3673 1402 3726 interitu
1427 3713 1442 3740 ,
1473 3673 1706 3744 aliaque,
1734 3675 1803 3730 de
1830 3677 1950 3746 qui-

355 3761 457 3816 bus
489 3760 626 3816 infra
651 3776 894 3833 agemus,
927 3762 1238 3817 christiana:
1269 3763 1393 3818 ﬁdei
1417 3763 1786 3820 documenta?

427 3854 810 3911 Verumtamen
841 3857 893 3910 iii
923 3855 1023 3926 ipsi
1054 3864 1350 3912 sectatores
1379 3855 1616 3926 Christi,
1663 3869 1949 3930 quantum-

353 3951 485 4006 libet
515 3951 675 4007 rudes
703 3961 758 4006 et
785 3952 986 4023 ignari,
1021 3952 1362 4022 quantumvis
1391 3950 1622 4008 humana
1648 3969 1749 4024 cpe
1779 3954 1949 4010 desti-

356 4045 454 4098 tuti
479 4087 493 4110 ,
537 4045 646 4099 imo
673 4058 804 4100 vero
847 4045 1099 4099 omnibus
1127 4045 1456 4115 quibuslibet
1495 4045 1804 4100 hominibus
1836 4048 1951 4117 ple-

354 4136 508 4193 beiis.
534 4136 824 4202 nobilibus,
857 4136 1205 4207 principibus,
1237 4139 1471 4208 regibus,
1504 4137 1942 4208 imperatoribus,

354 4231 726 4286 sacerdotibus
752 4273 766 4297 ,
795 4230 1070 4301 sacrisque
1099 4231 1438 4300 pontiﬁcibus
1470 4231 1618 4286 omni
1646 4233 1831 4299 animi,
1863 4246 1948 4286 ar-

355 4326 442 4393 tis,
464 4325 695 4390 roboris,
718 4323 1044 4394 furorisque,
1077 4325 1128 4379 vi
1151 4333 1311 4396 atque
1333 4326 1536 4395 impetu
1565 4326 1666 4381 sibi
1694 4326 1948 4380 resisten-

355 4421 497 4475 tibus
517 4461 533 4485 ,
581 4419 718 4473 hanc
745 4419 914 4486 ipsam
935 4417 1252 4488 religionem
1287 4435 1382 4487 per
1410 4420 1719 4475 universum
1761 4419 1948 4474 orbem

355 4529 657 4582 terrarum,
705 4514 819 4569 sola
865 4529 960 4569 sua
1003 4514 1413 4584 praedicatione,
1459 4531 1521 4570 ac
1564 4515 1947 4570 miraculorum

2121 3288 2231 3343 rant
2256 3280 2304 3343 in,
2329 3279 2491 3343 pepuli
2517 3279 2752 3332 classibus
2772 3321 2784 3342 ,
2811 3284 2861 3331 in
2895 3287 3106 3333 servatis
3127 3285 3192 3334 de
3218 3285 3343 3335 corio
3361 3323 3373 3343 ,
3402 3287 3448 3334 in
3474 3279 3666 3338 οὖηυη-

2122 3342 2426 3414 tiationibus,
2445 3343 2690 3414 comitiis,
2715 3347 2871 3414 signis
2896 3359 2969 3414 cx_
2987 3360 3123 3414 arce,
3148 3342 3422 3414 fecialilius,
3449 3349 3662 3414 clariga-

2118 3406 2272 3475 tnione,
2297 3406 2603 3475 acuminibus
2635 3409 2937 3475 auspicans,
2957 3407 3153 3475 legibus
3188 3406 3453 3475 Atinatiis,
3481 3406 3665 3464 CinEiis

2118 3465 2381 3525 Censoriis,
2408 3475 2459 3516 et
2482 3465 2824 3530 penetralibus
2846 3465 3093 3534 caliginis.

2135 3591 2390 3658 Quamvis
2417 3595 2484 3648 ad
2515 3597 2803 3653 evertenda
2845 3615 2964 3669 quae
2995 3600 3255 3658 hactenus
3277 3603 3345 3659 ad
3369 3603 3656 3661 stabilien-

2055 3682 2175 3737 dam
2217 3683 2527 3741 christiana:
2566 3689 2841 3758 religionis
2875 3692 3158 3749 veritatem
3202 3697 3520 3765 retulimus,
3564 3713 3660 3754 ar-

2052 3787 2308 3846 gumenta
2336 3779 2543 3834 nullum
2571 3781 2776 3836 ethnici
2808 3799 2916 3839 non
2948 3787 3219 3843 moverint
3245 3788 3502 3860 lapidem,
3534 3805 3662 3846 om-

2054 3883 2256 3936 nesque
2320 3873 2599 3927 machinas
2662 3873 3052 3943 adhibuerint;
3114 3878 3245 3933 nihil
3309 3889 3489 3937 tamen
3542 3881 3666 3937 fere

2052 3961 2194 4017 aliud
2223 3963 2590 4033 proferebant,
2620 3968 2722 4022 nisi
2743 3969 3038 4036 crambem,
3065 3980 3122 4026 ut
3141 3972 3313 4040 aiunt,
3337 3974 3655 4044 repetitam,

2051 4068 2114 4108 ac
2140 4057 2340 4126 saepius
2369 4056 2711 4114 decantatam
2736 4075 3060 4133 semperque
3080 4077 3327 4120 eversam
3352 4068 3660 4136 reprehen-

2051 4145 2279 4200 sionem.
2311 4146 2631 4204 Clamabunt
2661 4151 2863 4206 etenim
2893 4168 3088 4208 novam
3118 4169 3261 4223 esse,
3291 4164 3347 4212 et
3373 4165 3499 4213 ante
3529 4173 3666 4228 pau-

2051 4253 2144 4293 cos
2172 4241 2565 4309 propemodum
2606 4243 2725 4300 dies
2768 4254 2943 4300 ortam
2987 4247 3406 4304 Christianorum
3440 4252 3664 4324 religio-

2051 4350 2206 4398 nem;
2240 4352 2391 4390 suam
2421 4352 2549 4393 vero
2587 4339 2655 4391 ab
2683 4340 2873 4394 ultima
2905 4341 3227 4412 antiquitate
3263 4343 3366 4398 sibi
3399 4359 3428 4398 a
3459 4360 3660 4416 paren-

2052 4429 2193 4484 tibus
2236 4429 2482 4484 traditam
2525 4447 2630 4485 non
2660 4448 2823 4503 posse
2848 4432 2917 4487 ab
2942 4434 3073 4504 ipsis
3100 4435 3222 4505 jure
3251 4437 3446 4492 merito
3474 4437 3661 4494 deseri

2049 4533 2102 4576 et
2134 4524 2404 4591 repudiari
2431 4542 2442 4577 :
2481 4543 2499 4576 (
2523 4525 2708 4592 Nobis,
2752 4546 2770 4578 ι
2799 4527 2968 4598 inquit
2995 4529 3285 4597 Arnobius,
3320 4548 3338 4582 ‹
3371 4531 3656 4602 objectare

353 4611 614 4681 potentia,
647 4606 968 4662 brevissimo
1000 4606 1257 4675 temporis
1284 4607 1590 4673 intervallo,
1622 4607 1943 4663 dissemina-
1973 4612 2026 4674 D
2049 4615 2350 4668 consuestis
2402 4616 2667 4671 novellam
2721 4632 2842 4673 esse
2897 4619 3210 4688 religionem
3264 4633 3501 4676 noStram
3526 4664 3542 4690 ,
3600 4637 3662 4680 et

353 4716 495 4759 runt.
527 4702 608 4757 Ad
639 4717 754 4756 eam
786 4709 966 4755 autem
995 4715 1105 4754 non
1139 4699 1397 4770 quasdam
1430 4710 1632 4754 tantum
1667 4701 1944 4768 mulieres,

351 4807 444 4851 aut
470 4797 684 4866 ignaros
713 4794 1056 4848 adduxerunt
1095 4791 1370 4859 homines,
1413 4793 1507 4847 sed
1539 4795 1744 4862 magnis
1781 4795 1947 4849 etiam

353 4888 583 4957 ingeniis
612 4887 866 4957 prtcditos
896 4895 1142 4940 oratores
1167 4927 1179 4949 ,
1220 4884 1628 4953 grammaticos,
1661 4884 1911 4940 rhetores
1930 4931 1942 4953 ,

345 4981 770 5052 jurisconsnltos
789 5023 803 5047 ,
828 4980 1067 5034 medicos
1088 5021 1102 5046 ,
1137 4993 1200 5033 ac
1225 4979 1593 5050 philosophos.
1628 4984 1694 5034 At
1726 4993 1948 5050 praestat

351 5091 482 5130 sane
541 5082 816 5129 auctorem
873 5083 1118 5127 nostrum
1179 5070 1293 5124 haec
1349 5070 1655 5140 loquentem
1712 5074 1942 5130 audire:

358 5186 376 5218 ι
415 5167 627 5233 Nonne,
671 5184 690 5219 ο
727 5166 928 5235 inquit,
963 5182 982 5216 ί
1021 5164 1097 5219 rei
1127 5163 1242 5217 haec
1274 5163 1464 5218 saltem
1494 5163 1652 5220 ﬁdem
1687 5168 1836 5222 vobis
1865 5167 1944 5223 fa-

351 5262 500 5315 ciunt
530 5269 845 5331 argumenta
875 5256 1155 5323 credendi,
1180 5256 1324 5327 quod
1350 5256 1460 5326 jam
1491 5271 1584 5325 per
1609 5271 1800 5313 omnes
1833 5269 1942 5315 ter-

353 5368 462 5419 ras,
491 5354 544 5406 in
571 5361 679 5406 tam
708 5350 857 5406 brevi
885 5349 1144 5420 temporis
1172 5348 1348 5418 spatio
1369 5389 1383 5412 ,
1430 5347 1677 5403 immensi
1708 5351 1942 5408 nominis

355 5444 511 5514 hujus
544 5453 882 5498 sai-ramenta
909 5443 1101 5498 diffusa
1135 5443 1298 5497 sunt?
1341 5441 1496 5510 Quod
1530 5443 1673 5497 nulla
1700 5445 1811 5512 jam
1841 5461 1939 5501 na-

354 5537 425 5592 tio
464 5545 689 5592 esttam
734 5536 948 5591 barbari
997 5535 1200 5600 moris,
1245 5544 1299 5589 et
1337 5535 1802 5603 mansuetudinem
1845 5555 1943 5595 ne-

351 5631 560 5697 sciens,
592 5645 715 5700 quas
745 5643 855 5684 non
878 5629 996 5700 ejus
1028 5643 1214 5685 amore
1240 5643 1428 5697 versa,
1463 5629 1756 5684 molliverit
1784 5646 1942 5704 aspe-

351 5727 566 5776 ritatem
601 5738 775 5791 suam,
802 5732 855 5777 et
884 5722 935 5775 in
965 5722 1203 5792 placidos
1244 5736 1438 5779 sensus
1474 5723 1757 5792 adsumpta
1794 5735 1943 5782 tran-

358 5815 616 5885 quillitate
668 5814 1025 5888 migraverit?
1075 5814 1227 5882 Quod
1287 5827 1393 5872 tam
1451 5816 1660 5886 magnis
1718 5817 1946 5888 ingeniis

2049 4717 2174 4760 ante
2200 4705 2316 4760 dies
2347 4717 2527 4761 natam
2553 4708 2941 4777 propemodum
2977 4726 3198 4781 paucos,
3233 4728 3408 4784 neque
3433 4729 3530 4769 vos
3560 4729 3660 4785 po-

2052 4799 2213 4853 tuisse
2235 4800 2510 4869 antiquam
2547 4811 2600 4855 et
2635 4803 2860 4871 patriam
2893 4803 3171 4874 linquere,
3211 4815 3266 4860 et
3300 4806 3354 4859 in
3390 4806 3656 4864 barbaros

2051 4889 2181 4944 ritus
2209 4906 2631 4962 peregrinosque
2660 4894 2895 4948 traduci)
2930 4895 3172 4966 (Arnob.,
3198 4898 3286 4951 lib.
3307 4913 3366 4964 tt,
3385 4915 3506 4970 pag.
3532 4899 3650 4974 90).

2051 4983 2156 5037 Nos
2180 4999 2307 5039 vero
2339 4985 2390 5039 in
2423 4988 2689 5057 superiori
2721 4987 3100 5046 diSsertaIione
3130 4993 3486 5060 ostendimus,
3518 5010 3657 5066 quo-

2052 5083 2210 5137 modo
2237 5082 2351 5137 haec
2372 5083 2528 5138 solita
2557 5087 2777 5154 jamque
2798 5085 3001 5141 titulum
3029 5087 3270 5143 obsoleta
3297 5100 3654 5160 argumenta-

2051 5175 2122 5228 tio
2164 5185 2417 5245 urgeatur
2475 5175 2543 5230 ab
2595 5176 2857 5245 ethnicis,
2913 5188 2970 5234 et
3019 5193 3048 5232 a
3101 5177 3336 5236 Minucio
3389 5182 3655 5239 refutetur

2049 5266 2310 5340 (Dissert.
2350 5272 2402 5325 in
2445 5270 2642 5325 Minue.
2691 5271 2857 5328 Felic.
2884 5316 2899 5340 ,
2943 5290 3061 5343 cap.
3097 5275 3205 5342 14,
3235 5285 3334 5327 art.
3366 5275 3390 5329 1
3434 5287 3479 5330 et
3515 5275 3569 5331 2.
3605 5279 3649 5348 ).

2050 5360 2156 5418 Sed
2182 5364 2302 5429 quia
2341 5364 2486 5420 varie
2523 5380 2554 5419 τι
2593 5366 2756 5420 variis
2802 5367 3112 5422 auctoribus
3154 5368 3415 5424 evertitur
3453 5371 3653 5440 quibus

2047 5456 2344 5511 rationibus
2384 5458 2452 5513 ab
2496 5457 2736 5514 Arnobio
2777 5459 3128 5527 destruatur,
3170 5477 3314 5518 nunc
3353 5462 3651 5534 exploran-

2049 5545 2175 5600 dum
2206 5555 2306 5601 est.

2122 5639 2346 5693 Planum
2380 5639 2559 5710 itaque
2586 5639 2712 5695 facit
2738 5653 2952 5712 quantae
2978 5643 3278 5711 futilitatis,
3309 5656 3651 5719 summaeque

2048 5732 2280 5788 levitatis
2311 5734 2461 5801 plena
2495 5733 2566 5787 sit
2609 5732 2724 5789 haec
2764 5738 3183 5808 argumentatio.
3217 5734 3472 5794 Omnium
3501 5743 3650 5799 enim

2050 5825 2243 5879 animis
2285 5826 2501 5880 insitum
2543 5833 2597 5881 et
2638 5826 2878 5883 innatum
2907 5835 2990 5886 est
3016 5868 3030 5896 ,
3081 5836 3139 5884 ut
3169 5828 3305 5885 bona
3348 5830 3544 5900 malis,
3593 5841 3652 5893 ct
