3918 6342
233 329 312 385 iet
1439 325 1505 382 IN
1543 316 1928 395 annosum,
1969 323 2119 382 cur.
2165 323 2228 380 v.

3386 323 3493 380 .122

234 445 465 500 inutilibus
491 445 643 500 utilia
678 451 1038 513 anteponant.
1071 450 1126 497 et
1153 450 1478 497 commutent
1515 441 1534 512 (
1564 443 1736 496 Arnob
1771 483 1786 508 ,
1819 443 1872 504 Α
1972 440 2193 495 Interim
2244 454 2533 511 sequamur
2569 439 2906 495 Arnobium:
2945 458 2964 492 ι
3003 439 3265 512 Numquid
3300 456 3490 495 scrva-

231 539 300 592 ιιι.
327 555 374 599 ιι,
401 556 511 609 pag.
538 540 615 593 90
644 540 685 605 ).
719 537 834 591 Non
869 539 976 604 ipsa
1005 537 1164 605 igitur
1196 537 1460 602 mutatio,
1487 537 1581 590 scd
1611 546 1786 589 muta-

231 630 363 684 tionis
399 645 546 686 causa
591 632 837 700 expendi
872 629 1050 685 debet.
1111 629 1271 699 Atqui
1314 631 1542 699 gentiles
1586 645 1787 701 negare

230 740 315 777 non
343 731 574 791 poterant
603 738 633 775 a
667 722 1030 777 remotissima
1064 721 1342 774 hominum
1374 730 1534 775 aetate
1563 721 1731 777 factas
1755 735 1787 776 a

229 831 277 870 se
300 827 391 870 tam
425 817 471 870 in
501 817 758 870 humanis
785 816 975 880 rebus,
1021 829 1181 884 quam
1212 815 1264 868 in
1293 813 1487 868 divinis
1529 813 1786 868 immuta-

229 909 373 964 tiones
398 908 668 978 plurimas.
720 906 852 961 Nam
884 907 1149 976 prioribus
1181 915 1235 961 et
1271 906 1660 974 antiquissimis
1687 921 1791 962 sa:—

227 1002 364 1065 culis,
406 999 473 1055 ait
499 1008 693 1056 auctor
731 1011 948 1065 noster,
980 1000 1226 1054 homines
1261 999 1503 1070 frugibus
1532 1015 1597 1056 ac
1629 1002 1792 1056 vesti-

226 1095 306 1150 bus
343 1094 604 1156 inveutis,
663 1105 825 1164 atque
878 1095 1177 1162 excogitata
1228 1093 1484 1148 domuum
1540 1103 1794 1149 constru-

227 1186 389 1250 ctione,
410 1187 668 1256 pristinos
688 1184 980 1256 glandium,
1007 1186 1344 1253 arbutorum,
1374 1187 1612 1256 pellium,
1635 1203 1792 1243 casu-

225 1281 389 1344 larum,
417 1294 772 1335 cavernarum
816 1296 945 1335 usus
983 1281 1338 1352 reliquerunt.
1373 1281 1437 1335 Et
1465 1280 1535 1336 ibi
1569 1282 1791 1350 quidem

225 1372 296 1427 ille
338 1373 396 1428 ad
455 1372 769 1439 Juvenalis,
833 1373 1073 1428 Lucretii
1117 1374 1458 1442 aliorumque
1510 1383 1793 1443 poetarum

226 1463 405 1518 videtur
444 1465 772 1519 collincasse
803 1466 1042 1519 carmina
1067 1505 1082 1530 ,
1128 1481 1247 1536 quae
1278 1464 1436 1520 facile
1476 1465 1530 1519 in
1573 1465 1792 1520 illorum

224 1558 351 1612 libris
395 1558 624 1628 quilibet
673 1559 855 1629 legere
904 1558 1101 1626 puterit
1149 1557 1437 1630 (Juvenal.
1466 1599 1481 1625 ,
1525 1559 1673 1612 satir.
1722 1558 1792 1626 6,

221 1652 358 1716 iuit.;
400 1649 608 1708 Lucret.
660 1652 748 1706 lib.
777 1667 844 1720 v,
893 1668 1026 1706 vers.
1076 1651 1182 1707 937
1223 1661 1269 1706 et
1307 1669 1442 1722 seqq.
1473 1692 1488 1715 ,
1522 1661 1568 1706 et
1615 1653 1720 1708 957
1747 1661 1797 1706 et

221 1762 336 1816 seqq.
371 1745 405 1815 ).
452 1750 522 1801 At
550 1761 713 1801 nemo
744 1753 995 1817 umquam
1031 1745 1170 1801 dixit
1205 1745 1302 1802 has
1346 1747 1797 1803 commutationes

222 1839 368 1893 malas
390 1852 516 1894 esse
541 1849 596 1893 et
626 1837 1030 1908 improbandas.

279 1956 536 2010 Praeterea
579 1955 627 2010 si
660 1955 914 2024 qumlibet
949 1963 1193 2009 veterum
1227 1966 1438 2010 morum
1483 1957 1798 2027 ritunmque

218 2051 421 2103 mutatio
442 2047 652 2103 crimen
688 2050 790 2114 sit,
826 2046 985 2117 hujus
1024 2047 1268 2102 criminis
1299 2049 1486 2118 praeui
1523 2049 1687 2104 dubio
1714 2049 1798 2103 rei

219 2150 326 2194 sunt
367 2141 633 2206 Romani,
669 2138 1125 2209 quemadmodum
1156 2139 1225 2194 ab
1255 2141 1496 2196 Arnobio
1537 2142 1799 2210 probatur

217 2233 347 2288 brevi
385 2232 604 2301 quidem
644 2231 1091 2299 enumeratione,
1146 2233 1240 2286 sed
1285 2249 1406 2302 quae
1454 2234 1640 2288 multis
1689 2249 1797 2289 non

215 2327 328 2379 satis
375 2326 520 2380 clara
569 2324 841 2379 videbitur
884 2325 901 2395 (
938 2325 1154 2390 Arnob.,
1205 2327 1295 2379 lib.
1347 2342 1426 2390 ιι,
1477 2343 1601 2398 pag.
1651 2328 1713 2382 91
1749 2326 1794 2399 ).

217 2419 555 2486 Quamobrem
605 2432 726 2488 qua:
778 2417 850 2473 ibi
901 2420 1172 2484 obseura,
1222 2417 1338 2473 hare
1380 2421 1566 2490 paucis
1611 2421 1798 2491 expla-

217 2513 374 2567 nanda
417 2520 556 2566 sunt.
593 2510 777 2566 Primo
802 2511 984 2582 itaque
1014 2522 1194 2566 narrat
1226 2514 1481 2581 populum
1513 2513 1796 2568 romanum

217 2604 330 2659 olim
372 2605 606 2675 quinque
641 2604 991 2658 distributum
1041 2602 1206 2657 fuisse
1254 2604 1307 2657 in
1353 2605 1574 2661 classes.
1622 2609 1796 2671 Quam

216 2715 329 2754 vero
353 2698 404 2752 id
429 2711 635 2754 certum
659 2699 760 2764 sit,
786 2707 839 2751 et
864 2712 981 2766 quae
1012 2695 1213 2750 fuerint
1242 2697 1344 2751 illa:
1379 2702 1586 2751 romani
1614 2701 1798 2768 populi

216 2790 432 2856 classes,
467 2805 495 2842 a
527 2788 718 2844 Servio
744 2787 920 2841 Tullio
948 2788 1220 2857 quondam
1255 2789 1512 2843 instituta:
1534 2831 1548 2856 ,
1598 2791 1798 2846 docent

217 2895 302 2933 nos
331 2880 526 2939 Livius.
555 2880 844 2950 Dionysius
875 2878 1359 2950 Halyearnasseus,
1391 2892 1445 2934 et
1472 2880 1537 2936 A.
1567 2880 1793 2938 Gellius.

217 2970 424 3038 Quidam
453 2980 633 3025 autem
670 2972 720 3023 in
747 2969 905 3038 hujus
926 3011 942 3036 ,
989 2971 1445 3040 quemadmodum
1479 2972 1532 3025 in
1565 2971 1795 3027 Aruobii

217 3065 367 3117 nostri
417 3074 583 3128 textu,
642 3062 930 3132 legendum
981 3075 1207 3117 censent
1254 3080 1343 3117 sea:
1388 3065 1576 3118 classes
1609 3065 1792 3136 (Liv.,

218 3153 295 3207 lib.
323 3170 360 3219 ι,
390 3153 416 3227 §
449 3156 521 3210 45
547 3165 594 3208 et
637 3153 725 3207 lib.
761 3170 835 3218 iv,
867 3153 894 3224 §
925 3154 986 3217 4;
1019 3152 1240 3224 Dionys.
1278 3153 1556 3224 Halycar.,
1594 3155 1683 3208 lib.
1717 3172 1792 3222 tv,

215 3248 370 3318 Antiq.
400 3248 569 3302 Rom..
601 3259 722 3318 pag.
751 3245 878 3308 22L
903 3256 950 3299 et
975 3262 1111 3317 seqq.
1142 3263 1156 3311 ;
1191 3244 1348 3310 Gell,
1384 3248 1472 3300 lib.
1513 3250 1596 3305 10.
1631 3248 1788 3306 Aiaci.
1824 3238 1869 3300 C

217 3338 354 3390 Attic.
410 3356 524 3404 cap.
579 3337 670 3402 28,
725 3355 848 3409 pag.
900 3336 1068 3406 575).
1115 3324 1221 3392 Sed
1269 3337 1485 3408 Lipsius
1539 3342 1796 3400 observat

215 3447 403 3488 setiam
456 3433 687 3487 classem
739 3433 867 3486 olim
926 3433 1090 3485 fuisse
1157 3445 1378 3485 vacuam
1436 3441 1492 3486 et
1547 3434 1794 3491 feriatam

216 3527 400 3596 (Lips.,
421 3536 543 3581 tom.
571 3541 652 3591 ιιι,
676 3524 766 3578 lib.
790 3541 824 3589 t,
848 3525 909 3577 de
933 3524 1090 3578 Milit.
1118 3524 1294 3589 Rom.,
1313 3525 1439 3580 dial.
1461 3523 1645 3597 2,pag.
1675 3527 1789 3599 15).

217 3618 392 3674 Utrum
423 3635 550 3673 vero
579 3618 629 3672 id
661 3619 726 3672 ad
766 3617 1080 3672 solvendum
1114 3616 1449 3672 difficultatis
1488 3618 1651 3688 hujus
1690 3636 1794 3674 no-

217 3712 328 3765 dum
352 3713 600 3778 sufﬁciat,
630 3711 864 3764 aliorum
895 3720 1011 3765 esto
1053 3709 1340 3778 jndicium.
1385 3711 1654 3782 Quidquid
1697 3728 1793 3767 au-

219 3817 312 3860 tem
333 3808 429 3870 sit,
474 3805 606 3862 satis
639 3814 855 3860 constat
883 3803 981 3860 has
1018 3804 1224 3859 classes
1261 3820 1290 3857 a
1335 3803 1593 3860 Romanis
1627 3807 1793 3863 fuisse

219 3910 449 3955 mutatas.

280 4014 405 4070 Tum
444 4014 639 4072 deinde
687 4014 960 4069 Arnobius
1004 4032 1016 4068 :
1069 4033 1086 4067 ι
1131 4013 1401 4084 Numquid
1443 4015 1793 4085 magistratus

219 4123 302 4174 per
323 4107 566 4178 pupulum
596 4106 836 4162 creatis?
863 4106 1108 4160 Militaria
1130 4148 1143 4170 ,
1189 4106 1424 4170 urbana,
1457 4108 1790 4174 communia,

216 4219 324 4272 qua:
350 4204 450 4258 siut
476 4205 674 4258 eomita
699 4202 887 4258 scitis?
909 4202 1150 4272 (Arnob,
1183 4203 1274 4255 lib.
1296 4218 1353 4268 tt,
1387 4219 1506 4272 pag.
1529 4201 1649 4273 91.)
1679 4201 1792 4256 Ro-

217 4298 374 4350 manis
397 4297 684 4368 exprobrut
715 4295 857 4365 quod
887 4295 1001 4348 hare
1033 4295 1100 4349 ab
1130 4295 1234 4349 illis
1267 4311 1374 4350 non
1409 4296 1569 4350 modo
1600 4297 1794 4349 immu-

217 4399 332 4456 tata,
355 4391 443 4445 sed
476 4407 610 4460 pene
638 4389 896 4445 oblivioni
933 4386 1123 4443 tradita
1152 4389 1276 4442 sint.
1315 4389 1458 4443 Varii
1483 4397 1667 4445 autem
1695 4405 1793 4459 ge-

215 4485 347 4537 neris
375 4493 520 4538 erant
546 4483 798 4549 comitia,
843 4492 897 4536 et
927 4481 1028 4535 alia
1053 4482 1266 4551 quidem
1289 4523 1304 4547 ,
1338 4492 1393 4535 ut
1423 4481 1672 4550 perhibet
1703 4482 1794 4536 Li-

215 4574 342 4638 vius,
375 4578 567 4631 curiata
589 4618 604 4642 ,
643 4592 766 4646 quae
795 4592 907 4629 rem
938 4574 1222 4628 militarem
1264 4575 1649 4642 continebant;
1685 4576 1789 4630 alia

1893 535 1959 587 tis
1989 534 2054 587 de
2083 535 2222 589 caelo
2242 575 2256 597 ,
2289 533 2400 600 ait,
2429 545 2523 589 aut
2559 537 2759 589 etiosas
2791 534 2965 588 facitis
2992 535 3492 591 obnuntiationibus

1891 627 2171 681 actiones?
2209 646 2227 678 ι
2264 625 2494 682 Servare
2535 639 2712 683 autem
2747 639 2830 683 est
2859 628 3057 697 aliquid
3090 644 3155 683 ex
3194 632 3488 686 observato

1893 720 2035 773 cutio
2067 720 2324 775 nunciare
2355 739 2367 773 τ
2395 720 2728 776 ohnunciare
2759 737 2888 776 vero
2912 722 3039 792 quid
3071 721 3138 776 sit
3165 766 3179 790 ,
3210 723 3387 779 disces
3417 738 3486 779 ex

1894 828 1960 867 ex
2009 811 2089 866 his
2139 812 2327 867 Donati
2378 815 2428 867 in
2483 813 2795 869 Terentium
2825 815 3003 869 verbis
3037 832 3050 866 :
3086 832 3105 864 ι
3135 817 3234 882 Qui
3287 817 3484 870 malum

1892 922 2006 960 rem
2041 907 2278 970 nunciat,
2299 907 2619 970 obnuntiat;
2648 909 2742 978 qui
2775 910 2992 968 bonam.
3020 910 3321 965 annuntiat.
3355 909 3494 965 Nam

1893 1001 2113 1069 proprie
2159 1000 2483 1056 obnuntiare
2526 999 2782 1056 dicuntur
2826 1019 3095 1074 augures,
3141 1004 3230 1074 qui
3286 1001 3494 1070 aliquid

1895 1092 2018 1145 mali
2069 1092 2305 1159 ominis,
2357 1107 2702 1162 scaivumque
2745 1094 2999 1150 viderint.
3046 1095 3188 1167 Ergo
3232 1095 3500 1150 obnuntio

1896 1182 2096 1236 malum
2146 1184 2473 1248 imminens,
2515 1186 2667 1255 quasi
2714 1201 2878 1241 omen
2921 1189 3131 1243 nuntio.
3183 1187 3312 1244 Inde
3353 1188 3498 1243 enim

1896 1275 2202 1350 ἕωμολογία
2259 1275 2484 1347 hujusce
2539 1278 2689 1332 verbi
2743 1289 2826 1333 est
2865 1297 2885 1332 ι
2918 1279 2936 1351 (
2971 1280 3167 1335 Donat.
3197 1324 3212 1348 ,
3283 1279 3486 1336 Terent.

1898 1366 2146 1436 Adelph.,
2183 1368 2299 1424 Act.
2329 1370 2383 1435 4,
2409 1387 2548 1425 scen.
2582 1372 2617 1426 4
2647 1371 2689 1444 ).
2721 1370 2964 1442 Utroque
2995 1374 3178 1439 verbo,
3213 1390 3276 1428 ac
3302 1375 3502 1444 sa-pius

1899 1462 2074 1532 primo
2098 1507 2111 1530 ,
2147 1464 2317 1518 utitur
2361 1463 2551 1519 Cicero
2577 1507 2590 1530 ,
2625 1473 2790 1535 atque
2820 1465 2871 1519 in
2907 1466 3096 1535 primis
3125 1465 3216 1520 ubi
3256 1464 3325 1520 ad
3361 1465 3503 1520 Atti-

1899 1569 2020 1609 cum
2051 1555 2165 1609 ha-c
2191 1556 2381 1611 scribit
2421 1557 2473 1611 in
2513 1557 2713 1612 verba:
2743 1578 2761 1610 ι
2801 1557 3130 1627 Proscripsit
3163 1574 3222 1614 se
3252 1574 3350 1628 per
3378 1572 3502 1613 om-

1902 1661 2000 1700 nes
2025 1646 2144 1700 dies
2163 1648 2469 1703 comitiales
2496 1648 2565 1703 de
2591 1650 2733 1704 caelo
2769 1659 3230 1706 scrvaturum.....
3266 1649 3392 1705 Haec
3417 1660 3500 1705 ta-

1901 1752 2023 1790 men
2057 1753 2264 1792 summa
2311 1757 2323 1792 :
2368 1737 2481 1794 Nisi
2532 1740 2716 1795 Miloni
2759 1739 2820 1795 C.
2869 1742 3074 1812 Appius
3124 1741 3507 1799 obnuntiasset

1827 1841 1875 1901 Β
1901 1828 2117 1883 comitia
2167 1829 2345 1884 futura
2383 1849 2401 1882 ι
2439 1832 2459 1900 (
2486 1830 2597 1886 Cic.
2651 1833 2741 1886 lib.
2785 1849 2854 1887 tv.
2886 1831 3061 1904 Epist.
3087 1834 3121 1888 5
3145 1878 3160 1901 ,
3208 1835 3276 1887 ad
3306 1834 3463 1888 Attic.
3484 1875 3503 1902 ,

1904 1938 2026 1992 pag.
2052 1921 2182 1987 259,
2215 1923 2309 1977 lin.
2340 1922 2409 1978 42
2433 1921 2474 1994 ).
2510 1924 2652 1979 Alibi
2693 1939 2823 1979 vero
2847 1925 2933 1980 ubi
2963 1926 3032 1982 de
3058 1927 3298 1997 auspicio
3324 1927 3504 1999 loqui-

1904 2022 2029 2066 tur‘.
2087 2032 2104 2065 ι
2141 2012 2258 2068 Jam
2305 2029 2434 2068 vero
2464 2014 2534 2070 de
2561 2016 2703 2071 coelo
2733 2031 2950 2071 servare
2981 2032 3087 2072 non
3130 2019 3277 2089 ipsos
3305 2035 3500 2077 censes

1902 2105 2091 2159 solitos
2116 2148 2131 2173 ,
2160 2109 2248 2176 qui
2279 2108 2699 2178 auspicabantur
2718 2149 2734 2176 ,
2770 2125 2911 2165 nunc
2941 2111 3210 2180 imperant
3239 2115 3494 2183 pullario,

1901 2198 1996 2253 ille
2029 2200 2301 2254 renuntiat
2331 2220 2351 2253 ι
2385 2199 2558 2270 Idem,
2605 2203 2694 2256 lib.
2728 2217 2798 2266 ιι,
2838 2201 2902 2256 de
2928 2201 3188 2268 Divinal.,
3220 2221 3339 2276 pag.
3373 2205 3500 2276 289,

1902 2291 1996 2344 lin.
2024 2291 2091 2345 44
2115 2293 2159 2363 ).
2194 2293 2262 2346 At
2290 2293 2358 2348 de
2390 2308 2612 2363 prorsus
2644 2295 2927 2366 neglecto,
2967 2299 3050 2351 vel
3078 2297 3191 2367 jam
3226 2301 3505 2370 antiquato

1902 2382 1995 2437 illo
2023 2383 2189 2451 priori
2215 2400 2365 2440 more
2389 2386 2471 2440 his
2500 2386 2752 2442 Lucanus
2777 2390 3022 2443 versibus
3050 2399 3178 2444 ante
3205 2392 3506 2448 Arnobium

1903 2488 2146 2530 nostrum
2165 2479 2601 2547 conquerehatur
2615 2477 2865 2561 (Lucam,
2888 2479 2925 2533 ι.
2948 2497 3022 2545 vr,
3041 2497 3172 2535 vers.
3189 2482 3294 2538 426
3311 2494 3358 2538 et
3371 2482 3504 2555 seq.)

2027 2568 2134 2635 ltitia
2158 2571 2393 2635 quaesisse
2421 2570 2543 2620 libet
2568 2573 2735 2633 primis
2756 2573 2872 2634 quid
2897 2572 3127 2635 frugibus
3151 2573 3300 2625 altrix

2027 2631 2127 2697 Qre
2152 2630 2287 2682 Jovis
2313 2635 2512 2682 Dodona
2536 2630 2696 2694 senet,
2719 2630 2830 2697 quis
2852 2630 3056 2686 noscere
3083 2640 3200 2686 libra

2026 2692 2144 2761 lfata
2170 2703 2338 2756 queat,
2365 2692 2832 2761 quisprodat'aves,
2857 2700 2968 2760 quis
2993 2697 3187 2761 fulgura
3211 2700 3324 2751 θίξιί

2028 2756 2226 2818 Servet,
2256 2765 2308 2806 (τι
2331 2756 2528 2821 Assyria
2554 2767 2802 2810 scrutetur
2824 2756 2986 2810 Sidera
3013 2756 3148 2812 cura.

1975 2840 2151 2911 Pergit
2181 2857 2311 2896 vero
2341 2845 2614 2898 Arnobius
2643 2862 2656 2898 :
2686 2843 2957 2912 Numquid
2978 2864 3095 2901 cum
3121 2850 3318 2917 paratis
3343 2850 3500 2916 bella,

1900 2933 2103 3000 signum
2129 2939 2426 2987 monstratis
2455 2952 2516 2988 ex
2541 2953 2658 2990 arce
2681 2954 2700 3002 ;
2728 2949 2814 2990 aut
2844 2939 3054 3007 fecialia
3069 2940 3199 3010 jura
3230 2944 3458 2995 tractatis
3481 2944 3507 2998 Ρ

1903 3023 2171 3096 Numquid
2198 3045 2285 3097 per
2324 3030 2714 3100 clarigationem
2743 3034 2969 3102 repetitis
2998 3051 3079 3088 res
3120 3044 3296 3106 raptas
3317 3035 3344 3089 7
3379 3035 3504 3091 Tria

1902 3121 1970 3174 ibi
1999 3121 2089 3175 ille
2107 3123 2171 3174 ad
2210 3123 2406 3176 bellum
2439 3125 2760 3192 parandum,
2788 3143 2886 3180 seu
2918 3129 3264 3184 indicendum
3293 3145 3503 3185 memo-

1903 3221 2004 3267 rat.
2040 3213 2221 3268 Primo
2243 3214 2454 3284 signum
2487 3217 2600 3271 sive
2624 3218 2877 3272 vexillum
2905 3235 2969 3273 ex
3003 3235 3130 3276 arce
3158 3221 3504 3277 demonstra-s

1902 3317 2036 3374 tum,
2065 3307 2131 3362 de
2159 3324 2265 3377 quo
2298 3307 2548 3379 Virgilius
2580 3313 2596 3382 (
2631 3312 2721 3364 lib.
2750 3327 2868 3376 vui,
2897 3311 3142 3380 /Eueid.,
3168 3331 3300 3371 vers.
3335 3317 3359 3372 1
3390 3314 3410 3387 )
3445 3334 3457 3371 :

2024 3397 2239 3512 Ειῐιιῗιέι
2259 3400 2454 3461 signum
2480 3401 2714 3452 Laurenti
2739 3402 2936 3454 Turnus
2959 3405 3020 3454 ab
3042 3419 3156 3457 arce

2043 3475 2098 3510 rx
2126 3475 2192 3510 ut

2043 3475 2214 3512 LXlUlll
2223 3497 2252 3512 ,ο
2262 3500 2273 3512 .
2283 3501 2296 3512 .

1979 3567 1995 3598 ι
2032 3547 2295 3615 Quoniam
2315 3590 2329 3612 ,
2371 3568 2387 3601 ι
2426 3551 2496 3604 uti
2527 3545 2746 3605 Servius
2775 3550 2828 3606 in
2859 3551 2998 3609 hunc
3029 3552 3206 3610 locum
3239 3553 3502 3610 animad-o

1901 3643 2060 3697 vertit
2091 3660 2102 3698 :
2128 3661 2148 3693 ι
2184 3643 2437 3698 vexillum
2470 3645 2522 3698 in
2551 3659 2679 3700 arce
2711 3648 2835 3716 poni
2869 3647 3121 3715 solebat,
3173 3650 3317 3719 quod
3349 3661 3498 3708 esset

1899 3737 2173 3806 specimen
2213 3737 2460 3808 imperati
2499 3741 2791 3807 exercitus,
2837 3761 2856 3794 ι
2889 3742 3008 3810 Quo
3053 3743 3220 3798 etiam
3247 3743 3317 3799 de
3349 3760 3503 3802 more

1900 3829 2014 3883 lucc
2040 3845 2069 3882 a
2099 3828 2257 3884 Festo
2287 3831 2485 3901 scripta
2513 3833 2533 3904 (
2560 3831 2684 3888 Fest
2705 3833 2774 3886 ad
2796 3833 3000 3887 verbum
3025 3834 3197 3906 Just.)
3221 3835 3452 3908 legimus
3483 3857 3497 3893 :

1906 3945 1923 3978 ι
1958 3925 2094 3982 .luSti
2125 3926 2240 3983 dies
2271 3926 2587 3982 dicebantur
2615 3929 2858 3997 triginta,
2883 3939 3007 3984 cum
3037 3930 3309 3984 exercitus
3349 3940 3499 3987 esset

1899 4020 2197 4090 imperatus
2217 4062 2232 4087 ,
2261 4029 2315 4074 et
2341 4019 2593 4074 vexillum
2636 4021 2689 4075 in
2719 4036 2844 4076 arce
2875 4022 3133 4092 positum.
3172 4042 3190 4074 ι
3239 4023 3400 4079 Plura
3431 4024 3499 4080 de

1899 4111 1992 4166 illo
2015 4128 2164 4167 more
2187 4111 2392 4167 videbis
2418 4113 2557 4182 apud
2593 4113 2815 4168 Dionem
2842 4112 3111 4181 Cassium,
3141 4130 3190 4170 et
3223 4113 3492 4184 Lipsium.

1901 4205 1921 4273 (
1949 4206 2064 4260 Dio.
2095 4204 2239 4260 Cass.
2271 4248 2282 4269 ,
2316 4206 2406 4259 lib.
2454 4220 2602 4260 xxvn
2625 4249 2639 4274 ,
2673 4223 2725 4275 p.
2757 4207 2864 4270 47;
2909 4205 3055 4275 Lips.
3082 4248 3096 4273 ,
3130 4205 3219 4272 lib,
3243 4222 3261 4261 ι
3282 4249 3297 4274 ,
3330 4207 3392 4262 de
3419 4207 3500 4264 Re

1899 4299 2103 4363 rustic.,
2134 4313 2252 4367 cap.
2279 4296 2337 4364 2,
2373 4314 2422 4367 p.
2455 4298 2520 4352 18
2542 4307 2588 4351 et
2616 4313 2752 4368 seqq.
2777 4295 2821 4367 ).

1973 4389 2220 4445 Secundo
2250 4390 2518 4445 Arnobius
2546 4392 2752 4461 fecialia
2788 4392 2910 4458 jura
2950 4392 3216 4461 appellat;
3247 4392 3374 4463 quia
3417 4395 3497 4450 fe-

1899 4481 2059 4537 ciales
2110 4483 2305 4538 bellum
2362 4486 2579 4538 nomine
2623 4484 2807 4555 populi
2863 4483 3091 4538 Romani
3146 4485 3488 4554 indicebant,

1898 4577 2348 4645 quemadmodum
2395 4595 2458 4634 ex
2511 4578 2689 4644 Livio,
2743 4578 3001 4649 Dionysio
3030 4578 3493 4650 Halycarnasseo,

214 4674 510 4733 centuriata,
531 4669 726 4740 quibus
749 4667 1002 4722 consules
1021 4668 1324 4737 tribunique
1348 4666 1610 4724 militares
1632 4685 1786 4723 erea-
1817 4648 1872 4708 Ῑ)
1896 4669 2093 4737 Gellio,
2137 4681 2187 4724 et
2238 4669 2524 4724 Lactantio
2566 4669 2778 4724 discere
2825 4648 2910 4725 est
2954 4669 3117 4742 (Liv.,
3141 4648 3247 4725 lib.
3293 4687 3330 4739 ι,
3365 4670 3393 4742 §
3426 4671 3497 4728 24

215 4763 389 4818 buntur
417 4766 570 4839 (Liv.
597 4809 612 4832 ,
645 4767 733 4820 lib.
767 4782 814 4830 ι,
853 4765 880 4837 §
914 4765 983 4821 60
1010 4775 1057 4820 et
1085 4767 1173 4819 lib.
1206 4781 1260 4829 v,
1294 4765 1318 4837 §
1346 4766 1414 4819 52
1434 4769 1473 4837 ).
1503 4767 1792 4833 Quomodo

213 4869 376 4913 autem
407 4862 516 4914 inec
543 4862 777 4932 primum
809 4861 1069 4924 instituta,
1093 4875 1154 4913 ac
1177 4859 1433 4931 deinceps
1465 4863 1566 4916 sub
1594 4877 1793 4916 consu-

215 4949 342 5006 libus
368 4951 495 5008 facta
523 4955 654 5019 sint,
690 4954 970 5023 perspicue
996 4963 1180 5007 narrat
1212 4954 1497 5026 Dionysius
1528 4955 1790 5027 Halycar-

213 5059 422 5101 tiasscus
451 5049 469 5118 (
497 5047 711 5118 Dionys.
768 5045 958 5117 Halyc.
990 5089 1004 5112 ,
1052 5047 1141 5100 lib.
1184 5064 1256 5112 iv,
1290 5049 1542 5119 Antiquit.
1586 5047 1744 5102 Rom.
1774 5092 1788 5115 ,

213 5153 326 5208 pag.
356 5138 472 5204 224,
499 5149 544 5193 et
574 5139 666 5194 lib.
716 5155 789 5193 vn
815 5182 828 5203 ,
863 5156 981 5210 pag.
1013 5139 1120 5194 474
1149 5149 1196 5193 et
1231 5157 1367 5210 seqq.
1395 5139 1565 5211 )Qum.
1607 5150 1786 5196 autem

208 5225 395 5285 fuerint
436 5232 642 5286 curiata
685 5247 748 5285 ac
786 5232 1087 5286 centuriata
1117 5233 1332 5287 comitia
1357 5276 1369 5297 ,
1410 5249 1476 5286 ex
1510 5232 1692 5288 Felice
1736 5242 1792 5287 et

207 5318 448 5379 Labeone
474 5325 710 5394 explicat
738 5324 804 5378 A.
837 5324 1064 5390 Gellius,
1095 5337 1256 5395 atque
1288 5325 1572 5393 Manutius,
1612 5337 1665 5382 et
1694 5327 1788 5383 Ni-

210 5417 387 5473 colans
411 5417 679 5475 Gruchius
705 5467 717 5488 ,
749 5420 836 5488 qui
869 5419 936 5473 de
975 5419 1081 5473 illis
1112 5421 1277 5474 libros
1306 5421 1523 5476 edidere
1554 5420 1573 5494 (
1608 5421 1744 5476 Gell.
1770 5464 1785 5490 ,

213 5507 299 5560 lib.
327 5526 394 5563 tv.
417 5509 566 5564 Noct.
595 5513 726 5575 Αιι..
749 5528 865 5577 cap.
894 5510 998 5576 27;
1033 5511 1236 5565 Manut.
1267 5525 1313 5566 et
1341 5511 1561 5577 Gradu,
1588 5523 1712 5568 tam.
1734 5516 1790 5570 1.

216 5599 430 5670 Antiquit
469 5621 668 5658 roman.
702 5624 721 5657 ι
774 5603 934 5659 Plura
977 5620 1193 5675 quoque
1220 5605 1286 5660 de
1324 5605 1517 5660 iisdem
1555 5607 1793 5662 comitiis

217 5692 455 5750 observat
494 5696 800 5753 Alexander
838 5696 904 5753 ab
932 5696 1241 5754 Alexandro
1263 5741 1277 5764 ,
1324 5707 1379 5753 et
1408 5698 1752 5769 Tiraquellus
1772 5742 1788 5765 ,

217 5798 348 5851 quos
410 5791 542 5846 sicut
589 5801 645 5847 et
695 5793 832 5847 alios
895 5792 1203 5861 complures
1249 5793 1537 5848 consulere
1588 5795 1820 5863 poteris.

223 5877 480 5942 (.Alexand.
509 5896 554 5940 et
581 5885 756 5958 Τίνας.
794 5887 885 5943 lib.
911 5903 963 5944 tv
995 5886 1197 5942 Genial.
1232 5888 1388 5953 dier.,
1417 5904 1533 5958 cap.
1561 5888 1654 5958 5).

1897 4774 1942 4818 et
1969 4764 2069 4829 52;
2095 4761 2287 4834 Diong.
2317 4762 2534 4834 Halgc.,
2562 4763 2650 4816 lib.
2681 4763 2736 4832 ἓ,
2769 4780 2890 4835 pag.
2925 4765 3063 4828 15ος
3097 4761 3253 4829 Gell.,
3285 4765 3376 4818 lib.
3404 4765 3493 4829 16,

1901 4857 2056 4910 Noct.
2108 4857 2287 4921 Attia,
2320 4872 2434 4923 cap.
2481 4857 2545 4923 4;
2579 4855 2823 4923 Laetam,
2868 4855 2958 4910 lib.
2994 4871 3080 4921 vt;
3131 4853 3262 4910 Inst.
3311 4857 3495 4924 divin.,

1897 4968 2012 5021 cap.
2044 4950 2098 5016 9,
2128 4967 2246 5021 pag.
2280 4948 2429 5020 572).
2471 4950 2546 5004 De
2576 4950 2657 5005 his
2690 4966 2838 5015 vero,
2862 4961 2916 5005 et
2940 4949 3298 5020 clarigatione,
3334 4964 3498 5019 quam

1899 5047 2100 5100 Auctor
2144 5054 2329 5098 noster
2358 5043 2515 5099 tertio
2553 5045 2672 5100 loco
2711 5045 2988 5110 nominat,
3024 5043 3242 5098 Servius
3293 5043 3346 5096 in
3383 5042 3498 5112 jam

1897 5139 2071 5193 citatis
2097 5137 2148 5191 in
2190 5136 2466 5207 Virgilium
2498 5139 2904 5193 commentariis
2934 5137 3048 5192 hac
3093 5136 3274 5190 habet.
3306 5151 3326 5186 ι
3361 5132 3497 5188 Cum

1896 5231 2126 5286 Romani
2151 5231 2402 5286 volebant
2429 5230 2631 5286 bellum
2653 5230 2916 5299 indiCere,
2943 5232 3368 5300 Paterpatratus,
3397 5227 3500 5283 hoc

1897 5337 1978 5381 est
2020 5325 2270 5396 princeps
2322 5323 2613 5388 fecittlium,
2665 5325 3107 5395 proficiscebatur
3143 5323 3212 5378 ad
3259 5320 3497 5378 hosnuut

1897 5417 2055 5485 ﬁnes,
2096 5427 2150 5472 et
2185 5419 2433 5486 praelatus
2463 5420 2710 5488 quaedam
2742 5419 3035 5484 solemnia,
3069 5418 3212 5474 clara
3255 5432 3392 5472 voce
3414 5416 3499 5471 ιιι-

1896 5511 2052 5566 ccbat
2078 5525 2137 5564 se
2163 5510 2363 5565 bellum
2399 5510 2640 5565 indicere
2680 5521 2902 5580 propter
2932 5521 3112 5566 certas
3147 5524 3362 5578 causas,
3403 5519 3499 5566 aut

1897 5605 2016 5675 quia
2069 5604 2246 5660 socios
2292 5605 2562 5672 laeserant,
2606 5615 2696 5659 aut
2740 5607 2862 5676 quia
2895 5620 2995 5660 nec
3023 5607 3246 5679 abrepta
3290 5608 3496 5662 anima-

1896 5700 1987 5768 lia,
2019 5720 2038 5752 ι
2064 5701 2178 5756 sive
2207 5718 2286 5757 res
2312 5713 2509 5769 raptas,
2538 5711 2595 5756 ut
2619 5703 2692 5756 ait
2719 5701 3011 5768 Arnobius,
3052 5721 3071 5756 ι
3102 5719 3203 5761 nec
3226 5705 3496 5761 obnoxios

1895 5794 2204 5861 redderent,
2252 5805 2308 5849 et
2360 5794 2472 5848 haec
2524 5795 2802 5864 clarigatio
2848 5795 3129 5853 dicebatur
3171 5814 3198 5852 a
3251 5798 3494 5855 claritate

1898 5891 2062 5946 vocis.
2093 5887 2223 5946 Post
2243 5904 2403 5959 quam
2429 5888 2853 5958 clarigationem,
2884 5887 3038 5944 hasta
3068 5893 3121 5948 in
3144 5907 3328 5950 eorum
3359 5895 3497 5955 lines
