3918 6398
372 344 480 399 423

1619 338 2073 401 DlSSERTATlO
2112 339 2389 397 PRIEVIA

3561 345 3666 399 4ὶᾶ

372 461 557 527 missa,
601 458 934 516 indicabatur
964 459 1075 530 jam
1115 474 1307 531 pugna:
1331 457 1654 530 principium
1705 463 1873 533 (Serv.
1907 462 1949 516 ει

2068 464 2539 537 καταπεπηγμένων
2587 465 2739 540 παρά
2781 469 2898 523 ταῖς
2943 471 3158 526 σκηναῖς
3197 465 3371 520 ὑσσῶν
3404 478 3420 493 ⁸
3453 462 3567 520 ἔστι
3615 463 3667 519 δέ

373 553 461 608 lib.
491 568 567 618 tv,
605 551 847 619 zEneid.,
879 569 1104 618 tx,vers.
1129 554 1245 622 55).
1285 572 1302 605 i
1338 551 1498 607 Addit
1523 561 1702 608 tamen
1743 555 1793 607 in
1827 553 1956 608 sub-

369 655 689 718 sequentem
723 645 926 717 Virgilii
954 645 1173 711 librum,
1208 645 1296 700 ubi
1327 645 1474 714 plura
1504 644 1589 699 bis
1615 645 1808 701 similia
1839 661 1962 700 nar-

368 749 452 794 rat
485 757 498 793 :
538 759 556 791 t
589 737 886 810 Clarigatio
912 749 1003 795 aut
1028 757 1056 794 a
1085 741 1226 794 clara
1255 753 1388 794 voce
1417 739 1557 794 dicta
1584 749 1688 805 est,
1715 757 1815 810 qua
1847 748 1961 795 utc-

365 833 526 889 batur
548 834 952 904 Paterpatratus
971 874 986 899 ,
1018 837 1121 891 ὰπό
1149 845 1240 896 τῆς
1275 835 1492 911 κλήρου,
1517 834 1622 891 hoc
1651 845 1762 900 est,
1789 845 1955 902 sorte,

367 941 490 983 nam
519 943 615 997 per
643 927 892 982 bellicam
928 937 1128 983 sortem
1162 944 1320 999 agros
1364 927 1601 983 hostium
1640 927 1963 983 invadebant

369 1017 546 1090 (idem,
570 1019 624 1073 iii
645 1018 733 1073 lib.
757 1034 812 1079 χ,
830 1034 956 1073 vers.
990 1019 1102 1092 ﬂ).
1127 1018 1333 1074 Plinius
1363 1033 1492 1072 vero
1515 1017 1585 1074 de
1610 1018 1960 1089 clarigatione

366 1109 505 1177 haec,
528 1127 648 1182 quae
683 1110 750 1164 ad
775 1126 887 1166 rein
919 1120 1159 1166 nostram
1186 1110 1409 1178 faciunt,
1449 1110 1643 1166 litteris
1668 1110 1958 1182 consigna-

365 1207 473 1261 vit:
496 1223 515 1257 ι
539 1204 766 1275 Semper
794 1221 826 1261 e
851 1205 1042 1277 legatis
1071 1221 1192 1262 cum
1214 1205 1281 1261 ad
1307 1207 1513 1272 hostes,
1534 1206 1959 1277 clarigatumque

363 1299 727 1365 mitterentur,
753 1296 806 1353 id
826 1307 930 1362 est,
961 1313 1050 1354 res
1071 1307 1288 1369 ereptas
1313 1298 1464 1354 clare
1489 1300 1803 1366 repetitum,
1824 1311 1959 1352 unus

365 1394 549 1465 utique
597 1392 960 1448 Verbenarius
995 1391 1291 1447 vocabatur
1329 1391 1526 1464 (Plin.,
1557 1391 1642 1446 lib.
1677 1407 1808 1453 χιιι,
1847 1390 1956 1444 Na.

362 1497 466 1540 tur.
501 1485 647 1553 ἡξει,
679 1501 798 1557 cap.
833 1484 890 1554 2,
925 1503 1046 1556 pag.
1082 1485 1232 1556 179).
1266 1504 1285 1538 ι
1318 1485 1480 1540 Plura
1511 1483 1578 1540 de
1611 1485 1960 1556 clarigatione

361 1590 416 1636 et
455 1579 736 1636 ferialibus
779 1578 1090 1635 observavit
1130 1578 1462 1645 Brissonius,
1502 1593 1621 1648 quae
1662 1587 1716 1633 te
1765 1577 1959 1646 legisse

362 1688 469 1727 non
519 1672 676 1742 plane
703 1669 906 1726 inutilis
933 1686 1115 1741 opera:
1156 1670 1317 1727 fuerit
1350 1669 1630 1742 (Brisson.,
1666 1670 1758 1724 lib.
1789 1685 1868 1737 tv,
1897 1672 1960 1724 de

361 1764 569 1831 Form.,
599 1782 719 1837 pag.
753 1764 858 1821 383
877 1775 923 1820 et
948 1763 1134 1838 θείη).

2063 558 2234 609 ταῦτα
2258 554 2377 627 βέλη
2405 554 2678 628 Ῥωμαίων.
2715 554 2749 610 ἃ
2790 555 3049 616 συνιόντες
3083 557 3154 616 εἰς
3190 564 3377 631 χεῖρας
3423 555 3670 619 ἐξακοντί-

2063 651 2327 711 ζουσι.....
2356 651 2410 703 ἐκ
2437 651 2633 704 τούτων
2660 648 2722 709 δὴ
2749 657 2849 706 τῶν
2877 650 3054 704 ὑσσῶν
3080 651 3201 724 περί
3225 656 3332 709 τοῖς
3363 645 3542 724 ἄκροις
3569 654 3668 701 τῶν

2063 741 2337 798 ὀϐελίσκων
2366 742 2540 817 φλόγες·
2569 747 2878 807 ἀνήπτοντο,
2908 745 2994 799 καὶ
3022 741 3085 797 δι’
3115 740 3231 797 ὅλου
3256 749 3350 798 τοῦ
3389 741 3673 816 στρατοπὲ-

2063 833 2154 890 δου
2182 836 2336 895 σέλας
2365 833 2422 895 ἦν
2448 877 2462 897 .
2491 838 2666 914 ὥσπερ
2696 839 2799 892 ἀπὸ
2825 834 3109 908 λαμπάδων
3129 876 3143 894 .
3171 838 3260 890 καὶ
3304 835 3536 904 κατέσχε
3579 841 3672 893 τῆς

2063 930 2246 988 κυκτός
2276 931 2363 983 ἐπὶ
2404 929 2556 985 πολύ.
2585 931 2641 985 ἐκ
2683 932 2871 985 τούτου
2910 929 3187 985 κατέλαϐον
3240 934 3334 983 τοῦ
3378 929 3668 1000 φάσματος,

2062 1021 2238 1096 ὥσπερ
2268 1023 2314 1076 οἱ
2339 1023 2716 1100 τερατοσκόποι
2748 1024 3041 1095 ἀπέφαινον,
3082 1024 3170 1076 καὶ
3215 1024 3346 1077 πασὶ
3392 1023 3673 1093 ἀνθρώποις

2063 1113 2370 1186 συμϐάλλιιν
2401 1117 2460 1168 οὐ
2506 1114 2742 1187 χαλεπὸν
2780 1111 2871 1178 ἦν,
2901 1111 2979 1169 ὅτι
3021 1117 3159 1173 νίκην
3202 1114 3377 1172 αὐτοῖς
3426 1119 3670 1183 ταχεῖαν.

2059 1209 2147 1262 καὶ
2174 1207 2419 1282 λαμπρὰν
2463 1209 2700 1279 σημαίνει
2722 1208 2787 1270 τὸ
2823 1205 3102 1277 δαιμόνιον
3132 1203 3408 1279 ἐπειδήπερ
3439 1202 3580 1258 ἅπαν
3603 1201 3671 1257 εἶ-

2061 1322 2137 1356 κει
2165 1304 2315 1377 πυρὶ,
2347 1306 2434 1356 καὶ
2455 1300 2602 1356 οὐδὲν
2629 1298 2656 1355 ὅ
2678 1323 2730 1356 τι
2760 1303 2866 1372 οὐχ
2893 1301 2995 1355 ὑπὸ
3021 1305 3115 1355 τοῦ
3143 1301 3309 1374 πυρὸς
3335 1296 3674 1372 διαφθείρεται

2061 1389 2308 1464 (Dionys.
2342 1393 2430 1447 lib.
2468 1408 2522 1459 ν,
2567 1392 2822 1463 Antiquit.
2853 1408 3010 1458 roni.,
3061 1406 3182 1461 pag.
3216 1387 3405 1459 3123).
3439 1385 3560 1443 Non
3604 1388 3674 1443 ab

2060 1488 2210 1544 omni
2263 1487 2722 1544 versimilitudiiie
2764 1486 3028 1542 abhorret
3061 1481 3361 1540 Aruobium
3412 1480 3482 1535 ad
3529 1480 3673 1536 hunc

2059 1584 2371 1654 respexisse
2415 1584 2696 1654 antiquum
2739 1595 2949 1638 morem
2972 1621 2990 1647 ,
3022 1578 3068 1634 si
3101 1577 3395 1649 Dionysius
3439 1574 3674 1631 dixisset

2060 1675 2213 1731 illum
2246 1677 2555 1733 solemnem
2586 1675 2792 1744 fuisse,
2827 1690 2892 1730 ac
2921 1686 3030 1729 tam
3073 1687 3220 1742 saepe
3247 1686 3410 1743 quam
3453 1667 3670 1740 publice

2060 1773 2342 1829 usitatum.

433 1859 784 1928 Prosequitur
804 1857 1076 1914 Arnobius
1108 1877 1121 1912 :
1152 1876 1171 1910 ι
1204 1857 1472 1928 Numquid
1503 1858 1751 1912 martium
1773 1856 1949 1912 disci-is

2133 1865 2472 1922 Probabilins
2510 1880 2643 1921 vero
2669 1860 2994 1935 quihusdam
3027 1860 3243 1917 videtur
3274 1858 3445 1916 fuisse
3472 1859 3664 1930 signo-

359 1968 485 2010 meu
512 1953 796 2019 obeuntes,
818 1965 971 2022 spem
1001 1951 1167 2021 praelii
1192 1953 1425 2020 sumitis,
1454 1959 1510 2008 et
1529 1968 1594 2008 ex
1622 1951 1956 2007 acuminibus

359 2047 649 2120 auspicatis
692 2047 930 2116 (Arnob.,
971 2046 1062 2102 lib.
1095 2063 1161 2111 ii,
1203 2064 1324 2119 pag.
1353 2046 1486 2118 9i)?
1524 2066 1543 2098 i
1577 2045 1769 2102 Cicero
1796 2056 1953 2102 antea

359 2141 623 2200 Romanis
650 2157 755 2196 non
787 2140 955 2196 semel
987 2139 1116 2194 vitio
1145 2149 1404 2206 verterat,
1435 2140 1576 2211 quod
1607 2140 1723 2196 haec
1755 2152 1954 2197 temere

359 2237 808 2295 itnmutaverint:
844 2255 862 2288 ι
898 2235 1155 2290 Bellicam
1188 2251 1302 2290 rem
1327 2234 1706 2299 administrari,
1744 2254 1763 2286 ι
1793 2235 1951 2290 verba

357 2331 507 2386 illius
535 2339 662 2384 sunt
691 2329 986 2398 ipsissima,
1027 2347 1045 2378 ‹
1082 2328 1315 2396 majores
1345 2327 1515 2381 nostri
1547 2327 1646 2380 nisi
1677 2327 1954 2397 auspicato

357 2424 680 2486 noluerunt;
726 2436 886 2490 quam
915 2421 1068 2475 multi
1109 2420 1234 2474 anni
1268 2431 1413 2486 sunt,
1440 2435 1562 2474 cum
1592 2419 1730 2474 bella
1773 2435 1802 2472 a
1832 2435 1955 2489 pro-

358 2518 682 2590 prartoribus
709 2526 764 2573 et
795 2515 1214 2587 proconsulibus
1241 2513 1708 2580 administrantur,
1737 2515 1826 2585 qui
1859 2531 1953 2570 au-

357 2611 522 2683 spicia
573 2625 679 2666 non
743 2609 981 2665 habent?
1037 2607 1223 2679 Itaque
1277 2623 1378 2664 nec
1429 2623 1618 2662 omnes
1673 2617 1952 2663 transeunt

355 2708 653 2776 auspicato,
687 2719 786 2760 nec
822 2703 1054 2773 tripudio
1083 2703 1449 2772 auspicantur.
1481 2700 1614 2755 Nam
1645 2718 1711 2755 ex
1741 2702 1948 2756 acumi-

354 2799 515 2855 nibus
541 2798 791 2871 quidem,
837 2797 980 2867 quod
1021 2807 1189 2852 totum
1236 2795 1537 2865 auspicium
1575 2794 1808 2850 militare
1831 2793 1944 2865 estf,

350 2893 462 2963 jam
488 2892 555 2949 Μ.
581 2892 887 2959 Marcellus,
908 2891 999 2947 ille
1018 2890 1305 2961 quinquies
1324 2889 1535 2956 consul,
1557 2897 1724 2942 tottitii
1747 2888 1947 2956 omisit,

354 2985 497 3041 idem
540 2986 850 3056 imperator,
884 2984 1026 3039 idem
1054 2998 1222 3054 augur
1248 2982 1485 3052 optimus
1519 2979 1728 3050 (Cicer.,
1762 2981 1850 3036 lib.
1887 2998 1947 3048 ιι,

353 3081 417 3135 ile
443 3071 697 3146 Dicinat.,
731 3095 850 3151 pag.
884 3077 1012 3141 290,
1040 3077 1134 3131 lin.
1169 3074 1281 3148 14).
1324 3094 1342 3127 i
1374 3075 1497 3130 Alio
1527 3086 1705 3129 autem
1734 3077 1788 3129 in
1813 3075 1950 3129 libro

353 3174 405 3229 id
459 3173 785 3245 negligentia
840 3171 1135 3227 nobilitatis
1193 3170 1451 3224 omissum
1507 3168 1672 3224 fuisse
1724 3177 1949 3222 testatur

354 3265 547 3337 (Idem,
581 3265 669 3320 lib.
693 3281 748 3330 ιι,
781 3263 842 3318 de
871 3261 1066 3317 Natur.
1097 3261 1267 3330 dcam,
1295 3278 1416 3334 pag.
1446 3260 1578 3326 215,
1611 3261 1706 3314 liii.
1739 3258 1820 3332 5).

424 3360 555 3428 Quae
600 3367 778 3414 autem
828 3355 1029 3413 fuerint
1075 3356 1161 3410 illa
1188 3371 1255 3410 ex
1301 3353 1642 3409 acuminibus
1686 3354 1946 3422 auspicia,

352 3452 590 3509 nondum
620 3451 754 3506 satis
773 3451 1135 3519 esploratum,
1165 3458 1220 3504 et
1243 3449 1406 3504 varite
1427 3448 1494 3503 de
1522 3448 1586 3503 iis
1611 3458 1741 3502 sunt
1763 3461 1949 3503 aucto-

351 3563 471 3604 rum
498 3547 806 3617 opiniones.
837 3544 1066 3614 Quidam
1099 3546 1243 3600 enim
1273 3544 1327 3598 iii
1359 3542 1638 3598 Ciceronis
1667 3554 1819 3597 textu
1853 3557 1949 3611 pro

351 3641 692 3708 acuminibus,
741 3639 1084 3711 suspicantur
1144 3637 1429 3710 legendum
1483 3637 1790 3708 agminibus.
1840 3635 1948 3691 Sed

351 3736 476 3791 huic
527 3735 814 3790 levissimae
866 3733 1194 3803 conjecturae
1233 3739 1532 3804 repugnant
1580 3744 1769 3785 omnes
1824 3745 1946 3784 cum

353 3828 652 3894 Ciceronis,
693 3836 804 3881 tutu
847 3823 1071 3880 Arnobii
1111 3825 1279 3881 nostri
1317 3824 1532 3880 codices
1573 3823 1941 3893 manuscripti.

352 3919 717 3989 Quamobrem
745 3921 993 3977 nonnulli
1015 3929 1201 3990 putant
1222 3921 1469 3975 acumina
1493 3919 1660 3975 fuisse
1682 3920 1942 3975 montium

351 4016 659 4082 cacumina,
689 4032 807 4086 qua:
833 4017 899 4069 ad
922 4015 1185 4086 captanda
1206 4013 1424 4085 auguria
1444 4015 1808 4070 conscendere
1827 4029 1944 4069 mos

347 4123 485 4171 erat.
519 4113 648 4169 Aliis
677 4111 886 4166 videtur
930 4125 1054 4165 esse
1093 4107 1270 4163 avium
1317 4107 1559 4162 acumina
1593 4108 1704 4163 sive
1746 4117 1940 4173 rostra,

347 4224 468 4280 qua:
489 4223 556 4262 ex
578 4205 812 4276 tripudio
833 4204 1100 4259 solistimo
1125 4201 1570 4256 observabuntur.
1588 4199 1784 4255 Verum
1809 4209 1946 4254 utra-

349 4315 454 4371 que
481 4298 667 4366 opinio
707 4295 1074 4367 superioribus
1101 4309 1401 4365 repugnare
1432 4293 1642 4348 videtur
1669 4291 1944 4347 Ciceronis

351 4393 555 4460 verbis,
583 4391 780 4463 quibus
813 4389 1111 4460 auspicium
1141 4404 1207 4442 ex
1236 4387 1574 4442 acuminibus
1606 4397 1775 4442 totum
1805 4386 1944 4441 mili-

350 4501 465 4546 tare
500 4489 664 4544 fuisse
687 4495 985 4543 asseverat.
1021 4485 1121 4540 Alii
1155 4486 1334 4555 itaque
1360 4485 1666 4539 existimant
1696 4485 1942 4554 pilorum,

347 4585 702 4657 spiculorum,
751 4583 1071 4644 ensiumque
1114 4580 1384 4650 designari
1429 4581 1700 4646 acumina,
1742 4595 1859 4649 quae
1902 4580 1946 4633 si

2057 1977 2176 2017 rum
2221 1960 2536 2015 militarium
2587 1959 2872 2025 acumina,
2919 1972 3042 2032 qua
3101 1955 3440 2026 longioribus
3493 1954 3671 2012 contis

2056 2052 2240 2120 insita,
2283 2052 2542 2108 ferratum
2592 2052 2646 2106 in
2688 2051 2972 2120 cuspidem
3019 2046 3366 2104 desinebant.
3397 2045 3531 2102 Nam
3575 2047 3668 2103 illa

2055 2150 2100 2202 si
2131 2148 2327 2204 castris
2361 2149 2490 2203 loco
2511 2146 2695 2212 motis,
2728 2143 2959 2217 signifer
2989 2159 3056 2198 ex
3091 2141 3278 2198 hostili
3307 2142 3476 2196 humo
3507 2141 3669 2198 facile

2054 2242 2341 2309 evellebat,
2378 2242 2506 2297 inde
2535 2239 2770 2296 faustum
2803 2255 2964 2296 omen
2991 2248 3252 2311 certaque
3280 2239 3508 2294 victoria
3533 2255 3549 2293 :
3579 2238 3665 2294 sin

2056 2350 2191 2390 vero
2221 2349 2366 2405 aegre
2401 2334 2727 2388 ertrahebat
2747 2375 2762 2400 ,
2795 2334 3016 2388 sinistra
3048 2331 3379 2402 praesagitio,
3411 2331 3667 2402 bandque

2052 2425 2262 2481 incerta
2309 2425 2496 2482 clades
2533 2425 3080 2496 praemonstrabatur.
3110 2426 3182 2479 At
3209 2423 3255 2479 si
3282 2409 3405 2501 quis
3438 2427 3579 2478 lianc
3606 2424 3662 2479 in

2052 2520 2370 2590 Opinionem
2402 2519 2652 2586 inclinet,
2685 2521 2983 2574 observare
3009 2519 3197 2588 utique
3225 2517 3390 2573 debet
3410 2532 3442 2572 a
3471 2517 3664 2574 Servio

2052 2611 2105 2666 id
2129 2611 2414 2667 fecialilius
2442 2613 2522 2666 sic
2551 2611 2788 2666 adscribi
2821 2629 2834 2666 :
2874 2630 2894 2662 ι
2934 2611 3062 2667 P0st
3105 2609 3323 2665 tertium
3349 2620 3404 2666 et
3447 2611 3664 2666 tricesi-

2053 2720 2200 2759 mum
2245 2704 2412 2770 diem,
2459 2719 2619 2775 quam
2654 2719 2745 2760 res
2794 2705 3123 2775 repetissent
3164 2702 3233 2758 ab
3275 2702 3541 2768 hostibus,
3582 2703 3662 2761 fe-

2050 2803 2219 2858 ciales
2250 2801 2460 2858 hastam
2494 2801 2782 2858 mittebant
2832 2800 3036 2874 (Serm,
3067 2803 3123 2856 in
3166 2801 3258 2856 lib.
3299 2817 3376 2864 ix.
3412 2800 3655 2871 zEneid.,

2049 2912 2161 2952 aeri
2189 2895 2302 2969 55).
2342 2915 2362 2948 ι
2392 2897 2666 2952 Arnobius
2698 2905 2877 2951 tamen
2909 2897 3028 2951 haec
3054 2896 3126 2952 ab
3162 2895 3505 2951 acuminibus
3537 2913 3661 2967 per-

2051 2990 2240 3060 spicue
2266 2989 2574 3061 distinguit.
2618 2989 2963 3060 QuaprOpter
3001 2991 3045 3044 si
3077 2988 3234 3044 alicui
3267 2989 3452 3044 ultima
3485 2989 3662 3060 expli-

2049 3085 2192 3140 Catio
2214 3086 2489 3150 arriserit,
2511 3085 2676 3140 debet
2699 3084 2941 3155 profecto
2967 3083 3154 3140 dicere
3176 3083 3476 3139 Arnobiunt
3507 3083 3660 3154 loqui

2053 3177 2122 3234 de
2163 3177 2392 3233 ducibus
2423 3179 2475 3232 in
2507 3193 2694 3249 agrum
2729 3176 2980 3232 hostilem
3026 3176 3443 3242 invadentibus,
3472 3191 3652 3246 quos,

1979 3272 2024 3334 C
2056 3278 2114 3324 ut
2145 3269 2343 3324 ibidem
2372 3279 2492 3340 post
2519 3269 2817 3326 Varronem
2840 3268 3096 3325 observat
3127 3269 3374 3336 Servius,
3408 3287 3427 3320 ι
3461 3269 3662 3323 ominis

2054 3376 2240 3428 causa,
2269 3363 2416 3431 prius
2446 3362 2498 3416 iii
2530 3377 2656 3417 eum
2695 3377 2882 3434 agrum
2914 3362 3235 3428 mittebant,
3268 3370 3326 3416 ut
3355 3362 3548 3416 castris
3578 3362 3662 3415 lo-

2053 3471 2175 3511 cum
2198 3463 2481 3524 caperent.
2523 3473 2544 3508 ι
2577 3454 2770 3511 Utrum
2813 3464 2993 3510 autem
3027 3454 3141 3510 haec
3183 3454 3396 3524 opinio,
3430 3464 3524 3508 aut
3551 3454 3660 3510 alia

2051 3550 2266 3604 ceteris
2299 3547 2637 3619 pi-zeferenda
2668 3551 2772 3616 sit,
2803 3548 2917 3619 jam
2957 3548 3205 3618 expende
3246 3559 3302 3603 et
3345 3549 3657 3618 pronuntia.

2122 3644 2477 3714 Prosequitur
2506 3644 2810 3708 Arnobius,
2857 3645 3046 3714 sicque
3076 3643 3414 3698 ethnicorum
3460 3643 3660 3698 levita-

2050 3747 2156 3794 tem
2201 3748 2257 3793 et
2291 3739 2710 3794 inconstantiam
2751 3737 3031 3808 redarguit
3062 3756 3076 3792 :
3116 3756 3136 3790 ι
3170 3737 3438 3808 Numquid
3471 3739 3524 3791 iii
3552 3754 3662 3808 po-

2051 3831 2340 3887 testatibus
2387 3831 2654 3886 obeundis
2702 3830 2848 3900 leges
2892 3830 3230 3886 conservatis
3263 3828 3565 3894 Annarias,
3602 3828 3662 3884 in

2049 3924 2227 3988 donis.
2258 3926 2310 3979 in
2338 3925 2656 3980 muneribus
2677 3921 2924 3988 Cincias,
2956 3924 3010 3977 in
3032 3923 3353 3979 etibibendis
3378 3924 3662 3980 censorias

2049 4018 2360 4089 sumptibus
2391 4017 2648 4091 (Arnob.,
2682 4015 2772 4070 lib.
2804 4031 2872 4082 ιι,
2922 4033 3042 4088 pag.
3077 4016 3210 4086 θυι
3244 4036 3263 4069 i
3297 4017 3532 4072 Anuaria
3561 4033 3662 4073 au-

2051 4122 2158 4170 tem
2207 4113 2296 4169 lex
2338 4113 2660 4178 vocabatur,
2693 4127 2798 4183 qua
2826 4121 3090 4166 statutum
3123 4111 3300 4169 fuerat
3340 4127 3509 4167 novos
3537 4129 3662 4170 ina-

2050 4206 2312 4276 gistratus
2344 4206 2572 4277 singulis
2599 4206 2757 4262 annis
2783 4207 2958 4262 creari
2988 4205 3186 4277 (Fest,
3218 4207 3287 4261 ad
3317 4209 3517 4261 verbum
3547 4208 3662 4264 AN-

2049 4300 2250 4369 NABIA).
2299 4299 2503 4355 Similis
2545 4311 2723 4355 autem
2763 4297 3042 4355 Ciceronis
3069 4300 3267 4370 legitur
3296 4299 3363 4355 de
3394 4299 3500 4354 hat-
3531 4301 3660 4372 lege

2048 4393 2278 4460 sublata,
2329 4403 2489 4464 atque
2538 4393 2760 4449 Ariiobii
2807 4394 2978 4450 nostri
3017 4394 3378 4462 eXpostulatio
3430 4391 3658 4465 (Cicera,

2054 4483 2269 4554 Philipp
2321 4503 2358 4550 ι,
2386 4504 2504 4557 pag.
2537 4483 2688 4558 565).
2711 4485 2781 4542 At
2804 4486 2946 4556 quis,
2970 4485 3072 4539 nisi
3096 4487 3146 4540 in
3177 4485 3400 4540 historia
3428 4502 3658 4542 romana

2051 4579 2276 4631 omnino
2307 4577 2508 4646 hospes
2534 4588 2587 4632 et
2620 4581 2958 4648 peregrinus.
2990 4579 3237 4647 ignorare
3267 4587 3463 4648 potest,
3493 4594 3657 4649 quam

349 4679 607 4735 borriIiCu
647 4677 879 4746 quodam
931 4674 1142 4744 fulgore
1173 4676 1452 4738 micarent,
1500 4673 1708 4730 felicem
1754 4688 1942 4744 pugna:
1971 4679 2024 4738 1)
2049 4686 2192 4741 smpe
2224 4670 2308 4726 hat
2348 4671 2495 4740 leges
2525 4684 2721 4741 spreta:
2766 4687 2827 4726 ac
2872 4670 3233 4741 pessumdata:
3280 4670 3521 4726 fuerint?
3565 4671 3660 4726 Vi-

348 4777 573 4840 exitum,
602 4787 758 4828 secus
786 4788 936 4837 vero,
967 4770 1012 4825 si
1043 4771 1234 4825 obtusa
1260 4780 1312 4824 et
1340 4769 1555 4825 sordida
1584 4769 1668 4824 vel
1699 4768 1946 4838 rubigine

349 4871 542 4940 obsita,
575 4868 840 4923 infelicem
877 4864 1289 4936 protendebant.
1321 4867 1494 4933 Atque
1531 4877 1596 4916 eo
1640 4862 1946 4930 respexisse

348 4962 644 5020 Al’ntlblll'lt
671 4959 888 5033 probari
913 4974 1070 5030 posse
1095 4965 1283 5028 putant
1307 4955 1391 5009 his
1417 4956 1649 5027 Dionysii
1686 4957 1944 5026 llalycar-

348 5057 525 5112 itassei
543 5055 610 5110 de
629 5054 992 5108 Romanorum
1019 5068 1138 5107 cum
1158 5050 1373 5106 Sabinis
1395 5050 1579 5119 prmlio
1602 5051 1776 5104 verbis
1798 5067 1841 5101 :t
1866 5049 1940 5103 Ex

348 5151 470 5223 pilis
493 5149 686 5205 delixis
707 5161 830 5205 ante
852 5149 1103 5214 tentoria,
1125 5146 1230 5200 tela
1259 5155 1382 5200 sunt
1411 5145 1526 5198 ba:c
1555 5144 1940 5208 Romanorum,

348 5263 468 5318 quin
500 5246 674 5314 primo
704 5258 997 5314 congressu
1027 5242 1462 5310 ejacnlantur....
1483 5255 1548 5293 ex
1572 5239 1674 5305 bis,
1703 5239 1943 5306 inquam,

349 5341 470 5412 pilis
484 5345 626 5393 circa
640 5353 847 5391 summa
863 5336 1112 5391 verucula
1127 5331 1692 5395 emicabantllatnmze,
1711 5331 1944 5397 totisque

347 5433 540 5487 castris
569 5431 851 5501 fulgorem,
869 5429 1146 5483 nonaliter
1171 5442 1236 5482 ac
1265 5427 1473 5489 faculae,
1491 5426 1556 5480 ad
1579 5427 1796 5479 multam
1817 5439 1945 5478 noc-

349 5534 456 5581 tem
481 5526 812 5590 reddebant;
836 5539 904 5577 ex
923 5524 1024 5576 hoc
1045 5533 1222 5577 autem
1244 5524 1360 5575 viso
1378 5521 1760 5575 intellexerunt
1792 5518 1946 5592 (utet

352 5621 533 5674 talium
568 5627 936 5691 portentorum
968 5618 1294 5686 interpretes
1321 5615 1684 5679 afﬁrmabant,
1709 5623 1763 5668 et
1791 5614 1946 5668 facile

347 5715 520 5784 quivis
536 5713 806 5784 conjicere
826 5709 1058 5783 poterat)
1077 5710 1235 5765 citam
1256 5710 1354 5764 sibi
1373 5719 1426 5764 et
1442 5708 1772 5780 splendidam
1787 5725 1814 5762 a
1836 5708 1945 5763 Deo

350 5807 598 5876 portendi
624 5807 906 5862 victoriam
931 5804 1362 5878 quandoquidem
1393 5805 1499 5874 igni
1523 5802 1721 5858 cedunt
1740 5803 1943 5868 omnia,

351 5909 401 5958 ct
431 5900 564 5963 nihil
587 5911 670 5962 est
711 5901 858 5975 quod
885 5918 993 5959 non
1036 5899 1172 5972 ignis
1210 5899 1258 5956 vi
1298 5901 1624 5960 absuniatur.
1671 5917 1690 5952 ι
1722 5898 1798 5960 ἐκ
1853 5906 1947 5953 τῶν

2048 4765 2192 4820 desis
2237 4764 2604 4819 Robertellum
2653 4765 2721 4819 de
2768 4763 3167 4836 Mzigistratibus
3211 4765 3343 4836 imp.
3386 4763 3654 4836 (ﬂebam,

2049 4870 2169 4913 tam.
2202 4875 2278 4924 ιιι,
2307 4859 2563 4928 Antiquit.
2596 4859 2772 4921 Rom.,
2798 4877 2921 4931 pag.
2952 4858 3068 4929 38).

2117 4955 2299 5009 Cincia
2327 4970 2459 5010 vero
2493 4955 2577 5010 lex
2619 4971 2648 5008 a
2695 4955 2763 5009 Μ.
2807 4953 2998 5009 Cincio
3056 4955 3269 5010 tribuno
3301 4955 3479 5026 plebis
3509 4973 3658 5014 anno

2046 5050 2193 5106 urbis
2226 5050 2351 5113 549,
2389 5051 2496 5105 lata
2527 5059 2630 5114 est,
2680 5067 2805 5121 qua,
2859 5059 2916 5105 ut
2962 5050 3037 5103 ait
3067 5050 3350 5105 Cornelius
3399 5050 3654 5116 Tacitus,

2047 5146 2337 5203 cavebatur
2384 5145 2698 5216 antiquitus,
2751 5161 2820 5201 ne
2860 5146 2981 5214 quis
3022 5144 3091 5198 ob
3138 5159 3355 5199 causam
3387 5146 3655 5201 orandam

2047 5242 2304 5312 pecunias
2355 5241 2628 5296 donumve
2673 5241 2944 5310 acciperet
2989 5239 3166 5311 (Corn.
3223 5238 3413 5305 Tacit.,
3468 5239 3558 5294 lib.
3613 5258 3654 5309 ι,

2049 5336 2237 5389 Annal.
2293 5337 2430 5388 circa
2472 5334 2637 5407 init.).
2679 5335 2751 5390 De
2803 5351 2866 5390 ea
2918 5334 3272 5405 proculdubio
3325 5334 3536 5390 Plinius
3586 5338 3656 5391 ad

2051 5431 2245 5486 Rulnm
2288 5431 2403 5486 haec
2435 5431 2655 5500 scripsit
2697 5432 2748 5485 in
2779 5431 2938 5487 verba
2975 5449 2986 5484 :
3029 5451 3046 5482 ι
3085 5431 3315 5486 Suberat
3358 5431 3542 5486 edicto
3567 5448 3659 5487 se-

2048 5535 2210 5581 natus
2259 5526 2563 5582 consultnm
2616 5525 2762 5580 hoc:
2806 5524 3007 5581 Omnes
3046 5526 3138 5594 qui
3179 5523 3322 5594 quod
3373 5525 3654 5596 negotium

2049 5618 2332 5684 haberent,
2386 5619 2593 5689 jnrare,
2654 5622 2960 5690 priusquam
3018 5628 3260 5688 agerent,
3321 5616 3658 5686 jubebantur

2052 5714 2185 5770 nihil
2231 5731 2292 5770 se
2334 5715 2403 5769 ob
2443 5714 2852 5771 advocationem
2881 5715 3132 5785 cuiquam
3172 5709 3409 5776 dedisse,
3447 5713 3656 5781 promi-

2050 5809 2209 5873 sisse.
2253 5809 2485 5864 cavisse.
2520 5807 2612 5861 llis
2640 5808 2783 5863 enim
2815 5808 2993 5864 verbis
3018 5822 3082 5861 ac
3105 5805 3251 5859 mille
3282 5815 3568 5874 przoterea,
3598 5814 3660 5860 et

2055 5901 2242 5962 venire
2258 5901 2662 5969 advocationes,
2685 5910 2738 5958 et
2756 5901 2861 5958 cini
2886 5899 3185 5958 vetabatur.
3213 5897 3458 5954 Peractis
3477 5907 3665 5956 tamen
