3918 6358
239 398 322 449 liii
1453 399 1514 453 IN
1556 397 1906 455 AllNUBllJM
1936 441 1950 464 ,
1993 398 2146 453 CAP.
2191 399 2252 451 γ.

3406 399 3510 448 iiii

235 511 430 582 negotiis
458 513 817 582 permittebat
851 511 1126 583 pecuniam
1154 511 1431 568 dumtaxat
1457 513 1647 570 decem
1677 515 1798 569 mil;
1827 518 1878 577 Α
1902 512 2128 585 gentiles
2156 511 2525 567 aboleverant.
2558 509 2825 565 Secundae
2872 521 3002 564 vero
3048 509 3178 565 illud
3221 521 3509 581 repugnat,

234 603 339 657 lium
358 603 476 659 dare
502 623 522 654 ι
553 603 750 674 (Plin.,
777 605 869 658 lib.
895 620 950 667 v,
977 605 1120 674 epist.
1147 604 1239 658 ult.
1264 605 1331 658 ad
1356 605 1593 676 Rufum).
1619 606 1801 661 Livius

235 711 375 752 vero:
409 716 426 749 ι
469 697 610 764 Quid
645 697 821 768 legem
851 695 1088 752 Cinciam
1122 697 1185 752 de
1211 697 1370 753 donis
1399 708 1453 754 et
1487 698 1799 754 muneribus

231 787 480 855 excitavit;
534 789 640 843 nisi
690 790 815 859 quia
866 791 1138 860 vectigalis
1189 790 1302 858 jam
1350 801 1402 846 et
1448 791 1798 861 stipendiaria

227 881 354 950 plebs
375 897 492 937 esse
518 881 734 937 senatui
763 882 1054 953 ceperit?»
1089 881 1248 956 (Liv.,
1279 883 1368 937 lib.
1402 884 1495 949 54,
1531 884 1559 956 §
1583 883 1666 954 4.)

284 977 547 1033 Censoriis
579 977 811 1047 legibus,
866 992 987 1048 qua:
1012 987 1066 1032 et
1094 979 1442 1047 sumptuaria:
1483 988 1537 1034 et
1585 980 1799 1036 cibaria:

229 1070 553 1138 vocabantur,
584 1070 822 1140 majores
849 1085 1128 1127 ccenarum
1155 1086 1219 1127 ac
1241 1072 1612 1128 conviviorum
1649 1089 1798 1128 sum-

227 1174 330 1233 plus
352 1172 402 1220 et
426 1164 646 1219 luxuria
691 1163 1106 1220 coercebantur.
1138 1164 1253 1220 Una
1295 1174 1474 1221 autem
1513 1181 1580 1222 ex
1610 1166 1798 1222 illisea

225 1266 347 1323 erat,
375 1273 534 1328 quam
570 1256 766 1312 'Livius
813 1272 939 1314 mox
981 1256 1230 1312 laudatus
1260 1257 1329 1312 ab
1356 1255 1530 1328 Oppio
1558 1257 1798 1314 Tribuno

223 1349 367 1420 plebis
391 1349 574 1405 datam
626 1361 895 1406 memorat
941 1348 1130 1422 (Ibid.,
1163 1349 1190 1422 §
1221 1351 1296 1420 1).
1327 1351 1397 1405 At
1428 1358 1691 1420 praeterea
1731 1351 1798 1406 ab

224 1447 276 1499 ,1.
297 1443 483 1510 Gellio,
503 1453 559 1498 et
574 1458 602 1498 a
620 1443 891 1500 Macrobio
919 1451 1310 1498 enumerantur
1329 1441 1548 1507 Orchia,
1567 1442 1795 1509 Fannia,

223 1539 385 1607 Didia,
415 1537 623 1594 Licinia
642 1579 656 1603 ,
679 1537 928 1594 Cornelia
951 1579 967 1606 ,
993 1538 1232 1609 Syllana,
1263 1536 1568 1606 Lepidana,
1603 1537 1760 1591 Antia
1779 1579 1794 1604 ,

219 1630 368 1699 Julia,
404 1643 459 1688 et
492 1632 719 1704 Augusti
748 1633 1117 1701 imperatoris,
1151 1631 1264 1686 sive
1291 1630 1529 1696 Tiberii,
1560 1638 1620 1684 ut
1649 1639 1800 1684 notat

220 1725 433 1792 Gellius,
485 1725 721 1781 edictum
771 1725 956 1796 (Gell.,
992 1725 1079 1779 lib.
1111 1740 1147 1779 ιι
1191 1722 1349 1778 Noct.
1385 1723 1513 1790 Att.,
1553 1739 1671 1786 cap.
1719 1723 1794 1787 4;

221 1818 456 1886 Macrob.,
481 1819 570 1872 lib.
597 1835 658 1874 ιιι
691 1819 988 1884 Saturnal.,
1013 1834 1131 1888 cap.
1159 1817 1273 1888 17).
1299 1817 1592 1874 Suetonius
1617 1827 1795 1870 tamen

1901 606 2046 678 quod
2080 615 2138 660 ut
2173 607 2289 675 ipse
2340 604 2556 670 fatetur,
2589 619 2786 660 nomen
2829 605 3038 675 culigna
3087 604 3226 674 apud
3259 605 3510 660 etnudem

1903 697 2228 761 Varronem,
2278 695 2498 752 Festum
2548 705 2604 750 et
2632 695 2840 750 Livium
2886 696 3067 765 potius
3107 696 3377 766 significat
3418 713 3514 750 vas

1901 790 2196 860 potorium,
2218 805 2324 859 quo
2349 791 2531 844 vinum
2555 791 2608 844 in
2632 789 2910 844 sacrificiis
2930 788 3278 844 offerebatur.
3310 788 3515 843 Deinde

1906 899 2032 940 vero
2076 883 2202 954 quid
2251 882 2320 938 ibi
2355 882 2529 938 Vestae
2577 884 2779 939 faceret
2824 885 3308 950 commemoratio,
3360 882 3518 952 cujus

1902 977 2105 1032 nullum
2137 977 2188 1031 in
2220 976 2448 1033 Arnobii
2480 985 2626 1032 textu
2655 977 2978 1047 vestigium?

1974 1071 2107 1126 Tota
2138 1085 2304 1141 porro
2334 1071 2657 1128 tenebricosi
2687 1071 2849 1142 hujus
2875 1072 3176 1127 Arnobiani
3205 1072 3336 1127 dicti
3367 1072 3513 1127 diffi-

1900 1163 2071 1217 cultas
2102 1163 2154 1218 in
2204 1162 2317 1218 sola
2363 1163 2704 1233 potissimum
2751 1178 2884 1220 voce
2913 1164 3150 1234 caliginis
3202 1164 3374 1233 posita
3407 1173 3513 1218 est.

1902 1255 2217 1311 Penetrales
2269 1259 2549 1312 enimvero
2601 1257 2752 1312 focos
2783 1258 2948 1314 fuisse
2978 1259 3239 1313 discimus
3287 1258 3370 1314 bis
3407 1259 3518 1312 tia-

1901 1351 2022 1405 tulli
2057 1349 2297 1421 (Catull.,
2330 1349 2518 1422 Epigr.
2546 1351 2616 1405 ad
2642 1348 2903 1421 Marcel.),
2938 1352 3029 1406 ιιιιί
3058 1352 3127 1407 dc
3156 1351 3340 1421 Troja,
3385 1368 3514 1407 vcr-

1902 1444 2054 1501 sibus
2085 1463 2099 1499 :

1995 1535 2238 1604 Ad_quam
2263 1548 2365 1588 tum
2390 1551 2658 1604 properans
2681 1539 2840 1589 fertur
2865 1537 3010 1604 simul
3035 1540 3256 1604 undique
3282 1540 3442 1602 pubes

2059 1599 2227 1651 Graeca
2251 1599 2541 1664 penetrales
2560 1603 2848 1653 deseruisse
2876 1603 3023 1652 focos.

1901 1704 2128 1761 Servius
2175 1724 2392 1778 quoque
2437 1708 2853 1775 animadvertit,
2907 1709 3192 1779 penetralia
3225 1725 3254 1763 a
3286 1709 3514 1782 Virgilio

1904 1795 2147 1869 (Virgil.,
2176 1799 2264 1853 lib.
2299 1815 2351 1852 vt
2380 1799 2622 1868 /Eneid.,
2654 1817 2784 1856 vers.
2817 1801 2908 1870 71)
2937 1801 3043 1857 dici
3072 1811 3266 1856 secreta
3294 1803 3516 1874 templo-

218 1912 384 1967 scribit
410 1910 803 1981 sumptuariam
840 1909 1015 1981 legem
1041 1887 1110 1964 ab
1137 1887 1384 1980 Augusto
1411 1909 1674 1982 sanpitam
1706 1915 1798 1961 aut

1915 1905 2038 1953 rum,
2063 1887 2168 1944 hoc
2191 1891 2400 1946 scilicet
2426 1907 2585 1946 versu
2621 1911 2634 1946 :

219 2014 560 2060 retractatam.
593 2004 810 2060 Videsis
838 2003 1058 2059 Manutii
1087 2014 1142 2059 et
1170 2003 1388 2059 Antonii
1415 2003 1700 2075 Augustini
1728 2004 1798 2059 de

213 2101 398 2170 legibus
423 2100 589 2156 libros
611 2099 876 2170 (Suetan.,
911 2099 1001 2153 lib.
1029 2114 1091 2163 tt,
1120 2099 1183 2152 de
1213 2099 1372 2170 Aug.,
1400 2115 1518 2169 cap.
1544 2099 1648 2164 54;
1675 2097 1796 2151 Μαι

220 2203 335 2259 nut.,
367 2193 455 2246 lib.
485 2194 549 2246 de
585 2191 763 2264 Legib.
797 2210 955 2259 rant.,
989 2210 1106 2262 cap.
1139 2193 1244 2258 18',
1271 2193 1462 2247 Anton.
1493 2193 1794 2264 Augustin.,

218 2285 295 2338 lib.
324 2287 422 2340 Ide
443 2287 620 2357 legib.,
654 2303 769 2357 cap.
806 2285 922 2356 18).
975 2289 1042 2340 At
1068 2285 1438 2342 Tertullianus
1463 2296 1588 2340 ante
1618 2287 1796 2340 Arno-

221 2384 345 2440 bium
377 2395 622 2441 nostrum
647 2385 925 2448 ethnicos,
951 2383 1256 2438 christiana:
1288 2382 1562 2454 religionis
1590 2384 1800 2437 novita-

219 2488 312 2532 tem
337 2479 746 2547 exprobrantes,
776 2476 860 2532 his
885 2479 1312 2546 interrogaverat
1339 2477 1517 2532 verbis
1553 2496 1565 2532 :
1603 2497 1622 2528 ‹
1654 2477 1799 2545 Quo-

220 2589 330 2628 nam
375 2574 475 2630 illa:
526 2576 674 2645 leges
713 2574 977 2639 abierunt,
1029 2584 1299 2644 sumptum
1345 2586 1399 2628 et
1447 2573 1798 2628 ambitionem

217 2665 604 2734 Opprimentes?
635 2682 756 2738 qua:
787 2676 1002 2721 centum
1033 2681 1140 2720 tera
1161 2705 1176 2732 ,
1207 2681 1314 2721 non
1346 2665 1580 2736 amplius
1609 2665 1661 2720 in
1691 2680 1802 2721 cm-

219 2774 335 2813 nam
363 2759 626 2814 subscribi
667 2759 952 2828 jubebant,
1007 2743 1107 2813 nec
1154 2759 1386 2830 amplius
1435 2775 1594 2829 quam
1638 2774 1799 2814 unam

216 2850 391 2908 inferri
413 2853 680 2923 gallinam,
702 2863 755 2908 et
777 2870 894 2909 eam
922 2871 1024 2910 non
1045 2855 1444 2925 saginatam?...
1469 2853 1636 2908 Video
1653 2854 1801 2910 enim

219 2955 266 2999 ct
288 2947 620 3001 centenarias
658 2963 878 3012 coenas,
909 2959 963 3003 et
1002 2950 1246 3004 centenis
1273 2947 1382 3016 jam
1427 2947 1692 3003 sestertiis
1719 2947 1800 3001 di-

220 3037 425 3104 cendas,
453 3048 508 3093 et
550 3041 604 3093 in
633 3040 816 3096 lances
844 3041 1052 3111 (parum
1083 3051 1167 3096 est
1191 3041 1236 3096 si
1263 3049 1576 3096 senatorum
1614 3049 1802 3096 etnon

223 3129 577 3187 libertinorum
625 3133 711 3188 vel
757 3133 932 3188 adhuc
974 3134 1138 3204 flagra
1189 3130 1577 3204 rumpentium)
1611 3147 1804 3202 argen-

221 3227 340 3282 taria
383 3227 598 3283 metalla
632 3226 894 3297 producta
927 3249 946 3281 ι
992 3227 1261 3300 (Tertull.,
1295 3227 1536 3299 Apolog.,
1571 3244 1690 3297 cap.
1722 3226 1802 3298 6).

1995 2004 2070 2054 'l‘e
2092 2019 2290 2068 quoque
2315 2021 2490 2071 magna
2514 2015 2716 2059 manent
2739 2012 2912 2073 regnis
2936 2011 3215 2074 penetralia
3240 2015 3444 2064 nostris.

1903 2107 1960 2160 In
1994 2108 2061 2163 iis
2087 2118 2264 2164 autem
2313 2121 2605 2183 perpetuos
2637 2113 2805 2169 fuisse
2847 2114 3020 2181 focos,
3049 2117 3170 2187 quis
3217 2116 3318 2171 sibi
3361 2115 3520 2172 facile

1903 2217 2009 2258 non
2039 2204 2420 2273 persuadebit?

1975 2294 2163 2351 Solum
2207 2296 2368 2366 igitur
2397 2298 2746 2354 statuendum
2774 2309 3024 2370 superest
3053 2301 3097 2355 si
3130 2302 3256 2371 quid
3286 2302 3338 2356 in
3368 2303 3520 2360 vocis

1904 2390 2138 2462 caliginis
2179 2391 2357 2446 locum
2408 2393 2619 2448 restitui
2650 2395 2864 2450 debeat.
2911 2397 3002 2460 At,
3048 2396 3260 2464 inquies
3285 2439 3297 2463 ,
3331 2398 3524 2468 quidni

1905 2483 2112 2552 legatur
2139 2482 2190 2537 in
2223 2484 2458 2538 culinis?
2497 2485 2543 2540 A
2574 2486 2769 2542 Vossio
2809 2489 3076 2557 siquidem
3110 2499 3236 2559 post
3277 2490 3523 2560 Scalige-

1903 2589 2023 2627 rum
2072 2589 2140 2628 ex
2188 2575 2357 2630 veteri
2414 2577 2767 2647 inscriptione
2814 2580 3123 2635 ostenditur
3168 2583 3219 2635 in
3272 2582 3524 2638 Herculis

1905 2666 2152 2723 tediculis
2182 2667 2347 2723 fuisse
2378 2670 2610 2735 culinas,
2645 2673 2733 2726 ubi
2767 2688 2994 2744 peregre
3025 2673 3320 2744 profecturi
3353 2677 3526 2731 sacri-

1907 2759 2161 2817 ficabant.
2192 2762 2310 2818 Non
2353 2763 2495 2820 male
2534 2765 2784 2830 forsitan,
2834 2768 2877 2822 si
2923 2768 2997 2822 ibi
3041 2781 3334 2839 perpetuos
3373 2771 3527 2826 focos

1905 2856 2032 2910 olim
2083 2866 2393 2913 asservatos
2442 2874 2566 2914 esse
2616 2861 2951 2928 probaveris.
2986 2861 3178 2918 Nonne
3231 2873 3412 2918 tamen
3468 2865 3525 2919 in

1908 2948 2067 3018 hujus
2115 2950 2444 3021 conjecturae
2477 2953 2948 3008 confirmationem
2999 2955 3238 3022 adjicere
3285 2957 3414 3013 licet
3457 2959 3528 3014 ab

1906 3041 2158 3110 ethnicis,
2207 3044 2666 3113 quemadmodum
2718 3046 2855 3100 infra
2911 3047 3179 3115 dicemus,
3239 3052 3528 3119 geniorum

1909 3133 2059 3189 focos
2087 3149 2185 3205 pro
2215 3135 2320 3190 diis
2350 3135 2565 3192 habitos
2596 3136 2787 3202 fuisse,
2820 3148 2984 3208 atque
3010 3138 3214 3195 idcirco
3247 3141 3299 3194 in
3333 3156 3527 3198 eorum
3583 3160 3590 3176 ι

1907 3226 2111 3282 cultum
2145 3236 2200 3282 et
2241 3222 2506 3284 bdnorem
2540 3229 2590 3283 in
2623 3229 2819 3284 culinis
2856 3239 2911 3284 et
2954 3229 3120 3298 focis,
3160 3232 3300 3288 sicut
3330 3234 3530 3289 citatus

221 3321 319 3376 Sed
346 3321 409 3378 de
435 3322 515 3377 his
539 3337 641 3378 nos
665 3337 764 3378 suo
783 3322 904 3378 loco
928 3320 1170 3393 (Dissert.
1201 3323 1253 3376 in
1276 3323 1411 3377 hunc
1433 3322 1548 3388 lib.,
1574 3337 1691 3391 cap.
1713 3321 1804 3389 19,
1835 3321 1880 3384 C
1911 3318 2087 3375 Varro
2113 3321 2393 3376 annotavit
2422 3321 2598 3392 ignem
2631 3321 2761 3376 olim
2793 3331 3067 3379 servatum
3105 3343 3116 3377 :
3152 3325 3245 3379 sed
3277 3341 3303 3377 a
3334 3336 3526 3396 poste-

222 3424 311 3466 art.
332 3413 408 3485 9.).

287 3507 536 3565 l’osthazc
567 3509 843 3566 Arnobius
878 3530 891 3565 :
923 3529 941 3563 ‹
975 3509 1247 3582 Numquid
1276 3511 1327 3568 in
1359 3508 1727 3579 penetralibus
1755 3517 1810 3564 et

220 3602 448 3671 coliginis
493 3612 790 3674 perpetuos
845 3602 1038 3661 fovetis
1068 3603 1287 3659 focos?»
1323 3602 1564 3669 (Arnob.,
1609 3602 1697 3657 lib.
1747 3618 1805 3668 ιι,

221 3713 332 3766 pag.
361 3697 473 3769 9f.)
528 3698 584 3752 [ιι
622 3698 944 3770 quibusdam
985 3698 1145 3754 editis
1178 3699 1412 3770 legitur:
1446 3697 1514 3752 In
1566 3706 1807 3768 penetra-

221 3789 341 3844 libus
382 3789 558 3846 Vestae.
595 3790 654 3847 ln
684 3793 872 3848 ultima
901 3807 1032 3848 vero
1063 3791 1302 3847 editione
1331 3791 1539 3846 sublata
1569 3801 1653 3847 est
1680 3806 1806 3861 par-

223 3885 369 3940 ticula
408 3897 472 3942 et.
502 3887 608 3943 Sed
649 3903 755 3958 qua
784 3887 1107 3943 auctoritate
1149 3885 1264 3941 haec
1297 3885 1432 3941 facta
1465 3887 1606 3952 sint,
1647 3900 1807 3941 nemo

223 3976 366 4032 nobis
391 3979 662 4034 indicavit.
688 3979 902 4051 Lipsius
925 3994 1082 4045 vero,
1106 3993 1135 4032 a
1162 3976 1455 4033 Rosweido
1473 3976 1804 4042 admonitus,

223 4072 458 4129 observat
505 4075 555 4129 in
602 4073 835 4145 quodam
873 4072 1244 4142 manuscripto
1277 4070 1464 4127 codice
1495 4071 1752 4139 scriptum
1789 4087 1802 4122 :

228 4163 306 4219 «In
331 4181 460 4236 pene
483 4166 928 4235 impenetralibus
951 4175 1008 4221 et
1025 4165 1277 4234 colignis»
1305 4161 1501 4234 (Lips.,
1528 4161 1803 4232 Syntagm.

222 4256 278 4310 de
324 4256 456 4314 Vest.
497 4269 546 4314 et
587 4258 805 4325 Vestal.,
851 4268 975 4314 tom.
1026 4273 1102 4324 ιιι,
1151 4275 1271 4329 pag.
1328 4255 1481 4328 619).
1535 4255 1699 4312 Certe
1751 4256 1806 4311 in

218 4355 564 4424 manuscripto
602 4354 792 4410 codice
832 4353 982 4424 regio
1021 4351 1340 4422 simpliciter
1377 4351 1644 4407 habetur:
1693 4348 1806 4404 Im-

219 4448 539 4513 penetralibus
576 4457 624 4502 et
673 4445 907 4518 colignia.
948 4444 1064 4501 Non
1107 4446 1321 4520 mirum.
1357 4443 1539 4514 itaque
1580 4442 1627 4498 si
1672 4457 1798 4498 cor-

221 4549 396 4610 ruptus
437 4539 530 4596 ille
582 4539 732 4596 locus
758 4538 948 4595 doctos
1002 4537 1248 4594 homines
1291 4534 1433 4590 haud
1461 4549 1650 4591 parum
1689 4543 1804 4590 tor-

221 4635 360 4689 serit.

1915 3411 1990 3467 ris
2035 3414 2340 3484 neglectum
2374 3415 2516 3470 hunc
2557 3431 2799 3483 morem,
2829 3417 2921 3487 qui
2954 3417 3062 3474 illis
3103 3420 3391 3477 molestior
3420 3421 3528 3477 im-

1911 3507 2304 3577 portuniorque
2334 3507 2508 3564 factus
2539 3519 2643 3564 est.

1981 3601 2098 3658 Non
2128 3601 2323 3657 desunt
2364 3618 2527 3673 porro
2574 3605 2666 3675 qui
2717 3607 2938 3662 retineri
2970 3612 3139 3663 velint
3169 3624 3356 3665 vocem
3394 3612 3527 3666 coli-

1911 3697 2045 3767 ginis
2073 3711 2232 3767 quam
2261 3713 2288 3750 a
2312 3699 2480 3753 verbo
2506 3701 2648 3760 colo.
2695 3700 2746 3754 id
2779 3712 2894 3767 est,
2925 3703 3187 3771 inbabito,
3226 3705 3529 3761 derivatam

1910 3790 2544 3862 arbitrantur(Salntas.,
2573 3796 2626 3848 in
2654 3793 2941 3850 Exercitat.
2970 3797 3234 3866 Plinian.,
3257 3817 3375 3871 pag.
3397 3799 3530 3868 2³70,

1912 3883 2018 3938 587
2047 3894 2094 3937 et
2129 3881 2280 3955 9M).
2315 3885 2448 3940 Eam
2479 3888 2643 3958 igitur
2668 3903 2882 3952 vocem,
2935 3891 3127 3961 caligo,
3165 3892 3308 3947 idem
3336 3909 3399 3947 ac
3427 3892 3532 3948 do-

1912 3992 2080 4043 mum,
2109 3977 2463 4046 domicilium,
2511 3990 2565 4034 et
2609 3979 3006 4036 habitationem
3051 3983 3193 4052 apud
3245 3994 3534 4040 auctorem

1912 4079 2156 4125 nostrum
2185 4070 2495 4141 significare
2526 4071 2613 4127 his
2643 4072 2821 4127 visum
2853 4084 2958 4128 est.
3001 4075 3108 4130 Sed
3141 4077 3194 4129 in
3227 4084 3380 4149 textu
3425 4080 3534 4132 Ar-

1912 4163 2057 4219 nobii
2087 4162 2355 4219 demenda
2384 4175 2502 4220 erat
2531 4165 2790 4234 particula
2821 4175 2893 4231 et,
2926 4175 3088 4236 atque
3114 4168 3295 4236 aliquo
3325 4170 3523 4226 saltem

1911 4256 2162 4326 exemplo
2217 4255 2578 4325 probandum,
2637 4273 2667 4311 a
2722 4257 2919 4327 quibus
2977 4273 3175 4313 nomen
3231 4261 3406 4330 coligo
3461 4279 3529 4317 eo

1911 4367 2075 4407 sensu
2099 4351 2396 4406 adhibitum
2414 4352 2771 4423 fuerit.Virgo
2789 4369 2916 4423 ergo
2935 4363 3110 4408 utrum
3129 4369 3324 4410 nomen
3341 4356 3532 4412 culinis

1911 4446 1978 4500 ad
1998 4445 2224 4501 Arnobii
2244 4447 2582 4517 propositum
2613 4447 2785 4518 magis
2813 4446 3076 4502 accedere
3100 4447 3534 4505 videatur.Nihil

1911 4538 2056 4593 enim
2098 4554 2197 4594 nos
2247 4539 2365 4594 sine
2413 4541 2763 4596 correctioris
2805 4541 3038 4611 alicujus
3081 4541 3290 4598 codicis
3329 4543 3534 4602 auxilio

1911 4629 2043 4686 certi
2068 4629 2270 4701 aliquid
2300 4645 2362 4686 ea
2395 4630 2462 4686 de
2490 4646 2550 4687 re
2578 4641 2815 4687 statuere
2843 4632 3126 4688 audemus.

283 4725 492 4782 Duobus
520 4736 700 4783 autem
746 4724 922 4781 modis
961 4724 1104 4780 idem
1136 4723 1352 4795 Lipsius
1379 4739 1502 4780 eum
1543 4722 1804 4793 explicari
1832 4725 1886 4786 Ι)
1983 4723 2119 4778 Tum
2152 4722 2348 4778 deinde
2379 4724 2649 4779 Arnobius
2683 4743 2696 4780 :
2726 4743 2743 4776 ι
2773 4723 2988 4788 Sacras,
3025 4745 3042 4776 ›
3070 4724 3266 4795 inquit,
3303 4743 3322 4776 ι
3357 4726 3532 4784 facitis

220 4833 371 4884 posse
397 4821 708 4875 arbitratur.
750 4817 934 4872 Primo
962 4818 1201 4886 quidem,
1232 4816 1349 4872 haec
1380 4815 1606 4872 Arnobii
1635 4814 1804 4870 verba

219 4927 316 4967 non
345 4913 409 4968 ad
437 4913 650 4970 Vestam
681 4911 982 4978 referenda,
1013 4912 1110 4967 sed
1131 4911 1198 4966 ad
1222 4911 1489 4982 privatum
1517 4909 1804 4982 quemdam

217 5004 395 5075 ritum,
421 5025 525 5080 quo
547 5007 687 5078 ignis
709 5006 763 5060 in
791 5006 1047 5061 interiore
1067 5004 1351 5062 domorum
1377 5014 1529 5075 parte
1551 5013 1606 5060 et
1629 5003 1807 5060 culina

215 5101 498 5171 antiquitus
545 5099 864 5155 servabatur
907 5108 962 5155 et
1008 5099 1307 5156 fovebatur.
1365 5098 1423 5154 fn
1476 5098 1633 5169 hujus
1679 5113 1811 5155 vero

216 5195 529 5267 conjecturae
555 5194 1023 5266 confirmationem
1053 5193 1144 5251 ille
1175 5194 1378 5266 profert
1407 5194 1526 5251 haec
1549 5193 1812 5251 Varronis

216 5293 408 5348 verba:
441 5293 626 5349 Culina
652 5293 812 5354 dicta,
842 5291 978 5360 quod
1008 5291 1074 5346 ibi
1103 5291 1335 5347 colebant
1364 5293 1556 5362 ignem.

286 5384 482 5442 Deinde
509 5401 638 5442 vero
663 5385 740 5439 ait
764 5383 880 5440 haec
902 5383 1126 5456 intelligi
1158 5383 1332 5440 adhuc
1365 5398 1525 5454 posse
1551 5383 1620 5441 de
1648 5383 1811 5440 Vesta

215 5477 441 5544 publica,
495 5489 660 5549 atque
708 5476 784 5534 ibi
826 5477 1174 5534 scribendum
1224 5479 1279 5532 in
1325 5478 1579 5549 culignis;
1630 5477 1701 5532 ita
1755 5487 1814 5532 ut

215 5569 432 5628 Arnobli
464 5587 660 5629 sensus
705 5572 796 5638 sit,
843 5572 1020 5643 ignem
1061 5572 1192 5627 olim
1225 5571 1278 5627 in
1319 5571 1547 5643 cnlignis
1577 5581 1632 5626 et
1667 5571 1814 5626 vasis

218 5657 463 5720 fictilibus
491 5665 814 5737 repositum,
843 5664 917 5719 uti
957 5666 1120 5722 etiam
1148 5679 1292 5720 nunc
1333 5663 1500 5720 foveri
1533 5663 1632 5718 sub
1659 5662 1814 5718 cine-

221 5752 368 5810 ribus
409 5756 564 5812 solet.
596 5755 706 5814 Sed
752 5757 940 5827 primre
978 5755 1328 5830 explicationi
1377 5755 1430 5811 id
1471 5755 1812 5820 adversatur,

222 5847 364 5913 quod
402 5847 569 5905 Varro
592 5849 663 5906 de
699 5853 973 5906 communi
1001 5861 1057 5907 et
1087 5850 1399 5923 promiscuo
1435 5849 1573 5920 ignis
1597 5863 1698 5904 usu
1728 5849 1816 5903 lo-

224 5950 439 6008 quatur;
471 5943 742 6001 Arnobius
768 5953 861 6001 aut
887 5944 955 6003 de
979 5960 1158 6016 sacro,
1191 5950 1287 6003 aut
1316 5961 1382 6003 eo
1406 5942 1619 6014 saltem,
1652 5957 1816 6014 quem

459 6037 738 6102 Par-01..
781 6037 858 6098 V.

1912 4830 2150 4881 mensas,
2175 4816 2477 4870 salinorum
2503 4817 2785 4887 apposito,
2817 4827 2873 4872 et
2905 4817 3213 4872 simulacris
3248 4818 3478 4874 deorum
3505 4839 3524 4870 ›

1911 4907 2152 4978 (Arnob.,
2197 4893 2291 4962 lib.
2338 4925 2396 4974 ιι,
2446 4927 2566 4982 pag.
2612 4909 2726 4981 9f).
2784 4910 3030 4964 Salinum
3079 4925 3209 4965 vero
3248 4913 3532 4968 vasculum

1913 5011 2051 5066 erat,
2083 5003 2134 5056 in
2159 5017 2266 5073 quo
2294 5003 2374 5057 sal
2415 5003 2483 5058 ad
2525 5018 2731 5058 mensae
2759 5003 3118 5074 sacrificiique
3150 5022 3306 5060 usum
3341 5008 3532 5077 reponi

1915 5105 2300 5152 consueverat.
2347 5096 2690 5169 Porphyrion
2731 5100 2875 5154 enim
2919 5110 3075 5155 vetus
3107 5099 3314 5156 Horatii
3358 5103 3531 5158 inter-

1916 5206 2080 5262 pres:
2119 5211 2138 5244 ι
2173 5191 2421 5262 Proprie,
2457 5211 2474 5242 ι
2508 5191 2702 5263 inquit,
2740 5212 2758 5243 ‹
2797 5194 3040 5248 Salinum
3087 5204 3170 5249 est
3215 5195 3435 5264 patella,
3478 5197 3534 5252 in

1916 5299 2021 5355 qua
2051 5283 2158 5339 diis
2188 5284 2444 5356 primitias
2471 5300 2593 5340 cum
2626 5286 2743 5342 sale
2774 5285 3173 5342 offerebantur;
3208 5281 3526 5361 (Porphyﬁ,

1916 5382 1971 5436 in
2000 5380 2188 5438 Horat.
2210 5382 2301 5436 lib.
2319 5399 2355 5437 ιι
2375 5381 2758 5455 οά.16).νίἁεε
2780 5400 2910 5440 sane
2927 5401 3088 5456 quam
3106 5387 3177 5441 ob
3194 5401 3411 5442 causam
3427 5388 3531 5443 Ar—

1919 5476 2114 5532 nobius
2133 5491 2199 5531 ex
2222 5476 2380 5532 salini
2409 5477 2831 5547 bujusappositu
2849 5494 3034 5535 sacras
3065 5495 3283 5536 mensas
3309 5481 3530 5536 dixerit.

1993 5569 2166 5638 Quam
2196 5585 2412 5627 sacrum
2443 5581 2622 5628 autem
2653 5571 2990 5644 cbarumque
3016 5573 3067 5628 id
3091 5573 3326 5629 ethnicis
3349 5575 3535 5640 fuerit,

1919 5665 2098 5722 disces
2127 5666 2484 5736 proculdubio
2528 5685 2594 5723 ex
2635 5667 2785 5724 hisce
2811 5666 2951 5723 Livii
2994 5665 3212 5724 verbis:
3255 5687 3273 5719 ι
3321 5669 3535 5738 Quibus

1919 5775 2057 5814 uxor
2085 5759 2281 5816 filiteve
2328 5761 2455 5828 sint,
2496 5761 2737 5832 singulas
2777 5762 2967 5817 uncias
3007 5759 3311 5831 auripondo
3362 5763 3533 5818 relin-

1920 5864 2121 5923 quant;
2156 5854 2387 5926 argenti,
2415 5853 2508 5924 qui
2547 5853 2719 5909 curuli
2763 5853 2896 5910 sella
2941 5854 3235 5918 sederunt;
3272 5857 3398 5926 equi
3445 5873 3536 5912 or-

1921 5955 2200 6014 namenta,
2246 5955 2300 6004 et
2339 5947 2508 6007 libras
2548 5945 2760 6019 pondo;
2789 5957 2848 6002 ut
2887 5947 3120 6003 salinum
3169 5947 3536 6021 patellamque

2886 6038 2961 6102 1'4
