3918 6374
339 392 447 450 427

1595 371 2058 436 DlSSEB'I‘ATlO
2084 358 2369 429 PRJVIA

3550 355 3655 415 428

337 510 564 565 deorum
589 515 752 562 causa
780 501 984 558 habere
1003 499 1216 571 possint
1241 517 1260 552 ι
1293 498 1456 570 (Liu.,
1482 497 1572 552 tib.
1600 512 1747 554 xm.
1775 490 1941 568 556).
1973 491 2026 553 Α
2049 509 2167 564 cap.
2200 491 2288 556 t7,
2320 484 2517 561 p.264,
2547 490 2671 537 tam.
2701 481 2764 546 ti.
2787 480 2891 540 Sed
2919 479 3122 538 ethnici
3145 475 3247 536 bos
3268 488 3453 538 mores
3477 484 3665 549 postea

339 601 588 657 Valerius
615 613 746 654 vero
795 596 1056 652 Maximus
1085 594 1137 648 in
1165 592 1229 649 C.
1263 591 1495 648 Fabricii
1538 601 1593 645 et
1631 590 1697 658 ρ.
1741 586 1948 644 ιΕιιιιιίἱ
2050 583 2323 656 aspernati
2353 587 2512 642 sunt.
2543 591 2606 632 ac
2638 574 3017 648 repudiarunt.

338 697 473 765 Papi
521 694 773 750 domibus
817 701 1096 764 argentum
1151 689 1318 744 fuisse
1365 686 1489 742 inde
1535 683 1774 754 colligit;
1823 681 1948 752 quia

339 801 572 861 uterque
602 788 854 856 patellam
895 786 1121 842 deorum
1150 792 1204 840 et
1231 782 1461 839 salinum
1510 779 1697 836 habuit
1741 775 1946 850 (Valer.

339 883 518 950 Maca,
549 885 639 938 lib.
671 900 744 950 tv,
777 899 894 952 cap.
929 881 983 948 4,
1016 879 1044 952 §
1073 881 1128 942 5.
1156 895 1279 950 pag.
1315 876 1468 945 2l7).
1501 874 1630 930 inde
1667 885 1832 944 porro
1862 868 1950 926 illa

341 976 514 1032 Persii
545 977 716 1033 ironia
745 973 1006 1043 (Persius,
1035 973 1184 1026 satir.
1219 972 1273 1038 ὅ,
1305 986 1434 1025 vers.
1465 966 1562 1039 ‘25)
1590 984 1604 1020 :

438 1093 524 1144 Est
550 1093 639 1143 tibi
663 1090 734 1141 far
757 1089 1018 1141 modicum.
1044 1100 1222 1149 purum
1249 1091 1303 1137 et
1323 1087 1434 1135 sine
1456 1083 1574 1134 labe
1586 1079 1806 1149 salinum
1830 1092 1842 1126 :

438 1156 568 1216 Quid
589 1152 815 1205 metuas?
839 1145 1123 1214 cultrixque
1145 1149 1242 1200 foci
1265 1159 1445 1200 secura
1467 1145 1668 1210 patella.

346 1262 510 1319 Plura
553 1259 621 1316 de
666 1257 840 1314 salino
888 1257 1105 1328 Lipsius
1158 1255 1282 1310 libr.
1316 1270 1334 1307 ι
1378 1251 1680 1319 Saturnal,
1730 1263 1851 1318 cap.
1894 1246 1951 1313 2,

345 1366 478 1412 tom.
511 1371 590 1422 ιιι,
626 1368 749 1425 pag.
784 1353 913 1408 484.
959 1346 1171 1422 Adjecit
1217 1348 1490 1404 Arnobius
1521 1366 1535 1402 :
1578 1354 1624 1400 et
1659 1342 1956 1399 simulacris

350 1451 588 1514 deorum,
622 1448 677 1503 in
707 1462 936 1517 quorum
968 1443 1324 1516 proculdubio
1355 1443 1520 1497 tutela
1549 1447 1722 1505 erant,
1748 1437 1833 1493 vel
1869 1450 1956 1490 sa-

346 1559 454 1597 crae
483 1556 706 1603 mensae,
740 1539 830 1594 vel
860 1538 1004 1601 alias,
1031 1537 1227 1608 quibus
1256 1534 1480 1602 ethnici,
1515 1531 1778 1588 invocatis
1799 1539 1956 1584 antea

344 1637 471 1699 diis,
512 1633 922 1689 accumbebaut.
973 1631 1163 1686 Nonne
1214 1644 1345 1685 vero
1389 1644 1454 1684 ex
1509 1626 1658 1681 hisce
1711 1623 1814 1678 diis
1866 1622 1958 1677 illc

345 1748 486 1786 unus
509 1740 613 1794 est,
643 1729 710 1784 de
737 1744 844 1798 quo
861 1727 1006 1783 canit
1034 1725 1241 1782 Statius
1270 1724 1512 1796 (Statius,
1546 1720 1635 1776 lib.
1667 1737 1704 1787 ι,
1732 1716 1955 1790 δυιυβ,

348 1828 411 1880 de
449 1824 657 1879 Hercul.
687 1823 902 1890 vindic.,
937 1838 1069 1879 vera.
1104 1821 1196 1890 3i)
1224 1838 1236 1874 :

991 1932 1147 1990 Castae
1169 1939 1350 2000 genius
1373 1933 1632 1996 tutelaque
1654 1941 1858 1982 mensae.

358 2031 423 2085 lit
457 2028 616 2099 paulo
638 2035 761 2097 post
792 2025 1018 2093 (ibidem
1036 2065 1051 2087 ,
1079 2022 1170 2092 50)
1196 2040 1210 2075 :

1361 2090 1578 2141 Pellaeus
1600 2086 1806 2138 habebit

446 2163 718 2224 Regnator,
748 2159 873 2212 lastis
897 2169 1082 2207 numen
1105 2153 1393 2204 venerabile
1418 2152 1622 2202 mensis.

352 2267 554 2322 Verum
593 2263 796 2318 ethnici
841 2263 956 2316 haec
1005 2271 1273 2330 tamquam
1321 2258 1494 2314 aniles
1544 2253 1959 2326 superstitiones

353 2371 542 2432 postea
572 2357 897 2427 reiecerunt.

969 2525 1257 2567 ABTICULUS
1283 2527 1339 2564 Il.

353 2679 428 2727 De
453 2679 560 2726 aliis
585 2676 895 2725 ethnicorum
912 2670 1265 2720 mutationibus
1291 2668 1337 2714 in
1360 2663 1645 2713 ordinandis
1669 2661 1964 2727 nubentium

417 2724 684 2790 lectuliset
703 2732 992 2784 advocandis
1010 2733 1292 2792 maritorum
1314 2728 1494 2792 geniis,
1536 2736 1809 2792 earumque
1827 2724 1965 2771 crine

415 2786 552 2852 basta
576 2786 797 2851 cmlibari
824 2803 1002 2850 eomto;
1027 2796 1090 2841 de
1110 2791 1292 2854 tegulis
1313 2786 1586 2854 puellarum
1612 2786 1961 2854 ad_Fortuna_m

421 2847 708 2927 ﬁgimus...
730 2847 1206 2927 delatis,_innli_crum
1226 2847 1431 2902 laniﬁcio
1453 2861 1505 2901 et
1523 2851 1623 2924 vini
1649 2847 1963 2920 abstinentia;

420 2912 665 2976 de‘iauris
689 2912 980 2972 candidisiu
1009 2920 1199 2967 Albano
1225 2923 1389 2964 monte
1416 2915 1664 2969 mactatis,
1693 2912 1824 2976 extiS
1852 2921 1967 2976 De!"

422 2972 696 3038 cociisraut
733 2983 1025 3033 seinicrudis
1078 2978 1430 3043 porriciendis,
1471 2984 1621 3035 atque
1658 2972 1970 3023 imtnolanilis

421 3053 644 3101 humanis
679 3049 938 3110 capitibus.

435 3177 785 3248 Prosequitur
811 3173 1078 3228 Arnobius
1129 3171 1370 3237 aliasque
1399 3166 1674 3236 redarguit
1719 3161 1973 3219 ethnico-

368 3291 488 3330 rum
525 3275 574 3327 in
600 3272 725 3324 aliis
751 3284 857 3322 non
885 3264 1094 3321 minimi
1123 3267 1286 3316 etiam
1316 3261 1574 3315 momenti
1614 3258 1776 3313 rebus
1804 3264 1978 3310 muta-

367 3369 564 3421 tiones.
597 3364 838 3432 Magnam
867 3368 1046 3413 autem
1079 3357 1290 3410 illorum
1324 3353 1738 3408 inconstantiam
1770 3360 1829 3405 ut
1863 3364 1976 3406 ma-

363 3461 444 3530 gis
490 3461 765 3528 magisque
798 3452 1101 3525 patefaciat,
1139 3449 1222 3502 bis
1271 3463 1365 3502 eos
1412 3445 1700 3513 compellat
1735 3462 1746 3495 :
1787 3462 1805 3493 ι
1840 3442 1978 3497 Cum

367 3556 420 3607 in
450 3550 790 3606 matrimonia
818 3544 1148 3607 convenitis,
1180 3551 1302 3611 toga
1349 3538 1592 3594 sternitis
1621 3535 1855 3591 lectulos
1877 3577 1890 3598 ,
1922 3544 1980 3590 et

372 3648 692 3702 maritorum
751 3643 938 3713 genios
999 3634 1313 3693 advocatis?
1369 3653 1386 3684 ›
1435 3629 1698 3701 (Arnob,
1748 3629 1836 3682 lib.
1893 3643 1978 3696 tt,

366 3761 421 3811 p.
455 3742 578 3808 91.)
605 3736 807 3793 Lectuli
842 3749 971 3788 vero
1000 3729 1105 3794 illi,
1137 3727 1293 3783 sicuti
1318 3726 1537 3781 Servius
1566 3721 1978 3788 animadvertit,

375 3855 392 3886 ι
429 3834 672 3903 geniales
703 3828 843 3883 tbori
878 3827 1091 3896 proprie
1117 3832 1271 3884 sunt-,
1301 3821 1391 3890 qui
1425 3827 1736 3872 sternuntur
1784 3814 1978 3883 puellis

367 3927 733 3988 nubentibus,
769 3922 895 3976 dicti
943 3935 971 3972 a
1023 3913 1345 3986 generandis
1385 3909 1567 3981 pueris
1602 3928 1620 3960 ι
1675 3907 1897 3980 (Serm,
1927 3908 1982 3960 in

373 4021 441 4073 lib
471 4036 522 4074 v1
564 4015 821 4080 Δίηεὶάη
869 4030 988 4082 pag.
1020 4009 1147 4076 451)
1200 4049 1214 4072 ,
1261 4005 1347 4059 vel
1397 4013 1452 4058 ut
1495 4005 1567 4057 ait
1611 4000 1834 4062 FeStus,
1870 4021 1887 4051 ι
1928 4001 1981 4054 in

369 4114 512 4185 genii
548 4112 810 4165 honorem
849 4129 866 4158 ι
895 4104 1064 4171 (Fest.
1095 4103 1162 4155 ad
1190 4100 1395 4155 verbum
1431 4097 1728 4165 ϐειιιΑιιε).
1758 4096 1983 4151 Persua-

369 4222 488 4263 sum
508 4206 703 4274 quippe
724 4200 925 4256 ethnici
958 4198 1256 4263 habebant,
1287 4209 1472 4264 quem:
1486 4190 1740 4246 dmodum
1773 4189 1985 4260 Augus-

370 4303 514 4355 tinus
541 4314 608 4353 ex
630 4293 846 4352 Valerio
895 4293 1101 4348 Sorano
1135 4287 1390 4361 (August.
1413 4329 1428 4350 ,
1463 4284 1548 4340 lib.
1583 4299 1654 4337 vti
1702 4285 1764 4335 de
1806 4279 1982 4345 Civit.,

370 4412 488 4463 cap.
550 4393 638 4456 15,
673 4406 794 4461 pag.
846 4386 1003 4454 172),
1031 4394 1084 4439 et
1124 4383 1342 4437 Servius
1392 4378 1700 4441 annotavit,
1747 4375 1987 4443 singulos

373 4487 620 4542 homines
641 4498 796 4537 suum
827 4479 1049 4536 sortitos
1071 4492 1190 4532 esse
1211 4476 1426 4546 genium
1451 4515 1466 4537 ,
1494 4471 1585 4542 qui
1615 4472 1774 4526 etiam
1807 4485 1985 4524 rerum

370 4577 762 4650 gignendarum
786 4572 1020 4628 habebat
1049 4578 1389 4640 potestatem.
1419 4566 1534 4621 Mos
1569 4574 1748 4629 autem
1781 4571 1900 4617 erat
1930 4570 1990 4615 ut

373 4674 549 4730 cidem
565 4672 727 4744 genio
752 4713 765 4733 ,
791 4678 949 4739 atque
971 4665 1131 4721 etiam
1155 4663 1356 4726 Telluri
1387 4673 1439 4717 et
1460 4660 1657 4716 Junoni
1676 4701 1689 4722 ,
1721 4667 1777 4712 ut
1798 4657 1873 4710 ait
1895 4654 1992 4709 ad-

376 4768 477 4819 huc
504 4764 721 4820 Servius
751 4760 949 4832 (Seria,
967 4759 1067 4813 loc.
1087 4759 1200 4822 cit.,
1225 4773 1279 4825 ρ.
1297 4755 1405 4812 ΗΟ
1422 4765 1466 4807 et
1488 4770 1608 4825 pag.
1630 4752 1781 4819 3%),
1799 4764 1989 4805 earum

374 4855 693 4926 prcesidibus
711 4851 1098 4909 sacrificarent.
1119 4847 1188 4903 At
1204 4847 1254 4902 id
1273 4846 1606 4917 potissimum
1627 4844 1994 4899 observabant

374 4937 428 5005 in
461 4950 768 5019 nuptiarum
799 4944 1113 5009 solemniis,
1146 4952 1308 5011 atque
1341 4950 1466 4996 tunc
1495 4937 1830 4994 advocabant
1875 4954 1993 4993 ma-

371 5044 600 5097 ritorum
628 5041 866 5113 genium,
893 5051 949 5093 ut
973 5038 1098 5092 felix
1123 5036 1468 5104 faustumque
1492 5033 1984 5104 essetconjugium,

374 5152 439 5190 ac
471 5135 628 5191 liberi
653 5135 851 5203 suscipi
883 5141 1120 5203 possent.
1148 5129 1511 5198 Quamobrem
1540 5126 1813 5182 Juvenalis
1841 5127 1984 5191 illos.

372 5228 462 5297 qui
491 5227 756 5298 genialem
789 5226 1018 5287 lectum.
1060 5220 1389 5294 geniumque
1419 5218 1561 5273 haud
1599 5217 1762 5273 dubie
1805 5219 1985 5273 mariti

374 5321 676 5382 violabant,
705 5319 786 5372 his
815 5317 1145 5373 carminibus
1168 5315 1463 5370 insectatur
1491 5311 1722 5378 (lavem,
1752 5312 1897 5368 satir.
1922 5313 1977 5380 6,

375 5429 520 5468 vers.
561 5412 624 5466 21
653 5421 699 5463 et
724 5409 820 5481 22)
848 5428 860 5463 :

467 5548 731 5608 Antiquam
758 5554 809 5595 et
837 5552 980 5593 vetus
1007 5553 1083 5595 est
1099 5533 1335 5605 alienum,
1362 5545 1653 5604 Posthume,
1684 5545 1864 5596 lectum

468 5610 766 5668 Concutere,
793 5615 845 5657 et
869 5610 993 5657 sacri
1017 5610 1218 5671 genium
1243 5617 1568 5660 contemnere
1594 5608 1754 5658 fulcri.

447 5740 524 5795 De
555 5739 753 5794 lectulo
782 5749 961 5793 autem
996 5739 1223 5809 geniali,
1247 5740 1516 5811 solitoque
1539 5755 1661 5795 eum
1703 5741 1978 5798 sternendi

374 5841 427 5886 et
454 5831 679 5887 ornandi
723 5831 882 5886 modo
927 5833 1124 5888 videsis
1156 5832 1472 5902 Apuleium,
1511 5833 1772 5905 Lipsium,
1815 5845 1976 5906 atque

375 5923 511 5979 alios
536 5922 740 5994 (Apul.,
761 5925 853 5981 lib.
877 5942 908 5980 χ
934 5925 1174 5995 Metam,
1195 5927 1247 5980 in
1276 5925 1583 5996 ﬁn.;Lips.,
1610 5928 1698 5983 lib.
1721 5944 1760 5984 ιι
1778 5925 1976 5996 Elect.,

2129 678 2298 735 Vetus
2320 675 2542 744 insuper
2569 670 2789 728 illorum
2832 667 3170 726 consuetudo
3195 667 3391 733 fuerat,
3423 674 3481 720 ut
3512 682 3531 716 ι
3566 678 3668 720 nu-

2051 775 2290 833 bentium
2341 769 2582 835 crinem,
2620 783 2640 819 ι
2695 766 2771 821 ait
2817 764 3090 819 Arnobius
3139 763 3404 834 (Δί-ποὺ..
3458 758 3548 814 lib.
3582 775 3666 826 ιι,

2055 888 2177 944 pag.
2224 864 2338 938 91),
2377 883 2397 917 ι
2434 862 2677 919 omlibari
2724 861 2875 914 hasta
2915 878 2935 912 ι
2967 858 3301 922 mulcerent,
3355 854 3412 910 id
3434 862 3556 916 est.
3608 861 3674 907 ut

2054 941 2239 1020 scribit
2257 955 2579 1013 Plutarchus
2593 951 2916 1026 (Plutarch.,
2934 950 3124 1019 Quml.
3144 965 3371 1014 romam,
3389 941 3672 1019 pag.285),

2056 1050 2490 1111 discriminarent
2535 1048 2704 1103 hastas
2754 1043 3014 1112 cuspide,
3073 1041 3157 1097 vel
3197 1042 3350 1096 basta
3401 1051 3670 1100 recurva,

2059 1144 2512 1220 quemadmodum
2571 1142 2720 1198 canit
2759 1137 2985 1196 Ovidius
3028 1135 3251 1210 (Ooid.,
3291 1134 3382 1191 lib.
3431 1148 3471 1189 tt
3501 1129 3678 1195 Fast.,

2061 1260 2183 1315 pag.
2211 1238 2342 1313 497)
2374 1258 2388 1293 :

2152 1351 2257 1428 Nec
2283 1355 2401 1428 tibi,
2425 1364 2537 1428 quae
2559 1351 2749 1428 cupida:
2773 1356 2964 1428 matura
2987 1347 3232 1397 videbere
3256 1346 3433 1405 matri,

2214 1413 2395 1469 Comat'
2408 1413 2664 1478 virgineas
2685 1413 2829 1463 hasta
2851 1424 3065 1462 recurva
3086 1420 3268 1461 comas.

2067 1522 2239 1593 Hujus
2269 1530 2448 1576 autem
2473 1520 2659 1583 moris,
2691 1518 2844 1589 cujus
2876 1517 3304 1572 immutationem
3332 1510 3542 1567 notavit
3570 1510 3677 1566 Ar-

2065 1615 2258 1669 nobius
2277 1655 2293 1681 ,
2321 1614 2498 1668 varias
2525 1612 2764 1668 rationes
2795 1610 3028 1666 reddunt
3064 1609 3204 1664 idem
3230 1604 3587 1671 Plutarchus,
3623 1610 3681 1659 et

2064 1709 2287 1774 Festus,
2318 1722 2456 1778 quos
2471 1707 2698 1762 consule
2728 1705 3055 1779 (Plutarch.,
3090 1704 3284 1770 Qucst.
3308 1716 3536 1767 romam,
3557 1714 3681 1770 pag.

2061 1803 2200 1868 285',
2233 1800 2393 1865 Fest,
2422 1802 2477 1855 in
2501 1801 2652 1856 verba
2678 1797 3026 1869 Csunams).

1998 1891 2047 1952 B
2147 1898 2200 1951 In
2232 1893 2680 1951 consuetudinem
2712 1907 2928 1964 quoque
2953 1892 3081 1946 olim
3111 1898 3358 1952 venerat,
3385 1895 3442 1942 ut
3485 1887 3684 1954 puella-

2065 2010 2179 2049 rum
2208 1992 2441 2063 togulas,
2471 1990 2631 2044 verba
2659 1997 2784 2043 sunt
2812 1986 3034 2043 Arnobii
3070 1985 3357 2040 Fortunam
3400 1980 3686 2037 deferrent

2067 2088 2135 2143 ad
2156 2089 2456 2158 virginalem
2502 2083 2742 2158 (Arnob.,
2777 2083 2866 2136 lib.
2898 2098 2960 2146 ιι,
2987 2098 3107 2152 pag.
3139 2080 3255 2150 9|).
3279 2075 3556 2134 Memoria
3585 2090 3685 2129 att-

2070 2194 2174 2238 tem
2225 2179 2465 2250 prodidit
2507 2178 2829 2232 Plutarchus
2871 2173 3211 2245 (Plutarch.,
3247 2173 3445 2239 Quiest.
3482 2184 3687 2225 roman.

2066 2297 2122 2348 p.
2153 2275 2306 2347 281),
2330 2276 2572 2347 proxime
2597 2289 2626 2327 a
2651 2272 2807 2327 nobis
2839 2272 3110 2335 laudatus,
3143 2269 3412 2334 Servium,
3444 2265 3538 2337 qui
3569 2279 3687 2319 om-

2068 2373 2220 2427 nium
2257 2371 2491 2425 maxime
2521 2369 2758 2423 divinam
2790 2367 2898 2421 vim
2941 2365 3200 2420 Fortunae
3251 2360 3511 2417 extulisse
3557 2358 3692 2412 fere-

2070 2467 2260 2534 batur,
2295 2465 2440 2519 varia
2472 2465 2520 2519 ei
2553 2461 2864 2518 condidisse
2894 2459 3129 2526 templa,
3162 2472 3229 2512 ex
3278 2453 3476 2526 quibus
3515 2466 3684 2507 unum

2069 2567 2204 2626 erat,
2257 2557 2502 2612 Fortuna:
2551 2556 2815 2627 Virginis,
2866 2552 2985 2610 me
3010 2553 3278 2630 Παρθένου.
3332 2547 3476 2603 Alibi
3517 2559 3693 2601 vero:

2078 2670 2096 2701 ‹
2136 2651 2215 2704 Ad
2247 2649 2483 2714 fontem,
2513 2669 2530 2700 ι
2569 2648 2743 2717 inquit
2767 2647 2785 2719 (
2809 2645 2956 2699 Idem
2978 2689 2990 2709 ,
3021 2643 3108 2696 lib.
3140 2643 3203 2697 de
3244 2639 3468 2695 Fortun.
3506 2637 3691 2700 Rom.,

2074 2761 2195 2814 pag.
2239 2742 2344 2796 5'22
2380 2751 2429 2796 et
2473 2740 2629 2810 δρψ),
2668 2759 2686 2792 ‹
2730 2741 2819 2811 qui
2876 2751 3165 2792 muscosus
3211 2734 3409 2789 dicitur
3469 2731 3698 2801 Virginis

2075 2839 2251 2890 adhuc
2281 2833 2527 2888 Fortuna:
2553 2835 2732 2888 fanum
2763 2844 2841 2886 εει
2877 2832 3129 2905 Παρθένου
3154 2831 3338 2899 Τύχης
3366 2826 3497 2902 ἱερὸν
3519 2825 3692 2879 ἔστι.»

2078 2930 2224 2984 lianc
2255 2941 2436 2982 autem
2467 2943 2589 2982 esse
2620 2926 2970 2988 existimant,
3000 2923 3068 2975 de
3094 2935 3197 2989 qua
3246 2921 3451 2973 Auctor
3506 2924 3696 2970 noster

2077 3022 2328 3093 loquitur.
2376 3020 2486 3076 Nec
2509 3021 2707 3076 desunt
2732 3019 2820 3089 qui
2851 3024 3042 3086 putent
3073 3014 3219 3068 illam
3248 3009 3498 3066 eamdem
3529 3020 3653 3062 esse
3674 3046 3691 3071 ,

2079 3133 2199 3187 qua:
2231 3119 2296 3170 ab
2327 3116 2624 3185 Augustino
2652 3113 2848 3167 dicitur
2874 3110 2978 3162 dea
3025 3105 3375 3176 Virginiensis,
3415 3113 3692 3173 quamque

2080 3227 2202 3266 cum
2234 3226 2386 3265 novae
2423 3219 2601 3278 nupta:
2644 3208 2832 3277 virgini
2875 3219 3010 3260 zona
3051 3200 3398 3264 solvebatur,
3434 3198 3701 3251 invocare

2009 3289 2059 3352 Ο
2087 3319 2204 3358 mos
2226 3313 2341 3358 erat
2370 3303 2636 3372 (August.,
2671 3298 2762 3352 Lb.
2783 3312 2837 3352 tv
2867 3298 2929 3350 de
2960 3296 3134 3359 (Sivit.,
3167 3310 3281 3361 cap.
3314 3292 3402 3356 11,
3434 3307 3555 3361 pag.
3586 3285 3703 3360 97).

2160 3397 2356 3451 Matres
2381 3409 2509 3448 vero
2527 3391 2783 3454 familias,
2809 3389 2881 3443 uti
2907 3387 3081 3441 adhuc
3104 3387 3175 3440 ait
3198 3384 3496 3446 Arnobius,
3524 3395 3706 3449 quon-

2086 3490 2208 3546 dam
2237 3491 2286 3543 in
2311 3489 2579 3542 domorum
2609 3487 2758 3538 atriis
2777 3484 3142 3553 aperabantur
3163 3523 3179 3547 ,
3207 3490 3261 3534 et
3293 3479 3421 3533 vino
3436 3476 3705 3546 jubeban-

2087 3595 2172 3640 tur
2215 3583 2486 3638 abstinere
2528 3580 2770 3653 (Arnob,
2796 3579 2884 3633 lib.
2919 3595 2976 3644 ιι,
3023 3594 3142 3648 pag.
3187 3573 3300 3644 91).
3350 3571 3517 3628 Addit
3544 3571 3709 3639 hujus

2087 3679 2425 3734 abstinentiae
2457 3675 2748 3746 probandae
2773 3688 2954 3737 causa,
2982 3673 3071 3741 jus
3100 3670 3354 3725 afﬁnibus
3381 3678 3440 3744 et
3469 3669 3704 3737 prapin-

2089 3777 2210 3844 quis
2235 3772 2401 3828 fuisse
2436 3786 2530 3826 eos
2556 3769 2863 3826 osculandi.
2899 3767 3154 3822 Mulieres
3199 3778 3331 3821 vero
3361 3777 3469 3836 non
3499 3760 3708 3826 intimi,

2090 3871 2204 3926 sed.
2231 3867 2391 3936 primi
2429 3867 2592 3921 etiam
2649 3863 2888 3929 ordinis,
2939 3863 3209 3923 laniﬁcio,
3252 3855 3716 3926 conﬁciendisque

2090 3963 2332 4018 vestibus
2361 3975 2582 4030 operam
2611 3958 2829 4014 dedisse
2847 3972 2917 4011 ex
2948 3957 3012 4010 iis
3038 3964 3208 4024 patet,
3234 3967 3353 4021 quze
3375 3951 3444 4005 de
3469 3953 3716 4020 Augusto

2092 4054 2305 4109 Caesare
2334 4051 2627 4107 Suetonius
2658 4056 2842 4103 narrat
2873 4065 2887 4099 :
2927 4066 2946 4098 ι
2987 4046 3152 4100 Veste
3197 4058 3302 4098 non
3334 4050 3537 4096 temere
3565 4039 3674 4095 alia
3696 4080 3712 4105 ,

2092 4165 2251 4222 quam
2273 4149 2564 4204 domestica
2588 4160 2717 4200 usus
2733 4153 2837 4211 est,
2858 4143 2926 4197 ab
2946 4156 3143 4203 uxore,
3171 4149 3223 4194 et
3257 4151 3469 4201 sorore,
3501 4146 3555 4190 et
3577 4134 3714 4203 tilia,

2093 4242 2453 4313 neptibusque
2471 4236 2720 4292 confecta
2759 4256 2776 4286 ι
2832 4233 3104 4307 (Sacrata,
3133 4231 3220 4284 lib.
3254 4245 3321 4295 ιι,
3351 4229 3403 4282 in
3433 4227 3520 4281 vit.
3546 4226 3712 4298 Aug.,

2093 4353 2210 4406 cap.
2243 4336 2357 4401 75).
2385 4332 2537 4386 Prius
2563 4345 2697 4386 vero
2726 4328 2874 4397 quod
2900 4329 3073 4398 magis
3104 4325 3170 4380 ad
3210 4322 3547 4394 propositum
3579 4333 3714 4375 nos-

2095 4438 2234 4482 trum
2261 4425 2408 4490 facit,
2433 4423 2500 4478 de
2532 4421 2623 4476 illo
2643 4421 2891 4476 dixerat:
2922 4418 3147 4473 «Fiiiam
3171 4424 3225 4471 et
3252 4414 3533 4483 neptesita
3557 4411 3717 4466 insti-

2094 4522 2192 4576 tuit
2209 4565 2223 4588 ,
2250 4530 2304 4575 ut
2334 4519 2496 4574 etiam
2524 4515 2761 4572 lanificio
2784 4513 3174 4574 assuefaceret,
3199 4516 3514 4575 vetaretque
3541 4505 3713 4575 loqui,

2095 4623 2188 4670 aut
2213 4629 2372 4685 agere
2401 4612 2696 4682 quidpiam,
2732 4610 2831 4664 nisi
2862 4608 3163 4677 propalam,
3201 4600 3416 4672 etquod
3463 4605 3514 4655 in
3560 4599 3715 4655 ἀίω-υ

2017 4706 2195 4777 Duos
2227 4707 2644 4764 commentarios
2665 4704 2964 4759 referretur
3002 4719 3023 4753 ι
3057 4698 3253 4770 (Mem,
3296 4712 3411 4767 cap.
3433 4691 3549 4765 64).
3579 4692 3714 4748 Eam

2099 4799 2461 4873 proculdubio
2480 4797 2550 4852 ob
2579 4811 2693 4852 rem
2721 4794 2981 4866 Virgilius
3001 4791 3193 4848 Enen:
3220 4799 3419 4860 togam,
3450 4803 3481 4842 a
3506 4784 3717 4843 Didone

2100 4906 2299 4952 textam
2319 4935 2334 4958 ,
2367 4892 2449 4946 liis
2471 4889 2713 4946 versibus
2743 4888 2980 4943 cecinit:

2598 5000 2849 5064 Tyrioque
2875 4997 3083 5047 ardebat
3105 4996 3296 5045 murice
3317 4993 3464 5064 lgna,

2191 5070 2419 5120 Demissa
2444 5079 2512 5116 ex
2532 5055 2783 5120 buin'eris,
2801 5062 2944 5110 dives
2967 5073 3080 5122 quae
3105 5070 3313 5108 tamen
3338 5055 3463 5106 Dido

2191 5133 2424 5192 Fecerat,
2452 5135 2510 5178 et
2531 5126 2668 5176 tenui
2699 5124 2828 5175 telas
2849 5123 3170 5173 discreveret
3194 5133 3330 5170 auro.

2427 5205 2660 5277 (νει-911..
2688 5204 2772 5258 lib.
2799 5221 2845 5257 ιν
2873 5201 3093 5265 £neid.,
3117 5215 3284 5254 versus
3308 5201 3402 5253 262
3426 5205 3471 5252 cl
3493 5197 3653 5265 seqq.)

2094 5319 2378 5390 Superiori
2424 5325 2602 5371 autem
2646 5315 2696 5368 in
2743 5312 2902 5375 libro,
2931 5319 3206 5366 memorat
3233 5308 3297 5364 ab
3330 5304 3713 5362 Andromache

2097 5414 2379 5486 phrygiam
2406 5407 2748 5481 chlamydem
2779 5406 2948 5478 ipsius
2971 5405 3226 5460 manibus
3252 5409 3581 5468 contextam,
3602 5399 3717 5455 bis-

2094 5525 2199 5581 que
2226 5507 2406 5563 verbis
2434 5505 2614 5561 datam
2651 5503 2887 5556 Ascanio
2925 5520 2937 5554 :

2193 5600 2372 5663 Accipe
2397 5605 2450 5647 et
2473 5597 2600 5663 haec,
2625 5607 2851 5663 manuum
2879 5593 2970 5663 tibi
2995 5605 3108 5663 quae
3134 5594 3450 5663 monumenta
3491 5599 3713 5638 mearum

2193 5656 2324 5723 Sint,
2348 5673 2491 5725 puer,
2512 5664 2565 5710 et
2590 5656 3186 5725 longumAndromaches
3201 5658 3712 5725 teatepturamor‘em.

2719 5719 2906 5780 (Idem,
2930 5716 3018 5769 lib.
3046 5734 3118 5776 ιιι,
3143 5730 3270 5767 vero.
3298 5715 3398 5766 488
3421 5720 3471 5766 α
3489 5712 3621 5780 αφ.)

2091 5833 2356 5903 Denique,
2390 5840 2447 5885 ut
2475 5828 2628 5900 plura
2663 5826 2836 5882 missa.
2856 5823 3144 5891 faciamus,
3169 5819 3716 5892 Mennim-Magnus

2092 5925 2425 6002 Sysigambi,
2452 5921 2597 5979 Darii
2647 5919 2792 5992 regis
2844 5918 3029 5987 matri,
3079 5915 3289 5975 dixisse
3341 5913 3713 5995 perhibetur:
