3918 6354
219 367 307 425 ιὶθ

1511 366 1575 422 IN
1616 363 1991 432 ARNOBIUM,
2022 366 2175 422 CAP.
2222 365 2283 420 ν.

3426 366 3534 425 451)

232 483 400 550 .llater,
424 482 564 537 hanc
594 491 812 549 uestem,
840 495 946 551 qua
970 480 1177 535 indutus
1194 495 1327 544 sui»,
1356 494 1587 533 sororum
1616 496 1714 533 non
1739 495 1822 534 δο-
1850 479 1900 538 Λ
1928 477 2113 532 Citatis
2142 487 2319 533 autem
2347 474 2486 533 Livii
2530 476 2710 531 verbis
2750 475 3015 547 intelliges
3040 490 3069 531 a
3099 476 3356 533 Romanis
3406 489 3531 537 exta

232 578 321 632 lam
342 576 538 629 donant
564 575 657 631 sed
701 576 857 629 etiam
881 590 1010 646 aptis
1038 573 1192 628 vides.
1224 571 1491 627 Arnobius
1513 585 1675 643 porro
1706 586 1825 625 ma-

235 666 573 725 tresfamilias
600 669 807 739 arguit,
839 681 963 739 quae
985 666 1184 723 nullam
1215 664 1443 735 amplius
1462 665 1515 719 in
1540 662 1825 719 domorum

234 759 367 816 atriis
386 774 613 831 operam
648 759 887 815 lanificio
907 758 1117 815 darent.
1147 757 1220 812 De
1252 756 1336 812 his
1368 757 1518 826 plura
1543 754 1825 826 Tiraquel—

234 855 305 912 lus
325 869 485 925 quem
512 856 561 909 si
586 854 762 916 lubet,
802 851 955 908 adire
986 851 1190 920 poteris
1217 850 1424 922 (Quint.
1457 847 1606 913 Cur.,
1644 847 1731 902 lib.
1768 862 1825 915 v,

234 950 363 1022 longe
387 957 505 1019 post
524 948 766 1010 initium;
790 944 1079 1018 Tiraquel..
1108 946 1162 999 in
1183 944 1283 1015 leg.
1304 941 1393 1011 10,
1416 940 1671 1009 Connub.,
1704 940 1733 1013 ς
1756 940 1826 996 58

234 1055 274 1098 ct
294 1059 421 1113 ιαμ,
454 1058 577 1113 pag.
609 1039 719 1095 202
743 1048 791 1095 et
814 1037 1007 1109 δείνῳ).

297 1135 570 1191 Testatum
596 1147 728 1189 vero
761 1131 1049 1204 Dionysius
1089 1130 1531 1185 Halicarnasseus
1561 1127 1689 1183 facit
1717 1126 1825 1181 vini

238 1244 321 1283 usu
349 1241 379 1282 a
401 1226 643 1283 Romulo
665 1225 984 1281 mulieribus
1003 1222 1374 1279 interdictum.
1391 1221 1647 1293 Polybius
1675 1234 1824 1285 vero,

239 1317 563 1386 Plutarchus,
614 1317 855 1384 Plinius,
885 1330 951 1372 ac
979 1314 1185 1371 Gellius
1224 1314 1515 1369 observant
1564 1311 1827 1383 probandi

241 1428 387 1470 causa
418 1421 599 1468 utrum
631 1411 814 1466 vinum
841 1408 1127 1475 bibissent,
1147 1408 1522 1475 statutum,uti
1542 1407 1615 1462 ait
1648 1408 1827 1461 Arno.

233 1505 336 1561 hius
366 1548 384 1573 ,
418 1504 608 1573 fuisse,
640 1514 698 1559 ut
717 1519 809 1559 eas
837 1503 1051 1574 cognati
1078 1502 1158 1557 sui
1186 1500 1585 1556 oscularentur.
1607 1496 1826 1553 Tertul-

234 1601 397 1656 lianus
426 1614 628 1669 porro,
656 1610 713 1653 ut
740 1613 839 1653 suo
868 1597 989 1652 loco
1016 1594 1403 1661 ostendemus,
1436 1593 1567 1648 vitio
1597 1590 1828 1649 ethnicis

231 1694 411 1762 vertit,
445 1694 590 1764 quod
622 1694 767 1748 hunc
794 1690 1078 1747 mulierum
1120 1690 1248 1744 vino
1289 1686 1589 1743 abstinendi
1623 1700 1828 1741 murem

233 1788 556 1844 aboleverint
591 1786 837 1860 (Dionys.
896 1782 1099 1849 Helia,
1146 1784 1235 1837 lib.
1285 1797 1321 1837 ιι
1368 1781 1546 1853 Antig.
1600 1796 1826 1850 romam,

1928 586 2035 626 non
2064 582 2309 643 percocta
2328 613 2343 637 ,
2376 570 2451 625 uti
2478 571 2577 625 sub
2604 570 2836 625 Romqu
2857 579 2911 623 et
2931 569 3215 640 Pompilio,
3242 588 3343 627 ucc
3367 573 3532 627 sciui-

1927 664 2091 720 cruda
2113 706 2129 733 ,
2160 673 2217 719 ut
2237 664 2335 720 sub
2365 662 2541 719 Tullio
2560 708 2576 733 ,
2600 663 2697 720 sed
2722 665 2887 719 cruda
2925 663 3087 734 plane
3126 676 3372 736 porrecta
3417 666 3534 723 sive

1929 758 2224 815 sacrificata
2254 757 2439 816 fuisse.

2002 852 2242 924 Denique
2278 851 2588 909 Arnobius:
2638 872 2657 905 ι
2696 854 2835 910 Ante
2880 851 3169 910 adventum
3221 854 3273 909 in
3324 853 3536 911 ltaliam

1928 943 2207 1011 Herculis,
2239 959 2361 1000 cum
2386 960 2454 1001 ex
2474 945 2756 1013 Apollonis
2786 946 2990 1001 monitu
3021 944 3155 1016 patri
3191 944 3293 1001 Diti
3316 988 3330 1010 .
3361 956 3416 1001 et
3436 944 3535 1001 Sa-

1930 1046 2087 1092 turno
2111 1037 2359 1093 humanis
2385 1036 2650 1108 capitibus
2676 1036 3067 1108 supplicaretur
3085 1077 3101 1103 ,
3124 1046 3179 1091 ct
3207 1037 3348 1092 hunc
3377 1036 3534 1091 simi-

1932 1128 2049 1184 liter
2071 1144 2275 1185 morem
2300 1128 2486 1185 fraude
2507 1129 2777 1194 callidula,
2803 1138 2858 1184 et
2888 1130 3165 1183 nominum
3188 1129 3539 1199 ambiguitate

1930 1224 2177 1278 mutastis
2209 1243 2230 1275 ι
2263 1221 2501 1295 (Arnob.,
2532 1223 2620 1277 lib.
2654 1240 2691 1291 ι,
2720 1238 2839 1293 pag.
2870 1221 2982 1294 91).
3007 1221 3196 1277 Totam
3226 1222 3363 1277 hanc
3393 1222 3538 1276 fran—

1931 1316 2052 1373 dem
2079 1319 2269 1389 retegit
2289 1320 2632 1389 explicatque
2657 1317 2740 1372 his
2765 1316 3064 1373 Macrobius
3093 1318 3274 1373 verbis
3300 1336 3312 1371 :
3347 1336 3365 1367 ς
3402 1318 3537 1372 Cum

1930 1411 2025 1467 diu
2076 1411 2325 1469 humanis
2367 1413 2633 1483 capitibus
2675 1411 2883 1475 Ditem,
2915 1419 2970 1465 et
3007 1410 3247 1466 virorum
3302 1410 3540 1466 victimis

1931 1506 2221 1564 Saturnum
2248 1506 2463 1579 placare
2483 1522 2542 1563 se
2566 1505 2888 1574 crederent,
2916 1514 3140 1577 propter
3170 1505 3450 1561 oraculum
3483 1506 3543 1561 in

1932 1615 2039 1671 quo
2066 1610 2183 1656 erat
2217 1620 2231 1655 ε

2058 1733 2132 1771 Καὶ
2148 1732 2307 1784 tityon;
2328 1728 2391 1783 ἴδῃ
2418 1720 2505 1783 (al.
2525 1720 2707 1785 Κρονίδῃ)
2731 1734 2791 1771 καὶ
2813 1737 2865 1786 τῷ
2884 1732 3000 1783 πατρὶ
3016 1734 3175 1781 autem
3196 1739 3310 1783 φῶτα.

1935 1822 2218 1880 Herculem
2249 1825 2427 1881 lerunt
2453 1835 2636 1895 postea
2675 1841 2798 1881 cum
2827 1826 3090 1897 Geryonis
3120 1841 3313 1897 pecore
3358 1825 3408 1880 in
3436 1823 3542 1881 vlta-

234 1903 279 1953 ν’
306 1884 379 1989 θεξ
478 1897 609 1989 ’φά
642 1878 689 1935 Ρ
691 1880 826 1989 (³1³ξέ
858 1880 1002 1989 ep"?
1044 1876 1492 1989 Ajhef‘fﬁ’fﬁhi'
1538 1875 1825 1989 Χᾼυεξηηέῖ
1858 1883 1907 1944 Β
1934 1916 2059 1973 liam
2085 1875 2958 1985 revertentemrsuasisseilloruni
2994 1875 3246 1989 posteiis,
3272 1929 3329 1973 ut
3352 1919 3543 1975 faustis

233 1975 461 2047 pag-M0
481 1985 529 2030 et
550 1990 716 2043 seqq.;
749 1972 1042 2037 Plutarch,
1069 1970 1265 2039 Quart.
1288 1986 1517 2039 romam,
1538 1986 1660 2041 pag.
1693 1968 1821 2035 265;

232 2068 391 2136 Plin.,
432 2067 521 2122 lib.
556 2083 645 2123 xrv
674 2064 808 2121 Hist.
838 2075 1039 2123 natum.
1068 2081 1183 2130 cap.
1221 2063 1309 2128 l3,
1346 2082 1463 2136 pag.
1499 2064 1625 2131 Mi;
1658 2062 1821 2129 σαι,

228 2162 309 2217 lib.
333 2179 365 2218 ι
389 2160 550 2216 Noct.
592 2163 777 2222 Attia,
804 2175 921 2228 cap.
953 2158 1048 2222 23',
1078 2156 1320 2223 Tertull,
1350 2158 1551 2230 Apolog
1583 2200 1597 2224 ,
1621 2173 1737 2229 cap.
1766 2156 1822 2222 ϐ,

231 2274 337 2328 pag.
364 2257 417 2320 7;
452 2255 677 2311 Dissert.
706 2255 759 2309 in
805 2252 1137 2313 Tertullian..
1162 2269 1278 2321 cap.
1311 2254 1399 2315 18.
1434 2261 1535 2305 art.
1564 2252 1643 2319 5).

290 2348 455 2420 Urget
495 2348 674 2403 adlmc
716 2347 1004 2409 Arnobius,
1038 2345 1377 2413 ethnicisque
1418 2346 1657 2413 obiectat
1702 2360 1823 2399 cum

231 2443 512 2513 antiquitus
547 2442 808 2499 candidos
842 2450 1047 2496 tantum
1099 2450 1280 2495 tauros
1311 2438 1363 2493 in
1398 2448 1580 2493 monte
1617 2438 1827 2492 Albano

228 2536 497 2592 immolare
523 2538 606 2591 eis
630 2536 893 2600 licuisset,
918 2543 1138 2590 senatus
1174 2542 1357 2605 postea
1396 2533 1645 2588 Consulto
1682 2547 1823 2601 pra:-

230 2641 496 2702 scrtptum.
513 2641 569 2686 ut
585 2631 844 2705 deinceps
856 2629 1019 2686 rufuli
1044 2626 1627 2685 Inactarentur.Narrat
1646 2635 1825 2681 autem

227 2723 395 2779 Livius
419 2724 523 2779 sub
550 2723 731 2779 Tullio
757 2722 1124 2778 Romanorum
1156 2736 1281 2792 rege
1309 2722 1361 2775 in
1390 2728 1576 2774 monte
1609 2718 1821 2773 Albano

231 2816 484 2885 lapidibus
507 2816 729 2885 pluisse,
754 2830 815 2870 ac
835 2824 982 2877 tunc,
1008 2812 1182 2884 inquit
1206 2831 1220 2867 :
1259 2812 1406 2867 «Visi
1424 2811 1611 2867 audire
1636 2825 1826 2865 vocem

229 2912 491 2981 ingentem
522 2925 589 2964 ex
618 2909 815 2963 summi
861 2907 1158 2964 cacuminis
1196 2907 1352 2967 loco;
1399 2914 1456 2960 ut
1504 2906 1681 2974 patrio
1721 2905 1828 2959 ritu

230 3018 371 3061 sacra
401 3005 593 3059 Albani
624 3002 896 3067 facerent,
929 3019 1050 3069 quae
1094 3001 1243 3058 velut
1269 3000 1373 3056 diis
1411 3014 1627 3068 quoque
1667 2997 1827 3053 simul

230 3114 342 3154 cum
386 3098 556 3169 patria
604 3097 826 3165 relictis,
877 3096 1133 3151 oblivioni
1189 3094 1456 3149 dederunt
1494 3112 1511 3144 ›
1581 3092 1823 3164 (Arnob.,

234 3190 312 3243 lib.
345 3206 377 3246 ll
401 3232 416 3253 ,
452 3207 571 3260 pag.
600 3190 691 3256 9i;
714 3188 827 3242 Liv.
850 3228 865 3254 ,
900 3190 988 3242 lib.
1010 3205 1055 3253 1,
1092 3206 1207 3257 cap.
1239 3186 1352 3256 51).
1382 3186 1517 3240 Alibi
1539 3186 1827 3240 Camillum

232 3284 335 3340 haec
360 3286 423 3340 ad
454 3286 731 3341 Romanos
760 3284 918 3340 verba
964 3284 1251 3339 facientem
1293 3283 1498 3338 inducit
1528 3301 1540 3336 :
1576 3301 1595 3335 ι
1630 3282 1819 3339 Videte
1852 3283 1896 3346 C

229 3380 342 3449 quid
382 3380 523 3435 inter
554 3395 676 3444 nos,
711 3394 773 3433 ac
812 3379 1044 3449 majores
1068 3379 1295 3435 intersit.
1346 3379 1426 3434 Illi
1469 3393 1621 3434 sacra
1668 3395 1818 3451 qum-

228 3472 339 3527 dam
367 3474 418 3528 in
451 3483 636 3529 monte
663 3473 876 3529 Albano
899 3472 1226 3543 Lavinioque
1258 3473 1413 3528 nobis
1459 3472 1702 3529 facienda
1734 3491 1818 3531 re-

230 3565 479 3636 liquerant
514 3587 534 3620 ι
595 3565 615 3639 (
632 3565 823 3632 Idem,
858 3566 948 3621 lib.
976 3583 1031 3633 v,
1061 3580 1174 3638 cap.
1212 3566 1324 3637 52).
1357 3565 1576 3622 Litteris
1607 3583 1821 3639 quoque

229 3672 257 3711 a
283 3658 531 3732 Dionysio
553 3658 988 3731 Halycarnasseo
1017 3658 1286 3727 proditum
1308 3658 1539 3730 legimus
1563 3658 1816 3731 (Diangs.

234 3751 477 3819 Helicon,
528 3752 615 3806 lib.
672 3768 758 3816 tv,
817 3769 937 3823 pag.
967 3750 1121 3821 250),
1172 3759 1230 3805 ut
1271 3750 1433 3807 ictum
1465 3767 1493 3805 a
1526 3751 1820 3822 Tarquinio

231 3859 341 3900 cum
375 3845 577 3900 Volscis
598 3854 651 3899 et
676 3844 921 3900 Hernicis
960 3842 1136 3901 foedus
1168 3855 1485 3914 perpetuum
1516 3854 1681 3911 esset,
1713 3859 1820 3900 uno

229 3939 451 3994 omnium
470 3952 740 3995 consensu
766 3938 1039 3994 decretum
1064 3936 1225 3995 ferias
1246 3939 1533 4009 quotannis
1556 3940 1608 3993 in
1634 3950 1818 3995 monte

228 4031 344 4099 alto,
373 4032 523 4090 Alba!
564 4030 880 4086 imminente
901 4073 918 4098 ,
949 4030 1334 4096 celebrandas,
1364 4030 1454 4085 ubi
1498 4044 1651 4087 sacra
1698 4029 1817 4086 Jovi

226 4123 410 4182 Latiari
440 4125 652 4187 ﬁerent.
686 4134 743 4181 et
769 4124 1073 4180 communis
1119 4126 1359 4179 omnium
1389 4124 1603 4180 victima
1631 4132 1817 4180 taurus

227 4218 529 4276 cederetur.
548 4218 741 4275 Nonne
760 4230 942 4275 autem
960 4218 1229 4274 Arnobius
1247 4227 1457 4273 taurum
1482 4218 1627 4273 hunc
1653 4218 1818 4275 fuisse

226 4311 391 4368 album
419 4312 613 4381 innuit,
640 4326 706 4367 ac
732 4310 802 4368 de
832 4310 995 4383 hujus
1022 4312 1160 4368 ritus
1184 4312 1561 4368 immutatione
1583 4324 1818 4383 conque-

227 4405 388 4461 ritur?

290 4498 521 4555 Alterius
550 4496 863 4553 mutationis
889 4496 983 4552 ille
1009 4495 1231 4552 eosdem
1255 4496 1503 4553 ethnicos
1530 4497 1615 4552 his
1637 4497 1815 4554 verbis

223 4604 467 4649 accusat:
505 4611 523 4645 ‹
562 4590 696 4648 Cum
729 4590 963 4646 Romulo
1009 4588 1381 4661 Pompilioqne
1419 4590 1771 4662 regnantibus
1795 4632 1812 4657 ,

223 4698 457 4755 percocta
487 4686 646 4757 plane
673 4699 739 4739 ac
767 4683 980 4738 madida
1010 4693 1491 4739 concremarentur
1516 4683 1621 4739 diis
1643 4693 1766 4741 exta
1791 4727 1806 4749 ,
1838 4689 1892 4751 D

223 4798 393 4841 nonne
416 4798 541 4855 rege
564 4782 669 4839 sub
702 4781 903 4849 Tullio,
934 4780 1238 4837 semicruda
1270 4780 1516 4851 coepistis
1541 4790 1596 4836 et
1624 4781 1814 4837 leviter

224 4878 441 4933 animata
493 4877 807 4948 porrioere?
844 4894 864 4928 ι
901 4875 1142 4946 (Arnob.,
1195 4874 1285 4930 lib.
1308 4891 1368 4939 tt,
1411 4892 1532 4948 pag.
1582 4874 1698 4947 91.)
1746 4876 1817 4931 At

225 4967 397 5026 Livius
420 4978 539 5043 post
583 4968 887 5039 descriptas
914 4968 1184 5038 Scipionis
1210 4982 1401 5038 preces
1450 4968 1793 5025 continenter

226 5062 452 5133 adjecit:
484 5084 504 5118 ι
556 5061 864 5120 Secundum
899 5076 998 5117 eas
1014 5075 1207 5132 preces
1248 5062 1415 5117 cruda
1460 5070 1621 5130 exta,
1674 5075 1813 5118 caesa

221 5160 451 5229 victima,
478 5164 553 5219 uti
582 5176 736 5225 mos,
765 5160 823 5215 in
846 5173 998 5218 mare
1023 5159 1249 5233 porricit
1282 5179 1302 5213 ι
1330 5157 1497 5232 (Lim,
1540 5160 1632 5215 lib.
1663 5176 1812 5227 uix,

225 5269 338 5325 cap.
363 5254 472 5329 27).
521 5256 593 5313 Et
621 5253 876 5327 Virgilius
906 5271 922 5309 :

1206 5345 1439 5411 Extaque
1462 5347 1618 5399 salsos

314 5408 572 5464 Pori-ictam
599 5414 652 5463 in
673 5412 872 5464 ﬂuctus.

742 5490 980 5560 (Virgil.,
1004 5489 1090 5546 lib.
1116 5507 1163 5545 tv
1190 5492 1405 5555 Eadd,
1431 5505 1560 5546 vers.
1591 5492 1724 5560 133.)

240 5592 363 5664 Quae
382 5599 586 5670 quidem
622 5599 745 5656 ideo
768 5607 1017 5654 notamus
1036 5640 1052 5666 ,
1088 5608 1200 5655 tum
1227 5599 1351 5670 quia
1381 5598 1451 5656 de
1478 5600 1822 5657 victimarum

240 5688 369 5746 extis
384 5695 565 5764 agitur,
593 5702 649 5749 et
670 5702 897 5762 uterque
920 5692 1157 5764 scriptor
1183 5692 1351 5749 utitur
1374 5693 1543 5750 verbo
1572 5695 1828 5763 porricerc

248 5796 341 5852 pra
361 5786 665 5847 sacrificare.
695 5787 856 5845 Plura
885 5797 1068 5844 autem
1088 5784 1160 5843 de
1182 5784 1289 5843 hoc
1303 5787 1472 5843 verbo
1498 5785 1826 5853 Macrobius,

249 5845 394 5947 ilum
410 5845 801 5959 legerepoteris
816 5881 1102 5955 (Macrob,
1121 5880 1212 5941 lib.
1231 5897 1271 5938 ιι
1294 5845 1590 5953 Saturnal:
1612 5900 1727 5955 cap.
1747 5845 1830 5955 2).

1929 2011 2209 2067 sacrificiis
2239 2010 2471 2066 infausta
2514 2022 2818 2079 mutarent,
2852 2013 3145 2068 inferentes
3175 2012 3276 2067 Diti
3305 2028 3410 2067 non
3446 2014 3544 2065 bo-

1928 2104 2133 2159 minum
2161 2105 2354 2175 capita,
2374 2103 2468 2160 sed
2491 2105 2642 2160 ocilla
2665 2104 2732 2159 ad
2757 2104 3048 2159 humanam
3072 2103 3305 2175 effigiem
3329 2116 3446 2160 arte
3467 2106 3543 2159 si-

1930 2200 2160 2263 mulata;
2186 2208 2378 2254 etaras
2404 2198 2685 2254 Saturnias
2709 2215 2815 2253 non
2839 2200 3125 2254 mactanda
3144 2200 3311 2265 viros,
3330 2199 3423 2255 sed
3452 2215 3542 2255 ac-

1929 2292 2107 2345 censis
2134 2291 2427 2346 luminibus
2455 2291 2802 2356 excnlentes;
2834 2291 2955 2361 quia
2988 2308 3095 2346 nun
3125 2293 3297 2345 solum
3329 2292 3543 2359 virum,

1929 2385 2024 2441 sed
2055 2386 2331 2440 etlumina
2364 2394 2504 2458 φῶτα
2540 2386 2844 2455 signiﬁcant
2880 2405 2899 2439 ι
2934 2385 3221 2459 (Macrob.,
3276 2387 3364 2440 lib.
3396 2405 3409 2441 ι
3442 2389 3544 2441 Sa-

1930 2480 2357 2551 turnal.,cap.2,
2378 2498 2496 2553 pag.
2517 2479 2667 2551 207).
2694 2481 2848 2547 Quod
2876 2480 2968 2536 ille
2999 2496 3105 2536 non
3138 2482 3307 2536 semel
3340 2482 3545 2538 dixisse

1930 2584 2214 2627 contentus
2235 2612 2250 2638 ,
2273 2572 2328 2627 in
2351 2573 2542 2628 eodem
2570 2572 2746 2628 adhuc
2768 2573 2907 2629 libro
2936 2576 3133 2645 repetit
3159 2573 3357 2646 (Idem,
3388 2575 3513 2629 ibid.
3523 2616 3543 2644 ,

1930 2681 2047 2736 cap.
2080 2666 2169 2731 11,
2196 2680 2319 2735 pag.
2345 2661 2499 2735 225).

2001 2756 2200 2811 Verum
2218 2756 2551 2824 Lactantius,
2569 2756 2659 2826 qui
2690 2757 2993 2829 ambiguam
3018 2757 3176 2829 hujus
3199 2762 3346 2815 vocis
3378 2762 3544 2832 signi-

1934 2850 2237 2907 licati0nem
2270 2853 2476 2905 notavit
2502 2850 2792 2919 (Lactant.,
2824 2853 2912 2905 lib.
2942 2868 2995 2906 v1
3018 2854 3121 2907 diu.
3152 2852 3316 2917 Inst.,
3342 2872 3458 2925 cap.
3483 2857 3543 2922 ‘2,

1933 2960 2054 3014 pag.
2088 2943 2248 3014 546),
2282 2942 2420 2998 hanc
2452 2943 2728 2997 historiam
2775 2945 2935 3012 paulo
2957 2945 3116 3000 aliter
3137 2988 3151 3010 ,
3183 2948 3545 3015 quemadmo-

1930 3034 2058 3089 dum
2090 3037 2381 3107 Dionysius
2428 3036 2904 3105 Halicarnasseus,
2955 3048 3196 3093 enarrat.
3245 3038 3327 3093 llli
3359 3041 3543 3111 enim,

1931 3128 2070 3182 sicut
2097 3128 2165 3183 ab
2192 3128 2383 3183 eodem
2416 3128 2692 3183 Lactantio
2744 3131 2940 3184 citatus
2969 3131 3190 3185 Ovidius
3228 3134 3395 3187 solius
3420 3137 3544 3204 qni-

1938 3222 2059 3276 dem
2090 3220 2308 3276 Saturni
2339 3222 2669 3277 mentionem
2722 3223 2957 3290 laciuut;
2988 3225 3082 3279 sed
3108 3226 3295 3281 eadem
3328 3242 3546 3297 semper

1928 3324 2035 3369 stat
2066 3316 2384 3369 inconcussa
2412 3314 2474 3370 At
2492 3315 2635 3370 nobii
2666 3319 3061 3385 argumentatio
3082 3360 3095 3379 .
3118 3316 3367 3389 illiusque
3388 3322 3465 3373 vis
3487 3332 3545 3377 et

1926 3407 2134 3478 pondus
2152 3400 2395 3479 (Dionys.
2416 3406 2677 3473 Halicar.,
2699 3408 2789 3463 lib.
2808 3425 2822 3462 ι
2839 3409 3010 3480 Antig.
3038 3409 3282 3476 Romam,
3305 3430 3406 3482 pag
3436 3414 3539 3479 50;

1923 3500 2097 3567 Lact.,
2129 3502 2216 3556 lib.
2243 3518 2282 3568 ι,
2308 3518 2424 3573 cap.
2455 3502 2547 3570 21,
2566 3520 2685 3574 pag.
2706 3504 2829 3570 1H;
2856 3504 3032 3572 (Μαίη
3054 3505 3141 3561 lib.
3170 3524 3197 3561 v
3220 3505 3395 3573 ἴση,
3415 3526 3537 3579 pag.

1932 3596 2085 3669 642).

1995 3690 2126 3757 Quis
2153 3700 2334 3747 autem
2360 3704 2427 3747 ex
2472 3689 2733 3747 hactenus
2761 3692 3044 3763 disputatis
3082 3710 3189 3749 non
3211 3695 3357 3752 videt
3378 3713 3540 3769 quam

1924 3784 2125 3839 insulse
2153 3785 2355 3841 ethnici
2386 3788 2678 3849 novitatem
2711 3788 3008 3858 religionis.
3054 3799 3109 3844 et
3156 3791 3390 3861 antiqua:
3422 3810 3541 3848 tnu-

1925 3878 2180 3934 tationem
2233 3880 2544 3936 christianis
2570 3882 3052 3952 exprobraverint;
3097 3884 3536 3957 quandoquidem

1923 3973 2000 4027 illi
2028 3974 2126 4043 ipsi
2153 3983 2232 4028 tot
2254 3983 2631 4045 tantarumque
2655 3975 2708 4028 in
2730 3975 2892 4029 rebus
2913 3984 2967 4029 et
2991 3976 3243 4032 humanis
3263 3990 3316 4032 et
3338 3978 3536 4035 divinis

1920 4069 2274 4123 mutationum
2320 4070 2399 4124 rei
2429 4067 2791 4124 tenebantur?
2818 4068 2956 4136 Quin
2984 4067 3146 4124 etiam
3178 4080 3239 4124 ut
3269 4080 3415 4125 recte
3445 4088 3536 4125 ar-

1919 4167 2027 4237 guit
2052 4163 2439 4231 Tertullianus,
2466 4176 2671 4235 nosque
2691 4177 2791 4219 suo
2809 4163 2931 4217 loco
2950 4163 3362 4221 observabimus
3382 4166 3533 4238 (Ter-

1920 4260 2149 4326 tullium,
2166 4258 2461 4330 Apologet.,
2486 4274 2605 4329 cap.
2631 4256 2685 4322 6,
2705 4254 2887 4328 pag.7;
2913 4252 3134 4312 Disacrl.
3157 4256 3211 4311 in
3233 4258 3367 4313 hunc
3390 4260 3530 4327 libr.,

1918 4369 2035 4421 cap.
2057 4354 2143 4420 18,
2169 4362 2270 4406 art.
2290 4353 2314 4406 1
2336 4363 2383 4406 et
2411 4354 2599 4423 seqq.),
2627 4348 3319 4419 habitu,victu,instructu,
3343 4367 3530 4423 censu,

1920 4444 2146 4517 ipsoque
2173 4461 2428 4502 sermone
2457 4447 2702 4503 nuntium
2732 4447 2948 4518 proavis
2992 4448 3336 4513 remiserant,
3363 4450 3531 4504 mira-

1919 4557 2022 4612 que
2059 4541 2299 4610 levitate,
2338 4542 2627 4599 laudabant
2656 4542 2926 4613 majorum
2976 4558 3201 4599 suorum
3248 4544 3529 4615 instituta,

1917 4656 2036 4712 quae
2076 4641 2529 4713 aspernabantur,
2561 4657 2663 4699 nec
2701 4642 2938 4712 amplius
2969 4642 3355 4698 observabant.
3406 4643 3534 4701 Pari

1915 4749 2128 4806 quoque
2154 4734 2315 4789 modo
2347 4736 2666 4791 Ambrosius
2690 4736 2964 4792 vibratum
2994 4752 3023 4792 a
3061 4737 3247 4806 gentili
3279 4739 3531 4811 Symma-

1917 4831 2019 4886 cho
2062 4831 2226 4886 telum
2259 4830 2313 4886 in
2344 4831 2518 4900 ipsum
2562 4832 2809 4902 aliosque
2834 4833 3065 4903 gentiles
3092 4833 3329 4890 retundit
3362 4834 3527 4905 (Am-

1917 4924 2080 4990 bros.,
2100 4923 2348 4993 epist.t8,
2374 4941 2492 4996 pag.
2524 4924 2629 4979 857
2659 4934 2706 4979 ct
2737 4940 2902 4996 seqq.,
2937 4935 3056 4980 tam.
3091 4925 3182 4996 ll).
3216 4925 3319 4981 Sed
3347 4927 3526 4983 Arno-

1917 5018 2035 5073 bius
2055 5030 2238 5075 noster
2258 5019 2580 5076 insidentem
2607 5020 2821 5075 illorum
2845 5022 3191 5091 pertinaciam
3210 5022 3331 5077 aliis
3349 5022 3528 5080 adhuc

1915 5110 2213 5166 rationibus
2242 5112 2550 5182 comprimit
2577 5126 2641 5167 ac
2668 5119 2905 5167 coercet.
2937 5112 3072 5168 Eum
3112 5111 3327 5184 itaque,
3358 5114 3405 5169 si
3438 5114 3525 5171 lu-

1916 5204 2037 5274 bet,
2069 5205 2351 5263 audiamus
2376 5220 2441 5265 ac
2470 5207 2885 5280 subsequamur.
