3918 6348
352 340 454 397 451

948 466 1241 511 Ακτιευιυε
1280 468 1332 509 Ill
1344 494 1355 506 .

348 566 535 631 Eadem
555 565 861 631 ethnicorum
881 568 1243 631 argumentatio
1261 579 1322 615 eo
1339 565 1495 631 adhuc
1504 566 1800 631 inﬁrmatur,
1821 568 1952 631 quod

416 627 845 691 sicutcbristiana
867 627 1047 691 religio
1070 630 1335 677 novitatem
1355 662 1369 685 ,
1396 630 1462 677 ita
1487 627 1793 691 disciplinae,
1819 627 1953 680 artes

415 697 471 738 et
494 689 716 765 sciebam
742 689 935 765 initium
961 689 1244 765 habuerint,
1271 696 1422 765 atque
1447 689 1726 765 aruspicina
1750 693 1950 765 quidem

412 761 525 814 post
545 750 752 822 Tagen).
778 751 860 801 ubi
896 752 960 822 de
993 752 1129 800 libris
1151 750 1521 822 Acheronticis,
1547 750 1809 822 astrologia
1836 768 1953 804 vero

412 812 525 886 post
548 813 781 886 'l‘heutim
810 822 862 863 et
885 813 1132 886 Atlantem
1150 853 1162 871 ,
1188 812 1303 886 creti
1340 812 1589 886 tibicinem
1610 824 1654 866 et
1678 812 1914 886 destinam
1937 855 1952 876 ,

412 875 535 925 item
559 875 674 940 quia
699 875 767 940 d_ii
792 878 950 936 geniti
984 884 1099 925 sunt
1114 879 1266 940 ,_quia
1302 879 1502 940 antiqua
1527 876 1644 927 olim
1679 892 1801 928 nova
1840 875 1951 929 fueé

408 945 543 1000 runt,
573 936 688 1000 quia
713 936 1040 985 Romanorum
1068 936 1251 1000 religio
1290 952 1385 987 non
1424 936 1539 988 ante
1578 941 1675 989 duo
1714 952 1953 991 annorum

408 998 577 1063 millia,
592 998 733 1063 ‘sicut
755 1000 1023 1063 christiana
1046 1013 1143 1049 non
1167 998 1281 1051 ante
1306 1000 1398 1051 400
1421 1015 1573 1050 annos
1611 1004 1839 1063 exstitit,
1869 1004 1953 1054 ubi

411 1061 478 1127 de
504 1063 671 1127 primis
697 1060 975 1127 Latinorum
998 1064 1222 1125 regibus,
1249 1065 1363 1127 quia
1388 1065 1607 1127 denique
1630 1065 1750 1114 nihil
1776 1060 1953 1116 novum

409 1120 665 1172 christiani
688 1120 873 1172 colunt.

421 1249 664 1305 Ethnicis
713 1249 1022 1307 christiana:
1068 1251 1346 1323 religionis
1376 1254 1666 1309 novitatem
1718 1254 1952 1331 obiicere

340 1358 616 1412 nunquam
666 1344 1034 1409 cessantibus,
1069 1352 1129 1399 ut
1160 1360 1256 1413 os,
1304 1346 1349 1400 si
1378 1346 1495 1403 ﬁeri
1525 1347 1727 1417 possit,
1775 1348 1950 1401 Arno-

340 1438 467 1493 bius
496 1438 708 1507 penitus
739 1438 1045 1493 occluderet
1064 1480 1079 1505 ,
1111 1438 1328 1509 planum
1360 1440 1537 1495 adhuc
1560 1440 1710 1503 facit,
1740 1439 1951 1495 etiamsi

341 1528 401 1584 id
429 1545 611 1584 verum
641 1540 805 1595 esset,
840 1530 975 1584 nihil
1016 1530 1141 1587 inde
1174 1546 1271 1601 pro
1299 1532 1413 1597 eis,
1461 1543 1514 1587 et
1549 1540 1737 1586 contra
1780 1531 1953 1587 chris-

346 1622 544 1689 tianos,
578 1638 736 1694 posse
755 1639 986 1694 unquam
1013 1624 1227 1680 conﬁci.
1256 1626 1392 1694 Quid
1424 1634 1508 1681 est
1541 1626 1708 1690 enim,
1737 1625 1809 1679 ait
1842 1625 1948 1692 ille,

338 1716 397 1771 iu
430 1715 677 1773 humanis
704 1718 963 1789 negotiis,
996 1718 1217 1784 artibus,
1248 1718 1567 1787 disciplinis,
1597 1729 1651 1774 et
1673 1719 1912 1774 scientiis
1932 1760 1947 1784 ,

338 1810 483 1878 quod
508 1811 789 1878 aliquando
818 1811 1025 1865 initium
1049 1824 1334 1882 ortumque
1361 1826 1464 1866 non
1497 1811 1785 1866 habuerit?
1809 1811 1949 1866 Ante

338 1903 540 1975 Tagem
569 1904 838 1960 Thuscum
868 1920 1059 1969 nemo,
1096 1905 1270 1976 inquit
1314 1904 1615 1972 Arnobius,
1644 1914 1737 1958 aut
1783 1919 1945 1959 nove-

338 2007 459 2061 rat,
488 2006 580 2053 aut
610 2013 771 2053 nosse
813 1999 1071 2065 curabat,
1108 2018 1125 2049 ι
1160 2014 1224 2051 an
1257 1998 1540 2053 fulminum
1578 1997 1791 2052 casibus
1812 2040 1827 2063 ,
1856 2006 1951 2052 aut

338 2098 588 2144 extorum
641 2089 841 2159 aliquid
878 2091 1271 2160 signiﬁcaretur
1318 2090 1369 2144 iu
1412 2092 1563 2145 venis
1601 2108 1619 2141 ι
1682 2086 1941 2160 (Arnob.,

338 2182 429 2237 lib.
458 2199 526 2247 ll,
556 2201 676 2254 pag.
704 2183 821 2255 92).
846 2183 1019 2254 Tages
1040 2193 1245 2249 autem,
1267 2193 1423 2250 teste,
1456 2183 1616 2238 Festo
1646 2182 1849 2255 (Fest.,
1877 2186 1945 2238 ad

333 2276 475 2330 verb.
507 2276 743 2345 Taces).
776 2275 927 2331 Genii
962 2276 1098 2331 ﬁlius
1142 2286 1198 2333 et
1245 2276 1392 2331 Jovis
1422 2291 1611 2347 nepos,
1644 2275 1940 2343 dicebatur,

337 2368 434 2439 qui
475 2367 651 2421 adhuc
697 2382 851 2436 puer,
884 2366 1168 2422 duodecim
1225 2367 1454 2422 Etruria:
1482 2368 1695 2437 populis
1726 2368 1946 2423 dederat

334 2460 589 2528 aruspicii
640 2457 999 2528 disciplinam.
1030 2458 1106 2514 De
1134 2459 1226 2513 illo
1265 2459 1531 2529 siquidem
1566 2459 1683 2515 hzec
1712 2462 1942 2530 posteris

333 2553 555 2607 tradidit
582 2550 770 2608 Cicero
803 2571 816 2608 :
856 2572 874 2603 ι
912 2553 1080 2623 Tages
1105 2554 1320 2624 quidam
1354 2554 1550 2609 dicitur
1574 2554 1626 2608 in
1656 2570 1785 2625 agro
1811 2554 1942 2610 Tar-

336 2643 628 2714 quiniensi,
662 2660 783 2700 cum
814 2654 954 2700 terra
982 2655 1249 2711 araretur,
1296 2656 1350 2701 et
1399 2646 1579 2700 sulcus
1606 2647 1766 2701 altius
1800 2655 1944 2702 esset

334 2736 668 2806 impressus,
701 2737 944 2792 extitisse
993 2746 1252 2805 repente,
1296 2746 1351 2792 et
1389 2752 1511 2791 eum
1546 2736 1740 2791 allatus
1786 2753 1940 2806 esse,

331 2834 426 2904 qui
458 2834 660 2889 arabat.
696 2833 746 2889 Is
772 2844 953 2890 autem
981 2836 1172 2905 Tages.
1205 2847 1262 2891 ut
1289 2837 1341 2892 in
1374 2836 1523 2892 libris
1554 2847 1638 2893 est
1664 2838 1893 2893 Etrusco
1920 2867 1945 2879 -

332 2941 480 2992 rum,
528 2927 717 2997 puerili
769 2929 950 2997 specie
1002 2928 1198 2983 dicitur
1241 2929 1535 2995 visus,sed
1566 2930 1723 2985 senili
1778 2929 1945 2985 fuisse

331 3018 644 3088 prudentia.
678 3019 809 3088 Ejus
848 3030 1071 3091 aspectu
1112 3036 1232 3075 cum
1266 3022 1627 3091 obstupuisset
1656 3023 1940 3090 bubulcus,

331 3109 741 3180 clamoremque
778 3112 1037 3182 majorem
1085 3127 1205 3169 cum
1250 3113 1600 3170 admiratione
1648 3114 1939 3183 edidisset,

331 3217 660 3258 concursum
692 3217 815 3259 esse
860 3203 1094 3272 factum,
1125 3214 1398 3275 totamque
1429 3206 1578 3263 brevi
1599 3216 1841 3278 tempore
1886 3207 1941 3262 in

331 3309 458 3350 eum
504 3294 681 3349 locum
731 3295 997 3351 Etruriam
1024 3300 1369 3353 convenisse.
1403 3299 1537 3352 Tum
1578 3300 1728 3354 illum
1782 3300 1943 3370 plane

326 3384 566 3441 locutum
590 3428 605 3451 ,
637 3387 822 3442 multis
871 3388 1247 3457 audientibus,
1280 3391 1369 3460 qui
1412 3392 1595 3449 omnia
1633 3396 1749 3463 ejus
1779 3395 1943 3451 verba

327 3477 687 3549 exceperint,
747 3479 1050 3552 litterisque
1100 3482 1472 3540 mandaverint
1515 3503 1528 3540 :
1586 3501 1799 3542 omnem
1844 3504 1943 3544 auo

325 3579 440 3625 tem
491 3571 795 3627 orationem
842 3571 1012 3630 fuisse
1051 3591 1202 3640 eam,
1246 3592 1351 3647 qua
1401 3579 1725 3646 aruspicinte
1768 3580 1939 3636 disci-

332 3664 482 3735 plina
509 3664 911 3732 contineretur;
934 3682 1053 3723 eam
1108 3679 1292 3737 postea
1323 3670 1557 3727 crevisse
1582 3671 1745 3727 rebus
1790 3674 1944 3728 novis

335 3754 744 3826 cognoscendis,
771 3766 825 3811 et
851 3756 918 3811 ad
961 3758 1149 3814 eadem
1170 3759 1257 3814 illa
1289 3760 1551 3832 principia
1580 3763 1880 3822 referendis
1916 3788 1936 3818 ι

340 3846 557 3916 (Cicer.,
579 3848 665 3900 lib.
684 3864 721 3903 ιι
743 3847 805 3902 de
825 3846 1026 3916 Divin.,
1045 3867 1163 3921 pag.
1183 3851 1290 3906 285
1312 3863 1358 3907 et
1380 3852 1566 3925 seqq.).
1582 3856 1711 3924 Qua!
1725 3858 1941 3930 quidem

335 3936 559 3993 Ovidius
589 3937 673 3993 his
699 3938 899 3996 cecinit
922 3940 1169 3998 versibus
1202 3961 1215 3997 :

1089 4056 1380 4120 Tyrrhenus
1401 4067 1561 4113 arator

436 4114 652 4184 ij'atalem
677 4115 876 4184 glebam
900 4118 1089 4184 mediis
1099 4114 1300 4184 aspexit
1323 4124 1372 4172 in
1396 4126 1542 4184 arvis,

435 4179 623 4252 Sponte
644 4192 729 4227 sua
755 4180 994 4252 primum,
1012 4179 1245 4245 nullorjue
1270 4187 1509 4252 agitante,
1527 4179 1715 4239 moveri
1737 4206 1751 4252 ;

436 4240 648 4313 ﬁumere
673 4254 785 4313 mon
812 4240 1043 4313 hominis,
1072 4240 1327 4313 terraeque
1348 4240 1581 4313 amittere
1606 4240 1822 4313 formant,

438 4300 638 4363 Oraque
662 4306 886 4352 venturis
908 4312 1107 4363 aperire
1130 4300 1354 4357 recentia
1378 4308 1504 4360 fatis.

437 4361 692 4433 indigena:
712 4364 890 4415 dixere
912 4361 1100 4429 Tagen,
1126 4372 1209 4433 qui
1237 4372 1420 4433 primus
1440 4373 1693 4425 Etruscam

442 4424 649 4475 Edocuit
670 4434 875 4489 gentem
898 4424 1039 4478 casus
1061 4424 1255 4493 aperire
1280 4432 1486 4485 futuros.

624 4508 809 4572 (Ovid,
834 4512 917 4563 tib.
944 4526 1007 4563 xv
1034 4516 1370 4581 Metamorph,
1394 4533 1517 4572 vers.
1541 4523 1637 4574 555
1657 4531 1704 4577 et
1721 4528 1879 4592 seqq.)

342 4616 591 4674 Lucanus
622 4632 752 4673 vero
782 4633 797 4670 :

618 4795 626 4803 .
707 4795 734 4808 .,
834 4792 865 4808 ..
921 4796 979 4808 η.
1162 4734 1689 4808 .Divisasecundent.

440 4794 499 4843 Et
524 4794 658 4844 ﬁbris
680 4795 744 4843 sit
766 4792 897 4846 nulla
918 4796 1059 4856 ﬁdes,
1088 4799 1177 4848 sed
1202 4803 1424 4853 conditor
1448 4792 1585 4856 artis.

437 4856 665 4931 Finxerit
689 4859 777 4906 ista
802 4857 982 4931 Tages,
1008 4860 1138 4931 flexa
1162 4863 1234 4911 sic
1256 4868 1416 4931 omnia
1438 4867 1677 4931 Thuseus,

436 4916 712 4980 Involvens,
732 4916 983 4984 multaque
1008 4929 1193 4987 tegens
1217 4916 1424 4991 ambage
1449 4916 1675 4983 canebat:

994 5010 1152 5074 (Luc,
1180 5010 1269 5063 tib.
1297 5028 1330 5073 ι,
1360 5028 1480 5069 vers.
1507 5018 1602 5072 635
1624 5028 1668 5072 et
1688 5025 1845 5091 seqq.)

338 5111 561 5169 Servius
609 5128 739 5169 vero
788 5113 897 5172 suis
940 5117 993 5172 in
1056 5118 1334 5190 Virgilium
1382 5124 1939 5192 animadversionibus

341 5203 542 5274 (Sent,
574 5206 627 5259 in
657 5206 745 5260 lib.
766 5223 803 5261 ιι
851 5206 1095 5277 Αῑηιῖίιί.⁹
1140 5229 1260 5284 pag.
1291 5212 1419 5287 259)
1470 5219 1657 5288 probat
1701 5221 1786 5279 liis
1830 5224 1939 5281 Lu-

340 5296 494 5351 cretii
522 5296 765 5351 versibus
792 5301 1150 5368 aruspicinam
1181 5319 1208 5357 a
1236 5304 1381 5376 Tage
1418 5309 1469 5363 in
1512 5310 1718 5369 Etruria
1753 5332 1937 5386 reper—

338 5395 473 5443 tam.
506 5387 670 5443 Vides
698 5388 876 5460 itaque
904 5390 1099 5463 Tagem
1130 5393 1303 5465 illum,
1336 5416 1495 5471 quem
1528 5409 1769 5465 nonnulli
1806 5411 1934 5468 obs-

336 5494 529 5535 curum
572 5480 769 5547 virum,
818 5483 906 5537 alii
953 5497 1220 5545 aratorem
1279 5492 1443 5552 fuisse
1496 5499 1740 5567 tradunt,
1792 5502 1935 5561 haud

336 5568 614 5626 immerito
650 5571 754 5627 diei
799 5577 1140 5645 aruspicinaa,
1173 5582 1241 5638 de
1268 5600 1370 5654 qua
1399 5604 1496 5644 nos
1538 5590 1662 5647 alibi
1697 5593 1712 5665 (
1744 5593 1890 5653 Tom.
1916 5614 1937 5653 ι

342 5664 622 5760 apparat,
642 5665 813 5760 lib.ttt,
837 5668 1039 5728 dissert.
1062 5672 1118 5737 2,
1136 5690 1251 5745 cap.
1276 5678 1368 5747 2i,
1386 5691 1486 5737 art.
1517 5685 1571 5752 1,
1596 5664 1717 5759 pag.
1746 5689 1933 5760 1187),

338 5756 395 5811 in
428 5755 639 5813 Etruria
668 5758 1017 5819 inventorem.

1549 338 1998 397 ωεδωιίλτιο
2035 338 2317 395 ΡΒᾹΞΝΙΑ

1983 458 2035 516 Α
2059 470 2195 526 quos
2223 454 2417 511 Cicero
2446 454 2614 509 libros
2647 454 3001 510 Etruscorum
3036 464 3212 522 vocat,
3254 456 3310 512 hi
3340 458 3453 514 sint
3477 459 3570 529 qui
3592 460 3660 513 ab

3558 345 3664 400 452

2056 548 2297 604 Arnobio
2338 547 2457 602 libri
2503 546 2849 602 Acherontici
2908 547 3070 617 paulo
3111 556 3238 603 ante
3286 549 3659 619 appellantur,

2056 656 2177 696 cum
2212 642 2385 697 dixit:
2426 659 2445 692 ‹
2475 639 2692 696 Etruria
2728 642 2781 695 in
2824 641 2981 696 libris
3023 640 3404 698 Acheronticis
3435 643 3660 713 pollice-

2057 742 2146 788 tur
2184 752 2204 786 ι
2260 731 2515 805 (Arnob.,
2550 732 2640 785 lib.
2674 750 2735 800 ιι,
2780 750 2901 805 pag.
2933 732 3057 805 87).
3102 734 3326 790 Servius
3370 736 3572 792 etenim
3611 738 3663 793 in

2057 826 2170 881 suis
2206 826 2258 879 in
2299 824 2549 880 eumdem
2587 825 2877 896 Virgilium
2919 826 3329 883 commentariis
3375 828 3395 899 (
3419 827 3570 883 Serv.
3618 830 3669 884 in

2058 919 2149 972 lib.
2198 933 2289 971 vui
2329 916 2575 985 Eneid.,
2622 935 2743 989 pag.
2786 917 2961 990 511),
3018 919 3271 974 observat
3316 920 3518 992 Tagem
3559 920 3666 977 dici

2064 1029 2081 1061 α
2104 1012 2391 1082 Aruspicin
2411 1012 2579 1068 libros
2605 1021 2660 1067 et
2689 1026 2843 1068 sacra
2862 1013 3196 1069 Acherontia
3220 1014 3616 1084 composuisse.
3642 1035 3659 1067 ι

2055 1102 2261 1170 Quibus
2306 1118 2438 1160 sane
2464 1105 2647 1160 verbis
2678 1102 2777 1159 has
2814 1104 2976 1176 Tagis
3021 1104 3429 1162 lucubrationes
3471 1106 3665 1162 distin-

2056 1210 2221 1266 guere
2252 1196 2490 1253 videtur.
2526 1198 2596 1253 At
2625 1198 2739 1254 sive
2761 1198 2991 1265 eadem,
3025 1200 3141 1255 sive
3171 1198 3409 1256 diversae
3442 1198 3666 1266 fuerint,

2056 1288 2159 1345 hac
2205 1290 2450 1360 profecto
2498 1292 2976 1349 animadversione
3019 1292 3206 1364 opinio
3254 1292 3484 1350 Arnobii
3533 1294 3665 1350 satis

2056 1384 2429 1443 confirmatur.

2128 1477 2294 1534 Addit
2345 1480 2483 1535 ille:
2533 1499 2551 1532 ι
2595 1480 2824 1549 Quando
2880 1481 3119 1537 siderum
3156 1490 3337 1537 motus
3384 1491 3481 1537 aut
3527 1483 3665 1539 ratio

2059 1580 2233 1639 empta
2252 1582 2337 1627 est
2370 1572 2706 1643 genethliaca
2729 1574 2899 1629 sciri?
2939 1572 3055 1630 Non
3082 1583 3206 1645 post
3224 1573 3462 1631 Theutin
3500 1574 3670 1647 Egy—

2058 1665 2246 1734 ptium,
2279 1676 2373 1720 aut
2407 1676 2529 1736 post
2550 1667 2861 1736 Atlantem,
2894 1678 2951 1722 ut
2978 1668 3198 1739 quidam
3222 1668 3437 1735 ferunt,
3478 1681 3662 1741 gesta-

2060 1768 2252 1822 torem,
2278 1757 2539 1828 bajulum,
2567 1760 2841 1817 tibicinem
2863 1762 3037 1828 illum,
3071 1776 3136 1817 ac
3152 1760 3423 1817 destinam
3446 1763 3572 1818 οωιί
3592 1764 3615 1817 ?
3638 1784 3656 1814 ι

1983 1854 2028 1912 Β
2058 1850 2299 1923 (Arnob.,
2319 1852 2409 1906 lib.
2435 1869 2493 1917 ιι,
2528 1871 2650 1926 pag.
2678 1854 2797 1925 92.)
2834 1856 2908 1910 De
2930 1863 3160 1925 utroque
3189 1854 3284 1909 illo
3305 1855 3573 1911 ct'l‘beuti
3608 1865 3665 1912 et

2053 1945 2271 2001 Atlante
2291 1946 2418 2001 alibi
2442 1946 2798 2005 disseruimus
2832 1950 2997 2021 (tom.
3025 1966 3043 2005 ι
3070 1950 3352 2020 Αρραται.,
3383 1968 3507 2022 pag.
3532 1950 3659 2019 515,

2054 2038 2187 2093 1151
2227 2048 2282 2094 et
2328 2038 2529 2111 1188).
2582 2040 2659 2096 Ibi
2704 2052 2883 2097 autem
2933 2042 3415 2099 animadvertimus
3462 2044 3663 2114 prioris

2048 2130 2314 2199 scientiae,
2344 2148 2441 2189 seu
2483 2134 2716 2188 siderum
2742 2144 2931 2201 motus,
2964 2136 3336 2191 inventionem
3372 2152 3403 2191 a
3436 2136 3661 2207 quibus-

2051 2222 2174 2278 dam
2207 2225 2411 2281 Atlanti
2428 2269 2443 2292 ,
2474 2227 2828 2299 genethliaca:
2856 2244 2987 2285 vero
3009 2230 3258 2296 rationis,
3281 2245 3377 2286 seu
3401 2231 3659 2287 natalium

2050 2316 2283 2386 dierum,
2317 2319 2543 2389 primam
2572 2320 3010 2377 observationem
3041 2323 3163 2378 aliis
3187 2324 3412 2379 ascribi.

2123 2410 2468 2482 Quapropter
2514 2414 2566 2468 id
2613 2425 2820 2471 tantum
2864 2416 3243 2473 annotabimus
3293 2418 3376 2473 his
3423 2426 3657 2490 quatuor

2052 2503 2329 2573 epithetis,
2362 2516 2693 2577 gestatorem,
2718 2508 2971 2577 baiulum,
3007 2509 3283 2577 tibicinem,
3312 2526 3373 2565 ac
3403 2511 3660 2565 destinam

2050 2598 2201 2661 caeli,
2250 2612 2414 2652 unum
2462 2600 2621 2669 plane
2659 2610 2716 2657 et
2757 2600 2898 2656 idem
2932 2602 2999 2658 ab
3054 2601 3293 2657 Arnobio
3333 2603 3656 2673 significari.

2051 2688 2273 2744 Tibicen
2308 2690 2513 2746 etenim
2535 2732 2549 2755 ,
2582 2701 2723 2749 teste
2748 2692 2918 2749 Paulo
2948 2692 2967 2765 (
2990 2694 3146 2765 Apud
3181 2693 3324 2749 Fest.
3359 2697 3429 2749 ad
3455 2696 3663 2751 verbum

2051 2781 2323 2839 TIBICINES
2351 2784 2409 2855 ),
2457 2787 2688 2841 sumitur
2726 2787 3017 2859 aliquando
3060 2802 3156 2858 pro
3201 2787 3516 2856 columine,
3566 2797 3664 2845 aut

2050 2878 2440 2944 sustentaculo,
2470 2894 2580 2951 quo
2600 2880 2887 2936 aediﬁcium
2918 2881 3168 2951 aliquod,
3193 2890 3288 2937 aut
3310 2882 3536 2947 domus.
3570 2890 3666 2938 aut

2049 2971 2195 3027 aliud
2226 2972 2432 3044 aliquid
2476 2973 2717 3031 fulcitur.
2768 2975 2839 3031 Et
2878 2988 3030 3033 certe
3077 2992 3144 3033 eo
3182 2991 3347 3034 sensu
3383 2978 3668 3035 iuvenalis

2050 3064 2186 3120 dixit
2210 3082 2223 3119 :

2143 3176 2243 3226 Nos
2264 3178 2443 3230 urbem
2464 3179 2691 3243 colimus,
2712 3182 2854 3233 tenui
2878 3181 3087 3233 tibicine
3110 3180 3298 3235 fultam.

2988 3243 3170 3310 (Satir.
3194 3249 3244 3307 3,
3273 3261 3400 3300 vers.
3427 3248 3563 3311 295.)

2050 3349 2273 3407 Ovidius
2300 3368 2516 3425 quoque
2561 3372 2575 3408 :

2140 3464 2258 3516 Haec
2280 3466 2423 3517 modo
2448 3468 2681 3519 verrebat
2702 3474 2916 3521 stantem
2939 3471 3145 3521 tibicine
3168 3472 3350 3522 villam.

2688 3528 2879 3595 (Ovid,
2906 3530 2991 3583 lib.
3021 3549 3087 3595 tv,
3111 3535 3268 3597 Fast.,
3290 3548 3404 3601 pag.
3431 3536 3566 3601 598.)

2050 3633 2255 3691 Eadem
2284 3635 2685 3707 signiﬁcatione
2716 3653 2917 3694 nomen
2944 3638 3147 3695 destina
3178 3655 3207 3694 a
3236 3638 3476 3711 Corippo
3503 3640 3653 3698 Afri-

2047 3745 2184 3787 cano
2216 3732 2481 3803 accipitur
2504 3733 2609 3790 hoc
2638 3735 2692 3790 in
2723 3736 2967 3792 carmine
2992 3755 3006 3790 :

2137 3844 2202 3897 Et
2222 3845 2434 3897 Thomas
2457 3845 2653 3902 Lybicas
2677 3850 2893 3899 nutantis
2914 3850 3104 3901 destina
3129 3858 3295 3902 terrae.

2514 3909 2703 3975 Corip.,
2730 3908 2815 3961 lib.
2842 3926 2860 3961 ι
2884 3910 2946 3964 de
2971 3912 3176 3963 Laudib.
3203 3919 3328 3965 Just.
3357 3915 3565 3980 lmper.)

2046 4009 2304 4068 Nonnulli
2334 4028 2466 4069 vero
2494 4027 2617 4070 eam
2650 4014 2702 4067 in
2733 4030 2848 4070 rem
2880 4015 3052 4071 citant
3091 4017 3208 4073 hzec
3238 4017 3430 4073 lsidori
3462 4018 3659 4092 Hispa-

2047 4102 2217 4160 lensis
2265 4104 2476 4161 verba:
2541 4124 2561 4156 ι
2599 4104 2775 4161 Ruina
2822 4107 3079 4165 adulterii
3128 4110 3398 4181 excipitur
3441 4110 3662 4170 destina

2048 4197 2384 4252 matrimonii
2431 4218 2450 4251 ι
2508 4197 2782 4269 (Isidor.,
2826 4200 2918 4256 lib.
2967 4218 3003 4257 ll
3056 4201 3332 4271 Sentent.,
3390 4222 3511 4275 cap.
3559 4208 3667 4274 ιο,

2048 4308 2169 4361 pag.
2204 4289 2371 4363 M9).
2407 4290 2513 4347 Sed
2538 4291 2593 4346 in
2617 4292 2781 4347 editis
2806 4292 3024 4365 legitur,
3054 4295 3433 4353 destinatione:
3469 4300 3525 4354 in
3546 4298 3668 4370 qui-

2048 4384 2276 4439 busdam
2320 4400 2449 4441 vero
2492 4386 2879 4457 manuscriptis
2922 4387 3202 4444 codicibus
3247 4392 3572 4459 conditione,
3606 4393 3667 4449 in

2048 4476 2168 4532 aliis
2199 4478 2435 4533 doctrina
2458 4479 2719 4549 scriptum
2747 4489 2850 4535 est.
2890 4480 3259 4547 Quamobrem
3290 4484 3436 4541 hunc
3464 4486 3662 4543 lsidori

2049 4571 2226 4628 locum
2258 4573 2421 4639 ultra,
2450 4588 2611 4644 quam
2639 4590 2738 4645 par
2758 4584 2863 4642 est,
2887 4577 3191 4648 urgendum
3211 4594 3318 4634 non
3350 4594 3663 4637 censemus.

1974 4658 2025 4717 D
2120 4668 2319 4724 Verum
2350 4670 2621 4725 Arnobius
2644 4670 2763 4726 haec
2790 4687 2955 4740 parva
2980 4688 3103 4730 esse
3124 4674 3345 4740 fatetur,
3380 4691 3444 4733 ac
3470 4690 3661 4735 contra

2049 4761 2298 4817 ethnicos
2327 4760 2487 4833 longe
2512 4762 2762 4833 graviora
2794 4775 2969 4836 urget.
2999 4766 3133 4822 Nam
3164 4784 3303 4839 quos
3326 4769 3665 4830 immortales

2049 4852 2178 4909 deos
2215 4852 2416 4909 ethnici
2467 4854 2837 4923 praedicabant
2885 4858 3144 4929 (Arnob.,
3197 4861 3285 4915 lib.
3320 4878 3391 4928 ιι,
3419 4880 3543 4935 pag.
3589 4864 3663 4921 92

2053 4955 2099 4999 et
2126 4944 2243 5015 95),
2262 4944 2453 5002 Jovem
2477 4946 2785 5017 fratresque
2805 4950 2945 5019 ejus,
2980 4967 3045 5007 ac
3064 4953 3357 5022 lunonem,
3378 4954 3660 5026 Liberum,

1947 5097 1956 5105 ,
2052 5036 2338 5104 Venerem,
2362 5038 2606 5100 Dianam.
2630 5038 2948 5108 Minervam,
2968 5044 3301 5115 Apollinem,
3321 5055 3483 5117 atque
3498 5048 3661 5119 alios,

2047 5131 2149 5187 hos
2178 5141 2355 5189 tamen
2384 5148 2575 5189 omnes
2604 5132 2894 5205 aliquando
2919 5139 3175 5207 empisse,
3204 5149 3367 5212 atque
3404 5144 3474 5197 ab
3509 5142 3660 5213 aliis,

2049 5234 2109 5281 ut
2149 5226 2286 5281 infra
2314 5226 2527 5283 dicetur
2559 5226 2764 5299 (Infr.,
2798 5247 2915 5301 cap.
2940 5232 2995 5296 9,
3024 5245 3126 5289 art.
3159 5234 3194 5288 5
3219 5244 3267 5289 et
3292 5252 3433 5307 seqq.
3458 5235 3501 5307 ),
3535 5254 3662 5307 pro-

2046 5328 2263 5373 creatos
2284 5318 2449 5375 fuisse
2472 5319 2801 5377 fatebantur.
2836 5323 2975 5392 Quid
3007 5341 3136 5397 ergo
3166 5333 3335 5401 magis
3358 5328 3659 5387 absurdum

2048 5420 2105 5467 et
2132 5411 2400 5481 iniquum,
2435 5428 2595 5484 quam
2626 5412 2680 5470 in
2706 5414 3022 5473 cbristianis
3055 5421 3345 5479 novitatem
3377 5424 3661 5496 religionis

2046 5503 2118 5557 ab
2146 5502 2210 5557 iis
2242 5504 2599 5575 reprehendi.
2644 5508 2733 5578 qui
2785 5508 2932 5565 illam
2976 5512 3311 5583 cogebantur
3351 5516 3406 5570 in
3455 5516 3658 5589 seipsis

2046 5612 2347 5670 agnoscere
2372 5614 2436 5656 ac
2463 5600 2760 5656 c0uﬁteri?

2119 5696 2190 5749 At
2216 5693 2483 5750 instabant
2508 5695 2711 5753 ethnici
2731 5698 3164 5771 antiquissimam
3188 5715 3310 5758 esse
3330 5700 3653 5774 religionem

2042 5801 2222 5853 suam,
2269 5786 2692 5845 ehristianorum
2724 5806 2855 5848 vero
2884 5807 3079 5848 novam
3114 5809 3177 5851 ac
3214 5803 3509 5853 recentem.
3544 5796 3653 5853 Sed

336 5902 365 5920 μ
409 5848 483 5907 At
520 5849 737 5921 quidam
782 5852 1015 5916 fortasse
1060 5875 1089 5917 a
1137 5862 1295 5923 nobis
1339 5868 1704 5933 sciscitabitur
1750 5885 1933 5937 utrum
2036 5881 2157 5939 illis
2176 5848 2690 5953 reponitArnobius
2710 5884 2974 5947 nihilhoc
