  <div class='ocr_page' id='page_1' title='image "/cluster/home/n/w/nwhite01/storage/ocr_20150623/5/uva.x000826532/256.png"; bbox 0 0 3918 6356; ppageno 0'>
   <div class='ocr_carea' id='block_1_1' title="bbox 254 371 356 428">
    <p class='ocr_par' dir='ltr' id='par_1_1' title="bbox 254 371 356 428">
     <span class='ocr_line' id='line_1_1' title="bbox 254 371 356 428; baseline 0.01 -2"><span class='ocrx_word' id='word_1_1' title='bbox 254 371 356 428; x_wconf 70' lang='grc'><strong>455</strong></span> 
     </span>
    </p>
   </div>
   <div class='ocr_carea' id='block_1_2' title="bbox 1511 366 2310 437">
    <p class='ocr_par' dir='ltr' id='par_1_2' title="bbox 1511 366 2310 437">
     <span class='ocr_line' id='line_1_2' title="bbox 1511 366 2310 437; baseline 0.008 -15"><span class='ocrx_word' id='word_1_2' title='bbox 1511 366 1576 422; x_wconf 89' lang='grc' dir='ltr'><strong>ΙΝ</strong></span> <span class='ocrx_word' id='word_1_3' title='bbox 1616 366 1989 437; x_wconf 83' lang='lat' dir='ltr'><strong>ARNOBIUM,</strong></span> <span class='ocrx_word' id='word_1_4' title='bbox 2030 370 2182 428; x_wconf 86' lang='lat' dir='ltr'><strong>CAP.</strong></span> <span class='ocrx_word' id='word_1_5' title='bbox 2226 372 2310 428; x_wconf 79' lang='lat' dir='ltr'><strong>Vl.</strong></span> 
     </span>
    </p>
   </div>
   <div class='ocr_carea' id='block_1_3' title="bbox 3455 382 3561 437">
    <p class='ocr_par' dir='ltr' id='par_1_3' title="bbox 3455 382 3561 437">
     <span class='ocr_line' id='line_1_3' title="bbox 3455 382 3561 437; baseline 0.019 -3"><span class='ocrx_word' id='word_1_6' title='bbox 3455 382 3561 437; x_wconf 57' lang='grc'><strong>454.</strong></span> 
     </span>
    </p>
   </div>
   <div class='ocr_carea' id='block_1_4' title="bbox 252 488 3561 571">
    <p class='ocr_par' dir='ltr' id='par_1_4' title="bbox 252 488 3561 571">
     <span class='ocr_line' id='line_1_4' title="bbox 252 488 3561 571; baseline 0.002 -24"><span class='ocrx_word' id='word_1_7' title='bbox 252 500 302 547; x_wconf 86' lang='lat' dir='ltr'><strong>et</strong></span> <span class='ocrx_word' id='word_1_8' title='bbox 328 488 657 547; x_wconf 84' lang='lat' dir='ltr'><strong>imbecillius</strong></span> <span class='ocrx_word' id='word_1_9' title='bbox 686 490 941 560; x_wconf 81' lang='lat' dir='ltr'><strong>(Arnob.,</strong></span> <span class='ocrx_word' id='word_1_10' title='bbox 981 489 1070 545; x_wconf 85' lang='lat' dir='ltr'><strong>lib.</strong></span> <span class='ocrx_word' id='word_1_11' title='bbox 1101 504 1157 555; x_wconf 86' lang='grc' dir='ltr'>ιι,</span> <span class='ocrx_word' id='word_1_12' title='bbox 1192 505 1311 561; x_wconf 85' lang='lat' dir='ltr'><strong>pag.</strong></span> <span class='ocrx_word' id='word_1_13' title='bbox 1359 488 1427 545; x_wconf 77' lang='lat'><strong>95</strong></span> <span class='ocrx_word' id='word_1_14' title='bbox 1453 499 1507 545; x_wconf 89' lang='lat' dir='ltr'><strong>et</strong></span> <span class='ocrx_word' id='word_1_15' title='bbox 1537 488 1663 562; x_wconf 85' lang='grc'><strong>94).</strong></span> <span class='ocrx_word' id='word_1_16' title='bbox 1695 488 1850 559; x_wconf 85' lang='lat' dir='ltr'><strong>Quod</strong></span> <span class='ocrx_word' id='word_1_17' title='bbox 1879 493 1932 551; x_wconf 79' lang='grc' dir='ltr'><strong>Α</strong></span> <span class='ocrx_word' id='word_1_18' title='bbox 1956 491 2261 551; x_wconf 79' lang='lat' dir='ltr'><strong>christianae</strong></span> <span class='ocrx_word' id='word_1_19' title='bbox 2275 494 2550 568; x_wconf 77' lang='lat' dir='ltr'><strong>religionis</strong></span> <span class='ocrx_word' id='word_1_20' title='bbox 2565 498 2855 555; x_wconf 76' lang='lat' dir='ltr'><strong>novitatem</strong></span> <span class='ocrx_word' id='word_1_21' title='bbox 2870 496 3352 569; x_wconf 79' lang='lat' dir='ltr'><strong>possejurealiuuo</strong></span> <span class='ocrx_word' id='word_1_22' title='bbox 3366 513 3561 571; x_wconf 84' lang='lat' dir='ltr'><strong>expro-</strong></span> 
     </span>
    </p>
   </div>
   <div class='ocr_carea' id='block_1_5' title="bbox 253 582 1853 656">
    <p class='ocr_par' dir='ltr' id='par_1_5' title="bbox 253 582 1853 656">
     <span class='ocr_line' id='line_1_5' title="bbox 253 582 1853 656; baseline 0.001 -16"><span class='ocrx_word' id='word_1_23' title='bbox 253 585 392 641; x_wconf 88' lang='lat' dir='ltr'><strong>enim</strong></span> <span class='ocrx_word' id='word_1_24' title='bbox 410 592 581 656; x_wconf 88' lang='lat' dir='ltr'><strong>agunt</strong></span> <span class='ocrx_word' id='word_1_25' title='bbox 596 582 901 650; x_wconf 75' lang='lat' dir='ltr'><strong>christiani,</strong></span> <span class='ocrx_word' id='word_1_26' title='bbox 927 584 971 638; x_wconf 92' lang='lat' dir='ltr'><strong>si</strong></span> <span class='ocrx_word' id='word_1_27' title='bbox 996 599 1191 638; x_wconf 89' lang='lat' dir='ltr'><strong>novum</strong></span> <span class='ocrx_word' id='word_1_28' title='bbox 1213 592 1317 648; x_wconf 89' lang='lat' dir='ltr'><strong>est,</strong></span> <span class='ocrx_word' id='word_1_29' title='bbox 1343 592 1497 639; x_wconf 91' lang='lat' dir='ltr'><strong>vetus</strong></span> <span class='ocrx_word' id='word_1_30' title='bbox 1518 583 1643 649; x_wconf 84' lang='lat' dir='ltr'><strong>fiet;</strong></span> <span class='ocrx_word' id='word_1_31' title='bbox 1668 600 1853 656; x_wconf 89' lang='lat' dir='ltr'><strong>quem-</strong></span> 
     </span>
    </p>
   </div>
   <div class='ocr_carea' id='block_1_6' title="bbox 250 675 1850 750">
    <p class='ocr_par' dir='ltr' id='par_1_6' title="bbox 250 675 1850 750">
     <span class='ocr_line' id='line_1_6' title="bbox 250 675 1850 750; baseline 0 -17"><span class='ocrx_word' id='word_1_32' title='bbox 250 676 579 743; x_wconf 84' lang='lat' dir='ltr'><strong>admodum,</strong></span> <span class='ocrx_word' id='word_1_33' title='bbox 628 676 776 750; x_wconf 92' lang='lat' dir='ltr'><strong>quod</strong></span> <span class='ocrx_word' id='word_1_34' title='bbox 836 684 991 732; x_wconf 88' lang='lat' dir='ltr'><strong>vetus</strong></span> <span class='ocrx_word' id='word_1_35' title='bbox 1042 684 1125 731; x_wconf 91' lang='lat' dir='ltr'><strong>est</strong></span> <span class='ocrx_word' id='word_1_36' title='bbox 1169 675 1432 743; x_wconf 84' lang='lat' dir='ltr'><strong>ethnicis,</strong></span> <span class='ocrx_word' id='word_1_37' title='bbox 1478 692 1677 732; x_wconf 88' lang='lat' dir='ltr'><strong>novum</strong></span> <span class='ocrx_word' id='word_1_38' title='bbox 1721 678 1850 734; x_wconf 91' lang='lat' dir='ltr'><strong>olim</strong></span> 
     </span>
    </p>
   </div>
   <div class='ocr_carea' id='block_1_7' title="bbox 250 768 1853 842">
    <p class='ocr_par' dir='ltr' id='par_1_7' title="bbox 250 768 1853 842">
     <span class='ocr_line' id='line_1_7' title="bbox 250 768 1853 842; baseline 0.001 -15"><span class='ocrx_word' id='word_1_39' title='bbox 250 771 442 827; x_wconf 82' lang='lat' dir='ltr'><strong>fuerat.</strong></span> <span class='ocrx_word' id='word_1_40' title='bbox 475 770 619 840; x_wconf 83' lang='lat' dir='ltr'><strong>Quid</strong></span> <span class='ocrx_word' id='word_1_41' title='bbox 666 786 796 827; x_wconf 91' lang='lat' dir='ltr'><strong>vero</strong></span> <span class='ocrx_word' id='word_1_42' title='bbox 820 813 834 836; x_wconf 93' lang='lat'><strong>,</strong></span> <span class='ocrx_word' id='word_1_43' title='bbox 874 768 1015 841; x_wconf 92' lang='lat' dir='ltr'><strong>quod</strong></span> <span class='ocrx_word' id='word_1_44' title='bbox 1046 770 1233 839; x_wconf 80' lang='lat' dir='ltr'><strong>religio</strong></span> <span class='ocrx_word' id='word_1_45' title='bbox 1270 784 1376 824; x_wconf 95' lang='lat' dir='ltr'><strong>non</strong></span> <span class='ocrx_word' id='word_1_46' title='bbox 1421 779 1699 840; x_wconf 90' lang='lat' dir='ltr'><strong>tempore,</strong></span> <span class='ocrx_word' id='word_1_47' title='bbox 1746 786 1853 842; x_wconf 91' lang='lat' dir='ltr'><strong>quo</strong></span> 
     </span>
    </p>
   </div>
   <div class='ocr_carea' id='block_1_8' title="bbox 246 862 1856 934">
    <p class='ocr_par' dir='ltr' id='par_1_8' title="bbox 246 862 1856 934">
     <span class='ocr_line' id='line_1_8' title="bbox 246 862 1856 934; baseline -0.001 -13"><span class='ocrx_word' id='word_1_48' title='bbox 246 864 433 934; x_wconf 63' lang='lat' dir='ltr'><strong>capit,</strong></span> <span class='ocrx_word' id='word_1_49' title='bbox 461 863 561 917; x_wconf 88' lang='lat' dir='ltr'><strong>sed</strong></span> <span class='ocrx_word' id='word_1_50' title='bbox 594 864 703 917; x_wconf 90' lang='lat' dir='ltr'><strong>Deo</strong></span> <span class='ocrx_word' id='word_1_51' title='bbox 731 863 869 933; x_wconf 91' lang='lat' dir='ltr'><strong>ipso,</strong></span> <span class='ocrx_word' id='word_1_52' title='bbox 900 876 1057 933; x_wconf 82' lang='lat' dir='ltr'><strong>quem</strong></span> <span class='ocrx_word' id='word_1_53' title='bbox 1091 871 1397 927; x_wconf 89' lang='lat' dir='ltr'><strong>veneratur,</strong></span> <span class='ocrx_word' id='word_1_54' title='bbox 1430 862 1745 919; x_wconf 68' lang='lat' dir='ltr'><strong>aestimanda</strong></span> <span class='ocrx_word' id='word_1_55' title='bbox 1770 874 1856 920; x_wconf 92' lang='lat' dir='ltr'><strong>est</strong></span> 
     </span>
    </p>
   </div>
   <div class='ocr_carea' id='block_1_9' title="bbox 252 954 794 1026">
    <p class='ocr_par' dir='ltr' id='par_1_9' title="bbox 252 954 794 1026">
     <span class='ocr_line' id='line_1_9' title="bbox 252 954 794 1026; baseline -0.002 -17"><span class='ocrx_word' id='word_1_56' title='bbox 252 954 451 1025; x_wconf 86' lang='lat' dir='ltr'><strong>(Ibid.,</strong></span> <span class='ocrx_word' id='word_1_57' title='bbox 484 972 611 1026; x_wconf 84' lang='lat' dir='ltr'><strong>pag.</strong></span> <span class='ocrx_word' id='word_1_58' title='bbox 642 954 794 1025; x_wconf 68' lang='lat'><strong>94)?</strong></span> 
     </span>
    </p>
   </div>
   <div class='ocr_carea' id='block_1_10' title="bbox 321 1048 1851 1121">
    <p class='ocr_par' dir='ltr' id='par_1_10' title="bbox 321 1048 1851 1121">
     <span class='ocr_line' id='line_1_10' title="bbox 321 1048 1851 1121; baseline 0.001 -17"><span class='ocrx_word' id='word_1_59' title='bbox 321 1048 435 1104; x_wconf 86' lang='lat' dir='ltr'><strong>Non</strong></span> <span class='ocrx_word' id='word_1_60' title='bbox 474 1048 729 1105; x_wconf 83' lang='lat' dir='ltr'><strong>audiendi</strong></span> <span class='ocrx_word' id='word_1_61' title='bbox 760 1049 923 1121; x_wconf 79' lang='lat' dir='ltr'><strong>igitur</strong></span> <span class='ocrx_word' id='word_1_62' title='bbox 952 1050 1185 1121; x_wconf 89' lang='lat' dir='ltr'><strong>amplius</strong></span> <span class='ocrx_word' id='word_1_63' title='bbox 1211 1048 1412 1106; x_wconf 89' lang='lat' dir='ltr'><strong>ethnici</strong></span> <span class='ocrx_word' id='word_1_64' title='bbox 1440 1065 1659 1106; x_wconf 87' lang='lat' dir='ltr'><strong>rursum</strong></span> <span class='ocrx_word' id='word_1_65' title='bbox 1700 1066 1851 1105; x_wconf 72' lang='lat' dir='ltr'><strong>voct-</strong></span> 
     </span>
    </p>
   </div>
   <div class='ocr_carea' id='block_1_11' title="bbox 254 1138 1852 1198">
    <p class='ocr_par' dir='ltr' id='par_1_11' title="bbox 254 1138 1852 1198">
     <span class='ocr_line' id='line_1_11' title="bbox 254 1138 1852 1198; baseline 0.003 -4"><span class='ocrx_word' id='word_1_66' title='bbox 254 1138 488 1196; x_wconf 86' lang='lat' dir='ltr'><strong>ferautes</strong></span> <span class='ocrx_word' id='word_1_67' title='bbox 519 1152 649 1197; x_wconf 87' lang='lat' dir='ltr'><strong>ante</strong></span> <span class='ocrx_word' id='word_1_68' title='bbox 696 1140 803 1196; x_wconf 72' lang='grc'><strong>400</strong></span> <span class='ocrx_word' id='word_1_69' title='bbox 851 1156 1028 1197; x_wconf 89' lang='lat' dir='ltr'><strong>annos</strong></span> <span class='ocrx_word' id='word_1_70' title='bbox 1060 1142 1259 1196; x_wconf 91' lang='lat' dir='ltr'><strong>nullam</strong></span> <span class='ocrx_word' id='word_1_71' title='bbox 1307 1140 1471 1198; x_wconf 90' lang='lat' dir='ltr'><strong>fuisse</strong></span> <span class='ocrx_word' id='word_1_72' title='bbox 1500 1142 1852 1198; x_wconf 80' lang='lat' dir='ltr'><strong>christianum</strong></span> 
     </span>
    </p>
   </div>
   <div class='ocr_carea' id='block_1_12' title="bbox 255 1233 1854 1305">
    <p class='ocr_par' dir='ltr' id='par_1_12' title="bbox 255 1233 1854 1305">
     <span class='ocr_line' id='line_1_12' title="bbox 255 1233 1854 1305; baseline 0.004 -16"><span class='ocrx_word' id='word_1_73' title='bbox 255 1233 671 1305; x_wconf 79' lang='lat' dir='ltr'><strong>professionem.</strong></span> <span class='ocrx_word' id='word_1_74' title='bbox 702 1234 820 1292; x_wconf 77' lang='lat' dir='ltr'><strong>Jam</strong></span> <span class='ocrx_word' id='word_1_75' title='bbox 847 1236 990 1291; x_wconf 91' lang='lat' dir='ltr'><strong>enim</strong></span> <span class='ocrx_word' id='word_1_76' title='bbox 1018 1235 1145 1291; x_wconf 89' lang='lat' dir='ltr'><strong>illud</strong></span> <span class='ocrx_word' id='word_1_77' title='bbox 1166 1251 1236 1291; x_wconf 91' lang='lat' dir='ltr'><strong>ex</strong></span> <span class='ocrx_word' id='word_1_78' title='bbox 1262 1238 1421 1292; x_wconf 93' lang='lat' dir='ltr'><strong>dictis</strong></span> <span class='ocrx_word' id='word_1_79' title='bbox 1441 1237 1684 1294; x_wconf 90' lang='lat' dir='ltr'><strong>funditus</strong></span> <span class='ocrx_word' id='word_1_80' title='bbox 1701 1253 1854 1295; x_wconf 89' lang='lat' dir='ltr'><strong>ever-</strong></span> 
     </span>
    </p>
   </div>
   <div class='ocr_carea' id='block_1_13' title="bbox 256 1326 1855 1399">
    <p class='ocr_par' dir='ltr' id='par_1_13' title="bbox 256 1326 1855 1399">
     <span class='ocr_line' id='line_1_13' title="bbox 256 1326 1855 1399; baseline 0.005 -18"><span class='ocrx_word' id='word_1_81' title='bbox 256 1341 367 1382; x_wconf 90' lang='lat' dir='ltr'><strong>sum</strong></span> <span class='ocrx_word' id='word_1_82' title='bbox 390 1341 515 1382; x_wconf 86' lang='lat' dir='ltr'><strong>esse</strong></span> <span class='ocrx_word' id='word_1_83' title='bbox 542 1327 664 1399; x_wconf 87' lang='lat' dir='ltr'><strong>quis</strong></span> <span class='ocrx_word' id='word_1_84' title='bbox 693 1343 796 1383; x_wconf 91' lang='lat' dir='ltr'><strong>nou</strong></span> <span class='ocrx_word' id='word_1_85' title='bbox 819 1329 1004 1384; x_wconf 86' lang='lat' dir='ltr'><strong>videat</strong></span> <span class='ocrx_word' id='word_1_86' title='bbox 1024 1329 1047 1382; x_wconf 90' lang='lat'><strong>?</strong></span> <span class='ocrx_word' id='word_1_87' title='bbox 1067 1326 1430 1397; x_wconf 80' lang='lat' dir='ltr'><strong>Quamobrem</strong></span> <span class='ocrx_word' id='word_1_88' title='bbox 1458 1339 1645 1387; x_wconf 83' lang='lat' dir='ltr'><strong>auctor</strong></span> <span class='ocrx_word' id='word_1_89' title='bbox 1668 1342 1855 1389; x_wconf 91' lang='lat' dir='ltr'><strong>noster</strong></span> 
     </span>
    </p>
   </div>
   <div class='ocr_carea' id='block_1_14' title="bbox 255 1402 1854 1491">
    <p class='ocr_par' dir='ltr' id='par_1_14' title="bbox 255 1402 1854 1491">
     <span class='ocr_line' id='line_1_14' title="bbox 255 1402 1854 1491; baseline 0.003 -17"><span class='ocrx_word' id='word_1_90' title='bbox 255 1433 317 1474; x_wconf 88' lang='lat' dir='ltr'><strong>ex</strong></span> <span class='ocrx_word' id='word_1_91' title='bbox 346 1419 647 1475; x_wconf 86' lang='lat' dir='ltr'><strong>abundanti</strong></span> <span class='ocrx_word' id='word_1_92' title='bbox 678 1428 886 1475; x_wconf 88' lang='lat' dir='ltr'><strong>tantum</strong></span> <span class='ocrx_word' id='word_1_93' title='bbox 921 1402 1216 1491; x_wconf 83' lang='lat' dir='ltr'><strong>respondet</strong></span> <span class='ocrx_word' id='word_1_94' title='bbox 1240 1430 1367 1477; x_wconf 90' lang='lat' dir='ltr'><strong>ante</strong></span> <span class='ocrx_word' id='word_1_95' title='bbox 1396 1422 1563 1477; x_wconf 79' lang='lat' dir='ltr'><strong>millia</strong></span> <span class='ocrx_word' id='word_1_96' title='bbox 1600 1440 1854 1479; x_wconf 87' lang='lat' dir='ltr'><strong>annorum</strong></span> 
     </span>
    </p>
   </div>
   <div class='ocr_carea' id='block_1_15' title="bbox 253 1511 1855 1585">
    <p class='ocr_par' dir='ltr' id='par_1_15' title="bbox 253 1511 1855 1585">
     <span class='ocr_line' id='line_1_15' title="bbox 253 1511 1855 1585; baseline 0.004 -20"><span class='ocrx_word' id='word_1_97' title='bbox 253 1512 370 1578; x_wconf 79' lang='lat' dir='ltr'><strong>duo,</strong></span> <span class='ocrx_word' id='word_1_98' title='bbox 396 1513 470 1567; x_wconf 86' lang='lat' dir='ltr'><strong>uti</strong></span> <span class='ocrx_word' id='word_1_99' title='bbox 495 1512 729 1583; x_wconf 84' lang='lat' dir='ltr'><strong>probatu</strong></span> <span class='ocrx_word' id='word_1_100' title='bbox 754 1511 1047 1569; x_wconf 90' lang='lat' dir='ltr'><strong>facilimum</strong></span> <span class='ocrx_word' id='word_1_101' title='bbox 1070 1521 1206 1581; x_wconf 91' lang='lat' dir='ltr'><strong>erat,</strong></span> <span class='ocrx_word' id='word_1_102' title='bbox 1238 1514 1415 1570; x_wconf 89' lang='lat' dir='ltr'><strong>nullos</strong></span> <span class='ocrx_word' id='word_1_103' title='bbox 1436 1529 1660 1585; x_wconf 87' lang='lat' dir='ltr'><strong>prorsus</strong></span> <span class='ocrx_word' id='word_1_104' title='bbox 1690 1516 1855 1573; x_wconf 86' lang='lat' dir='ltr'><strong>fuisse</strong></span> 
     </span>
    </p>
   </div>
   <div class='ocr_carea' id='block_1_16' title="bbox 254 1603 1852 1677">
    <p class='ocr_par' dir='ltr' id='par_1_16' title="bbox 254 1603 1852 1677">
     <span class='ocr_line' id='line_1_16' title="bbox 254 1603 1852 1677; baseline 0.004 -19"><span class='ocrx_word' id='word_1_105' title='bbox 254 1603 565 1661; x_wconf 80' lang='lat' dir='ltr'><strong>earumdem</strong></span> <span class='ocrx_word' id='word_1_106' title='bbox 618 1605 897 1677; x_wconf 88' lang='lat' dir='ltr'><strong>gentilium</strong></span> <span class='ocrx_word' id='word_1_107' title='bbox 940 1606 1342 1675; x_wconf 85' lang='lat' dir='ltr'><strong>Romanorum,</strong></span> <span class='ocrx_word' id='word_1_108' title='bbox 1388 1622 1483 1663; x_wconf 91' lang='lat' dir='ltr'><strong>seu</strong></span> <span class='ocrx_word' id='word_1_109' title='bbox 1536 1608 1852 1665; x_wconf 90' lang='lat' dir='ltr'><strong>Latinorum</strong></span> 
     </span>
    </p>
   </div>
   <div class='ocr_carea' id='block_1_17' title="bbox 253 1698 399 1753">
    <p class='ocr_par' dir='ltr' id='par_1_17' title="bbox 253 1698 399 1753">
     <span class='ocr_line' id='line_1_17' title="bbox 253 1698 399 1753; baseline 0.014 -2"><span class='ocrx_word' id='word_1_110' title='bbox 253 1698 399 1753; x_wconf 86' lang='lat' dir='ltr'><strong>deos.</strong></span> 
     </span>
    </p>
   </div>
   <div class='ocr_carea' id='block_1_18' title="bbox 1957 585 2122 642">
    <p class='ocr_par' dir='ltr' id='par_1_18' title="bbox 1957 585 2122 642">
     <span class='ocr_line' id='line_1_18' title="bbox 1957 585 2122 642; baseline 0 0"><span class='ocrx_word' id='word_1_111' title='bbox 1957 585 2122 642; x_wconf 85' lang='lat' dir='ltr'><strong>brari.</strong></span> 
     </span>
    </p>
   </div>
   <div class='ocr_carea' id='block_1_19' title="bbox 2028 681 3559 762">
    <p class='ocr_par' dir='ltr' id='par_1_19' title="bbox 2028 681 3559 762">
     <span class='ocr_line' id='line_1_19' title="bbox 2028 681 3559 762; baseline 0.005 -26"><span class='ocrx_word' id='word_1_112' title='bbox 2028 681 2165 750; x_wconf 83' lang='lat' dir='ltr'><strong>Quid</strong></span> <span class='ocrx_word' id='word_1_113' title='bbox 2208 697 2375 753; x_wconf 87' lang='lat' dir='ltr'><strong>vero,</strong></span> <span class='ocrx_word' id='word_1_114' title='bbox 2424 687 2565 755; x_wconf 92' lang='lat' dir='ltr'><strong>quod</strong></span> <span class='ocrx_word' id='word_1_115' title='bbox 2611 687 2843 741; x_wconf 82' lang='lat' dir='ltr'><strong>maxima</strong></span> <span class='ocrx_word' id='word_1_116' title='bbox 2885 686 3223 743; x_wconf 86' lang='lat' dir='ltr'><strong>ethnicorum</strong></span> <span class='ocrx_word' id='word_1_117' title='bbox 3271 691 3559 762; x_wconf 88' lang='lat' dir='ltr'><strong>mysteria,</strong></span> 
     </span>
    </p>
   </div>
   <div class='ocr_carea' id='block_1_20' title="bbox 1960 775 3561 852">
    <p class='ocr_par' dir='ltr' id='par_1_20' title="bbox 1960 775 3561 852">
     <span class='ocr_line' id='line_1_20' title="bbox 1960 775 3561 852; baseline 0.006 -25"><span class='ocrx_word' id='word_1_118' title='bbox 1960 775 2131 844; x_wconf 84' lang='lat' dir='ltr'><strong>pergit</strong></span> <span class='ocrx_word' id='word_1_119' title='bbox 2169 777 2442 832; x_wconf 84' lang='lat' dir='ltr'><strong>Arnobius</strong></span> <span class='ocrx_word' id='word_1_120' title='bbox 2471 777 2731 849; x_wconf 84' lang='lat' dir='ltr'><strong>(Arnob.,</strong></span> <span class='ocrx_word' id='word_1_121' title='bbox 2763 778 2852 833; x_wconf 88' lang='lat' dir='ltr'><strong>lib.</strong></span> <span class='ocrx_word' id='word_1_122' title='bbox 2889 795 2947 843; x_wconf 85' lang='grc' dir='ltr'>ιι,</span> <span class='ocrx_word' id='word_1_123' title='bbox 2974 796 3097 850; x_wconf 87' lang='lat' dir='ltr'><strong>pag.</strong></span> <span class='ocrx_word' id='word_1_124' title='bbox 3129 779 3199 834; x_wconf 79' lang='lat'><strong>95</strong></span> <span class='ocrx_word' id='word_1_125' title='bbox 3222 779 3263 852; x_wconf 92' lang='lat'><strong>),</strong></span> <span class='ocrx_word' id='word_1_126' title='bbox 3311 782 3361 835; x_wconf 91' lang='lat' dir='ltr'><strong>in</strong></span> <span class='ocrx_word' id='word_1_127' title='bbox 3394 781 3561 836; x_wconf 79' lang='lat' dir='ltr'><strong>Sera-</strong></span> 
     </span>
    </p>
   </div>
   <div class='ocr_carea' id='block_1_21' title="bbox 1959 866 3568 943">
    <p class='ocr_par' dir='ltr' id='par_1_21' title="bbox 1959 866 3568 943">
     <span class='ocr_line' id='line_1_21' title="bbox 1959 866 3568 943; baseline 0.006 -24"><span class='ocrx_word' id='word_1_128' title='bbox 1959 866 2120 937; x_wconf 89' lang='lat' dir='ltr'><strong>pidis,</strong></span> <span class='ocrx_word' id='word_1_129' title='bbox 2154 867 2331 935; x_wconf 84' lang='lat' dir='ltr'><strong>Isidis,</strong></span> <span class='ocrx_word' id='word_1_130' title='bbox 2363 869 2547 925; x_wconf 84' lang='lat' dir='ltr'><strong>Matris</strong></span> <span class='ocrx_word' id='word_1_131' title='bbox 2577 870 2760 935; x_wconf 91' lang='lat' dir='ltr'><strong>deum,</strong></span> <span class='ocrx_word' id='word_1_132' title='bbox 2805 871 3147 943; x_wconf 90' lang='lat' dir='ltr'><strong>aliorumque</strong></span> <span class='ocrx_word' id='word_1_133' title='bbox 3184 873 3445 928; x_wconf 84' lang='lat' dir='ltr'><strong>honorem</strong></span> <span class='ocrx_word' id='word_1_134' title='bbox 3474 888 3568 927; x_wconf 85' lang='lat' dir='ltr'><strong>ce-</strong></span> 
     </span>
    </p>
   </div>
   <div class='ocr_carea' id='block_1_22' title="bbox 1961 958 3569 1037">
    <p class='ocr_par' dir='ltr' id='par_1_22' title="bbox 1961 958 3569 1037">
     <span class='ocr_line' id='line_1_22' title="bbox 1961 958 3569 1037; baseline 0.007 -26"><span class='ocrx_word' id='word_1_135' title='bbox 1961 958 2156 1014; x_wconf 88' lang='lat' dir='ltr'><strong>lebrari</strong></span> <span class='ocrx_word' id='word_1_136' title='bbox 2193 961 2385 1028; x_wconf 89' lang='lat' dir='ltr'><strong>solita,</strong></span> <span class='ocrx_word' id='word_1_137' title='bbox 2432 962 2501 1017; x_wconf 93' lang='lat' dir='ltr'><strong>de</strong></span> <span class='ocrx_word' id='word_1_138' title='bbox 2545 963 2741 1033; x_wconf 87' lang='lat' dir='ltr'><strong>quibus</strong></span> <span class='ocrx_word' id='word_1_139' title='bbox 2790 977 2888 1019; x_wconf 89' lang='lat' dir='ltr'><strong>nos</strong></span> <span class='ocrx_word' id='word_1_140' title='bbox 2927 965 3053 1019; x_wconf 92' lang='lat' dir='ltr'><strong>alibi</strong></span> <span class='ocrx_word' id='word_1_141' title='bbox 3097 967 3306 1035; x_wconf 83' lang='lat' dir='ltr'><strong>egimus</strong></span> <span class='ocrx_word' id='word_1_142' title='bbox 3353 966 3513 1037; x_wconf 86' lang='lat' dir='ltr'><strong>(tom.</strong></span> <span class='ocrx_word' id='word_1_143' title='bbox 3546 984 3569 1022; x_wconf 84' lang='grc' dir='ltr'><strong>ι</strong></span> 
     </span>
    </p>
   </div>
   <div class='ocr_carea' id='block_1_23' title="bbox 1960 1054 3567 1127">
    <p class='ocr_par' dir='ltr' id='par_1_23' title="bbox 1960 1054 3567 1127">
     <span class='ocr_line' id='line_1_23' title="bbox 1960 1054 3567 1127; baseline 0.004 -22"><span class='ocrx_word' id='word_1_144' title='bbox 1960 1054 2238 1122; x_wconf 58' lang='lat' dir='ltr'><strong>Apparet,</strong></span> <span class='ocrx_word' id='word_1_145' title='bbox 2258 1071 2378 1125; x_wconf 87' lang='lat' dir='ltr'><strong>pag.</strong></span> <span class='ocrx_word' id='word_1_146' title='bbox 2407 1054 2510 1110; x_wconf 78' lang='lat'><strong>758</strong></span> <span class='ocrx_word' id='word_1_147' title='bbox 2535 1066 2584 1109; x_wconf 89' lang='lat' dir='ltr'><strong>et</strong></span> <span class='ocrx_word' id='word_1_148' title='bbox 2608 1073 2738 1127; x_wconf 85' lang='lat' dir='ltr'><strong>seq.,</strong></span> <span class='ocrx_word' id='word_1_149' title='bbox 2762 1055 2976 1112; x_wconf 86' lang='lat' dir='ltr'><strong>Dissert.</strong></span> <span class='ocrx_word' id='word_1_150' title='bbox 3002 1058 3057 1111; x_wconf 85' lang='lat' dir='ltr'><strong>in</strong></span> <span class='ocrx_word' id='word_1_151' title='bbox 3081 1056 3308 1123; x_wconf 58' lang='grc' dir='ltr'><strong>Μίνωα,</strong></span> <span class='ocrx_word' id='word_1_152' title='bbox 3330 1075 3443 1125; x_wconf 83' lang='lat' dir='ltr'><strong>cap.</strong></span> <span class='ocrx_word' id='word_1_153' title='bbox 3471 1060 3567 1124; x_wconf 79' lang='grc'><strong>17,</strong></span> 
     </span>
    </p>
   </div>
   <div class='ocr_carea' id='block_1_24' title="bbox 1960 1149 3567 1222">
    <p class='ocr_par' dir='ltr' id='par_1_24' title="bbox 1960 1149 3567 1222">
     <span class='ocr_line' id='line_1_24' title="bbox 1960 1149 3567 1222; baseline 0.003 -22"><span class='ocrx_word' id='word_1_154' title='bbox 1960 1158 2059 1201; x_wconf 88' lang='lat' dir='ltr'><strong>art.</strong></span> <span class='ocrx_word' id='word_1_155' title='bbox 2083 1149 2134 1215; x_wconf 91' lang='grc'><strong>1,</strong></span> <span class='ocrx_word' id='word_1_156' title='bbox 2157 1160 2204 1204; x_wconf 82' lang='lat' dir='ltr'><strong>et</strong></span> <span class='ocrx_word' id='word_1_157' title='bbox 2233 1166 2348 1222; x_wconf 88' lang='lat' dir='ltr'><strong>cap.</strong></span> <span class='ocrx_word' id='word_1_158' title='bbox 2371 1149 2464 1215; x_wconf 89' lang='grc'><strong>20,</strong></span> <span class='ocrx_word' id='word_1_159' title='bbox 2488 1161 2588 1203; x_wconf 86' lang='lat' dir='ltr'><strong>art.</strong></span> <span class='ocrx_word' id='word_1_160' title='bbox 2611 1151 2636 1203; x_wconf 87' lang='grc'><strong>1</strong></span> <span class='ocrx_word' id='word_1_161' title='bbox 2668 1161 2714 1204; x_wconf 87' lang='lat' dir='ltr'><strong>et</strong></span> <span class='ocrx_word' id='word_1_162' title='bbox 2734 1152 2815 1220; x_wconf 82' lang='grc'><strong>2),</strong></span> <span class='ocrx_word' id='word_1_163' title='bbox 2838 1160 2892 1206; x_wconf 91' lang='lat' dir='ltr'><strong>et</strong></span> <span class='ocrx_word' id='word_1_164' title='bbox 2915 1150 3049 1206; x_wconf 83' lang='lat' dir='ltr'><strong>infra</strong></span> <span class='ocrx_word' id='word_1_165' title='bbox 3074 1151 3250 1207; x_wconf 90' lang='lat' dir='ltr'><strong>adhuc</strong></span> <span class='ocrx_word' id='word_1_166' title='bbox 3271 1151 3567 1222; x_wconf 86' lang='lat' dir='ltr'><strong>agendum,</strong></span> 
     </span>
    </p>
   </div>
   <div class='ocr_carea' id='block_1_25' title="bbox 1960 1241 3565 1313">
    <p class='ocr_par' dir='ltr' id='par_1_25' title="bbox 1960 1241 3565 1313">
     <span class='ocr_line' id='line_1_25' title="bbox 1960 1241 3565 1313; baseline 0.001 -18"><span class='ocrx_word' id='word_1_167' title='bbox 1960 1254 2144 1295; x_wconf 91' lang='lat' dir='ltr'><strong>eorum</strong></span> <span class='ocrx_word' id='word_1_168' title='bbox 2186 1241 2290 1297; x_wconf 89' lang='lat' dir='ltr'><strong>diis</strong></span> <span class='ocrx_word' id='word_1_169' title='bbox 2336 1242 2493 1313; x_wconf 90' lang='lat' dir='ltr'><strong>longe</strong></span> <span class='ocrx_word' id='word_1_170' title='bbox 2524 1244 2825 1298; x_wconf 89' lang='lat' dir='ltr'><strong>recentoria</strong></span> <span class='ocrx_word' id='word_1_171' title='bbox 2869 1253 3015 1298; x_wconf 91' lang='lat' dir='ltr'><strong>sunt.</strong></span> <span class='ocrx_word' id='word_1_172' title='bbox 3062 1244 3145 1299; x_wconf 80' lang='lat' dir='ltr'><strong>Ab</strong></span> <span class='ocrx_word' id='word_1_173' title='bbox 3192 1244 3384 1299; x_wconf 90' lang='lat' dir='ltr'><strong>iisdem</strong></span> <span class='ocrx_word' id='word_1_174' title='bbox 3432 1257 3565 1313; x_wconf 78' lang='lat' dir='ltr'><strong>ergo</strong></span> 
     </span>
    </p>
   </div>
   <div class='ocr_carea' id='block_1_26' title="bbox 1960 1332 3563 1406">
    <p class='ocr_par' dir='ltr' id='par_1_26' title="bbox 1960 1332 3563 1406">
     <span class='ocr_line' id='line_1_26' title="bbox 1960 1332 3563 1406; baseline 0.003 -21"><span class='ocrx_word' id='word_1_175' title='bbox 1960 1332 2210 1401; x_wconf 87' lang='lat' dir='ltr'><strong>ethnicis,</strong></span> <span class='ocrx_word' id='word_1_176' title='bbox 2236 1334 2281 1388; x_wconf 90' lang='lat' dir='ltr'><strong>si</strong></span> <span class='ocrx_word' id='word_1_177' title='bbox 2310 1334 2420 1389; x_wconf 88' lang='lat' dir='ltr'><strong>suis</strong></span> <span class='ocrx_word' id='word_1_178' title='bbox 2448 1334 2723 1405; x_wconf 87' lang='lat' dir='ltr'><strong>principiis</strong></span> <span class='ocrx_word' id='word_1_179' title='bbox 2747 1344 2892 1390; x_wconf 89' lang='lat' dir='ltr'><strong>stare</strong></span> <span class='ocrx_word' id='word_1_180' title='bbox 2918 1336 3238 1403; x_wconf 90' lang='lat' dir='ltr'><strong>voluissent,</strong></span> <span class='ocrx_word' id='word_1_181' title='bbox 3285 1350 3563 1406; x_wconf 86' lang='lat' dir='ltr'><strong>nunquam</strong></span> 
     </span>
    </p>
   </div>
   <div class='ocr_carea' id='block_1_27' title="bbox 1956 1424 3017 1498">
    <p class='ocr_par' dir='ltr' id='par_1_27' title="bbox 1956 1424 3017 1498">
     <span class='ocr_line' id='line_1_27' title="bbox 1956 1424 3017 1498; baseline 0.003 -19"><span class='ocrx_word' id='word_1_182' title='bbox 1956 1424 2188 1493; x_wconf 90' lang='lat' dir='ltr'><strong>admitti,</strong></span> <span class='ocrx_word' id='word_1_183' title='bbox 2221 1436 2277 1483; x_wconf 90' lang='lat' dir='ltr'><strong>et</strong></span> <span class='ocrx_word' id='word_1_184' title='bbox 2302 1442 2517 1497; x_wconf 86' lang='lat' dir='ltr'><strong>semper</strong></span> <span class='ocrx_word' id='word_1_185' title='bbox 2544 1428 2696 1498; x_wconf 89' lang='lat' dir='ltr'><strong>rejici</strong></span> <span class='ocrx_word' id='word_1_186' title='bbox 2726 1427 3017 1484; x_wconf 88' lang='lat' dir='ltr'><strong>debebant.</strong></span> 
     </span>
    </p>
   </div>
   <div class='ocr_carea' id='block_1_28' title="bbox 2028 1519 3565 1593">
    <p class='ocr_par' dir='ltr' id='par_1_28' title="bbox 2028 1519 3565 1593">
     <span class='ocr_line' id='line_1_28' title="bbox 2028 1519 3565 1593; baseline 0.002 -19"><span class='ocrx_word' id='word_1_187' title='bbox 2028 1520 2100 1575; x_wconf 91' lang='lat' dir='ltr'><strong>At</strong></span> <span class='ocrx_word' id='word_1_188' title='bbox 2123 1519 2315 1575; x_wconf 82' lang='lat' dir='ltr'><strong>saltem</strong></span> <span class='ocrx_word' id='word_1_189' title='bbox 2336 1536 2404 1575; x_wconf 88' lang='lat' dir='ltr'><strong>ex</strong></span> <span class='ocrx_word' id='word_1_190' title='bbox 2433 1521 2733 1587; x_wconf 89' lang='lat' dir='ltr'><strong>concessis,</strong></span> <span class='ocrx_word' id='word_1_191' title='bbox 2769 1522 3087 1593; x_wconf 88' lang='lat' dir='ltr'><strong>ioquiebant</strong></span> <span class='ocrx_word' id='word_1_192' title='bbox 3116 1522 3371 1592; x_wconf 80' lang='lat' dir='ltr'><strong>gentiles,</strong></span> <span class='ocrx_word' id='word_1_193' title='bbox 3404 1537 3565 1592; x_wconf 82' lang='lat' dir='ltr'><strong>aper-</strong></span> 
     </span>
    </p>
   </div>
   <div class='ocr_carea' id='block_1_29' title="bbox 1956 1612 3563 1686">
    <p class='ocr_par' dir='ltr' id='par_1_29' title="bbox 1956 1612 3563 1686">
     <span class='ocr_line' id='line_1_29' title="bbox 1956 1612 3563 1686; baseline 0.001 -18"><span class='ocrx_word' id='word_1_194' title='bbox 1956 1612 2161 1669; x_wconf 88' lang='lat' dir='ltr'><strong>tissime</strong></span> <span class='ocrx_word' id='word_1_195' title='bbox 2191 1614 2458 1686; x_wconf 79' lang='lat' dir='ltr'><strong>colligitur</strong></span> <span class='ocrx_word' id='word_1_196' title='bbox 2476 1614 2701 1670; x_wconf 91' lang='lat' dir='ltr'><strong>deorum</strong></span> <span class='ocrx_word' id='word_1_197' title='bbox 2725 1626 3035 1671; x_wconf 89' lang='lat' dir='ltr'><strong>nostrorum</strong></span> <span class='ocrx_word' id='word_1_198' title='bbox 3079 1616 3395 1686; x_wconf 85' lang='lat' dir='ltr'><strong>religionem</strong></span> <span class='ocrx_word' id='word_1_199' title='bbox 3416 1616 3563 1672; x_wconf 63' lang='lat' dir='ltr'><strong>chri-</strong></span> 
     </span>
    </p>
   </div>
   <div class='ocr_carea' id='block_1_30' title="bbox 1955 1703 3565 1779">
    <p class='ocr_par' dir='ltr' id='par_1_30' title="bbox 1955 1703 3565 1779">
     <span class='ocr_line' id='line_1_30' title="bbox 1955 1703 3565 1779; baseline 0.001 -17"><span class='ocrx_word' id='word_1_200' title='bbox 1955 1708 2128 1763; x_wconf 89' lang='lat' dir='ltr'><strong>stiana</strong></span> <span class='ocrx_word' id='word_1_201' title='bbox 2148 1723 2269 1763; x_wconf 90' lang='lat' dir='ltr'><strong>esse</strong></span> <span class='ocrx_word' id='word_1_202' title='bbox 2292 1708 2449 1779; x_wconf 88' lang='lat' dir='ltr'><strong>longe</strong></span> <span class='ocrx_word' id='word_1_203' title='bbox 2469 1703 2851 1779; x_wconf 79' lang='lat' dir='ltr'><strong>antiquiorem,</strong></span> <span class='ocrx_word' id='word_1_204' title='bbox 2872 1718 3034 1778; x_wconf 87' lang='lat' dir='ltr'><strong>atque</strong></span> <span class='ocrx_word' id='word_1_205' title='bbox 3051 1708 3253 1763; x_wconf 88' lang='lat' dir='ltr'><strong>idcirco</strong></span> <span class='ocrx_word' id='word_1_206' title='bbox 3271 1710 3565 1765; x_wconf 86' lang='lat' dir='ltr'><strong>veriorem.</strong></span> 
     </span>
    </p>
   </div>
   <div class='ocr_carea' id='block_1_31' title="bbox 320 1792 3563 1885">
    <p class='ocr_par' dir='ltr' id='par_1_31' title="bbox 320 1792 3563 1885">
     <span class='ocr_line' id='line_1_31' title="bbox 320 1792 3563 1885; baseline 0.004 -38"><span class='ocrx_word' id='word_1_207' title='bbox 320 1792 591 1849; x_wconf 87' lang='lat' dir='ltr'><strong>Saturnus</strong></span> <span class='ocrx_word' id='word_1_208' title='bbox 621 1795 771 1849; x_wconf 91' lang='lat' dir='ltr'><strong>enim</strong></span> <span class='ocrx_word' id='word_1_209' title='bbox 814 1792 951 1851; x_wconf 67' lang='grc' dir='ltr'><strong>(Σωιί</strong></span> <span class='ocrx_word' id='word_1_210' title='bbox 975 1804 1031 1851; x_wconf 90' lang='lat' dir='ltr'><strong>et</strong></span> <span class='ocrx_word' id='word_1_211' title='bbox 1060 1794 1275 1850; x_wconf 65' lang='lat' dir='ltr'><strong>Hecatae</strong></span> <span class='ocrx_word' id='word_1_212' title='bbox 1320 1795 1492 1863; x_wconf 76' lang='lat' dir='ltr'><strong>illius,</strong></span> <span class='ocrx_word' id='word_1_213' title='bbox 1524 1795 1712 1852; x_wconf 85' lang='lat' dir='ltr'><strong>Jovem</strong></span> <span class='ocrx_word' id='word_1_214' title='bbox 1736 1838 1751 1863; x_wconf 92' lang='lat'><strong>,</strong></span> <span class='ocrx_word' id='word_1_215' title='bbox 1790 1813 1854 1854; x_wconf 91' lang='lat' dir='ltr'><strong>ac</strong></span> <span class='ocrx_word' id='word_1_216' title='bbox 1886 1826 1933 1885; x_wconf 81' lang='grc' dir='ltr'><strong>Β</strong></span> <span class='ocrx_word' id='word_1_217' title='bbox 1959 1799 2130 1872; x_wconf 85' lang='lat' dir='ltr'><strong>Negat</strong></span> <span class='ocrx_word' id='word_1_218' title='bbox 2162 1802 2338 1871; x_wconf 90' lang='lat' dir='ltr'><strong>primo</strong></span> <span class='ocrx_word' id='word_1_219' title='bbox 2365 1803 2807 1873; x_wconf 88' lang='lat' dir='ltr'><strong>consequentiam</strong></span> <span class='ocrx_word' id='word_1_220' title='bbox 2837 1803 3129 1859; x_wconf 81' lang='lat' dir='ltr'><strong>Arnobius.</strong></span> <span class='ocrx_word' id='word_1_221' title='bbox 3164 1801 3378 1858; x_wconf 86' lang='lat' dir='ltr'><strong>Sufficit</strong></span> <span class='ocrx_word' id='word_1_222' title='bbox 3414 1804 3563 1860; x_wconf 84' lang='lat' dir='ltr'><strong>enim</strong></span> 
     </span>
    </p>
   </div>
   <div class='ocr_carea' id='block_1_32' title="bbox 255 1885 1851 1964">
    <p class='ocr_par' dir='ltr' id='par_1_32' title="bbox 255 1885 1851 1964">
     <span class='ocr_line' id='line_1_32' title="bbox 255 1885 1851 1964; baseline 0.004 -24"><span class='ocrx_word' id='word_1_223' title='bbox 255 1885 455 1953; x_wconf 87' lang='lat' dir='ltr'><strong>Picum,</strong></span> <span class='ocrx_word' id='word_1_224' title='bbox 475 1885 640 1942; x_wconf 86' lang='lat' dir='ltr'><strong>Picus</strong></span> <span class='ocrx_word' id='word_1_225' title='bbox 653 1886 920 1951; x_wconf 85' lang='lat' dir='ltr'><strong>Faunum.</strong></span> <span class='ocrx_word' id='word_1_226' title='bbox 942 1887 1161 1945; x_wconf 86' lang='lat' dir='ltr'><strong>Faunus</strong></span> <span class='ocrx_word' id='word_1_227' title='bbox 1182 1888 1431 1945; x_wconf 88' lang='lat' dir='ltr'><strong>Latinum</strong></span> <span class='ocrx_word' id='word_1_228' title='bbox 1452 1892 1639 1961; x_wconf 90' lang='lat' dir='ltr'><strong>genuit</strong></span> <span class='ocrx_word' id='word_1_229' title='bbox 1656 1891 1851 1964; x_wconf 87' lang='lat' dir='ltr'><strong>(ibid.).</strong></span> 
     </span>
    </p>
   </div>
   <div class='ocr_carea' id='block_1_33' title="bbox 251 1979 1856 2053">
    <p class='ocr_par' dir='ltr' id='par_1_33' title="bbox 251 1979 1856 2053">
     <span class='ocr_line' id='line_1_33' title="bbox 251 1979 1856 2053; baseline 0.005 -19"><span class='ocrx_word' id='word_1_230' title='bbox 251 1979 416 2047; x_wconf 87' lang='lat' dir='ltr'><strong>Quam</strong></span> <span class='ocrx_word' id='word_1_231' title='bbox 446 1990 634 2037; x_wconf 88' lang='lat' dir='ltr'><strong>autem</strong></span> <span class='ocrx_word' id='word_1_232' title='bbox 664 1981 718 2035; x_wconf 91' lang='lat' dir='ltr'><strong>id</strong></span> <span class='ocrx_word' id='word_1_233' title='bbox 746 1997 937 2037; x_wconf 90' lang='lat' dir='ltr'><strong>verum</strong></span> <span class='ocrx_word' id='word_1_234' title='bbox 966 1983 1037 2037; x_wconf 92' lang='lat' dir='ltr'><strong>sit</strong></span> <span class='ocrx_word' id='word_1_235' title='bbox 1058 1998 1124 2038; x_wconf 82' lang='lat' dir='ltr'><strong>ex</strong></span> <span class='ocrx_word' id='word_1_236' title='bbox 1149 1982 1311 2039; x_wconf 89' lang='lat' dir='ltr'><strong>variis</strong></span> <span class='ocrx_word' id='word_1_237' title='bbox 1335 1984 1711 2053; x_wconf 89' lang='lat' dir='ltr'><strong>scriptoribus,</strong></span> <span class='ocrx_word' id='word_1_238' title='bbox 1744 1986 1856 2043; x_wconf 89' lang='lat' dir='ltr'><strong>his-</strong></span> 
     </span>
    </p>
   </div>
   <div class='ocr_carea' id='block_1_34' title="bbox 253 2074 1661 2148">
    <p class='ocr_par' dir='ltr' id='par_1_34' title="bbox 253 2074 1661 2148">
     <span class='ocr_line' id='line_1_34' title="bbox 253 2074 1661 2148; baseline 0.005 -23"><span class='ocrx_word' id='word_1_239' title='bbox 253 2087 351 2141; x_wconf 88' lang='lat' dir='ltr'><strong>que</strong></span> <span class='ocrx_word' id='word_1_240' title='bbox 380 2074 727 2143; x_wconf 86' lang='lat' dir='ltr'><strong>potissimum</strong></span> <span class='ocrx_word' id='word_1_241' title='bbox 761 2074 963 2145; x_wconf 82' lang='lat' dir='ltr'><strong>Virgilii</strong></span> <span class='ocrx_word' id='word_1_242' title='bbox 990 2075 1317 2130; x_wconf 88' lang='lat' dir='ltr'><strong>carminibus</strong></span> <span class='ocrx_word' id='word_1_243' title='bbox 1344 2075 1614 2148; x_wconf 88' lang='lat' dir='ltr'><strong>colligitur</strong></span> <span class='ocrx_word' id='word_1_244' title='bbox 1647 2096 1661 2132; x_wconf 91' lang='lat'><strong>:</strong></span> 
     </span>
    </p>
   </div>
   <div class='ocr_carea' id='block_1_35' title="bbox 874 2212 1624 2272">
    <p class='ocr_par' dir='ltr' id='par_1_35' title="bbox 874 2212 1624 2272">
     <span class='ocr_line' id='line_1_35' title="bbox 874 2212 1624 2272; baseline 0.004 -11"><span class='ocrx_word' id='word_1_245' title='bbox 874 2212 981 2263; x_wconf 82' lang='lat' dir='ltr'><strong>Rex</strong></span> <span class='ocrx_word' id='word_1_246' title='bbox 1008 2225 1123 2264; x_wconf 89' lang='lat' dir='ltr'><strong>arva</strong></span> <span class='ocrx_word' id='word_1_247' title='bbox 1146 2213 1369 2272; x_wconf 82' lang='lat' dir='ltr'><strong>Latinus,</strong></span> <span class='ocrx_word' id='word_1_248' title='bbox 1395 2220 1449 2264; x_wconf 88' lang='lat' dir='ltr'><strong>et</strong></span> <span class='ocrx_word' id='word_1_249' title='bbox 1468 2216 1624 2264; x_wconf 87' lang='lat' dir='ltr'><strong>urbes</strong></span> 
     </span>
    </p>
   </div>
   <div class='ocr_carea' id='block_1_36' title="bbox 344 2274 1524 2339">
    <p class='ocr_par' dir='ltr' id='par_1_36' title="bbox 344 2274 1524 2339">
     <span class='ocr_line' id='line_1_36' title="bbox 344 2274 1524 2339; baseline 0.003 -16"><span class='ocrx_word' id='word_1_250' title='bbox 344 2274 451 2339; x_wconf 51' lang='lat' dir='ltr'><strong>iam</strong></span> <span class='ocrx_word' id='word_1_251' title='bbox 476 2277 650 2339; x_wconf 64' lang='lat' dir='ltr'><strong>senior</strong></span> <span class='ocrx_word' id='word_1_252' title='bbox 673 2274 818 2337; x_wconf 84' lang='lat' dir='ltr'><strong>longa</strong></span> <span class='ocrx_word' id='word_1_253' title='bbox 845 2275 1056 2339; x_wconf 80' lang='lat' dir='ltr'><strong>placidas</strong></span> <span class='ocrx_word' id='word_1_254' title='bbox 1076 2278 1121 2324; x_wconf 91' lang='lat' dir='ltr'><strong>in</strong></span> <span class='ocrx_word' id='word_1_255' title='bbox 1150 2290 1273 2339; x_wconf 86' lang='lat' dir='ltr'><strong>pace</strong></span> <span class='ocrx_word' id='word_1_256' title='bbox 1294 2278 1524 2339; x_wconf 81' lang='lat' dir='ltr'><strong>regebat.</strong></span> 
     </span>
    </p>
   </div>
   <div class='ocr_carea' id='block_1_37' title="bbox 335 2336 1716 2412">
    <p class='ocr_par' dir='ltr' id='par_1_37' title="bbox 335 2336 1716 2412">
     <span class='ocr_line' id='line_1_37' title="bbox 335 2336 1716 2412; baseline 0.004 -28"><span class='ocrx_word' id='word_1_257' title='bbox 335 2337 481 2412; x_wconf 58' lang='lat' dir='ltr'><strong>iiunc</strong></span> <span class='ocrx_word' id='word_1_258' title='bbox 496 2336 991 2412; x_wconf 33' lang='lat' dir='ltr'><strong>.Fauuonet’Ny&#39;mpha</strong></span> <span class='ocrx_word' id='word_1_259' title='bbox 1013 2336 1238 2412; x_wconf 69' lang='lat' dir='ltr'><strong>genitum</strong></span> <span class='ocrx_word' id='word_1_260' title='bbox 1264 2336 1511 2390; x_wconf 71' lang='lat' dir='ltr'><strong>Laurente</strong></span> <span class='ocrx_word' id='word_1_261' title='bbox 1535 2340 1716 2412; x_wconf 69' lang='lat' dir='ltr'><strong>Marica</strong></span> 
     </span>
    </p>
   </div>
   <div class='ocr_carea' id='block_1_38' title="bbox 336 2399 1635 2466">
    <p class='ocr_par' dir='ltr' id='par_1_38' title="bbox 336 2399 1635 2466">
     <span class='ocr_line' id='line_1_38' title="bbox 336 2399 1635 2466; baseline 0.001 -16"><span class='ocrx_word' id='word_1_262' title='bbox 336 2402 639 2466; x_wconf 66' lang='lat' dir='ltr'><strong>Accipimus,</strong></span> <span class='ocrx_word' id='word_1_263' title='bbox 667 2399 836 2466; x_wconf 74' lang='lat' dir='ltr'><strong>Fauuo</strong></span> <span class='ocrx_word' id='word_1_264' title='bbox 860 2399 1005 2451; x_wconf 88' lang='lat' dir='ltr'><strong>Picus</strong></span> <span class='ocrx_word' id='word_1_265' title='bbox 1019 2399 1187 2464; x_wconf 80' lang='lat' dir='ltr'><strong>pater,</strong></span> <span class='ocrx_word' id='word_1_266' title='bbox 1212 2403 1355 2466; x_wconf 84' lang='lat' dir='ltr'><strong>isque</strong></span> <span class='ocrx_word' id='word_1_267' title='bbox 1380 2411 1635 2465; x_wconf 85' lang='lat' dir='ltr'><strong>parentem</strong></span> 
     </span>
    </p>
   </div>
   <div class='ocr_carea' id='block_1_39' title="bbox 337 2462 1694 2528">
    <p class='ocr_par' dir='ltr' id='par_1_39' title="bbox 337 2462 1694 2528">
     <span class='ocr_line' id='line_1_39' title="bbox 337 2462 1694 2528; baseline -0.001 -14"><span class='ocrx_word' id='word_1_268' title='bbox 337 2463 428 2524; x_wconf 86' lang='lat' dir='ltr'><strong>Te,</strong></span> <span class='ocrx_word' id='word_1_269' title='bbox 457 2462 697 2524; x_wconf 82' lang='lat' dir='ltr'><strong>Saturne,</strong></span> <span class='ocrx_word' id='word_1_270' title='bbox 716 2462 904 2514; x_wconf 88' lang='lat' dir='ltr'><strong>refert:</strong></span> <span class='ocrx_word' id='word_1_271' title='bbox 927 2471 981 2513; x_wconf 90' lang='lat' dir='ltr'><strong>tu</strong></span> <span class='ocrx_word' id='word_1_272' title='bbox 1006 2462 1260 2528; x_wconf 76' lang='lat' dir='ltr'><strong>sanguinis</strong></span> <span class='ocrx_word' id='word_1_273' title='bbox 1274 2462 1484 2514; x_wconf 73' lang='lat' dir='ltr'><strong>&#39;ultlinus</strong></span> <span class='ocrx_word' id='word_1_274' title='bbox 1506 2471 1694 2514; x_wconf 87' lang='lat' dir='ltr'><strong>auctor.</strong></span> 
     </span>
    </p>
   </div>
   <div class='ocr_carea' id='block_1_40' title="bbox 652 2564 1786 2637">
    <p class='ocr_par' dir='ltr' id='par_1_40' title="bbox 652 2564 1786 2637">
     <span class='ocr_line' id='line_1_40' title="bbox 652 2564 1786 2637; baseline -0.002 -16"><span class='ocrx_word' id='word_1_275' title='bbox 652 2567 882 2637; x_wconf 51' lang='grc' dir='ltr'><strong>(γὰρῆ,</strong></span> <span class='ocrx_word' id='word_1_276' title='bbox 905 2564 992 2621; x_wconf 84' lang='lat' dir='ltr'><strong>lib.</strong></span> <span class='ocrx_word' id='word_1_277' title='bbox 1010 2584 1089 2630; x_wconf 82' lang='lat' dir='ltr'><strong>vn,</strong></span> <span class='ocrx_word' id='word_1_278' title='bbox 1114 2567 1331 2629; x_wconf 72' lang='lat' dir='ltr'><strong>1Eneia.,</strong></span> <span class='ocrx_word' id='word_1_279' title='bbox 1359 2582 1485 2620; x_wconf 83' lang='lat' dir='ltr'><strong>vers.</strong></span> <span class='ocrx_word' id='word_1_280' title='bbox 1511 2568 1574 2619; x_wconf 80' lang='grc'><strong>45</strong></span> <span class='ocrx_word' id='word_1_281' title='bbox 1594 2574 1640 2619; x_wconf 87' lang='lat' dir='ltr'><strong>et</strong></span> <span class='ocrx_word' id='word_1_282' title='bbox 1660 2568 1786 2636; x_wconf 88' lang='lat' dir='ltr'><strong>seq.)</strong></span> 
     </span>
    </p>
   </div>
   <div class='ocr_carea' id='block_1_41' title="bbox 249 2696 1850 2773">
    <p class='ocr_par' dir='ltr' id='par_1_41' title="bbox 249 2696 1850 2773">
     <span class='ocr_line' id='line_1_41' title="bbox 249 2696 1850 2773; baseline -0.003 -17"><span class='ocrx_word' id='word_1_283' title='bbox 249 2702 406 2773; x_wconf 91' lang='lat' dir='ltr'><strong>Atqui</strong></span> <span class='ocrx_word' id='word_1_284' title='bbox 428 2700 524 2756; x_wconf 90' lang='lat' dir='ltr'><strong>his</strong></span> <span class='ocrx_word' id='word_1_285' title='bbox 556 2699 730 2755; x_wconf 88' lang='lat' dir='ltr'><strong>tribus</strong></span> <span class='ocrx_word' id='word_1_286' title='bbox 754 2698 885 2754; x_wconf 87' lang='lat' dir='ltr'><strong>viris</strong></span> <span class='ocrx_word' id='word_1_287' title='bbox 913 2698 1064 2764; x_wconf 85' lang='lat' dir='ltr'><strong>Pico,</strong></span> <span class='ocrx_word' id='word_1_288' title='bbox 1102 2697 1293 2753; x_wconf 89' lang='lat' dir='ltr'><strong>Fauno</strong></span> <span class='ocrx_word' id='word_1_289' title='bbox 1319 2706 1375 2753; x_wconf 92' lang='lat' dir='ltr'><strong>et</strong></span> <span class='ocrx_word' id='word_1_290' title='bbox 1400 2697 1615 2763; x_wconf 85' lang='lat' dir='ltr'><strong>Latino,</strong></span> <span class='ocrx_word' id='word_1_291' title='bbox 1648 2696 1728 2751; x_wconf 91' lang='lat' dir='ltr'><strong>uti</strong></span> <span class='ocrx_word' id='word_1_292' title='bbox 1759 2711 1850 2752; x_wconf 88' lang='lat' dir='ltr'><strong>ar-</strong></span> 
     </span>
    </p>
   </div>
   <div class='ocr_carea' id='block_1_42' title="bbox 246 2796 1849 2870">
    <p class='ocr_par' dir='ltr' id='par_1_42' title="bbox 246 2796 1849 2870">
     <span class='ocr_line' id='line_1_42' title="bbox 246 2796 1849 2870; baseline -0.001 -16"><span class='ocrx_word' id='word_1_293' title='bbox 246 2801 354 2870; x_wconf 86' lang='lat' dir='ltr'><strong>guit</strong></span> <span class='ocrx_word' id='word_1_294' title='bbox 393 2798 707 2866; x_wconf 78' lang='lat' dir='ltr'><strong>Arnobius,</strong></span> <span class='ocrx_word' id='word_1_295' title='bbox 762 2812 869 2853; x_wconf 92' lang='lat' dir='ltr'><strong>non</strong></span> <span class='ocrx_word' id='word_1_296' title='bbox 916 2798 1159 2868; x_wconf 88' lang='lat' dir='ltr'><strong>longius,</strong></span> <span class='ocrx_word' id='word_1_297' title='bbox 1204 2811 1364 2869; x_wconf 91' lang='lat' dir='ltr'><strong>quam</strong></span> <span class='ocrx_word' id='word_1_298' title='bbox 1397 2796 1504 2851; x_wconf 77' lang='grc'><strong>560</strong></span> <span class='ocrx_word' id='word_1_299' title='bbox 1552 2811 1849 2865; x_wconf 86' lang='lat' dir='ltr'><strong>annorum,</strong></span> 
     </span>
    </p>
   </div>
   <div class='ocr_carea' id='block_1_43' title="bbox 244 2890 1849 2963">
    <p class='ocr_par' dir='ltr' id='par_1_43' title="bbox 244 2890 1849 2963">
     <span class='ocr_line' id='line_1_43' title="bbox 244 2890 1849 2963; baseline -0.003 -14"><span class='ocrx_word' id='word_1_300' title='bbox 244 2894 478 2963; x_wconf 86' lang='lat' dir='ltr'><strong>spatium</strong></span> <span class='ocrx_word' id='word_1_301' title='bbox 510 2892 777 2963; x_wconf 90' lang='lat' dir='ltr'><strong>temporis</strong></span> <span class='ocrx_word' id='word_1_302' title='bbox 802 2901 858 2947; x_wconf 91' lang='lat' dir='ltr'><strong>et</strong></span> <span class='ocrx_word' id='word_1_303' title='bbox 883 2891 1008 2946; x_wconf 69' lang='lat' dir='ltr'><strong>vita:</strong></span> <span class='ocrx_word' id='word_1_304' title='bbox 1042 2891 1267 2947; x_wconf 88' lang='lat' dir='ltr'><strong>concedi</strong></span> <span class='ocrx_word' id='word_1_305' title='bbox 1298 2898 1492 2961; x_wconf 88' lang='lat' dir='ltr'><strong>potest.</strong></span> <span class='ocrx_word' id='word_1_306' title='bbox 1536 2890 1724 2945; x_wconf 87' lang='lat' dir='ltr'><strong>Nullus</strong></span> <span class='ocrx_word' id='word_1_307' title='bbox 1749 2905 1849 2944; x_wconf 69' lang='lat' dir='ltr'><strong>auo</strong></span> 
     </span>
    </p>
   </div>
   <div class='ocr_carea' id='block_1_44' title="bbox 247 2982 1850 3053">
    <p class='ocr_par' dir='ltr' id='par_1_44' title="bbox 247 2982 1850 3053">
     <span class='ocr_line' id='line_1_44' title="bbox 247 2982 1850 3053; baseline -0.002 -11"><span class='ocrx_word' id='word_1_308' title='bbox 247 2998 348 3042; x_wconf 88' lang='lat' dir='ltr'><strong>tem</strong></span> <span class='ocrx_word' id='word_1_309' title='bbox 379 2985 671 3043; x_wconf 89' lang='lat' dir='ltr'><strong>dubitandi</strong></span> <span class='ocrx_word' id='word_1_310' title='bbox 702 2985 851 3041; x_wconf 91' lang='lat' dir='ltr'><strong>locus</strong></span> <span class='ocrx_word' id='word_1_311' title='bbox 890 2994 1013 3049; x_wconf 89' lang='lat' dir='ltr'><strong>est;</strong></span> <span class='ocrx_word' id='word_1_312' title='bbox 1048 2986 1176 3053; x_wconf 90' lang='lat' dir='ltr'><strong>quin</strong></span> <span class='ocrx_word' id='word_1_313' title='bbox 1215 2983 1307 3039; x_wconf 90' lang='lat' dir='ltr'><strong>ille</strong></span> <span class='ocrx_word' id='word_1_314' title='bbox 1346 2982 1509 3045; x_wconf 87' lang='lat' dir='ltr'><strong>ultra,</strong></span> <span class='ocrx_word' id='word_1_315' title='bbox 1559 2998 1719 3051; x_wconf 90' lang='lat' dir='ltr'><strong>quam</strong></span> <span class='ocrx_word' id='word_1_316' title='bbox 1753 2998 1850 3039; x_wconf 91' lang='lat' dir='ltr'><strong>ne-</strong></span> 
     </span>
    </p>
   </div>
   <div class='ocr_carea' id='block_1_45' title="bbox 246 3075 1851 3148">
    <p class='ocr_par' dir='ltr' id='par_1_45' title="bbox 246 3075 1851 3148">
     <span class='ocr_line' id='line_1_45' title="bbox 246 3075 1851 3148; baseline -0.003 -14"><span class='ocrx_word' id='word_1_317' title='bbox 246 3093 393 3135; x_wconf 85' lang='lat' dir='ltr'><strong>cesse</strong></span> <span class='ocrx_word' id='word_1_318' title='bbox 420 3088 580 3142; x_wconf 89' lang='lat' dir='ltr'><strong>erat,</strong></span> <span class='ocrx_word' id='word_1_319' title='bbox 631 3092 701 3133; x_wconf 93' lang='lat' dir='ltr'><strong>ne</strong></span> <span class='ocrx_word' id='word_1_320' title='bbox 731 3076 858 3148; x_wconf 92' lang='lat' dir='ltr'><strong>quid</strong></span> <span class='ocrx_word' id='word_1_321' title='bbox 902 3077 1104 3132; x_wconf 90' lang='lat' dir='ltr'><strong>ethnici</strong></span> <span class='ocrx_word' id='word_1_322' title='bbox 1149 3076 1360 3131; x_wconf 89' lang='lat' dir='ltr'><strong>hiscere</strong></span> <span class='ocrx_word' id='word_1_323' title='bbox 1407 3076 1702 3142; x_wconf 85' lang='lat' dir='ltr'><strong>auderent,</strong></span> <span class='ocrx_word' id='word_1_324' title='bbox 1745 3075 1851 3130; x_wconf 90' lang='lat' dir='ltr'><strong>hoc</strong></span> 
     </span>
    </p>
   </div>
   <div class='ocr_carea' id='block_1_46' title="bbox 246 3136 1922 3243">
    <p class='ocr_par' dir='ltr' id='par_1_46' title="bbox 246 3136 1922 3243">
     <span class='ocr_line' id='line_1_46' title="bbox 246 3136 1922 3243; baseline -0.002 -17"><span class='ocrx_word' id='word_1_325' title='bbox 246 3173 506 3243; x_wconf 89' lang='lat' dir='ltr'><strong>temporis</strong></span> <span class='ocrx_word' id='word_1_326' title='bbox 551 3136 896 3225; x_wconf 72' lang='lat' dir='ltr'><strong>intervallum</strong></span> <span class='ocrx_word' id='word_1_327' title='bbox 955 3168 1291 3238; x_wconf 86' lang='lat' dir='ltr'><strong>produxerit.</strong></span> <span class='ocrx_word' id='word_1_328' title='bbox 1354 3166 1488 3223; x_wconf 89' lang='lat' dir='ltr'><strong>Nam</strong></span> <span class='ocrx_word' id='word_1_329' title='bbox 1530 3168 1585 3223; x_wconf 93' lang='lat' dir='ltr'><strong>in</strong></span> <span class='ocrx_word' id='word_1_330' title='bbox 1629 3136 1848 3222; x_wconf 84' lang='lat' dir='ltr'><strong>Eusebii</strong></span> <span class='ocrx_word' id='word_1_331' title='bbox 1877 3136 1922 3199; x_wconf 65' lang='grc' dir='ltr'>Ο</span> 
     </span>
    </p>
   </div>
   <div class='ocr_carea' id='block_1_47' title="bbox 244 3261 1847 3336">
    <p class='ocr_par' dir='ltr' id='par_1_47' title="bbox 244 3261 1847 3336">
     <span class='ocr_line' id='line_1_47' title="bbox 244 3261 1847 3336; baseline -0.003 -14"><span class='ocrx_word' id='word_1_332' title='bbox 244 3265 505 3322; x_wconf 82' lang='lat' dir='ltr'><strong>chronico</strong></span> <span class='ocrx_word' id='word_1_333' title='bbox 535 3265 708 3320; x_wconf 90' lang='lat' dir='ltr'><strong>multo</strong></span> <span class='ocrx_word' id='word_1_334' title='bbox 733 3265 905 3335; x_wconf 86' lang='lat' dir='ltr'><strong>magis</strong></span> <span class='ocrx_word' id='word_1_335' title='bbox 927 3264 1009 3319; x_wconf 88' lang='lat' dir='ltr'><strong>his</strong></span> <span class='ocrx_word' id='word_1_336' title='bbox 1038 3264 1219 3319; x_wconf 89' lang='lat' dir='ltr'><strong>verbis</strong></span> <span class='ocrx_word' id='word_1_337' title='bbox 1244 3263 1589 3318; x_wconf 88' lang='lat' dir='ltr'><strong>contrahitur</strong></span> <span class='ocrx_word' id='word_1_338' title='bbox 1606 3261 1847 3336; x_wconf 83' lang='lat' dir='ltr'><strong>(Euseb.,</strong></span> 
     </span>
    </p>
   </div>
   <div class='ocr_carea' id='block_1_48' title="bbox 244 3354 1852 3428">
    <p class='ocr_par' dir='ltr' id='par_1_48' title="bbox 244 3354 1852 3428">
     <span class='ocr_line' id='line_1_48' title="bbox 244 3354 1852 3428; baseline -0.001 -18"><span class='ocrx_word' id='word_1_339' title='bbox 244 3359 417 3413; x_wconf 76' lang='lat' dir='ltr'><strong>chron.</strong></span> <span class='ocrx_word' id='word_1_340' title='bbox 440 3400 459 3426; x_wconf 89' lang='lat'><strong>,</strong></span> <span class='ocrx_word' id='word_1_341' title='bbox 494 3358 583 3413; x_wconf 85' lang='lat' dir='ltr'><strong>lib.</strong></span> <span class='ocrx_word' id='word_1_342' title='bbox 616 3373 634 3412; x_wconf 93' lang='grc' dir='ltr'><strong>ι</strong></span> <span class='ocrx_word' id='word_1_343' title='bbox 678 3367 725 3411; x_wconf 90' lang='lat' dir='ltr'><strong>et</strong></span> <span class='ocrx_word' id='word_1_344' title='bbox 756 3356 844 3411; x_wconf 89' lang='lat' dir='ltr'><strong>lib.</strong></span> <span class='ocrx_word' id='word_1_345' title='bbox 873 3373 913 3411; x_wconf 90' lang='grc' dir='ltr'><strong>ιι</strong></span> <span class='ocrx_word' id='word_1_346' title='bbox 934 3400 949 3425; x_wconf 89' lang='lat'><strong>,</strong></span> <span class='ocrx_word' id='word_1_347' title='bbox 983 3357 1053 3410; x_wconf 82' lang='lat' dir='ltr'><strong>ad</strong></span> <span class='ocrx_word' id='word_1_348' title='bbox 1080 3373 1205 3410; x_wconf 83' lang='lat' dir='ltr'><strong>ann.</strong></span> <span class='ocrx_word' id='word_1_349' title='bbox 1239 3354 1427 3428; x_wconf 79' lang='lat'><strong>858):</strong></span> <span class='ocrx_word' id='word_1_350' title='bbox 1464 3373 1483 3408; x_wconf 83' lang='lat' dir='ltr'><strong>s</strong></span> <span class='ocrx_word' id='word_1_351' title='bbox 1521 3354 1732 3411; x_wconf 91' lang='lat' dir='ltr'><strong>Primus</strong></span> <span class='ocrx_word' id='word_1_352' title='bbox 1754 3370 1852 3412; x_wconf 85' lang='lat' dir='ltr'><strong>rex</strong></span> 
     </span>
    </p>
   </div>
   <div class='ocr_carea' id='block_1_49' title="bbox 243 3450 1851 3526">
    <p class='ocr_par' dir='ltr' id='par_1_49' title="bbox 243 3450 1851 3526">
     <span class='ocr_line' id='line_1_49' title="bbox 243 3450 1851 3526; baseline -0.003 -15"><span class='ocrx_word' id='word_1_353' title='bbox 243 3456 558 3512; x_wconf 84' lang='lat' dir='ltr'><strong>Latinorum</strong></span> <span class='ocrx_word' id='word_1_354' title='bbox 598 3464 721 3526; x_wconf 90' lang='lat' dir='ltr'><strong>post</strong></span> <span class='ocrx_word' id='word_1_355' title='bbox 766 3462 979 3524; x_wconf 85' lang='lat' dir='ltr'><strong>captam</strong></span> <span class='ocrx_word' id='word_1_356' title='bbox 1020 3452 1239 3522; x_wconf 88' lang='lat' dir='ltr'><strong>Trojam</strong></span> <span class='ocrx_word' id='word_1_357' title='bbox 1275 3450 1499 3507; x_wconf 65' lang='lat' dir='ltr'><strong>Encas.</strong></span> <span class='ocrx_word' id='word_1_358' title='bbox 1546 3451 1689 3507; x_wconf 86' lang='lat' dir='ltr'><strong>Ante</strong></span> <span class='ocrx_word' id='word_1_359' title='bbox 1728 3466 1851 3507; x_wconf 89' lang='lat' dir='ltr'><strong>eum</strong></span> 
     </span>
    </p>
   </div>
   <div class='ocr_carea' id='block_1_50' title="bbox 243 3546 1853 3616">
    <p class='ocr_par' dir='ltr' id='par_1_50' title="bbox 243 3546 1853 3616">
     <span class='ocr_line' id='line_1_50' title="bbox 243 3546 1853 3616; baseline -0.002 -11"><span class='ocrx_word' id='word_1_360' title='bbox 243 3550 407 3605; x_wconf 81' lang='lat' dir='ltr'><strong>Janus</strong></span> <span class='ocrx_word' id='word_1_361' title='bbox 428 3593 444 3615; x_wconf 92' lang='lat'><strong>,</strong></span> <span class='ocrx_word' id='word_1_362' title='bbox 493 3550 793 3616; x_wconf 88' lang='lat' dir='ltr'><strong>Saturnus,</strong></span> <span class='ocrx_word' id='word_1_363' title='bbox 839 3548 1028 3615; x_wconf 90' lang='lat' dir='ltr'><strong>Picus,</strong></span> <span class='ocrx_word' id='word_1_364' title='bbox 1060 3547 1278 3603; x_wconf 80' lang='lat' dir='ltr'><strong>Faunus</strong></span> <span class='ocrx_word' id='word_1_365' title='bbox 1303 3555 1667 3616; x_wconf 85' lang='lat' dir='ltr'><strong>regnaverunt</strong></span> <span class='ocrx_word' id='word_1_366' title='bbox 1694 3546 1853 3602; x_wconf 88' lang='lat' dir='ltr'><strong>annis</strong></span> 
     </span>
    </p>
   </div>
   <div class='ocr_carea' id='block_1_51' title="bbox 244 3646 1848 3712">
    <p class='ocr_par' dir='ltr' id='par_1_51' title="bbox 244 3646 1848 3712">
     <span class='ocr_line' id='line_1_51' title="bbox 244 3646 1848 3712; baseline 0.001 -11"><span class='ocrx_word' id='word_1_367' title='bbox 244 3648 460 3704; x_wconf 88' lang='lat' dir='ltr'><strong>circiter</strong></span> <span class='ocrx_word' id='word_1_368' title='bbox 492 3647 629 3712; x_wconf 84' lang='grc' dir='ltr'><strong>15ος</strong></span> <span class='ocrx_word' id='word_1_369' title='bbox 668 3667 688 3700; x_wconf 75' lang='grc' dir='ltr'><strong>ι</strong></span> <span class='ocrx_word' id='word_1_370' title='bbox 720 3646 976 3703; x_wconf 90' lang='lat' dir='ltr'><strong>nimirum</strong></span> <span class='ocrx_word' id='word_1_371' title='bbox 1016 3647 1173 3701; x_wconf 90' lang='lat' dir='ltr'><strong>annis</strong></span> <span class='ocrx_word' id='word_1_372' title='bbox 1199 3655 1259 3701; x_wconf 94' lang='lat' dir='ltr'><strong>ut</strong></span> <span class='ocrx_word' id='word_1_373' title='bbox 1290 3646 1468 3701; x_wconf 90' lang='lat' dir='ltr'><strong>minus</strong></span> <span class='ocrx_word' id='word_1_374' title='bbox 1492 3646 1718 3703; x_wconf 88' lang='lat' dir='ltr'><strong>totidem</strong></span> <span class='ocrx_word' id='word_1_375' title='bbox 1743 3647 1848 3703; x_wconf 80' lang='grc'><strong>150</strong></span> 
     </span>
    </p>
   </div>
   <div class='ocr_carea' id='block_1_52' title="bbox 246 3737 1850 3810">
    <p class='ocr_par' dir='ltr' id='par_1_52' title="bbox 246 3737 1850 3810">
     <span class='ocr_line' id='line_1_52' title="bbox 246 3737 1850 3810; baseline 0 -15"><span class='ocrx_word' id='word_1_376' title='bbox 246 3755 403 3809; x_wconf 90' lang='lat' dir='ltr'><strong>quam</strong></span> <span class='ocrx_word' id='word_1_377' title='bbox 454 3739 731 3795; x_wconf 79' lang='lat' dir='ltr'><strong>Arnobius</strong></span> <span class='ocrx_word' id='word_1_378' title='bbox 775 3737 1067 3810; x_wconf 88' lang='lat' dir='ltr'><strong>gentilibus</strong></span> <span class='ocrx_word' id='word_1_379' title='bbox 1105 3740 1275 3809; x_wconf 87' lang='lat' dir='ltr'><strong>gratis</strong></span> <span class='ocrx_word' id='word_1_380' title='bbox 1317 3738 1609 3794; x_wconf 90' lang='lat' dir='ltr'><strong>concessit.</strong></span> <span class='ocrx_word' id='word_1_381' title='bbox 1660 3739 1735 3795; x_wconf 93' lang='lat' dir='ltr'><strong>De</strong></span> <span class='ocrx_word' id='word_1_382' title='bbox 1765 3738 1850 3795; x_wconf 87' lang='lat' dir='ltr'><strong>his</strong></span> 
     </span>
    </p>
   </div>
   <div class='ocr_carea' id='block_1_53' title="bbox 248 3828 1849 3902">
    <p class='ocr_par' dir='ltr' id='par_1_53' title="bbox 248 3828 1849 3902">
     <span class='ocr_line' id='line_1_53' title="bbox 248 3828 1849 3902; baseline -0.002 -15"><span class='ocrx_word' id='word_1_383' title='bbox 248 3832 435 3901; x_wconf 87' lang='lat' dir='ltr'><strong>primis</strong></span> <span class='ocrx_word' id='word_1_384' title='bbox 481 3831 795 3887; x_wconf 88' lang='lat' dir='ltr'><strong>Latinorum</strong></span> <span class='ocrx_word' id='word_1_385' title='bbox 840 3830 1059 3902; x_wconf 86' lang='lat' dir='ltr'><strong>regibus</strong></span> <span class='ocrx_word' id='word_1_386' title='bbox 1106 3828 1306 3886; x_wconf 87' lang='lat' dir='ltr'><strong>videsis</strong></span> <span class='ocrx_word' id='word_1_387' title='bbox 1348 3829 1665 3901; x_wconf 83' lang='lat' dir='ltr'><strong>Dionysium</strong></span> <span class='ocrx_word' id='word_1_388' title='bbox 1699 3828 1849 3886; x_wconf 75' lang='lat' dir='ltr'><strong>Hali-</strong></span> 
     </span>
    </p>
   </div>
   <div class='ocr_carea' id='block_1_54' title="bbox 245 3923 1851 3995">
    <p class='ocr_par' dir='ltr' id='par_1_54' title="bbox 245 3923 1851 3995">
     <span class='ocr_line' id='line_1_54' title="bbox 245 3923 1851 3995; baseline -0.002 -12"><span class='ocrx_word' id='word_1_389' title='bbox 245 3941 596 3983; x_wconf 85' lang='lat' dir='ltr'><strong>carnasseum</strong></span> <span class='ocrx_word' id='word_1_390' title='bbox 616 3968 631 3990; x_wconf 92' lang='lat'><strong>,</strong></span> <span class='ocrx_word' id='word_1_391' title='bbox 676 3927 968 3981; x_wconf 88' lang='lat' dir='ltr'><strong>Auctorem</strong></span> <span class='ocrx_word' id='word_1_392' title='bbox 996 3923 1200 3995; x_wconf 89' lang='lat' dir='ltr'><strong>Origin.</strong></span> <span class='ocrx_word' id='word_1_393' title='bbox 1244 3932 1394 3994; x_wconf 89' lang='lat' dir='ltr'><strong>gent.</strong></span> <span class='ocrx_word' id='word_1_394' title='bbox 1424 3938 1587 3989; x_wconf 91' lang='lat' dir='ltr'><strong>rom.,</strong></span> <span class='ocrx_word' id='word_1_395' title='bbox 1618 3923 1851 3979; x_wconf 84' lang='lat' dir='ltr'><strong>Lactan-</strong></span> 
     </span>
    </p>
   </div>
   <div class='ocr_carea' id='block_1_55' title="bbox 248 4014 1842 4088">
    <p class='ocr_par' dir='ltr' id='par_1_55' title="bbox 248 4014 1842 4088">
     <span class='ocr_line' id='line_1_55' title="bbox 248 4014 1842 4088; baseline -0.003 -13"><span class='ocrx_word' id='word_1_396' title='bbox 248 4021 405 4085; x_wconf 87' lang='lat' dir='ltr'><strong>tium,</strong></span> <span class='ocrx_word' id='word_1_397' title='bbox 442 4019 799 4088; x_wconf 84' lang='lat' dir='ltr'><strong>Augustinum</strong></span> <span class='ocrx_word' id='word_1_398' title='bbox 818 4061 834 4085; x_wconf 94' lang='lat'><strong>,</strong></span> <span class='ocrx_word' id='word_1_399' title='bbox 863 4027 919 4072; x_wconf 90' lang='lat' dir='ltr'><strong>et</strong></span> <span class='ocrx_word' id='word_1_400' title='bbox 945 4017 1081 4071; x_wconf 91' lang='lat' dir='ltr'><strong>alios</strong></span> <span class='ocrx_word' id='word_1_401' title='bbox 1108 4014 1390 4087; x_wconf 66' lang='grc' dir='ltr'><strong>(Βίωνι,</strong></span> <span class='ocrx_word' id='word_1_402' title='bbox 1424 4015 1514 4069; x_wconf 88' lang='lat' dir='ltr'><strong>lib.</strong></span> <span class='ocrx_word' id='word_1_403' title='bbox 1545 4031 1563 4070; x_wconf 88' lang='grc' dir='ltr'><strong>ι</strong></span> <span class='ocrx_word' id='word_1_404' title='bbox 1591 4017 1842 4086; x_wconf 80' lang='lat' dir='ltr'><strong>Antiquit.</strong></span> 
     </span>
    </p>
   </div>
   <div class='ocr_carea' id='block_1_56' title="bbox 245 4106 1846 4183">
    <p class='ocr_par' dir='ltr' id='par_1_56' title="bbox 245 4106 1846 4183">
     <span class='ocr_line' id='line_1_56' title="bbox 245 4106 1846 4183; baseline -0.003 -15"><span class='ocrx_word' id='word_1_405' title='bbox 245 4130 374 4168; x_wconf 81' lang='lat' dir='ltr'><strong>rom.</strong></span> <span class='ocrx_word' id='word_1_406' title='bbox 393 4154 408 4176; x_wconf 90' lang='lat'><strong>,</strong></span> <span class='ocrx_word' id='word_1_407' title='bbox 439 4128 563 4183; x_wconf 86' lang='lat' dir='ltr'><strong>pag.</strong></span> <span class='ocrx_word' id='word_1_408' title='bbox 593 4110 666 4167; x_wconf 89' lang='grc'><strong>24</strong></span> <span class='ocrx_word' id='word_1_409' title='bbox 690 4121 737 4165; x_wconf 85' lang='lat' dir='ltr'><strong>et</strong></span> <span class='ocrx_word' id='word_1_410' title='bbox 761 4111 863 4176; x_wconf 65' lang='lat'><strong>&#39;54;</strong></span> <span class='ocrx_word' id='word_1_411' title='bbox 906 4110 1058 4163; x_wconf 82' lang='lat' dir='ltr'><strong>Auct.</strong></span> <span class='ocrx_word' id='word_1_412' title='bbox 1096 4107 1240 4180; x_wconf 83' lang='lat' dir='ltr'><strong>Orig.</strong></span> <span class='ocrx_word' id='word_1_413' title='bbox 1262 4151 1278 4175; x_wconf 92' lang='lat'><strong>,</strong></span> <span class='ocrx_word' id='word_1_414' title='bbox 1324 4124 1447 4179; x_wconf 82' lang='lat' dir='ltr'><strong>pag.</strong></span> <span class='ocrx_word' id='word_1_415' title='bbox 1477 4106 1621 4175; x_wconf 85' lang='lat'><strong>596;</strong></span> <span class='ocrx_word' id='word_1_416' title='bbox 1656 4107 1804 4163; x_wconf 85' lang='lat' dir='ltr'><strong>Lact.</strong></span> <span class='ocrx_word' id='word_1_417' title='bbox 1828 4148 1846 4176; x_wconf 91' lang='lat'><strong>,</strong></span> 
     </span>
    </p>
   </div>
   <div class='ocr_carea' id='block_1_57' title="bbox 246 4199 1841 4275">
    <p class='ocr_par' dir='ltr' id='par_1_57' title="bbox 246 4199 1841 4275">
     <span class='ocr_line' id='line_1_57' title="bbox 246 4199 1841 4275; baseline -0.002 -16"><span class='ocrx_word' id='word_1_418' title='bbox 246 4206 332 4260; x_wconf 86' lang='lat' dir='ltr'><strong>lib.</strong></span> <span class='ocrx_word' id='word_1_419' title='bbox 368 4221 405 4272; x_wconf 90' lang='grc' dir='ltr'>ι,</span> <span class='ocrx_word' id='word_1_420' title='bbox 437 4221 556 4275; x_wconf 86' lang='lat' dir='ltr'><strong>cap.</strong></span> <span class='ocrx_word' id='word_1_421' title='bbox 586 4203 680 4271; x_wconf 84' lang='grc'><strong>22,</strong></span> <span class='ocrx_word' id='word_1_422' title='bbox 703 4220 823 4274; x_wconf 88' lang='lat' dir='ltr'><strong>pag.</strong></span> <span class='ocrx_word' id='word_1_423' title='bbox 853 4201 958 4259; x_wconf 84' lang='grc'><strong>127</strong></span> <span class='ocrx_word' id='word_1_424' title='bbox 980 4220 994 4269; x_wconf 93' lang='lat'><strong>;</strong></span> <span class='ocrx_word' id='word_1_425' title='bbox 1020 4202 1260 4274; x_wconf 81' lang='lat' dir='ltr'><strong>August.,</strong></span> <span class='ocrx_word' id='word_1_426' title='bbox 1293 4202 1382 4257; x_wconf 86' lang='lat' dir='ltr'><strong>lib.</strong></span> <span class='ocrx_word' id='word_1_427' title='bbox 1410 4216 1541 4256; x_wconf 88' lang='lat' dir='ltr'><strong>xvm</strong></span> <span class='ocrx_word' id='word_1_428' title='bbox 1582 4202 1646 4257; x_wconf 84' lang='lat' dir='ltr'><strong>de</strong></span> <span class='ocrx_word' id='word_1_429' title='bbox 1667 4199 1841 4266; x_wconf 78' lang='lat' dir='ltr'><strong>Cirit.,</strong></span> 
     </span>
    </p>
   </div>
   <div class='ocr_carea' id='block_1_58' title="bbox 245 4296 1385 4369">
    <p class='ocr_par' dir='ltr' id='par_1_58' title="bbox 245 4296 1385 4369">
     <span class='ocr_line' id='line_1_58' title="bbox 245 4296 1385 4369; baseline -0.002 -17"><span class='ocrx_word' id='word_1_430' title='bbox 245 4315 360 4368; x_wconf 85' lang='lat' dir='ltr'><strong>cap.</strong></span> <span class='ocrx_word' id='word_1_431' title='bbox 396 4298 485 4365; x_wconf 81' lang='grc'><strong>15,</strong></span> <span class='ocrx_word' id='word_1_432' title='bbox 516 4314 638 4369; x_wconf 87' lang='lat' dir='ltr'><strong>pag.</strong></span> <span class='ocrx_word' id='word_1_433' title='bbox 673 4296 776 4353; x_wconf 80' lang='grc'>499</span> <span class='ocrx_word' id='word_1_434' title='bbox 804 4299 845 4369; x_wconf 92' lang='grc'><strong>).</strong></span> <span class='ocrx_word' id='word_1_435' title='bbox 1384 4336 1385 4339; x_wconf 59' lang='grc' dir='ltr'><strong>η</strong></span> 
     </span>
    </p>
   </div>
   <div class='ocr_carea' id='block_1_59' title="bbox 315 4412 1846 4484">
    <p class='ocr_par' dir='ltr' id='par_1_59' title="bbox 315 4412 1846 4484">
     <span class='ocr_line' id='line_1_59' title="bbox 315 4412 1846 4484; baseline 0.001 -16"><span class='ocrx_word' id='word_1_436' title='bbox 315 4413 466 4468; x_wconf 72' lang='lat' dir='ltr'><strong>Albm</strong></span> <span class='ocrx_word' id='word_1_437' title='bbox 487 4422 689 4477; x_wconf 88' lang='lat' dir='ltr'><strong>autem,</strong></span> <span class='ocrx_word' id='word_1_438' title='bbox 716 4413 893 4484; x_wconf 90' lang='lat' dir='ltr'><strong>pergit</strong></span> <span class='ocrx_word' id='word_1_439' title='bbox 914 4413 1205 4481; x_wconf 86' lang='lat' dir='ltr'><strong>Arnobius,</strong></span> <span class='ocrx_word' id='word_1_440' title='bbox 1229 4412 1491 4469; x_wconf 88' lang='lat' dir='ltr'><strong>Ascanius</strong></span> <span class='ocrx_word' id='word_1_441' title='bbox 1510 4412 1709 4484; x_wconf 87' lang='lat' dir='ltr'><strong>aliique</strong></span> <span class='ocrx_word' id='word_1_442' title='bbox 1730 4413 1846 4484; x_wconf 89' lang='lat' dir='ltr'><strong>ejus</strong></span> 
     </span>
    </p>
   </div>
   <div class='ocr_carea' id='block_1_60' title="bbox 248 4503 1845 4577">
    <p class='ocr_par' dir='ltr' id='par_1_60' title="bbox 248 4503 1845 4577">
     <span class='ocr_line' id='line_1_60' title="bbox 248 4503 1845 4577; baseline 0.001 -19"><span class='ocrx_word' id='word_1_443' title='bbox 248 4519 595 4561; x_wconf 86' lang='lat' dir='ltr'><strong>successores</strong></span> <span class='ocrx_word' id='word_1_444' title='bbox 620 4506 778 4559; x_wconf 87' lang='lat' dir='ltr'><strong>annis</strong></span> <span class='ocrx_word' id='word_1_445' title='bbox 815 4518 984 4575; x_wconf 91' lang='lat' dir='ltr'><strong>pr0pe</strong></span> <span class='ocrx_word' id='word_1_446' title='bbox 1022 4504 1127 4560; x_wconf 87' lang='grc'><strong>420</strong></span> <span class='ocrx_word' id='word_1_447' title='bbox 1168 4512 1533 4575; x_wconf 88' lang='lat' dir='ltr'><strong>regnaverunt</strong></span> <span class='ocrx_word' id='word_1_448' title='bbox 1576 4503 1806 4577; x_wconf 81' lang='lat' dir='ltr'><strong>(Arnob.</strong></span> <span class='ocrx_word' id='word_1_449' title='bbox 1828 4546 1845 4572; x_wconf 95' lang='lat'><strong>,</strong></span> 
     </span>
    </p>
   </div>
   <div class='ocr_carea' id='block_1_61' title="bbox 248 4594 1843 4668">
    <p class='ocr_par' dir='ltr' id='par_1_61' title="bbox 248 4594 1843 4668">
     <span class='ocr_line' id='line_1_61' title="bbox 248 4594 1843 4668; baseline 0.001 -19"><span class='ocrx_word' id='word_1_450' title='bbox 248 4597 332 4651; x_wconf 88' lang='lat' dir='ltr'><strong>lib.</strong></span> <span class='ocrx_word' id='word_1_451' title='bbox 365 4614 436 4664; x_wconf 88' lang='lat' dir='ltr'><strong>ll,</strong></span> <span class='ocrx_word' id='word_1_452' title='bbox 468 4613 593 4668; x_wconf 87' lang='lat' dir='ltr'><strong>pag.</strong></span> <span class='ocrx_word' id='word_1_453' title='bbox 630 4596 732 4665; x_wconf 72' lang='lat' dir='ltr'><strong>9i;</strong></span> <span class='ocrx_word' id='word_1_454' title='bbox 769 4606 890 4651; x_wconf 85' lang='lat' dir='ltr'><strong>tam.</strong></span> <span class='ocrx_word' id='word_1_455' title='bbox 926 4612 943 4651; x_wconf 91' lang='grc' dir='ltr'><strong>ι</strong></span> <span class='ocrx_word' id='word_1_456' title='bbox 975 4597 1253 4668; x_wconf 80' lang='lat' dir='ltr'><strong>Apparat.,</strong></span> <span class='ocrx_word' id='word_1_457' title='bbox 1286 4596 1339 4650; x_wconf 84' lang='lat' dir='ltr'><strong>in</strong></span> <span class='ocrx_word' id='word_1_458' title='bbox 1368 4596 1512 4667; x_wconf 54' lang='grc' dir='ltr'><strong>βω).</strong></span> <span class='ocrx_word' id='word_1_459' title='bbox 1538 4594 1595 4651; x_wconf 84' lang='lat' dir='ltr'><strong>In</strong></span> <span class='ocrx_word' id='word_1_460' title='bbox 1624 4595 1843 4652; x_wconf 87' lang='lat' dir='ltr'><strong>Eusebii</strong></span> 
     </span>
    </p>
   </div>
   <div class='ocr_carea' id='block_1_62' title="bbox 248 4686 1845 4755">
    <p class='ocr_par' dir='ltr' id='par_1_62' title="bbox 248 4686 1845 4755">
     <span class='ocr_line' id='line_1_62' title="bbox 248 4686 1845 4755; baseline 0.001 -12"><span class='ocrx_word' id='word_1_461' title='bbox 248 4700 420 4746; x_wconf 83' lang='lat' dir='ltr'><strong>autem</strong></span> <span class='ocrx_word' id='word_1_462' title='bbox 456 4690 723 4746; x_wconf 80' lang='lat' dir='ltr'><strong>chronica</strong></span> <span class='ocrx_word' id='word_1_463' title='bbox 764 4691 891 4745; x_wconf 85' lang='lat' dir='ltr'><strong>anni</strong></span> <span class='ocrx_word' id='word_1_464' title='bbox 940 4689 1081 4755; x_wconf 83' lang='grc'><strong>452,</strong></span> <span class='ocrx_word' id='word_1_465' title='bbox 1128 4700 1184 4745; x_wconf 91' lang='lat' dir='ltr'><strong>et</strong></span> <span class='ocrx_word' id='word_1_466' title='bbox 1218 4704 1249 4743; x_wconf 90' lang='lat' dir='ltr'><strong>a</strong></span> <span class='ocrx_word' id='word_1_467' title='bbox 1292 4686 1572 4745; x_wconf 87' lang='lat' dir='ltr'><strong>Clemente</strong></span> <span class='ocrx_word' id='word_1_468' title='bbox 1612 4690 1845 4745; x_wconf 89' lang='lat' dir='ltr'><strong>Alexan-</strong></span> 
     </span>
    </p>
   </div>
   <div class='ocr_carea' id='block_1_63' title="bbox 251 4779 1840 4852">
    <p class='ocr_par' dir='ltr' id='par_1_63' title="bbox 251 4779 1840 4852">
     <span class='ocr_line' id='line_1_63' title="bbox 251 4779 1840 4852; baseline 0 -15"><span class='ocrx_word' id='word_1_469' title='bbox 251 4783 400 4837; x_wconf 78' lang='lat' dir='ltr'><strong>tlriuo</strong></span> <span class='ocrx_word' id='word_1_470' title='bbox 429 4781 569 4847; x_wconf 76' lang='grc'><strong>422,</strong></span> <span class='ocrx_word' id='word_1_471' title='bbox 598 4789 1000 4851; x_wconf 89' lang='lat' dir='ltr'><strong>computantur.</strong></span> <span class='ocrx_word' id='word_1_472' title='bbox 1035 4781 1281 4852; x_wconf 87' lang='lat' dir='ltr'><strong>Denique</strong></span> <span class='ocrx_word' id='word_1_473' title='bbox 1319 4794 1349 4834; x_wconf 91' lang='lat' dir='ltr'><strong>a</strong></span> <span class='ocrx_word' id='word_1_474' title='bbox 1380 4779 1553 4837; x_wconf 82' lang='lat' dir='ltr'><strong>Roma</strong></span> <span class='ocrx_word' id='word_1_475' title='bbox 1593 4779 1840 4849; x_wconf 90' lang='lat' dir='ltr'><strong>condita,</strong></span> 
     </span>
    </p>
   </div>
   <div class='ocr_carea' id='block_1_64' title="bbox 251 4880 1845 4950">
    <p class='ocr_par' dir='ltr' id='par_1_64' title="bbox 251 4880 1845 4950">
     <span class='ocr_line' id='line_1_64' title="bbox 251 4880 1845 4950; baseline -0.001 -18"><span class='ocrx_word' id='word_1_476' title='bbox 251 4880 312 4935; x_wconf 84' lang='lat' dir='ltr'><strong>ad</strong></span> <span class='ocrx_word' id='word_1_477' title='bbox 340 4895 493 4935; x_wconf 85' lang='lat' dir='ltr'><strong>suam</strong></span> <span class='ocrx_word' id='word_1_478' title='bbox 524 4895 695 4950; x_wconf 85' lang='lat' dir='ltr'><strong>usque</strong></span> <span class='ocrx_word' id='word_1_479' title='bbox 739 4886 951 4934; x_wconf 84' lang='lat' dir='ltr'><strong>:etatem</strong></span> <span class='ocrx_word' id='word_1_480' title='bbox 992 4880 1201 4933; x_wconf 91' lang='lat' dir='ltr'><strong>Auctor</strong></span> <span class='ocrx_word' id='word_1_481' title='bbox 1229 4887 1415 4935; x_wconf 88' lang='lat' dir='ltr'><strong>noster</strong></span> <span class='ocrx_word' id='word_1_482' title='bbox 1452 4892 1622 4933; x_wconf 88' lang='lat' dir='ltr'><strong>annos</strong></span> <span class='ocrx_word' id='word_1_483' title='bbox 1648 4890 1845 4947; x_wconf 85' lang='lat' dir='ltr'><strong>prope-</strong></span> 
     </span>
    </p>
   </div>
   <div class='ocr_carea' id='block_1_65' title="bbox 252 4969 1843 5029">
    <p class='ocr_par' dir='ltr' id='par_1_65' title="bbox 252 4969 1843 5029">
     <span class='ocr_line' id='line_1_65' title="bbox 252 4969 1843 5029; baseline -0.003 -2"><span class='ocrx_word' id='word_1_484' title='bbox 252 4973 461 5029; x_wconf 89' lang='lat' dir='ltr'><strong>modum</strong></span> <span class='ocrx_word' id='word_1_485' title='bbox 492 4970 657 5028; x_wconf 78' lang='grc'><strong>1050.</strong></span> <span class='ocrx_word' id='word_1_486' title='bbox 691 4970 982 5026; x_wconf 81' lang='lat' dir='ltr'><strong>Eusebiaui</strong></span> <span class='ocrx_word' id='word_1_487' title='bbox 1022 4984 1156 5026; x_wconf 91' lang='lat' dir='ltr'><strong>vero</strong></span> <span class='ocrx_word' id='word_1_488' title='bbox 1195 4970 1439 5027; x_wconf 88' lang='lat' dir='ltr'><strong>chronici</strong></span> <span class='ocrx_word' id='word_1_489' title='bbox 1475 4976 1665 5025; x_wconf 91' lang='lat' dir='ltr'><strong>auctor</strong></span> <span class='ocrx_word' id='word_1_490' title='bbox 1701 4969 1843 5025; x_wconf 82' lang='grc'><strong>1146</strong></span> 
     </span>
    </p>
   </div>
   <div class='ocr_carea' id='block_1_66' title="bbox 251 5063 1842 5135">
    <p class='ocr_par' dir='ltr' id='par_1_66' title="bbox 251 5063 1842 5135">
     <span class='ocr_line' id='line_1_66' title="bbox 251 5063 1842 5135; baseline -0.001 -15"><span class='ocrx_word' id='word_1_491' title='bbox 251 5065 462 5122; x_wconf 79' lang='lat' dir='ltr'><strong>ﬂuxisse</strong></span> <span class='ocrx_word' id='word_1_492' title='bbox 489 5066 800 5135; x_wconf 87' lang='lat' dir='ltr'><strong>perhibent.</strong></span> <span class='ocrx_word' id='word_1_493' title='bbox 831 5066 905 5120; x_wconf 90' lang='lat' dir='ltr'><strong>De</strong></span> <span class='ocrx_word' id='word_1_494' title='bbox 937 5065 1020 5121; x_wconf 91' lang='lat' dir='ltr'><strong>his</strong></span> <span class='ocrx_word' id='word_1_495' title='bbox 1044 5066 1206 5122; x_wconf 90' lang='lat' dir='ltr'><strong>etiam</strong></span> <span class='ocrx_word' id='word_1_496' title='bbox 1237 5065 1488 5121; x_wconf 90' lang='lat' dir='ltr'><strong>omnibus</strong></span> <span class='ocrx_word' id='word_1_497' title='bbox 1515 5063 1715 5135; x_wconf 89' lang='lat' dir='ltr'><strong>aliquid</strong></span> <span class='ocrx_word' id='word_1_498' title='bbox 1740 5079 1842 5119; x_wconf 86' lang='lat' dir='ltr'><strong>no-</strong></span> 
     </span>
    </p>
   </div>
   <div class='ocr_carea' id='block_1_67' title="bbox 255 5156 1844 5227">
    <p class='ocr_par' dir='ltr' id='par_1_67' title="bbox 255 5156 1844 5227">
     <span class='ocr_line' id='line_1_67' title="bbox 255 5156 1844 5227; baseline 0 -14"><span class='ocrx_word' id='word_1_499' title='bbox 255 5161 474 5215; x_wconf 81' lang='lat' dir='ltr'><strong>lavimus</strong></span> <span class='ocrx_word' id='word_1_500' title='bbox 521 5162 573 5215; x_wconf 93' lang='lat' dir='ltr'><strong>in</strong></span> <span class='ocrx_word' id='word_1_501' title='bbox 607 5157 906 5215; x_wconf 85' lang='lat' dir='ltr'><strong>Clementis</strong></span> <span class='ocrx_word' id='word_1_502' title='bbox 944 5158 1292 5214; x_wconf 79' lang='lat' dir='ltr'><strong>Alexandrini</strong></span> <span class='ocrx_word' id='word_1_503' title='bbox 1319 5156 1693 5227; x_wconf 89' lang='lat' dir='ltr'><strong>chronologia.</strong></span> <span class='ocrx_word' id='word_1_504' title='bbox 1736 5156 1844 5213; x_wconf 88' lang='lat' dir='ltr'><strong>Sed</strong></span> 
     </span>
    </p>
   </div>
   <div class='ocr_carea' id='block_1_68' title="bbox 253 5251 1841 5325">
    <p class='ocr_par' dir='ltr' id='par_1_68' title="bbox 253 5251 1841 5325">
     <span class='ocr_line' id='line_1_68' title="bbox 253 5251 1841 5325; baseline 0.001 -18"><span class='ocrx_word' id='word_1_505' title='bbox 253 5253 358 5310; x_wconf 71' lang='lat' dir='ltr'><strong>haec</strong></span> <span class='ocrx_word' id='word_1_506' title='bbox 388 5255 607 5311; x_wconf 88' lang='lat' dir='ltr'><strong>uberius</strong></span> <span class='ocrx_word' id='word_1_507' title='bbox 628 5254 907 5325; x_wconf 87' lang='lat' dir='ltr'><strong>prosequi,</strong></span> <span class='ocrx_word' id='word_1_508' title='bbox 936 5268 999 5310; x_wconf 91' lang='lat' dir='ltr'><strong>ac</strong></span> <span class='ocrx_word' id='word_1_509' title='bbox 1026 5254 1212 5325; x_wconf 90' lang='lat' dir='ltr'><strong>plures</strong></span> <span class='ocrx_word' id='word_1_510' title='bbox 1235 5253 1373 5308; x_wconf 90' lang='lat' dir='ltr'><strong>alios</strong></span> <span class='ocrx_word' id='word_1_511' title='bbox 1396 5251 1841 5323; x_wconf 86' lang='lat' dir='ltr'><strong>chronographos</strong></span> 
     </span>
    </p>
   </div>
   <div class='ocr_carea' id='block_1_69' title="bbox 251 5343 1841 5416">
    <p class='ocr_par' dir='ltr' id='par_1_69' title="bbox 251 5343 1841 5416">
     <span class='ocr_line' id='line_1_69' title="bbox 251 5343 1841 5416; baseline 0 -16"><span class='ocrx_word' id='word_1_512' title='bbox 251 5347 550 5402; x_wconf 87' lang='lat' dir='ltr'><strong>nominibus</strong></span> <span class='ocrx_word' id='word_1_513' title='bbox 570 5347 682 5401; x_wconf 87' lang='lat' dir='ltr'><strong>suis</strong></span> <span class='ocrx_word' id='word_1_514' title='bbox 708 5345 980 5416; x_wconf 89' lang='lat' dir='ltr'><strong>appellare</strong></span> <span class='ocrx_word' id='word_1_515' title='bbox 1007 5344 1144 5400; x_wconf 91' lang='lat' dir='ltr'><strong>nihil</strong></span> <span class='ocrx_word' id='word_1_516' title='bbox 1165 5359 1389 5400; x_wconf 88' lang='lat' dir='ltr'><strong>necesse</strong></span> <span class='ocrx_word' id='word_1_517' title='bbox 1416 5353 1519 5400; x_wconf 85' lang='lat' dir='ltr'><strong>est.</strong></span> <span class='ocrx_word' id='word_1_518' title='bbox 1551 5343 1669 5400; x_wconf 87' lang='lat' dir='ltr'><strong>Non</strong></span> <span class='ocrx_word' id='word_1_519' title='bbox 1695 5344 1841 5400; x_wconf 90' lang='lat' dir='ltr'><strong>enim</strong></span> 
     </span>
    </p>
   </div>
   <div class='ocr_carea' id='block_1_70' title="bbox 251 5436 1841 5507">
    <p class='ocr_par' dir='ltr' id='par_1_70' title="bbox 251 5436 1841 5507">
     <span class='ocr_line' id='line_1_70' title="bbox 251 5436 1841 5507; baseline -0.001 -14"><span class='ocrx_word' id='word_1_520' title='bbox 251 5440 492 5496; x_wconf 85' lang='lat' dir='ltr'><strong>omnibus</strong></span> <span class='ocrx_word' id='word_1_521' title='bbox 535 5438 775 5494; x_wconf 88' lang='lat' dir='ltr'><strong>numeris</strong></span> <span class='ocrx_word' id='word_1_522' title='bbox 819 5436 1123 5493; x_wconf 78' lang='lat' dir='ltr'><strong>absolutam</strong></span> <span class='ocrx_word' id='word_1_523' title='bbox 1152 5452 1419 5493; x_wconf 90' lang='lat' dir='ltr'><strong>annorum</strong></span> <span class='ocrx_word' id='word_1_524' title='bbox 1444 5436 1841 5507; x_wconf 89' lang='lat' dir='ltr'><strong>computando-</strong></span> 
     </span>
    </p>
   </div>
   <div class='ocr_carea' id='block_1_71' title="bbox 251 5531 1841 5603">
    <p class='ocr_par' dir='ltr' id='par_1_71' title="bbox 251 5531 1841 5603">
     <span class='ocr_line' id='line_1_71' title="bbox 251 5531 1841 5603; baseline -0.001 -13"><span class='ocrx_word' id='word_1_525' title='bbox 251 5550 358 5590; x_wconf 86' lang='lat' dir='ltr'><strong>rum</strong></span> <span class='ocrx_word' id='word_1_526' title='bbox 381 5534 645 5593; x_wconf 87' lang='lat' dir='ltr'><strong>rationem</strong></span> <span class='ocrx_word' id='word_1_527' title='bbox 670 5531 917 5603; x_wconf 87' lang='lat' dir='ltr'><strong>sequitur</strong></span> <span class='ocrx_word' id='word_1_528' title='bbox 932 5532 1226 5599; x_wconf 88' lang='lat' dir='ltr'><strong>Arnobius,</strong></span> <span class='ocrx_word' id='word_1_529' title='bbox 1249 5532 1347 5589; x_wconf 87' lang='lat' dir='ltr'><strong>sed</strong></span> <span class='ocrx_word' id='word_1_530' title='bbox 1369 5533 1630 5601; x_wconf 89' lang='lat' dir='ltr'><strong>ipsosmet</strong></span> <span class='ocrx_word' id='word_1_531' title='bbox 1650 5547 1841 5603; x_wconf 90' lang='lat' dir='ltr'><strong>recep-</strong></span> 
     </span>
    </p>
   </div>
   <div class='ocr_carea' id='block_1_72' title="bbox 248 5626 1835 5705">
    <p class='ocr_par' dir='ltr' id='par_1_72' title="bbox 248 5626 1835 5705">
     <span class='ocr_line' id='line_1_72' title="bbox 248 5626 1835 5705; baseline 0 -23"><span class='ocrx_word' id='word_1_532' title='bbox 248 5636 324 5705; x_wconf 86' lang='lat' dir='ltr'><strong>tos</strong></span> <span class='ocrx_word' id='word_1_533' title='bbox 346 5628 413 5685; x_wconf 80' lang='lat' dir='ltr'><strong>ab</strong></span> <span class='ocrx_word' id='word_1_534' title='bbox 435 5627 665 5683; x_wconf 89' lang='lat' dir='ltr'><strong>ethnicis</strong></span> <span class='ocrx_word' id='word_1_535' title='bbox 688 5626 963 5681; x_wconf 82' lang='lat' dir='ltr'><strong>annalium</strong></span> <span class='ocrx_word' id='word_1_536' title='bbox 986 5627 1280 5696; x_wconf 87' lang='lat' dir='ltr'><strong>scriptores</strong></span> <span class='ocrx_word' id='word_1_537' title='bbox 1298 5626 1494 5682; x_wconf 88' lang='lat' dir='ltr'><strong>citasse</strong></span> <span class='ocrx_word' id='word_1_538' title='bbox 1526 5630 1835 5695; x_wconf 74' lang='lat' dir='ltr'><strong>contentus,</strong></span> 
     </span>
    </p>
   </div>
   <div class='ocr_carea' id='block_1_73' title="bbox 244 5720 1837 5793">
    <p class='ocr_par' dir='ltr' id='par_1_73' title="bbox 244 5720 1837 5793">
     <span class='ocr_line' id='line_1_73' title="bbox 244 5720 1837 5793; baseline 0.003 -20"><span class='ocrx_word' id='word_1_539' title='bbox 244 5720 343 5776; x_wconf 82' lang='lat' dir='ltr'><strong>illis</strong></span> <span class='ocrx_word' id='word_1_540' title='bbox 371 5721 524 5791; x_wconf 83' lang='lat' dir='ltr'><strong>plura</strong></span> <span class='ocrx_word' id='word_1_541' title='bbox 556 5722 717 5778; x_wconf 85' lang='lat' dir='ltr'><strong>etiam</strong></span> <span class='ocrx_word' id='word_1_542' title='bbox 748 5720 998 5792; x_wconf 84' lang='lat' dir='ltr'><strong>largitur,</strong></span> <span class='ocrx_word' id='word_1_543' title='bbox 1032 5735 1195 5793; x_wconf 91' lang='lat' dir='ltr'><strong>quam</strong></span> <span class='ocrx_word' id='word_1_544' title='bbox 1216 5720 1530 5777; x_wconf 89' lang='lat' dir='ltr'><strong>desiderare</strong></span> <span class='ocrx_word' id='word_1_545' title='bbox 1561 5731 1837 5792; x_wconf 90' lang='lat' dir='ltr'><strong>poterant.</strong></span> 
     </span>
    </p>
   </div>
   <div class='ocr_carea' id='block_1_74' title="bbox 251 5811 1842 5887">
    <p class='ocr_par' dir='ltr' id='par_1_74' title="bbox 251 5811 1842 5887">
     <span class='ocr_line' id='line_1_74' title="bbox 251 5811 1842 5887; baseline 0.003 -20"><span class='ocrx_word' id='word_1_546' title='bbox 251 5811 654 5870; x_wconf 85' lang='lat' dir='ltr'><strong>Evidentissime</strong></span> <span class='ocrx_word' id='word_1_547' title='bbox 682 5814 855 5887; x_wconf 91' lang='lat' dir='ltr'><strong>igitur</strong></span> <span class='ocrx_word' id='word_1_548' title='bbox 876 5827 943 5868; x_wconf 88' lang='lat' dir='ltr'><strong>ex</strong></span> <span class='ocrx_word' id='word_1_549' title='bbox 974 5812 1058 5868; x_wconf 88' lang='lat' dir='ltr'><strong>bis</strong></span> <span class='ocrx_word' id='word_1_550' title='bbox 1094 5812 1430 5869; x_wconf 87' lang='lat' dir='ltr'><strong>demonstrat</strong></span> <span class='ocrx_word' id='word_1_551' title='bbox 1458 5813 1677 5870; x_wconf 89' lang='lat' dir='ltr'><strong>illorum</strong></span> <span class='ocrx_word' id='word_1_552' title='bbox 1707 5814 1842 5871; x_wconf 90' lang='lat' dir='ltr'><strong>deos</strong></span> 
     </span>
    </p>
   </div>
   <div class='ocr_carea' id='block_1_75' title="bbox 250 5906 1844 5978">
    <p class='ocr_par' dir='ltr' id='par_1_75' title="bbox 250 5906 1844 5978">
     <span class='ocr_line' id='line_1_75' title="bbox 250 5906 1844 5978; baseline 0.006 -19"><span class='ocrx_word' id='word_1_553' title='bbox 250 5920 346 5960; x_wconf 88' lang='lat' dir='ltr'><strong>non</strong></span> <span class='ocrx_word' id='word_1_554' title='bbox 377 5917 500 5961; x_wconf 83' lang='lat' dir='ltr'><strong>ante</strong></span> <span class='ocrx_word' id='word_1_555' title='bbox 539 5923 805 5965; x_wconf 81' lang='lat' dir='ltr'><strong>annorum</strong></span> <span class='ocrx_word' id='word_1_556' title='bbox 854 5906 965 5962; x_wconf 90' lang='lat' dir='ltr'><strong>duo</strong></span> <span class='ocrx_word' id='word_1_557' title='bbox 994 5907 1161 5964; x_wconf 80' lang='lat' dir='ltr'><strong>millia</strong></span> <span class='ocrx_word' id='word_1_558' title='bbox 1190 5907 1464 5978; x_wconf 81' lang='lat' dir='ltr'><strong>extitisse,</strong></span> <span class='ocrx_word' id='word_1_559' title='bbox 1496 5924 1598 5966; x_wconf 86' lang='lat' dir='ltr'><strong>nec</strong></span> <span class='ocrx_word' id='word_1_560' title='bbox 1626 5909 1695 5967; x_wconf 87' lang='lat' dir='ltr'><strong>ab</strong></span> <span class='ocrx_word' id='word_1_561' title='bbox 1732 5910 1844 5969; x_wconf 85' lang='lat' dir='ltr'><strong>illis</strong></span> 
     </span>
    </p>
   </div>
   <div class='ocr_carea' id='block_1_76' title="bbox 1874 4459 1929 4521">
    <p class='ocr_par' dir='ltr' id='par_1_76' title="bbox 1874 4459 1929 4521">
     <span class='ocr_line' id='line_1_76' title="bbox 1874 4459 1929 4521; baseline 0 0"><span class='ocrx_word' id='word_1_562' title='bbox 1874 4459 1929 4521; x_wconf 91' lang='lat' dir='ltr'><strong>D</strong></span> 
     </span>
    </p>
   </div>
   <div class='ocr_carea' id='block_1_77' title="bbox 1959 1894 3567 1967">
    <p class='ocr_par' dir='ltr' id='par_1_77' title="bbox 1959 1894 3567 1967">
     <span class='ocr_line' id='line_1_77' title="bbox 1959 1894 3567 1967; baseline 0.002 -18"><span class='ocrx_word' id='word_1_563' title='bbox 1959 1905 2246 1965; x_wconf 86' lang='lat' dir='ltr'><strong>utramque</strong></span> <span class='ocrx_word' id='word_1_564' title='bbox 2266 1894 2558 1965; x_wconf 89' lang='lat' dir='ltr'><strong>aliquando</strong></span> <span class='ocrx_word' id='word_1_565' title='bbox 2578 1897 2831 1965; x_wconf 78' lang='lat' dir='ltr'><strong>coepisse,</strong></span> <span class='ocrx_word' id='word_1_566' title='bbox 2860 1905 2919 1951; x_wconf 92' lang='lat' dir='ltr'><strong>ut</strong></span> <span class='ocrx_word' id='word_1_567' title='bbox 2948 1910 3042 1965; x_wconf 88' lang='lat' dir='ltr'><strong>par</strong></span> <span class='ocrx_word' id='word_1_568' title='bbox 3070 1896 3141 1950; x_wconf 92' lang='lat' dir='ltr'><strong>sit</strong></span> <span class='ocrx_word' id='word_1_569' title='bbox 3170 1897 3451 1967; x_wconf 88' lang='lat' dir='ltr'><strong>utrobique</strong></span> <span class='ocrx_word' id='word_1_570' title='bbox 3472 1913 3567 1952; x_wconf 82' lang='lat' dir='ltr'><strong>ra-</strong></span> 
     </span>
    </p>
   </div>
   <div class='ocr_carea' id='block_1_78' title="bbox 1963 1984 3563 2054">
    <p class='ocr_par' dir='ltr' id='par_1_78' title="bbox 1963 1984 3563 2054">
     <span class='ocr_line' id='line_1_78' title="bbox 1963 1984 3563 2054; baseline 0.003 -15"><span class='ocrx_word' id='word_1_571' title='bbox 1963 1986 2057 2040; x_wconf 90' lang='lat' dir='ltr'><strong>tio.</strong></span> <span class='ocrx_word' id='word_1_572' title='bbox 2080 1984 2217 2053; x_wconf 89' lang='lat' dir='ltr'><strong>Quid</strong></span> <span class='ocrx_word' id='word_1_573' title='bbox 2239 1987 2384 2041; x_wconf 87' lang='lat' dir='ltr'><strong>enim</strong></span> <span class='ocrx_word' id='word_1_574' title='bbox 2407 1986 2515 2041; x_wconf 92' lang='lat' dir='ltr'><strong>duo</strong></span> <span class='ocrx_word' id='word_1_575' title='bbox 2545 2002 2813 2042; x_wconf 89' lang='lat' dir='ltr'><strong>annorum</strong></span> <span class='ocrx_word' id='word_1_576' title='bbox 2838 1988 3026 2054; x_wconf 88' lang='lat' dir='ltr'><strong>millia,</strong></span> <span class='ocrx_word' id='word_1_577' title='bbox 3057 2002 3177 2043; x_wconf 91' lang='lat' dir='ltr'><strong>cum</strong></span> <span class='ocrx_word' id='word_1_578' title='bbox 3206 1988 3417 2043; x_wconf 67' lang='lat' dir='ltr'><strong>caeteris</strong></span> <span class='ocrx_word' id='word_1_579' title='bbox 3440 2004 3563 2043; x_wconf 87' lang='lat' dir='ltr'><strong>om-</strong></span> 
     </span>
    </p>
   </div>
   <div class='ocr_carea' id='block_1_79' title="bbox 1960 2077 3563 2152">
    <p class='ocr_par' dir='ltr' id='par_1_79' title="bbox 1960 2077 3563 2152">
     <span class='ocr_line' id='line_1_79' title="bbox 1960 2077 3563 2152; baseline 0.003 -20"><span class='ocrx_word' id='word_1_580' title='bbox 1960 2077 2117 2132; x_wconf 91' lang='lat' dir='ltr'><strong>nibus</strong></span> <span class='ocrx_word' id='word_1_581' title='bbox 2143 2088 2301 2133; x_wconf 90' lang='lat' dir='ltr'><strong>antea</strong></span> <span class='ocrx_word' id='word_1_582' title='bbox 2332 2078 2533 2149; x_wconf 88' lang='lat' dir='ltr'><strong>elapsis</strong></span> <span class='ocrx_word' id='word_1_583' title='bbox 2552 2090 2892 2151; x_wconf 87' lang='lat' dir='ltr'><strong>comparata,</strong></span> <span class='ocrx_word' id='word_1_584' title='bbox 2916 2095 3014 2151; x_wconf 93' lang='lat' dir='ltr'><strong>pro</strong></span> <span class='ocrx_word' id='word_1_585' title='bbox 3034 2080 3263 2151; x_wconf 86' lang='lat' dir='ltr'><strong>alicujus</strong></span> <span class='ocrx_word' id='word_1_586' title='bbox 3290 2080 3563 2152; x_wconf 80' lang='lat' dir='ltr'><strong>religionis</strong></span> 
     </span>
    </p>
   </div>
   <div class='ocr_carea' id='block_1_80' title="bbox 1960 2170 2701 2243">
    <p class='ocr_par' dir='ltr' id='par_1_80' title="bbox 1960 2170 2701 2243">
     <span class='ocr_line' id='line_1_80' title="bbox 1960 2170 2701 2243; baseline 0.003 -17"><span class='ocrx_word' id='word_1_587' title='bbox 1960 2172 2188 2226; x_wconf 87' lang='lat' dir='ltr'><strong>veritate</strong></span> <span class='ocrx_word' id='word_1_588' title='bbox 2215 2170 2397 2227; x_wconf 87' lang='lat' dir='ltr'><strong>facere</strong></span> <span class='ocrx_word' id='word_1_589' title='bbox 2426 2174 2701 2243; x_wconf 88' lang='lat' dir='ltr'><strong>possunt?</strong></span> 
     </span>
    </p>
   </div>
   <div class='ocr_carea' id='block_1_81' title="bbox 2035 2264 3564 2338">
    <p class='ocr_par' dir='ltr' id='par_1_81' title="bbox 2035 2264 3564 2338">
     <span class='ocr_line' id='line_1_81' title="bbox 2035 2264 3564 2338; baseline 0.004 -20"><span class='ocrx_word' id='word_1_590' title='bbox 2035 2264 2237 2319; x_wconf 88' lang='lat' dir='ltr'><strong>Deinde</strong></span> <span class='ocrx_word' id='word_1_591' title='bbox 2265 2279 2397 2320; x_wconf 91' lang='lat' dir='ltr'><strong>vero</strong></span> <span class='ocrx_word' id='word_1_592' title='bbox 2424 2265 2514 2321; x_wconf 91' lang='lat' dir='ltr'><strong>ille</strong></span> <span class='ocrx_word' id='word_1_593' title='bbox 2545 2266 2721 2322; x_wconf 89' lang='lat' dir='ltr'><strong>adhuc</strong></span> <span class='ocrx_word' id='word_1_594' title='bbox 2754 2278 3011 2338; x_wconf 84' lang='lat' dir='ltr'><strong>pernegat</strong></span> <span class='ocrx_word' id='word_1_595' title='bbox 3048 2283 3079 2323; x_wconf 90' lang='lat' dir='ltr'><strong>a</strong></span> <span class='ocrx_word' id='word_1_596' title='bbox 3111 2266 3425 2325; x_wconf 88' lang='lat' dir='ltr'><strong>christianis</strong></span> <span class='ocrx_word' id='word_1_597' title='bbox 3454 2268 3564 2324; x_wconf 90' lang='lat' dir='ltr'><strong>coli</strong></span> 
     </span>
    </p>
   </div>
   <div class='ocr_carea' id='block_1_82' title="bbox 1958 2357 3564 2433">
    <p class='ocr_par' dir='ltr' id='par_1_82' title="bbox 1958 2357 3564 2433">
     <span class='ocr_line' id='line_1_82' title="bbox 1958 2357 3564 2433; baseline 0.005 -22"><span class='ocrx_word' id='word_1_598' title='bbox 1958 2357 2161 2428; x_wconf 86' lang='lat' dir='ltr'><strong>aliquid</strong></span> <span class='ocrx_word' id='word_1_599' title='bbox 2224 2373 2423 2413; x_wconf 91' lang='lat' dir='ltr'><strong>novum</strong></span> <span class='ocrx_word' id='word_1_600' title='bbox 2474 2369 2528 2414; x_wconf 91' lang='lat' dir='ltr'><strong>et</strong></span> <span class='ocrx_word' id='word_1_601' title='bbox 2578 2360 2919 2417; x_wconf 89' lang='lat' dir='ltr'><strong>ethnicorum</strong></span> <span class='ocrx_word' id='word_1_602' title='bbox 2968 2361 3229 2433; x_wconf 89' lang='lat' dir='ltr'><strong>religione</strong></span> <span class='ocrx_word' id='word_1_603' title='bbox 3290 2364 3564 2419; x_wconf 89' lang='lat' dir='ltr'><strong>recentius</strong></span> 
     </span>
    </p>
   </div>
   <div class='ocr_carea' id='block_1_83' title="bbox 1959 2450 3565 2527">
    <p class='ocr_par' dir='ltr' id='par_1_83' title="bbox 1959 2450 3565 2527">
     <span class='ocr_line' id='line_1_83' title="bbox 1959 2450 3565 2527; baseline 0.006 -25"><span class='ocrx_word' id='word_1_604' title='bbox 1959 2450 2183 2518; x_wconf 83' lang='lat' dir='ltr'><strong>(Arnob.</strong></span> <span class='ocrx_word' id='word_1_605' title='bbox 2209 2491 2224 2517; x_wconf 92' lang='lat'><strong>,</strong></span> <span class='ocrx_word' id='word_1_606' title='bbox 2262 2451 2351 2504; x_wconf 91' lang='lat' dir='ltr'><strong>lib.</strong></span> <span class='ocrx_word' id='word_1_607' title='bbox 2401 2467 2479 2519; x_wconf 89' lang='grc' dir='ltr'>ιι,</span> <span class='ocrx_word' id='word_1_608' title='bbox 2522 2470 2641 2524; x_wconf 88' lang='lat' dir='ltr'><strong>pag.</strong></span> <span class='ocrx_word' id='word_1_609' title='bbox 2682 2454 2811 2527; x_wconf 83' lang='lat'><strong>95).</strong></span> <span class='ocrx_word' id='word_1_610' title='bbox 2861 2454 3027 2511; x_wconf 92' lang='lat' dir='ltr'><strong>Deum</strong></span> <span class='ocrx_word' id='word_1_611' title='bbox 3068 2456 3346 2511; x_wconf 90' lang='lat' dir='ltr'><strong>enimvero</strong></span> <span class='ocrx_word' id='word_1_612' title='bbox 3373 2455 3565 2512; x_wconf 88' lang='lat' dir='ltr'><strong>colunt:</strong></span> 
     </span>
    </p>
   </div>
   <div class='ocr_carea' id='block_1_84' title="bbox 1959 2544 3561 2620">
    <p class='ocr_par' dir='ltr' id='par_1_84' title="bbox 1959 2544 3561 2620">
     <span class='ocr_line' id='line_1_84' title="bbox 1959 2544 3561 2620; baseline 0.003 -21"><span class='ocrx_word' id='word_1_613' title='bbox 1959 2544 2410 2615; x_wconf 89' lang='lat' dir='ltr'><strong>omnipotentem,</strong></span> <span class='ocrx_word' id='word_1_614' title='bbox 2436 2562 2543 2601; x_wconf 92' lang='lat' dir='ltr'><strong>non</strong></span> <span class='ocrx_word' id='word_1_615' title='bbox 2566 2547 2727 2601; x_wconf 93' lang='lat' dir='ltr'><strong>modo</strong></span> <span class='ocrx_word' id='word_1_616' title='bbox 2744 2549 3200 2619; x_wconf 80' lang='lat' dir='ltr'><strong>antiquiSsimum,</strong></span> <span class='ocrx_word' id='word_1_617' title='bbox 3225 2548 3319 2605; x_wconf 84' lang='lat' dir='ltr'><strong>sed</strong></span> <span class='ocrx_word' id='word_1_618' title='bbox 3348 2550 3561 2620; x_wconf 86' lang='lat' dir='ltr'><strong>ingeni-</strong></span> 
     </span>
    </p>
   </div>
   <div class='ocr_carea' id='block_1_85' title="bbox 1960 2636 3563 2705">
    <p class='ocr_par' dir='ltr' id='par_1_85' title="bbox 1960 2636 3563 2705">
     <span class='ocr_line' id='line_1_85' title="bbox 1960 2636 3563 2705; baseline 0.005 -15"><span class='ocrx_word' id='word_1_619' title='bbox 1960 2646 2070 2690; x_wconf 91' lang='lat' dir='ltr'><strong>tum</strong></span> <span class='ocrx_word' id='word_1_620' title='bbox 2097 2636 2279 2698; x_wconf 87' lang='lat' dir='ltr'><strong>etiam,</strong></span> <span class='ocrx_word' id='word_1_621' title='bbox 2313 2646 2367 2692; x_wconf 93' lang='lat' dir='ltr'><strong>et</strong></span> <span class='ocrx_word' id='word_1_622' title='bbox 2387 2648 2673 2705; x_wconf 63' lang='lat' dir='ltr'><strong>aeternum,</strong></span> <span class='ocrx_word' id='word_1_623' title='bbox 2707 2653 2770 2693; x_wconf 87' lang='lat' dir='ltr'><strong>ac</strong></span> <span class='ocrx_word' id='word_1_624' title='bbox 2795 2655 2975 2694; x_wconf 91' lang='lat' dir='ltr'><strong>rerum</strong></span> <span class='ocrx_word' id='word_1_625' title='bbox 3003 2641 3243 2695; x_wconf 90' lang='lat' dir='ltr'><strong>omnium</strong></span> <span class='ocrx_word' id='word_1_626' title='bbox 3274 2640 3472 2697; x_wconf 91' lang='lat' dir='ltr'><strong>fontem</strong></span> <span class='ocrx_word' id='word_1_627' title='bbox 3504 2652 3563 2698; x_wconf 83' lang='lat' dir='ltr'><strong>et</strong></span> 
     </span>
    </p>
   </div>
   <div class='ocr_carea' id='block_1_86' title="bbox 1956 2726 3563 2800">
    <p class='ocr_par' dir='ltr' id='par_1_86' title="bbox 1956 2726 3563 2800">
     <span class='ocr_line' id='line_1_86' title="bbox 1956 2726 3563 2800; baseline 0.004 -18"><span class='ocrx_word' id='word_1_628' title='bbox 1956 2726 2239 2797; x_wconf 87' lang='lat' dir='ltr'><strong>originem.</strong></span> <span class='ocrx_word' id='word_1_629' title='bbox 2265 2727 2406 2783; x_wconf 87' lang='lat' dir='ltr'><strong>Nihil</strong></span> <span class='ocrx_word' id='word_1_630' title='bbox 2437 2744 2567 2800; x_wconf 90' lang='lat' dir='ltr'><strong>ergo</strong></span> <span class='ocrx_word' id='word_1_631' title='bbox 2593 2744 2791 2784; x_wconf 93' lang='lat' dir='ltr'><strong>novum</strong></span> <span class='ocrx_word' id='word_1_632' title='bbox 2814 2731 3090 2786; x_wconf 89' lang='lat' dir='ltr'><strong>christiani</strong></span> <span class='ocrx_word' id='word_1_633' title='bbox 3113 2732 3164 2786; x_wconf 93' lang='lat' dir='ltr'><strong>in</strong></span> <span class='ocrx_word' id='word_1_634' title='bbox 3188 2733 3445 2788; x_wconf 90' lang='lat' dir='ltr'><strong>mundum</strong></span> <span class='ocrx_word' id='word_1_635' title='bbox 3474 2734 3563 2789; x_wconf 87' lang='lat' dir='ltr'><strong>in-</strong></span> 
     </span>
    </p>
   </div>
   <div class='ocr_carea' id='block_1_87' title="bbox 1958 2820 3562 2897">
    <p class='ocr_par' dir='ltr' id='par_1_87' title="bbox 1958 2820 3562 2897">
     <span class='ocr_line' id='line_1_87' title="bbox 1958 2820 3562 2897; baseline 0.004 -21"><span class='ocrx_word' id='word_1_636' title='bbox 1958 2820 2337 2887; x_wconf 82' lang='lat' dir='ltr'><strong>troduxerunt,</strong></span> <span class='ocrx_word' id='word_1_637' title='bbox 2371 2822 2466 2877; x_wconf 91' lang='lat' dir='ltr'><strong>sed</strong></span> <span class='ocrx_word' id='word_1_638' title='bbox 2498 2822 2640 2892; x_wconf 91' lang='lat' dir='ltr'><strong>quod</strong></span> <span class='ocrx_word' id='word_1_639' title='bbox 2668 2838 2791 2879; x_wconf 90' lang='lat' dir='ltr'><strong>sero</strong></span> <span class='ocrx_word' id='word_1_640' title='bbox 2817 2823 3123 2879; x_wconf 90' lang='lat' dir='ltr'><strong>didicerant</strong></span> <span class='ocrx_word' id='word_1_641' title='bbox 3152 2841 3182 2879; x_wconf 93' lang='lat' dir='ltr'><strong>a</strong></span> <span class='ocrx_word' id='word_1_642' title='bbox 3203 2822 3441 2892; x_wconf 89' lang='lat' dir='ltr'><strong>Christo,</strong></span> <span class='ocrx_word' id='word_1_643' title='bbox 3467 2828 3562 2897; x_wconf 87' lang='lat' dir='ltr'><strong>qui</strong></span> 
     </span>
    </p>
   </div>
   <div class='ocr_carea' id='block_1_88' title="bbox 1956 2916 3561 2991">
    <p class='ocr_par' dir='ltr' id='par_1_88' title="bbox 1956 2916 3561 2991">
     <span class='ocr_line' id='line_1_88' title="bbox 1956 2916 3561 2991; baseline 0.002 -21"><span class='ocrx_word' id='word_1_644' title='bbox 1956 2916 2210 2971; x_wconf 90' lang='lat' dir='ltr'><strong>miseram</strong></span> <span class='ocrx_word' id='word_1_645' title='bbox 2242 2916 2519 2971; x_wconf 87' lang='lat' dir='ltr'><strong>hominum</strong></span> <span class='ocrx_word' id='word_1_646' title='bbox 2548 2916 2716 2972; x_wconf 83' lang='lat' dir='ltr'><strong>falsos</strong></span> <span class='ocrx_word' id='word_1_647' title='bbox 2744 2916 2878 2972; x_wconf 87' lang='lat' dir='ltr'><strong>deos</strong></span> <span class='ocrx_word' id='word_1_648' title='bbox 2902 2917 3229 2984; x_wconf 89' lang='lat' dir='ltr'><strong>colentium,</strong></span> <span class='ocrx_word' id='word_1_649' title='bbox 3262 2933 3561 2991; x_wconf 84' lang='lat' dir='ltr'><strong>verumque</strong></span> 
     </span>
    </p>
   </div>
   <div class='ocr_carea' id='block_1_89' title="bbox 1956 3008 3161 3079">
    <p class='ocr_par' dir='ltr' id='par_1_89' title="bbox 1956 3008 3161 3079">
     <span class='ocr_line' id='line_1_89' title="bbox 1956 3008 3161 3079; baseline 0.001 -16"><span class='ocrx_word' id='word_1_650' title='bbox 1956 3008 2128 3064; x_wconf 91' lang='lat' dir='ltr'><strong>Deum</strong></span> <span class='ocrx_word' id='word_1_651' title='bbox 2159 3010 2525 3079; x_wconf 89' lang='lat' dir='ltr'><strong>ignorantium</strong></span> <span class='ocrx_word' id='word_1_652' title='bbox 2554 3011 2855 3065; x_wconf 74' lang='lat' dir='ltr'><strong>czecitatem</strong></span> <span class='ocrx_word' id='word_1_653' title='bbox 2886 3012 3161 3066; x_wconf 90' lang='lat' dir='ltr'><strong>discussit.</strong></span> 
     </span>
    </p>
   </div>
   <div class='ocr_carea' id='block_1_90' title="bbox 2026 3101 3556 3171">
    <p class='ocr_par' dir='ltr' id='par_1_90' title="bbox 2026 3101 3556 3171">
     <span class='ocr_line' id='line_1_90' title="bbox 2026 3101 3556 3171; baseline 0.005 -16"><span class='ocrx_word' id='word_1_654' title='bbox 2026 3101 2186 3157; x_wconf 87' lang='lat' dir='ltr'><strong>Plura</strong></span> <span class='ocrx_word' id='word_1_655' title='bbox 2236 3101 2452 3171; x_wconf 76' lang='lat' dir='ltr'><strong>quidem</strong></span> <span class='ocrx_word' id='word_1_656' title='bbox 2490 3102 2769 3158; x_wconf 86' lang='lat' dir='ltr'><strong>Arnobius</strong></span> <span class='ocrx_word' id='word_1_657' title='bbox 2809 3104 2878 3159; x_wconf 91' lang='lat' dir='ltr'><strong>de</strong></span> <span class='ocrx_word' id='word_1_658' title='bbox 2917 3104 3059 3158; x_wconf 90' lang='lat' dir='ltr'><strong>alliis</strong></span> <span class='ocrx_word' id='word_1_659' title='bbox 3104 3103 3414 3161; x_wconf 64' lang='lat' dir='ltr'><strong>christiana</strong></span> <span class='ocrx_word' id='word_1_660' title='bbox 3461 3121 3556 3162; x_wconf 85' lang='lat' dir='ltr'><strong>re-</strong></span> 
     </span>
    </p>
   </div>
   <div class='ocr_carea' id='block_1_91' title="bbox 1956 3194 3560 3270">
    <p class='ocr_par' dir='ltr' id='par_1_91' title="bbox 1956 3194 3560 3270">
     <span class='ocr_line' id='line_1_91' title="bbox 1956 3194 3560 3270; baseline 0.004 -21"><span class='ocrx_word' id='word_1_661' title='bbox 1956 3194 2168 3265; x_wconf 91' lang='lat' dir='ltr'><strong>ligionis</strong></span> <span class='ocrx_word' id='word_1_662' title='bbox 2184 3194 2524 3265; x_wconf 89' lang='lat' dir='ltr'><strong>dogmatibus</strong></span> <span class='ocrx_word' id='word_1_663' title='bbox 2541 3196 2613 3253; x_wconf 91' lang='lat' dir='ltr'><strong>ibi</strong></span> <span class='ocrx_word' id='word_1_664' title='bbox 2629 3213 2736 3252; x_wconf 94' lang='lat' dir='ltr'><strong>non</strong></span> <span class='ocrx_word' id='word_1_665' title='bbox 2756 3198 2998 3269; x_wconf 86' lang='lat' dir='ltr'><strong>protulit,</strong></span> <span class='ocrx_word' id='word_1_666' title='bbox 3019 3207 3132 3253; x_wconf 90' lang='lat' dir='ltr'><strong>tum</strong></span> <span class='ocrx_word' id='word_1_667' title='bbox 3150 3198 3275 3270; x_wconf 89' lang='lat' dir='ltr'><strong>quia</strong></span> <span class='ocrx_word' id='word_1_668' title='bbox 3291 3198 3355 3254; x_wconf 80' lang='lat' dir='ltr'><strong>ad</strong></span> <span class='ocrx_word' id='word_1_669' title='bbox 3374 3198 3560 3270; x_wconf 88' lang='lat' dir='ltr'><strong>depel-</strong></span> 
     </span>
    </p>
   </div>
   <div class='ocr_carea' id='block_1_92' title="bbox 1956 3291 3557 3363">
    <p class='ocr_par' dir='ltr' id='par_1_92' title="bbox 1956 3291 3557 3363">
     <span class='ocr_line' id='line_1_92' title="bbox 1956 3291 3557 3363; baseline 0 -16"><span class='ocrx_word' id='word_1_670' title='bbox 1956 3291 2170 3347; x_wconf 85' lang='lat' dir='ltr'><strong>lendam</strong></span> <span class='ocrx_word' id='word_1_671' title='bbox 2200 3306 2355 3346; x_wconf 61' lang='lat' dir='ltr'><strong>novae</strong></span> <span class='ocrx_word' id='word_1_672' title='bbox 2384 3291 2664 3363; x_wconf 89' lang='lat' dir='ltr'><strong>religionis</strong></span> <span class='ocrx_word' id='word_1_673' title='bbox 2692 3293 3143 3349; x_wconf 88' lang='lat' dir='ltr'><strong>obtrectationem</strong></span> <span class='ocrx_word' id='word_1_674' title='bbox 3172 3309 3292 3362; x_wconf 69' lang='lat' dir='ltr'><strong>qua:</strong></span> <span class='ocrx_word' id='word_1_675' title='bbox 3323 3292 3557 3360; x_wconf 86' lang='lat' dir='ltr'><strong>dixerat,</strong></span> 
     </span>
    </p>
   </div>
   <div class='ocr_carea' id='block_1_93' title="bbox 1956 3384 3562 3458">
    <p class='ocr_par' dir='ltr' id='par_1_93' title="bbox 1956 3384 3562 3458">
     <span class='ocr_line' id='line_1_93' title="bbox 1956 3384 3562 3458; baseline 0.002 -19"><span class='ocrx_word' id='word_1_676' title='bbox 1956 3384 2116 3456; x_wconf 88' lang='lat' dir='ltr'><strong>plane</strong></span> <span class='ocrx_word' id='word_1_677' title='bbox 2162 3385 2503 3442; x_wconf 82' lang='lat' dir='ltr'><strong>sufﬁciebant</strong></span> <span class='ocrx_word' id='word_1_678' title='bbox 2532 3406 2545 3441; x_wconf 94' lang='lat'><strong>:</strong></span> <span class='ocrx_word' id='word_1_679' title='bbox 2592 3396 2704 3442; x_wconf 92' lang='lat' dir='ltr'><strong>tum</strong></span> <span class='ocrx_word' id='word_1_680' title='bbox 2747 3388 2872 3458; x_wconf 88' lang='lat' dir='ltr'><strong>quia</strong></span> <span class='ocrx_word' id='word_1_681' title='bbox 2902 3387 3061 3458; x_wconf 91' lang='lat' dir='ltr'><strong>paulo</strong></span> <span class='ocrx_word' id='word_1_682' title='bbox 3088 3397 3213 3443; x_wconf 88' lang='lat' dir='ltr'><strong>ante</strong></span> <span class='ocrx_word' id='word_1_683' title='bbox 3248 3402 3562 3457; x_wconf 87' lang='lat' dir='ltr'><strong>supremam</strong></span> 
     </span>
    </p>
   </div>
   <div class='ocr_carea' id='block_1_94' title="bbox 1956 3478 3560 3552">
    <p class='ocr_par' dir='ltr' id='par_1_94' title="bbox 1956 3478 3560 3552">
     <span class='ocr_line' id='line_1_94' title="bbox 1956 3478 3560 3552; baseline 0.002 -17"><span class='ocrx_word' id='word_1_684' title='bbox 1956 3478 2157 3535; x_wconf 88' lang='lat' dir='ltr'><strong>Christi</strong></span> <span class='ocrx_word' id='word_1_685' title='bbox 2187 3478 2544 3547; x_wconf 88' lang='lat' dir='ltr'><strong>divinitatem,</strong></span> <span class='ocrx_word' id='word_1_686' title='bbox 2577 3480 2789 3551; x_wconf 87' lang='lat' dir='ltr'><strong>aliaque</strong></span> <span class='ocrx_word' id='word_1_687' title='bbox 2826 3480 3074 3552; x_wconf 88' lang='lat' dir='ltr'><strong>ejusdem</strong></span> <span class='ocrx_word' id='word_1_688' title='bbox 3116 3480 3425 3539; x_wconf 63' lang='lat' dir='ltr'><strong>christiana</strong></span> <span class='ocrx_word' id='word_1_689' title='bbox 3471 3496 3560 3538; x_wconf 85' lang='lat' dir='ltr'><strong>re-</strong></span> 
     </span>
    </p>
   </div>
   <div class='ocr_carea' id='block_1_95' title="bbox 1956 3571 3561 3646">
    <p class='ocr_par' dir='ltr' id='par_1_95' title="bbox 1956 3571 3561 3646">
     <span class='ocr_line' id='line_1_95' title="bbox 1956 3571 3561 3646; baseline 0.004 -20"><span class='ocrx_word' id='word_1_690' title='bbox 1956 3571 2171 3643; x_wconf 90' lang='lat' dir='ltr'><strong>ligionis</strong></span> <span class='ocrx_word' id='word_1_691' title='bbox 2199 3573 2396 3643; x_wconf 88' lang='lat' dir='ltr'><strong>placita</strong></span> <span class='ocrx_word' id='word_1_692' title='bbox 2432 3573 2563 3630; x_wconf 84' lang='lat' dir='ltr'><strong>alibi</strong></span> <span class='ocrx_word' id='word_1_693' title='bbox 2589 3573 2954 3637; x_wconf 85' lang='lat' dir='ltr'><strong>demonstrat,</strong></span> <span class='ocrx_word' id='word_1_694' title='bbox 2984 3576 3125 3632; x_wconf 89' lang='lat' dir='ltr'><strong>sicut</strong></span> <span class='ocrx_word' id='word_1_695' title='bbox 3162 3584 3350 3646; x_wconf 81' lang='lat' dir='ltr'><strong>postea</strong></span> <span class='ocrx_word' id='word_1_696' title='bbox 3377 3583 3561 3632; x_wconf 87' lang='lat' dir='ltr'><strong>osten-</strong></span> 
     </span>
    </p>
   </div>
   <div class='ocr_carea' id='block_1_96' title="bbox 1952 3666 2163 3725">
    <p class='ocr_par' dir='ltr' id='par_1_96' title="bbox 1952 3666 2163 3725">
     <span class='ocr_line' id='line_1_96' title="bbox 1952 3666 2163 3725; baseline -0.005 -1"><span class='ocrx_word' id='word_1_697' title='bbox 1952 3666 2163 3725; x_wconf 91' lang='lat' dir='ltr'><strong>demus.</strong></span> 
     </span>
    </p>
   </div>
   <div class='ocr_carea' id='block_1_97' title="bbox 2572 3808 2932 3867">
    <p class='ocr_par' dir='ltr' id='par_1_97' title="bbox 2572 3808 2932 3867">
     <span class='ocr_line' id='line_1_97' title="bbox 2572 3808 2932 3867; baseline 0 -2"><span class='ocrx_word' id='word_1_698' title='bbox 2572 3808 2803 3867; x_wconf 86' lang='lat' dir='ltr'><strong>CAPUT</strong></span> <span class='ocrx_word' id='word_1_699' title='bbox 2843 3810 2932 3867; x_wconf 76' lang='lat' dir='ltr'><strong>Vl.</strong></span> 
     </span>
    </p>
   </div>
   <div class='ocr_carea' id='block_1_98' title="bbox 1955 3928 3556 4004">
    <p class='ocr_par' dir='ltr' id='par_1_98' title="bbox 1955 3928 3556 4004">
     <span class='ocr_line' id='line_1_98' title="bbox 1955 3928 3556 4004; baseline 0.002 -20"><span class='ocrx_word' id='word_1_700' title='bbox 1955 3928 2114 3984; x_wconf 82' lang='lat' dir='ltr'><strong>Aliud</strong></span> <span class='ocrx_word' id='word_1_701' title='bbox 2140 3928 2408 4000; x_wconf 79' lang='lat' dir='ltr'><strong>gentilium</strong></span> <span class='ocrx_word' id='word_1_702' title='bbox 2433 3929 2677 3983; x_wconf 81' lang='lat' dir='ltr'><strong>adversus</strong></span> <span class='ocrx_word' id='word_1_703' title='bbox 2704 3929 3038 3985; x_wconf 83' lang='lat' dir='ltr'><strong>christianam</strong></span> <span class='ocrx_word' id='word_1_704' title='bbox 3074 3931 3372 4003; x_wconf 84' lang='lat' dir='ltr'><strong>religionem</strong></span> <span class='ocrx_word' id='word_1_705' title='bbox 3400 3947 3556 4004; x_wconf 73' lang='lat' dir='ltr'><strong>arguo</strong></span> 
     </span>
    </p>
   </div>
   <div class='ocr_carea' id='block_1_99' title="bbox 2025 4022 3483 4095">
    <p class='ocr_par' dir='ltr' id='par_1_99' title="bbox 2025 4022 3483 4095">
     <span class='ocr_line' id='line_1_99' title="bbox 2025 4022 3483 4095; baseline 0.004 -19"><span class='ocrx_word' id='word_1_706' title='bbox 2025 4034 2266 4089; x_wconf 78' lang='lat' dir='ltr'><strong>mentum,</strong></span> <span class='ocrx_word' id='word_1_707' title='bbox 2293 4040 2356 4079; x_wconf 81' lang='lat' dir='ltr'><strong>ea:</strong></span> <span class='ocrx_word' id='word_1_708' title='bbox 2371 4022 2586 4095; x_wconf 78' lang='lat' dir='ltr'><strong>publicis</strong></span> <span class='ocrx_word' id='word_1_709' title='bbox 2605 4022 2979 4079; x_wconf 78' lang='lat' dir='ltr'><strong>calamitatibus</strong></span> <span class='ocrx_word' id='word_1_710' title='bbox 2999 4026 3234 4095; x_wconf 82' lang='lat' dir='ltr'><strong>petitum,</strong></span> <span class='ocrx_word' id='word_1_711' title='bbox 3247 4025 3483 4082; x_wconf 83' lang='lat' dir='ltr'><strong>soluitur.</strong></span> 
     </span>
    </p>
   </div>
   <div class='ocr_carea' id='block_1_100' title="bbox 2482 4176 3027 4219">
    <p class='ocr_par' dir='ltr' id='par_1_100' title="bbox 2482 4176 3027 4219">
     <span class='ocr_line' id='line_1_100' title="bbox 2482 4176 3027 4219; baseline 0 -2"><span class='ocrx_word' id='word_1_712' title='bbox 2482 4176 2776 4218; x_wconf 77' lang='lat' dir='ltr'><strong>AR&#39;I&#39;ICULUS</strong></span> <span class='ocrx_word' id='word_1_713' title='bbox 2812 4177 3027 4219; x_wconf 68' lang='grc' dir='ltr'>νιιιιιυε.</span> 
     </span>
    </p>
   </div>
   <div class='ocr_carea' id='block_1_101' title="bbox 1953 4296 3560 4352">
    <p class='ocr_par' dir='ltr' id='par_1_101' title="bbox 1953 4296 3560 4352">
     <span class='ocr_line' id='line_1_101' title="bbox 1953 4296 3560 4352; baseline 0.001 -4"><span class='ocrx_word' id='word_1_714' title='bbox 1953 4297 2269 4350; x_wconf 86' lang='lat' dir='ltr'><strong>Ethnicorum</strong></span> <span class='ocrx_word' id='word_1_715' title='bbox 2310 4299 2548 4349; x_wconf 87' lang='lat' dir='ltr'><strong>adversus</strong></span> <span class='ocrx_word' id='word_1_716' title='bbox 2583 4298 2866 4349; x_wconf 68' lang='lat' dir='ltr'><strong>christiana:</strong></span> <span class='ocrx_word' id='word_1_717' title='bbox 2904 4296 3167 4352; x_wconf 70' lang='lat' dir='ltr'><strong>religionis</strong></span> <span class='ocrx_word' id='word_1_718' title='bbox 3187 4301 3451 4351; x_wconf 87' lang='lat' dir='ltr'><strong>veritatem</strong></span> <span class='ocrx_word' id='word_1_719' title='bbox 3475 4314 3560 4352; x_wconf 68' lang='lat' dir='ltr'><strong>ar.</strong></span> 
     </span>
    </p>
   </div>
   <div class='ocr_carea' id='block_1_102' title="bbox 2016 4360 3562 4426">
    <p class='ocr_par' dir='ltr' id='par_1_102' title="bbox 2016 4360 3562 4426">
     <span class='ocr_line' id='line_1_102' title="bbox 2016 4360 3562 4426; baseline 0.002 -16"><span class='ocrx_word' id='word_1_720' title='bbox 2016 4373 2331 4423; x_wconf 83' lang='lat' dir='ltr'><strong>gumentum,</strong></span> <span class='ocrx_word' id='word_1_721' title='bbox 2356 4375 2419 4412; x_wconf 83' lang='lat' dir='ltr'><strong>ex</strong></span> <span class='ocrx_word' id='word_1_722' title='bbox 2447 4363 2598 4426; x_wconf 71' lang='lat' dir='ltr'><strong>variis</strong></span> <span class='ocrx_word' id='word_1_723' title='bbox 2619 4360 2841 4426; x_wconf 80' lang='lat' dir='ltr'><strong>cladibus</strong></span> <span class='ocrx_word' id='word_1_724' title='bbox 2873 4368 2926 4411; x_wconf 90' lang='lat' dir='ltr'><strong>et</strong></span> <span class='ocrx_word' id='word_1_725' title='bbox 2956 4360 3318 4426; x_wconf 81' lang='lat' dir='ltr'><strong>calamitatibus</strong></span> <span class='ocrx_word' id='word_1_726' title='bbox 3336 4400 3349 4423; x_wconf 95' lang='lat'><strong>,</strong></span> <span class='ocrx_word' id='word_1_727' title='bbox 3376 4365 3562 4426; x_wconf 81' lang='lat' dir='ltr'><strong>quibus</strong></span> 
     </span>
    </p>
   </div>
   <div class='ocr_carea' id='block_1_103' title="bbox 2016 4423 3560 4489">
    <p class='ocr_par' dir='ltr' id='par_1_103' title="bbox 2016 4423 3560 4489">
     <span class='ocr_line' id='line_1_103' title="bbox 2016 4423 3560 4489; baseline 0.002 -17"><span class='ocrx_word' id='word_1_728' title='bbox 2016 4426 2464 4489; x_wconf 83' lang='lat' dir='ltr'><strong>genushumanum</strong></span> <span class='ocrx_word' id='word_1_729' title='bbox 2488 4423 2601 4489; x_wconf 89' lang='lat' dir='ltr'><strong>olim</strong></span> <span class='ocrx_word' id='word_1_730' title='bbox 2621 4424 2969 4489; x_wconf 80' lang='lat' dir='ltr'><strong>divexahaturv,</strong></span> <span class='ocrx_word' id='word_1_731' title='bbox 2994 4424 3220 4489; x_wconf 68' lang='lat' dir='ltr'><strong>petitum,</strong></span> <span class='ocrx_word' id='word_1_732' title='bbox 3247 4423 3560 4489; x_wconf 76' lang='lat' dir='ltr'><strong>proponitur,</strong></span> 
     </span>
    </p>
   </div>
   <div class='ocr_carea' id='block_1_104' title="bbox 2015 4485 3559 4551">
    <p class='ocr_par' dir='ltr' id='par_1_104' title="bbox 2015 4485 3559 4551">
     <span class='ocr_line' id='line_1_104' title="bbox 2015 4485 3559 4551; baseline 0.001 -15"><span class='ocrx_word' id='word_1_733' title='bbox 2015 4485 2391 4551; x_wconf 64' lang='lat' dir='ltr'><strong>intenditurque</strong></span> <span class='ocrx_word' id='word_1_734' title='bbox 2407 4500 2444 4551; x_wconf 15' lang='lat' dir='ltr'><strong>ra</strong></span> <span class='ocrx_word' id='word_1_735' title='bbox 2466 4488 2649 4551; x_wconf 86' lang='lat' dir='ltr'><strong>quibus</strong></span> <span class='ocrx_word' id='word_1_736' title='bbox 2669 4485 3129 4551; x_wconf 48' lang='lat' dir='ltr'><strong>scriptoribus&#39;olim</strong></span> <span class='ocrx_word' id='word_1_737' title='bbox 3149 4485 3354 4537; x_wconf 78' lang='lat' dir='ltr'><strong>dilutum</strong></span> <span class='ocrx_word' id='word_1_738' title='bbox 3391 4485 3559 4539; x_wconf 55' lang='lat' dir='ltr'><strong>conlo;</strong></span> 
     </span>
    </p>
   </div>
   <div class='ocr_carea' id='block_1_105' title="bbox 2015 4550 2457 4613">
    <p class='ocr_par' dir='ltr' id='par_1_105' title="bbox 2015 4550 2457 4613">
     <span class='ocr_line' id='line_1_105' title="bbox 2015 4550 2457 4613; baseline -0.002 -13"><span class='ocrx_word' id='word_1_739' title='bbox 2015 4558 2270 4613; x_wconf 75' lang='lat' dir='ltr'><strong>tutumque</strong></span> <span class='ocrx_word' id='word_1_740' title='bbox 2290 4550 2457 4601; x_wconf 82' lang='lat' dir='ltr'><strong>fuerit.</strong></span> 
     </span>
    </p>
   </div>
   <div class='ocr_carea' id='block_1_106' title="bbox 2025 4700 3552 4773">
    <p class='ocr_par' dir='ltr' id='par_1_106' title="bbox 2025 4700 3552 4773">
     <span class='ocr_line' id='line_1_106' title="bbox 2025 4700 3552 4773; baseline 0 -16"><span class='ocrx_word' id='word_1_741' title='bbox 2025 4700 2186 4757; x_wconf 88' lang='lat' dir='ltr'><strong>Aliud</strong></span> <span class='ocrx_word' id='word_1_742' title='bbox 2222 4710 2409 4757; x_wconf 91' lang='lat' dir='ltr'><strong>contra</strong></span> <span class='ocrx_word' id='word_1_743' title='bbox 2438 4700 2751 4758; x_wconf 52' lang='lat' dir='ltr'><strong>christiana».</strong></span> <span class='ocrx_word' id='word_1_744' title='bbox 2796 4700 3074 4773; x_wconf 88' lang='lat' dir='ltr'><strong>religionis</strong></span> <span class='ocrx_word' id='word_1_745' title='bbox 3109 4700 3396 4758; x_wconf 90' lang='lat' dir='ltr'><strong>veritatem</strong></span> <span class='ocrx_word' id='word_1_746' title='bbox 3458 4715 3552 4757; x_wconf 90' lang='lat' dir='ltr'><strong>ar-</strong></span> 
     </span>
    </p>
   </div>
   <div class='ocr_carea' id='block_1_107' title="bbox 1951 4794 3553 4867">
    <p class='ocr_par' dir='ltr' id='par_1_107' title="bbox 1951 4794 3553 4867">
     <span class='ocr_line' id='line_1_107' title="bbox 1951 4794 3553 4867; baseline 0.001 -17"><span class='ocrx_word' id='word_1_747' title='bbox 1951 4804 2290 4867; x_wconf 89' lang='lat' dir='ltr'><strong>gumentum,</strong></span> <span class='ocrx_word' id='word_1_748' title='bbox 2309 4796 2606 4866; x_wconf 68' lang='lat' dir='ltr'><strong>saepissime</strong></span> <span class='ocrx_word' id='word_1_749' title='bbox 2617 4805 2671 4852; x_wconf 91' lang='lat' dir='ltr'><strong>et</strong></span> <span class='ocrx_word' id='word_1_750' title='bbox 2689 4794 2755 4851; x_wconf 88' lang='lat' dir='ltr'><strong>ad</strong></span> <span class='ocrx_word' id='word_1_751' title='bbox 2772 4810 3025 4853; x_wconf 89' lang='lat' dir='ltr'><strong>nauseam</strong></span> <span class='ocrx_word' id='word_1_752' title='bbox 3043 4810 3213 4866; x_wconf 89' lang='lat' dir='ltr'><strong>usque</strong></span> <span class='ocrx_word' id='word_1_753' title='bbox 3232 4794 3303 4851; x_wconf 89' lang='lat' dir='ltr'><strong>ab</strong></span> <span class='ocrx_word' id='word_1_754' title='bbox 3322 4794 3553 4852; x_wconf 88' lang='lat' dir='ltr'><strong>ethnicis</strong></span> 
     </span>
    </p>
   </div>
   <div class='ocr_carea' id='block_1_108' title="bbox 1950 4884 3549 4957">
    <p class='ocr_par' dir='ltr' id='par_1_108' title="bbox 1950 4884 3549 4957">
     <span class='ocr_line' id='line_1_108' title="bbox 1950 4884 3549 4957; baseline 0.001 -15"><span class='ocrx_word' id='word_1_755' title='bbox 1950 4897 2308 4953; x_wconf 89' lang='lat' dir='ltr'><strong>recantatum,</strong></span> <span class='ocrx_word' id='word_1_756' title='bbox 2359 4887 2583 4957; x_wconf 88' lang='lat' dir='ltr'><strong>insignis</strong></span> <span class='ocrx_word' id='word_1_757' title='bbox 2610 4896 2665 4943; x_wconf 88' lang='lat' dir='ltr'><strong>et</strong></span> <span class='ocrx_word' id='word_1_758' title='bbox 2693 4886 3078 4943; x_wconf 85' lang='lat' dir='ltr'><strong>absurdissima</strong></span> <span class='ocrx_word' id='word_1_759' title='bbox 3120 4884 3221 4941; x_wconf 90' lang='lat' dir='ltr'><strong>fuit</strong></span> <span class='ocrx_word' id='word_1_760' title='bbox 3255 4887 3549 4954; x_wconf 89' lang='lat' dir='ltr'><strong>calumnia,</strong></span> 
     </span>
    </p>
   </div>
   <div class='ocr_carea' id='block_1_109' title="bbox 1947 4978 3553 5052">
    <p class='ocr_par' dir='ltr' id='par_1_109' title="bbox 1947 4978 3553 5052">
     <span class='ocr_line' id='line_1_109' title="bbox 1947 4978 3553 5052; baseline -0.001 -16"><span class='ocrx_word' id='word_1_761' title='bbox 1947 4996 2053 5052; x_wconf 87' lang='lat' dir='ltr'><strong>qua</strong></span> <span class='ocrx_word' id='word_1_762' title='bbox 2103 4980 2464 5047; x_wconf 82' lang='lat' dir='ltr'><strong>christianos,</strong></span> <span class='ocrx_word' id='word_1_763' title='bbox 2516 4979 2673 5035; x_wconf 88' lang='lat' dir='ltr'><strong>sicuti</strong></span> <span class='ocrx_word' id='word_1_764' title='bbox 2725 4979 2913 5035; x_wconf 87' lang='lat' dir='ltr'><strong>scribit</strong></span> <span class='ocrx_word' id='word_1_765' title='bbox 2961 4978 3233 5034; x_wconf 89' lang='lat' dir='ltr'><strong>Arnobius</strong></span> <span class='ocrx_word' id='word_1_766' title='bbox 3280 4978 3553 5051; x_wconf 82' lang='lat' dir='ltr'><strong>(Arnob.,</strong></span> 
     </span>
    </p>
   </div>
   <div class='ocr_carea' id='block_1_110' title="bbox 1949 5070 3551 5145">
    <p class='ocr_par' dir='ltr' id='par_1_110' title="bbox 1949 5070 3551 5145">
     <span class='ocr_line' id='line_1_110' title="bbox 1949 5070 3551 5145; baseline 0 -16"><span class='ocrx_word' id='word_1_767' title='bbox 1949 5074 2039 5131; x_wconf 87' lang='lat' dir='ltr'><strong>lib.</strong></span> <span class='ocrx_word' id='word_1_768' title='bbox 2074 5090 2126 5139; x_wconf 88' lang='grc' dir='ltr'>ι,</span> <span class='ocrx_word' id='word_1_769' title='bbox 2154 5089 2275 5145; x_wconf 89' lang='lat' dir='ltr'><strong>pag.</strong></span> <span class='ocrx_word' id='word_1_770' title='bbox 2311 5074 2336 5128; x_wconf 85' lang='grc'><strong>1</strong></span> <span class='ocrx_word' id='word_1_771' title='bbox 2367 5084 2415 5127; x_wconf 86' lang='lat' dir='ltr'><strong>et</strong></span> <span class='ocrx_word' id='word_1_772' title='bbox 2441 5090 2579 5144; x_wconf 83' lang='lat' dir='ltr'><strong>seqq.</strong></span> <span class='ocrx_word' id='word_1_773' title='bbox 2602 5072 2649 5142; x_wconf 88' lang='lat'><strong>),</strong></span> <span class='ocrx_word' id='word_1_774' title='bbox 2698 5073 2769 5128; x_wconf 93' lang='lat' dir='ltr'><strong>ob</strong></span> <span class='ocrx_word' id='word_1_775' title='bbox 2796 5072 3058 5141; x_wconf 88' lang='lat' dir='ltr'><strong>rejectum</strong></span> <span class='ocrx_word' id='word_1_776' title='bbox 3099 5070 3551 5143; x_wconf 85' lang='lat' dir='ltr'><strong>repudiatumtu</strong></span> 
     </span>
    </p>
   </div>
   <div class='ocr_carea' id='block_1_111' title="bbox 1948 5163 3547 5235">
    <p class='ocr_par' dir='ltr' id='par_1_111' title="bbox 1948 5163 3547 5235">
     <span class='ocr_line' id='line_1_111' title="bbox 1948 5163 3547 5235; baseline -0.002 -13"><span class='ocrx_word' id='word_1_777' title='bbox 1948 5166 2171 5222; x_wconf 91' lang='lat' dir='ltr'><strong>deorum</strong></span> <span class='ocrx_word' id='word_1_778' title='bbox 2210 5166 2437 5229; x_wconf 87' lang='lat' dir='ltr'><strong>cultum.</strong></span> <span class='ocrx_word' id='word_1_779' title='bbox 2468 5164 2709 5221; x_wconf 91' lang='lat' dir='ltr'><strong>omnium</strong></span> <span class='ocrx_word' id='word_1_780' title='bbox 2740 5164 3076 5235; x_wconf 89' lang='lat' dir='ltr'><strong>publicarum</strong></span> <span class='ocrx_word' id='word_1_781' title='bbox 3104 5163 3335 5219; x_wconf 89' lang='lat' dir='ltr'><strong>cladium</strong></span> <span class='ocrx_word' id='word_1_782' title='bbox 3366 5174 3423 5219; x_wconf 91' lang='lat' dir='ltr'><strong>et</strong></span> <span class='ocrx_word' id='word_1_783' title='bbox 3449 5179 3547 5220; x_wconf 86' lang='lat' dir='ltr'><strong>ca-</strong></span> 
     </span>
    </p>
   </div>
   <div class='ocr_carea' id='block_1_112' title="bbox 1948 5256 3548 5332">
    <p class='ocr_par' dir='ltr' id='par_1_112' title="bbox 1948 5256 3548 5332">
     <span class='ocr_line' id='line_1_112' title="bbox 1948 5256 3548 5332; baseline -0.001 -18"><span class='ocrx_word' id='word_1_784' title='bbox 1948 5258 2267 5327; x_wconf 87' lang='lat' dir='ltr'><strong>lamitatum,</strong></span> <span class='ocrx_word' id='word_1_785' title='bbox 2310 5260 2505 5332; x_wconf 91' lang='lat' dir='ltr'><strong>quibus</strong></span> <span class='ocrx_word' id='word_1_786' title='bbox 2531 5273 2702 5331; x_wconf 88' lang='lat' dir='ltr'><strong>genus</strong></span> <span class='ocrx_word' id='word_1_787' title='bbox 2727 5257 3021 5314; x_wconf 92' lang='lat' dir='ltr'><strong>humanum</strong></span> <span class='ocrx_word' id='word_1_788' title='bbox 3054 5256 3373 5323; x_wconf 89' lang='lat' dir='ltr'><strong>vexabatur,</strong></span> <span class='ocrx_word' id='word_1_789' title='bbox 3417 5272 3548 5313; x_wconf 85' lang='lat' dir='ltr'><strong>cau-</strong></span> 
     </span>
    </p>
   </div>
   <div class='ocr_carea' id='block_1_113' title="bbox 1947 5350 3547 5424">
    <p class='ocr_par' dir='ltr' id='par_1_113' title="bbox 1947 5350 3547 5424">
     <span class='ocr_line' id='line_1_113' title="bbox 1947 5350 3547 5424; baseline 0 -17"><span class='ocrx_word' id='word_1_790' title='bbox 1947 5367 2061 5407; x_wconf 90' lang='lat' dir='ltr'><strong>sam</strong></span> <span class='ocrx_word' id='word_1_791' title='bbox 2110 5362 2371 5409; x_wconf 89' lang='lat' dir='ltr'><strong>essetam</strong></span> <span class='ocrx_word' id='word_1_792' title='bbox 2419 5351 2587 5418; x_wconf 88' lang='lat' dir='ltr'><strong>falso,</strong></span> <span class='ocrx_word' id='word_1_793' title='bbox 2635 5368 2797 5424; x_wconf 90' lang='lat' dir='ltr'><strong>quam</strong></span> <span class='ocrx_word' id='word_1_794' title='bbox 2845 5351 3104 5408; x_wconf 89' lang='lat' dir='ltr'><strong>audacter</strong></span> <span class='ocrx_word' id='word_1_795' title='bbox 3150 5350 3547 5421; x_wconf 68' lang='lat' dir='ltr'><strong>praedicabant.</strong></span> 
     </span>
    </p>
   </div>
   <div class='ocr_carea' id='block_1_114' title="bbox 1948 5442 3547 5515">
    <p class='ocr_par' dir='ltr' id='par_1_114' title="bbox 1948 5442 3547 5515">
     <span class='ocr_line' id='line_1_114' title="bbox 1948 5442 3547 5515; baseline 0 -15"><span class='ocrx_word' id='word_1_796' title='bbox 1948 5442 2225 5500; x_wconf 91' lang='lat' dir='ltr'><strong>Summam</strong></span> <span class='ocrx_word' id='word_1_797' title='bbox 2264 5446 2541 5500; x_wconf 88' lang='lat' dir='ltr'><strong>enimvero</strong></span> <span class='ocrx_word' id='word_1_798' title='bbox 2569 5455 2792 5515; x_wconf 87' lang='lat' dir='ltr'><strong>propter</strong></span> <span class='ocrx_word' id='word_1_799' title='bbox 2834 5445 3253 5500; x_wconf 90' lang='lat' dir='ltr'><strong>christianorum</strong></span> <span class='ocrx_word' id='word_1_800' title='bbox 3296 5444 3547 5515; x_wconf 84' lang='lat' dir='ltr'><strong>impieta-</strong></span> 
     </span>
    </p>
   </div>
   <div class='ocr_carea' id='block_1_115' title="bbox 1948 5534 3546 5607">
    <p class='ocr_par' dir='ltr' id='par_1_115' title="bbox 1948 5534 3546 5607">
     <span class='ocr_line' id='line_1_115' title="bbox 1948 5534 3546 5607; baseline -0.001 -15"><span class='ocrx_word' id='word_1_801' title='bbox 1948 5545 2079 5605; x_wconf 92' lang='lat' dir='ltr'><strong>tem,</strong></span> <span class='ocrx_word' id='word_1_802' title='bbox 2098 5538 2175 5592; x_wconf 89' lang='lat' dir='ltr'><strong>uti</strong></span> <span class='ocrx_word' id='word_1_803' title='bbox 2196 5536 2274 5592; x_wconf 92' lang='lat' dir='ltr'><strong>illi</strong></span> <span class='ocrx_word' id='word_1_804' title='bbox 2295 5535 2634 5607; x_wconf 88' lang='lat' dir='ltr'><strong>jactitabant,</strong></span> <span class='ocrx_word' id='word_1_805' title='bbox 2655 5536 2725 5592; x_wconf 93' lang='lat' dir='ltr'><strong>ab</strong></span> <span class='ocrx_word' id='word_1_806' title='bbox 2749 5536 2853 5592; x_wconf 92' lang='lat' dir='ltr'><strong>diis</strong></span> <span class='ocrx_word' id='word_1_807' title='bbox 2872 5537 3068 5593; x_wconf 90' lang='lat' dir='ltr'><strong>merito</strong></span> <span class='ocrx_word' id='word_1_808' title='bbox 3098 5536 3248 5592; x_wconf 86' lang='lat' dir='ltr'><strong>iratis</strong></span> <span class='ocrx_word' id='word_1_809' title='bbox 3276 5534 3546 5605; x_wconf 86' lang='lat' dir='ltr'><strong>abjectam</strong></span> 
     </span>
    </p>
   </div>
   <div class='ocr_carea' id='block_1_116' title="bbox 1949 5626 3544 5699">
    <p class='ocr_par' dir='ltr' id='par_1_116' title="bbox 1949 5626 3544 5699">
     <span class='ocr_line' id='line_1_116' title="bbox 1949 5626 3544 5699; baseline -0.001 -14"><span class='ocrx_word' id='word_1_810' title='bbox 1949 5646 2130 5687; x_wconf 88' lang='lat' dir='ltr'><strong>rerum</strong></span> <span class='ocrx_word' id='word_1_811' title='bbox 2160 5640 2492 5687; x_wconf 89' lang='lat' dir='ltr'><strong>terrenarum</strong></span> <span class='ocrx_word' id='word_1_812' title='bbox 2514 5644 2721 5696; x_wconf 89' lang='lat' dir='ltr'><strong>curam,</strong></span> <span class='ocrx_word' id='word_1_813' title='bbox 2747 5638 2801 5685; x_wconf 92' lang='lat' dir='ltr'><strong>et</strong></span> <span class='ocrx_word' id='word_1_814' title='bbox 2823 5629 2961 5684; x_wconf 88' lang='lat' dir='ltr'><strong>mala</strong></span> <span class='ocrx_word' id='word_1_815' title='bbox 2983 5632 3184 5694; x_wconf 86' lang='lat' dir='ltr'><strong>omnia,</strong></span> <span class='ocrx_word' id='word_1_816' title='bbox 3208 5628 3403 5699; x_wconf 84' lang='lat' dir='ltr'><strong>quibus</strong></span> <span class='ocrx_word' id='word_1_817' title='bbox 3425 5626 3544 5683; x_wconf 89' lang='lat' dir='ltr'><strong>ubi-</strong></span> 
     </span>
    </p>
   </div>
   <div class='ocr_carea' id='block_1_117' title="bbox 1947 5719 3542 5795">
    <p class='ocr_par' dir='ltr' id='par_1_117' title="bbox 1947 5719 3542 5795">
     <span class='ocr_line' id='line_1_117' title="bbox 1947 5719 3542 5795; baseline -0.002 -16"><span class='ocrx_word' id='word_1_818' title='bbox 1947 5738 2051 5795; x_wconf 91' lang='lat' dir='ltr'><strong>que</strong></span> <span class='ocrx_word' id='word_1_819' title='bbox 2082 5722 2328 5778; x_wconf 91' lang='lat' dir='ltr'><strong>homines</strong></span> <span class='ocrx_word' id='word_1_820' title='bbox 2356 5721 2600 5777; x_wconf 88' lang='lat' dir='ltr'><strong>solebant</strong></span> <span class='ocrx_word' id='word_1_821' title='bbox 2625 5719 2818 5777; x_wconf 85' lang='lat' dir='ltr'><strong>conlici</strong></span> <span class='ocrx_word' id='word_1_822' title='bbox 2846 5730 2902 5777; x_wconf 91' lang='lat' dir='ltr'><strong>et</strong></span> <span class='ocrx_word' id='word_1_823' title='bbox 2929 5720 3143 5791; x_wconf 90' lang='lat' dir='ltr'><strong>oprimi,</strong></span> <span class='ocrx_word' id='word_1_824' title='bbox 3170 5722 3223 5776; x_wconf 93' lang='lat' dir='ltr'><strong>in</strong></span> <span class='ocrx_word' id='word_1_825' title='bbox 3256 5729 3429 5775; x_wconf 88' lang='lat' dir='ltr'><strong>totum</strong></span> <span class='ocrx_word' id='word_1_826' title='bbox 3459 5720 3542 5776; x_wconf 83' lang='lat' dir='ltr'><strong>itt-</strong></span> 
     </span>
    </p>
   </div>
   <div class='ocr_carea' id='block_1_118' title="bbox 1947 5813 2823 5873">
    <p class='ocr_par' dir='ltr' id='par_1_118' title="bbox 1947 5813 2823 5873">
     <span class='ocr_line' id='line_1_118' title="bbox 1947 5813 2823 5873; baseline -0.006 0"><span class='ocrx_word' id='word_1_827' title='bbox 1947 5825 2099 5873; x_wconf 90' lang='lat' dir='ltr'><strong>vecta</strong></span> <span class='ocrx_word' id='word_1_828' title='bbox 2126 5814 2293 5871; x_wconf 85' lang='lat' dir='ltr'><strong>fuisse</strong></span> <span class='ocrx_word' id='word_1_829' title='bbox 2320 5822 2582 5869; x_wconf 87' lang='lat' dir='ltr'><strong>terrarum</strong></span> <span class='ocrx_word' id='word_1_830' title='bbox 2615 5813 2823 5869; x_wconf 89' lang='lat' dir='ltr'><strong>orbem.</strong></span> 
     </span>
    </p>
   </div>
   <div class='ocr_carea' id='block_1_119' title="bbox 2016 5902 3556 5979">
    <p class='ocr_par' dir='ltr' id='par_1_119' title="bbox 2016 5902 3556 5979">
     <span class='ocr_line' id='line_1_119' title="bbox 2016 5902 3556 5979; baseline 0.001 -19"><span class='ocrx_word' id='word_1_831' title='bbox 2016 5910 2185 5976; x_wconf 82' lang='lat' dir='ltr'><strong>Quam</strong></span> <span class='ocrx_word' id='word_1_832' title='bbox 2213 5913 2393 5962; x_wconf 85' lang='lat' dir='ltr'><strong>autem</strong></span> <span class='ocrx_word' id='word_1_833' title='bbox 2425 5904 2678 5974; x_wconf 81' lang='lat' dir='ltr'><strong>frequens</strong></span> <span class='ocrx_word' id='word_1_834' title='bbox 2717 5905 2883 5962; x_wconf 88' lang='lat' dir='ltr'><strong>fuerit</strong></span> <span class='ocrx_word' id='word_1_835' title='bbox 2928 5902 3045 5963; x_wconf 79' lang='lat' dir='ltr'><strong>haec</strong></span> <span class='ocrx_word' id='word_1_836' title='bbox 3090 5904 3372 5978; x_wconf 85' lang='lat' dir='ltr'><strong>gentilium</strong></span> <span class='ocrx_word' id='word_1_837' title='bbox 3411 5920 3556 5979; x_wconf 70' lang='lat' dir='ltr'><strong>que-</strong></span> 
     </span>
    </p>
   </div>
  </div>
