3918 6350
360 368 466 424 45?;

1544 359 1990 420 DISSERTATIO
2030 358 2311 416 PREVIA

3549 360 3652 415 456

356 483 591 540 rimonia
637 493 693 538 et
730 482 1031 548 accusatio,
1075 483 1120 537 si
1163 481 1303 537 scire
1329 480 1488 545 velis,
1517 478 1670 545 audi,
1705 481 1749 534 si
1780 480 1955 542 lubet,
1987 477 2040 537 Α
2138 477 2330 532 Postea
2375 474 2548 530 adhuc
2575 473 2933 545 Symmachus
2976 473 3314 530 sterilitatem
3363 482 3543 535 terrae.
3574 476 3652 529 fa-

358 574 801 630 Tertullianum:
854 592 872 626 ‹
911 574 967 629 ιη
1023 572 1205 630 odium
1253 574 1510 628 bonorum
1555 580 1610 628 et
1659 571 1948 641 proborum

360 670 694 739 conspirant,
732 688 750 722 ι
781 668 1004 735 ethnici,
1045 688 1063 719 ι
1103 670 1191 739 qui
1223 667 1483 721 adversus
1512 667 1823 737 sanguinem
1865 666 1950 720 in-

360 770 650 818 nocentem
677 761 1037 821 conclamant,
1067 770 1426 830 praetexentes
1455 772 1585 812 sane
1621 757 1686 812 ad
1719 758 1828 812 odii
1855 756 1952 811 de-

361 853 664 911 fensionem
697 853 841 907 illam
871 867 1082 922 quoque
1113 850 1428 909 vanitatem.
1461 850 1603 919 quod
1647 848 1956 904 existiment

361 948 539 1004 omnis
583 946 808 1015 publicae
852 944 1050 1009 cladis,
1088 945 1264 998 omnis
1307 943 1579 1012 popularis
1627 940 1956 996 incommodi

361 1037 688 1094 christianos
738 1050 860 1090 esse
925 1050 1162 1091 oausam.
1221 1035 1276 1090 Si
1325 1033 1536 1089 Tiberis
1603 1031 1846 1087 ascendit
1890 1032 1956 1087 ad

361 1131 598 1195 muenia,
648 1129 694 1185 si
725 1127 874 1183 Nilus
915 1144 1021 1183 non
1065 1127 1339 1183 descendit
1387 1127 1454 1182 ad
1492 1142 1648 1193 arva,
1682 1127 1726 1180 si
1763 1127 1958 1183 cmlum

359 1224 542 1285 stetit,
577 1222 621 1276 si
655 1231 796 1278 terra
826 1223 1025 1289 movit,
1059 1223 1101 1276 si
1135 1222 1323 1284 fames,
1358 1221 1401 1276 si
1435 1222 1572 1283 lues,
1605 1222 1782 1274 statim
1816 1221 1962 1275 chri-

358 1317 565 1372 stianos
597 1315 662 1370 ad
698 1316 928 1370 leonem.
970 1315 1172 1369 Tantos
1225 1315 1290 1369 ad
1321 1330 1485 1370 unum
1519 1334 1537 1367 »
1576 1313 1956 1385 (Tertullian.,

361 1408 610 1479 Apolog.,
638 1424 755 1478 cap.
784 1408 879 1472 40,
909 1426 1024 1480 pag.
1062 1407 1192 1479 '56).
1232 1407 1433 1463 Eadem
1468 1408 1658 1476 repetit
1685 1407 1737 1459 in
1768 1420 1866 1460 suo
1894 1405 1961 1460 ad

359 1499 619 1560 Nationes
681 1500 822 1554 libro
867 1498 1089 1571 (Idem,
1126 1501 1213 1554 lib.
1273 1516 1289 1554 ι
1329 1500 1396 1553 ad
1441 1498 1688 1565 Nation.,
1740 1515 1858 1568 cap.
1893 1498 1958 1563 9,

362 1611 484 1665 pag.
516 1593 585 1648 54
613 1592 654 1664 ).
703 1594 811 1650 Sed
833 1593 902 1649 de
930 1594 1021 1649 illo
1052 1595 1201 1661 plura
1223 1609 1252 1648 a
1283 1593 1436 1648 nobis
1463 1607 1562 1648 suo
1592 1593 1711 1647 loco
1739 1592 1964 1648 dicenda

360 1697 507 1741 sunt.

433 1777 694 1846 Origenes
747 1793 875 1832 vero
941 1787 1190 1832 testatum
1245 1777 1369 1832 facit
1401 1777 1630 1847 gentiles
1670 1792 1858 1833 canent
1913 1789 1968 1835 et

2058 585 2308 641 memque
2336 567 2601 638 publicam
2633 566 2840 637 negatis
2874 565 3175 621 Vestalium
3204 564 3658 636 sacerdotumque

2055 661 2392 717 ethnicorum
2458 658 2752 730 privilegiis
2805 658 3078 714 ascribere
3143 674 3248 712 non
3321 658 3584 712 dubitavit
3647 679 3658 715 :

2063 772 2083 806 ι
2119 753 2292 809 Nemo
2323 767 2408 805 me
2441 760 2592 820 putet
2625 751 2798 804 solum
2845 765 3063 805 causam
3117 748 3437 821 religionum
3489 752 3622 804 tucri
3650 770 3660 804 :

2057 862 2122 900 ex
2162 841 2467 913 bujnsmodi
2509 841 2838 896 facinoribus
2879 851 2997 894 orta
3042 850 3168 895 sunt
3209 849 3405 895 cuncta
3440 840 3664 895 Romani

2059 937 2269 1009 generis
2310 934 2745 989 incommoda....
2789 933 2984 988 Secuta
3017 943 3100 988 est
3130 933 3232 988 hoc
3268 932 3466 988 factum
3495 933 3664 988 fames

2060 1029 2295 1100 publica,
2322 1040 2377 1084 et
2408 1045 2560 1100 spem
2591 1029 2992 1100 provinciarum
3032 1033 3272 1082 omnium
3304 1028 3497 1083 messis
3525 1044 3666 1098 aegra

2061 1123 2312 1191 decepit:
2345 1121 2460 1176 Non
2491 1132 2616 1176 sunt
2653 1121 2768 1176 lucc
2819 1123 2947 1177 vitia
2983 1133 3345 1175 terrarum....
3377 1122 3665 1192 sacrilegio

2061 1230 2235 1269 annus
2258 1213 2436 1278 aruit;
2469 1227 2689 1268 necesse
2710 1215 2854 1268 enim
2887 1213 2990 1268 fuit
3012 1213 3191 1282 perire
3213 1213 3489 1272 omnibus,
3522 1213 3662 1281 quod

2061 1307 2434 1377 religionibus,
2488 1307 2784 1377 negabatur
2812 1325 2832 1358 ι
2884 1303 3073 1378 (Apud
3113 1304 3378 1370 Ambros.,
3427 1313 3554 1358 tom.
3599 1319 3662 1370 tt,

2064 1415 2186 1469 pag.
2218 1399 2315 1452 851
2352 1407 2399 1450 et
2424 1414 2558 1467 seqq.
2580 1399 2621 1467 ).

2137 1493 2305 1560 Quam
2330 1494 2536 1554 crebra,
2576 1506 2638 1545 ac
2666 1504 2804 1561 pene
2819 1487 3157 1560 qu0tidiana,
3189 1497 3240 1543 et
3272 1487 3532 1542 diuturna
3556 1487 3667 1542 lue-

2067 1588 2136 1642 rit
2161 1585 2354 1642 stolida
2384 1585 2470 1638 illa
2500 1583 2784 1654 gentilium
2811 1581 3052 1652 querela,
3079 1581 3204 1636 inde
3226 1580 3403 1635 adhuc
3429 1579 3666 1650 conjice,

2068 1679 2208 1752 quod
2237 1677 2438 1734 ethnici
2465 1692 2584 1733 eam
2619 1691 2647 1728 a
2675 1674 2987 1729 chriStiante
3029 1673 3309 1743 religionis
3346 1674 3572 1728 exordio
3599 1673 3663 1726 ad

2071 1772 2351 1843 Augustini
2377 1786 2545 1841 usque
2593 1778 2834 1838 tempora
2885 1767 2936 1821 in
2969 1781 3064 1821 ore
3103 1782 3319 1838 semper
3358 1767 3664 1822 habuerint.

360 1869 489 1924 olim
513 1877 566 1922 et
592 1883 690 1923 suo
711 1870 885 1924 adhuc
910 1881 1151 1940 tempore
1174 1869 1308 1924 falsa
1331 1871 1418 1924 illa
1436 1871 1811 1926 criminatione
1832 1872 1954 1927 abu-
1985 1875 2031 1933 B
2059 1865 2226 1930 Audi,
2269 1878 2483 1933 (10:350.
2519 1863 2804 1929 ίυδυιηῐυθι
2848 1870 3096 1914 smmum
3127 1859 3278 1912 mm“
3330 1859 3612 1913 ἀοοιυτυηὶ
3647 1878 3658 1911 ε

360 1977 451 2017 sos
475 1962 638 2017 fuisse
670 1982 682 2016 ε
715 1982 732 2014 ‹
767 1962 899 2019 Cum
925 1965 1039 2019 hmc
1069 1985 1086 2016 ι
1119 1966 1307 2031 inquit,
1337 1984 1355 2016 ι
1385 1966 1708 2034 contigerint
1734 1967 1954 2031 mundo,

362 2070 729 2127 consequens,
765 2059 916 2127 quasi
960 2058 1462 2127 derelinquentibns
1493 2058 1800 2114 hominibus
1827 2059 1957 2113 deo-

361 2163 482 2202 rum
513 2139 711 2203 cultum
734 2191 748 2214 ,
786 2159 842 2203 ut
872 2157 1086 2217 propter
1118 2149 1510 2204 multitudinem
1539 2149 1954 2207 Christianorum

363 2240 544 2296 dicant
573 2240 689 2294 fieri
727 2241 897 2306 bella,
929 2241 1115 2303 fames,
1161 2250 1214 2293 ct
1243 2242 1592 2308 pestilentias.
1628 2240 1958 2310 Frequenter

362 2331 507 2386 enim
540 2330 697 2385 l'amis
725 2346 883 2386 causa
930 2330 1254 2385 christianos
1293 2333 1577 2398 culparunt
1614 2333 1869 2402 gentiles,
1905 2343 1958 2387 et

361 2423 686 2495 quicumque
757 2424 1036 2491 sapiebant
1080 2440 1198 2493 qute
1245 2425 1479 2494 gentium
1541 2436 1705 2490 sunt,
1759 2427 1853 2480 sed
1905 2435 1959 2480 et

363 2517 794 2588 peetileutiaruni
816 2533 1006 2573 causas
1025 2517 1088 2572 ad
1105 2516 1304 2572 Christi
1326 2517 1616 2573 Ecclesiam
1635 2519 1956 2574 retulerunt.

364 2610 579 2666 Scimus
607 2621 786 2665 autem
816 2619 870 2666 et
899 2610 1037 2680 apud
1078 2625 1176 2665 nos
1221 2622 1380 2665 terra:
1409 2623 1615 2666 motum
1660 2611 1858 2668 factum
1904 2615 1957 2668 in

362 2701 498 2758 locis
520 2704 862 2773 quibusdam,
893 2713 949 2759 et
974 2705 1137 2759 l’actas
1166 2704 1330 2759 fuisse
1355 2707 1612 2774 quasdam
1639 2709 1856 2774 ruinas;
1887 2709 1958 2763 ita

364 2807 422 2848 ut
454 2797 546 2866 qui
588 2805 743 2851 erant
783 2795 929 2866 impii
959 2808 1110 2850 extra
1140 2797 1319 2862 ﬁdem,
1351 2813 1567 2852 causam
1600 2810 1758 2854 terra:
1785 2811 1960 2856 motus

365 2889 614 2946 dicerent
656 2889 1021 2955 christianos;
1056 2900 1272 2962 propter
1301 2893 1442 2959 quod
1471 2901 1527 2946 et
1560 2895 1960 2961 persecutiones

365 2998 539 3055 passm
553 2991 678 3036 sunt
694 2983 1028 3044 Ecclesim,et
1044 2983 1278 3038 incensa:
1296 2996 1439 3040 sunt.
1454 2985 1571 3040 Non
1589 2988 1759 3042 solum
1780 2999 1958 3044 autem

367 3079 466 3141 illi,
501 3077 593 3130 sed
623 3085 675 3129 et
697 3078 786 3144 qui
820 3077 1137 3130 videbantur
1168 3077 1480 3145 prudentes,
1513 3079 1640 3132 talia
1672 3079 1722 3133 iu
1750 3081 1961 3149 publico

367 3170 645 3230 dicerent;
696 3170 819 3237 quia
869 3183 1087 3238 propter
1133 3171 1455 3226 christianos
1488 3173 1620 3226 liuut
1660 3174 1959 3244 gravissimi

2064 1978 2083 2010 ι
2122 1956 2347 2024 Quando
2382 1952 2594 2018 auditis,
2628 1970 2647 2005 ι
2680 1953 2748 2006 ait
2793 1951 3033 2025 (August.
3065 1952 3117 2004 in
3158 1951 3292 2004 titul.
3328 1953 3462 2020 psal.
3499 1967 3661 2015 Lxxx,

2062 2051 2090 2122 §
2122 2051 2171 2113 1,
2196 2065 2315 2119 pag.
2340 2046 2499 2116 857),
2537 2063 2557 2097 s
2579 2045 2779 2115 garrire
2805 2043 3174 2112 blasphemos,
3205 2054 3258 2098 et
3286 2043 3466 2099 dicere
3497 2044 3667 2097 abun-

2060 2143 2187 2197 dare
2215 2154 2492 2210 pressurus
2529 2137 2861 2205 temporibus
2907 2136 3258 2200 christianis;
3311 2139 3462 2191 scitis
3507 2138 3656 2191 enim

2062 2236 2180 2307 quia
2216 2236 2315 2288 hoc
2342 2242 2524 2286 amant
2553 2232 2733 2285 dicere
2760 2248 2773 2284 :
2805 2238 2858 2283 et
2884 2239 3038 2284 vetus
3072 2231 3318 2301 quidem,
3347 2232 3443 2284 sed
3468 2249 3498 2282 a
3531 2243 3663 2285 tent-

2061 2327 2278 2397 porihus
2330 2324 2635 2378 christianis
2681 2323 2848 2391 coepit
2902 2321 3241 2391 proverbium
3300 2341 3312 2376 :
3367 2321 3489 2376 Non
3533 2322 3662 2391 pluit

2061 2420 2201 2474 Deus
2254 2435 2271 2471 :
2312 2419 2412 2471 duc
2457 2416 2525 2470 ad
2554 2417 2880 2470 christianos.
2930 2417 3263 2487 Quamquam
3313 2418 3519 2486 priores
3566 2419 3664 2471 ista

2062 2511 2332 2575 dixerunt,
2366 2511 2450 2563 isti
2484 2519 2664 2564 autem
2694 2507 2853 2563 modo
2877 2508 3092 2574 dicunt,
3116 2520 3163 2562 et
3191 2510 3307 2576 quia
3338 2510 3463 2576 pluit
3493 2508 3664 2573 Deus,

2062 2605 2162 2659 duc
2190 2606 2256 2657 ad
2284 2603 2604 2657 christianos.
2645 2625 2662 2655 ι
2713 2602 2841 2670 Quae
2868 2600 3083 2673 quidem
3117 2601 3207 2656 ille
3240 2619 3346 2656 non
3384 2603 3559 2656 Solum
3595 2601 3664 2657 ibi

2062 2697 2285 2752 uberius
2313 2696 2675 2766 prosequitur,
2712 2696 2805 2749 sed
2836 2696 2941 2749 alio
2969 2695 3146 2750 adhuc
3176 2695 3227 2749 itt
3258 2694 3394 2748 libro
3416 2695 3556 2750 hunc
3585 2711 3669 2751 re-

2063 2793 2197 2862 petit
2219 2793 2268 2846 in
2313 2789 2531 2844 modum
2560 2808 2572 2843 :
2611 2807 2630 2839 (
2666 2788 2936 2843 Memento
2970 2798 3147 2843 autem
3178 2804 3265 2843 me
3303 2789 3400 2842 ista
3431 2802 3666 2843 commeo

2063 2894 2386 2948 morantem,
2418 2883 2592 2936 adhuc
2621 2890 2807 2935 contra
2843 2883 3121 2951 imperitos
3141 2897 3322 2951 agere,
3348 2897 3416 2936 ex
3439 2897 3666 2952 quorum

2067 2977 2335 3046 imperitia
2358 2977 2485 3030 illttd
2508 2991 2722 3044 quoque
2741 2983 2918 3028 ortutn
2941 2985 3024 3029 est
3044 2975 3267 3044 vulgare
3291 2976 3634 3044 proverbium
3657 2994 3670 3029 :

2086 3072 2259 3141 pluvia
2279 3070 2439 3131 desit,
2459 3085 2617 3124 causa
2641 3070 2937 3124 christiani.
2959 3070 3094 3124 Sunt
3109 3086 3361 3140 namque,
3379 3071 3467 3140 qui
3483 3087 3668 3126 eorum

2064 3164 2251 3218 studiis
2316 3163 2622 3217 liberalibus
2669 3163 2923 3226 instituti,
2977 3173 3159 3216 amant
3207 3163 3512 3227 historiam,
3566 3181 3671 3235 qua

369 3271 527 3317 terra!
550 3269 726 3316 motus
754 3283 772 3312 ι
811 3261 1075 3332 (Origcn.,
1111 3262 1286 3316 Trnct.
1315 3264 1407 3328 :‘8,
1436 3266 1488 3318 in
1514 3265 1729 3331 Matth,
1754 3278 1876 3320 tam.
1911 3285 1966 3332 ιι,
2000 3271 2042 3330 (ζ
2078 3257 2334 3312 facillime
2383 3259 2478 3310 ista
2525 3267 2829 3310 noverunt:
2862 3255 2957 3310 sed
2991 3265 3049 3310 ut
3076 3256 3231 3310 nobis
3279 3257 3668 3313 iueruditorum

369 3372 489 3424 pag.
522 3353 591 3409 88
615 3352 653 3424 ).
687 3353 864 3408 Testis
897 3355 1051 3410 nobis
1079 3355 1256 3410 adhuc
1283 3367 1364 3410 cst
1383 3357 1693 3412 Lactantius
1722 3360 1965 3414 ethnicos

367 3452 615 3506 eamdem
643 3466 742 3505 suo
767 3452 928 3506 etiam
953 3463 1197 3522 tempore
1219 3452 1484 3508 cecinisse
1507 3455 1849 3518 cantilenam,
1877 3456 1962 3509 ubi

369 3547 462 3601 ille
503 3547 836 3615 obiectarum
889 3547 1223 3614 publicarum
1263 3547 1496 3601 cladium
1541 3559 1593 3602 et
1624 3550 1961 3602 miseriarum

368 3645 766 3695 accusationem
817 3643 869 3693 in
903 3641 1047 3708 ipsos
1095 3641 1170 3694 sic
1211 3639 1452 3694 refundit
1487 3659 1499 3693 :
1541 3662 1556 3692 ι
1610 3641 1804 3696 Discite
1845 3641 1964 3696 ideo

370 3732 513 3786 mala
562 3732 741 3785 omnia
788 3730 950 3784 rebus
982 3730 1228 3783 humanis
1271 3731 1508 3800 quotidie
1552 3733 1961 3802 ingravescere,

371 3826 496 3894 quia
530 3824 702 3891 Deus,
751 3824 907 3892 hujus
935 3823 1114 3876 mundi
1150 3823 1369 3877 ell’ector
1399 3839 1451 3878 et
1480 3827 1838 3894 gubernator,
1872 3830 1962 3883 de-

369 3918 593 3973 relictus
627 3928 746 3984 est;
792 3917 915 3987 quia
955 3927 1219 3986 susceptae
1255 3926 1411 3980 sunt,
1443 3930 1632 3974 contra
1680 3935 1841 3990 quam
1887 3921 1964 3977 l‘as

371 4020 475 4072 est,
511 4010 691 4079 impiae
716 4009 1002 4078 religiones
1027 4026 1041 4073 ;
1069 4018 1351 4078 postremo
1376 4011 1499 4078 quia
1524 4027 1590 4065 ne
1619 4013 1724 4066 coli
1747 4015 1963 4082 quidem

370 4103 459 4157 vel
488 4119 518 4156 a
543 4102 724 4171 paucis
768 4102 936 4157 Deum
980 4103 1155 4156 sinitis
1193 4123 1210 4154 ι»
1247 4101 1527 4169 (Laetam,
1559 4106 1645 4158 lib.
1674 4122 1729 4174 v,
1763 4125 1880 4178 cap.
1910 4109 1963 4175 8,

372 4212 494 4267 pag.
519 4195 624 4251 479
651 4205 696 4248 et
724 4212 862 4264 seqq.
889 4195 929 4264 ).
963 4195 1020 4250 Si
1051 4197 1194 4249 enim
1227 4196 1318 4250 ille
1341 4198 1507 4262 solos,
1533 4199 1830 4256 observatis
1851 4203 1966 4274 ejus

372 4287 600 4356 legibus,
635 4285 789 4340 sicuti
819 4302 915 4356 par
941 4297 1045 4350 est,
1074 4288 1366 4356 coleretur,
1407 4305 1513 4344 nou
1541 4302 1742 4357 essent,
1774 4294 1962 4365 inquit,

374 4377 760 4443 dissensiones,
805 4378 963 4442 bella,
998 4378 1235 4444 fraudes,
1269 4382 1490 4451 rapinze,
1524 4384 1807 4454 adulteria,
1833 4389 1966 4442 alia-

373 4487 480 4542 que
504 4471 674 4536 mala,
701 4471 896 4541 quibus
925 4473 1212 4527 humanum
1249 4489 1420 4543 genus
1459 4477 1698 4548 seipsum
1729 4481 1964 4536 Conficit.

444 4561 554 4617 Nos
585 4577 713 4617 vero
739 4563 1118 4617 annotavimns
1144 4565 1269 4633 quid
1300 4565 1621 4624 Maximinus
1653 4569 1966 4640 Imperator,

2072 3352 2253 3405 turbas
2285 3349 2658 3404 infestissimas
2704 3349 2965 3413 reddant,
2997 3364 3056 3404 se
3099 3364 3261 3404 nosse
3289 3351 3666 3414 dissimulant,

2067 3454 2224 3513 atque
2259 3443 2358 3495 hoc
2385 3442 2524 3510 apud
2571 3441 2760 3510 vulgus
2787 3440 3113 3495 conﬁrmare
3148 3443 3419 3507 nituntur,
3450 3444 3666 3507 clades,

2067 3536 2258 3605 quibus
2287 3550 2384 3604 per
2412 3547 2556 3588 certa
2587 3534 2870 3588 intervalla
2896 3534 3140 3588 locorum
3173 3546 3225 3590 et
3254 3546 3553 3606 temporum
3577 3553 3671 3607 ge-

2068 3645 2167 3684 nus
2196 3629 2490 3684 humanum
2513 3639 2725 3698 oportet
2752 3629 2938 3700 allligi,
2967 3646 3128 3684 causa
3153 3631 3400 3686 accidere
3434 3633 3673 3686 nominis

2068 3720 2381 3785 christiani,
2431 3721 2572 3788 quod
2618 3732 2805 3774 contra
2837 3720 2969 3775 deos
3001 3737 3129 3775 suos
3179 3722 3381 3791 ingenti
3410 3722 3584 3786 fama,
3616 3735 3672 3776 et

2070 3813 2481 3884 praeclarissima
2537 3815 2852 3868 celebritate
2903 3829 2998 3884 per
3048 3827 3240 3870 cuncta
3285 3815 3603 3872 dill‘unditur
3645 3838 3663 3869 ι

2069 3908 2085 3977 (
2115 3907 2282 3972 Idem,
2317 3908 2401 3960 lib.
2435 3923 2471 3961 ιι
2500 3906 2562 3960 de
2585 3909 2760 3970 Cirit.,
2793 3924 2910 3977 cap.
2939 3909 2995 3970 5,
3030 3925 3148 3980 pag.
3184 3910 3255 3964 55
3282 3912 3321 3978 ).

2137 4000 2219 4054 Ad
2247 4001 2381 4054 hanc
2409 4011 2586 4055 autem
2619 4001 2979 4069 importunam
3013 4017 3076 4057 ac
3106 4002 3294 4058 falsam
3322 4004 3668 4059 criminatio-

2069 4111 2214 4163 nem,
2238 4097 2439 4149 tamdiu
2457 4095 2721 4166 tmiesque
2735 4096 2802 4148 ab
2820 4095 2898 4150 eis
2923 4096 3227 4168 repetitam,
3247 4097 3670 4167 propulsandam

2068 4200 2122 4243 et
2175 4191 2390 4259 penitus
2437 4189 2899 4259 comprimendam
2931 4230 2946 4256 ,
2995 4190 3346 4246 eruditissimi
3392 4192 3673 4262 religionis

2068 4295 2266 4338 nostrae
2302 4283 2619 4338 defensores
2667 4295 2722 4338 et
2764 4293 3024 4338 tractatus
3069 4296 3122 4338 et
3163 4285 3327 4339 libros
3371 4284 3670 4340 identidem

2068 4377 2376 4433 ediderunt.
2404 4377 2539 4432 Cum
2563 4379 2708 4431 enim
2726 4377 3100 4432 Demetrianus
3122 4379 3448 4433 chrisdanos
3486 4381 3668 4449 publi-

2069 4486 2254 4526 carum
2285 4470 2653 4524 calamitatum
2681 4485 2899 4524 causam
2933 4485 3054 4525 esse
3084 4470 3331 4538 latraret,
3363 4470 3671 4543 Cyprianus

2069 4560 2514 4630 Carthagineusis
2569 4562 2856 4631 episcopus
2891 4603 2906 4625 ,
2955 4560 3222 4616 clamosas
3274 4563 3420 4618 illius
3467 4579 3670 4628 voces,

374 4654 686 4711 Christianis
730 4654 1156 4721 infensiSsimus,
1187 4657 1380 4727 iniquis
1407 4661 1682 4715 civitatum
1713 4664 1962 4721 adversus

2074 4655 2393 4724 ineptasque
2425 4654 2829 4724 objurgationes
2856 4693 2870 4717 ,
2915 4654 3149 4721 primum
3181 4655 3519 4723 spernendus
3547 4671 3672 4711 esse

375 4763 470 4804 eos
489 4747 935 4818 postulationibus
950 4751 1290 4820 responderit
1305 4758 1320 4822 (
1337 4753 1546 4809 Disserl.
1565 4756 1617 4810 in
1635 4755 1766 4812 Luc.
1787 4757 1968 4826 Cecil.,

375 4858 493 4913 cap.
531 4843 618 4909 15,
648 4853 748 4896 art.
781 4845 834 4907 '5,
859 4861 976 4916 pag.
1013 4844 1175 4915 546).
1220 4847 1286 4899 At
1319 4846 1370 4900 in
1411 4864 1507 4912 ea,
1538 4864 1695 4916 quam
1739 4850 1805 4903 ad
1851 4850 1971 4906 illas

375 4934 625 4990 civitates
670 4935 883 5005 scripsit
913 4936 1142 5004 epistola
1163 4979 1178 4998 ,
1216 4937 1490 5006 audacter,
1529 4949 1666 4996 teste
1699 4940 1932 4996 Eusebio
1953 4984 1969 5006 ,

375 5028 654 5084 asserebat
679 5028 985 5083 acerbiores
1019 5028 1352 5083 calamitates
1379 5033 1668 5102 contigisse
1706 5052 1718 5088 :
1751 5037 1840 5090 Διὰ
1883 5041 1971 5095 τήν

377 5121 594 5200 ὀλέθριον
621 5121 808 5181 πλάνην
829 5131 918 5183 τῆς
947 5123 1190 5177 minantium)
1218 5125 1545 5195 ματαιότητος
1585 5135 1683 5182 τῶν
1726 5130 1972 5201 ἀθεμίτων

377 5217 648 5288 ἀνθρώπων
679 5219 872 5271 ἐνδίνων
899 5219 1114 5291 ἐγένετο,
1142 5219 1289 5275 ἡνίκα
1313 5221 1446 5274 κατὰ
1474 5223 1566 5282 τὰς
1595 5221 1782 5294 ψυχὰς
1808 5227 1972 5281 αὐτῶν

377 5307 658 5372 ἐπεπόλαζε
677 5351 692 5374 ,
722 5312 804 5365 καὶ
825 5307 1018 5383 σχεδὸν
1064 5312 1219 5365 εἰπεῖν
1251 5312 1318 5367 τὰ
1358 5320 1635 5384 πανταχοῦ
1680 5325 1771 5378 τῆς
1801 5319 1970 5373 οἰκου-

377 5401 534 5472 μένης
563 5402 846 5472 αἰσχυναις
877 5404 1058 5468 irrisis.
1093 5401 1168 5457 0b
1196 5404 1497 5474 pestiferum
1527 5423 1747 5464 errorem
1775 5411 1974 5466 inanis-

378 5493 523 5545 sima:
539 5491 775 5545 vanitatis
796 5493 1155 5550 sceleratorum
1172 5494 1381 5549 illorum
1399 5498 1661 5553 hominum
1679 5514 1967 5568 evenerunt,

379 5599 480 5653 quo
507 5598 731 5654 tempore
756 5600 899 5638 error
931 5584 1018 5639 ille
1058 5588 1111 5640 in
1131 5588 1318 5641 animis
1350 5589 1555 5643 illorum
1590 5592 1891 5660 pullulavit,
1924 5604 1970 5648 et

381 5677 672 5732 universum
691 5677 1060 5748 propemodum
1088 5689 1339 5735 terrarum
1353 5683 1525 5737 orbem
1543 5683 1699 5752 probo
1721 5701 1778 5737 ac
1795 5687 1974 5743 decore

384 5768 607 5839 applevit
677 5767 946 5840 (Euseb.,
1015 5769 1104 5824 lib.
1155 5785 1198 5826 tt
1235 5770 1433 5829 Eccles.
1485 5773 1699 5842 Itistor.,
1756 5793 1870 5848 cap.
1916 5779 1969 5847 7,

383 5885 505 5941 pag.
539 5871 646 5929 ’553
665 5872 705 5943 ).

2073 4748 2351 4803 censebat.
2394 4746 2590 4802 V'eruin
2627 4749 2735 4814 ille,
2761 4745 3217 4817 quemadmodum
3247 4747 3518 4803 Arnobius
3548 4764 3680 4804 nos-

2075 4852 2156 4896 ter
2184 4842 2533 4913 (Arnob..lil).
2564 4857 2602 4906 ι,
2635 4859 2752 4912 pag.
2775 4841 2850 4910 l),
2882 4855 2952 4893 ne
2984 4856 3042 4894 se
3069 4840 3324 4906 hominis,
3362 4842 3528 4911 impie
3560 4845 3671 4899 Deo

2075 4938 2432 5008 obstrepentis
2458 4977 2472 5003 ,
2504 4935 2833 4990 clamoribus
2862 4935 3044 4999 vinci,
3101 4950 3163 4990 ac
3205 4951 3329 4989 cum
3360 4937 3674 4993 cbristiauis

2077 5047 2234 5087 causa
2273 5031 2535 5086 cecidisse
2566 5031 2858 5096 diceretur,
2895 5030 3356 5085 dementissimam
3390 5031 3537 5084 illius
3588 5041 3672 5085 tc-

2077 5127 2381 5183 meritatem
2409 5136 2632 5181 tractatu
2661 5125 2920 5181 adversus
2948 5139 3069 5180 eum
3092 5125 3240 5180 edito
3275 5124 3535 5179 coercuit.
3562 5125 3673 5179 Hu-

2074 5223 2226 5293 jusce
2264 5231 2442 5274 autetu
2492 5221 2672 5290 operis
2734 5220 2886 5274 initio
2922 5218 3002 5275 sic
3045 5219 3132 5272 ille
3163 5217 3398 5288 loquitur
3441 5235 3454 5270 :
3512 5238 3530 5269 ι
3561 5218 3670 5274 Sed

2077 5317 2219 5373 enim
2249 5331 2371 5370 cum
2402 5314 2549 5368 dicas
2576 5314 2837 5383 plurimos
2853 5314 3114 5385 conqueri
3137 5353 3150 5376 ,
3198 5312 3341 5383 quod
3374 5313 3515 5368 bella
3545 5329 3670 5370 crc-

2077 5407 2227 5462 brius
2255 5413 2500 5475 surgant,
2523 5405 2665 5475 quod
2689 5405 2825 5469 lues,
2855 5405 2995 5474 quod
3027 5405 3199 5459 fames
3224 5405 3470 5469 saeviant,
3493 5407 3671 5477 quod-

2073 5512 2180 5568 que
2212 5496 2412 5550 imbres
2446 5505 2499 5549 et
2531 5495 2739 5564 pluvias
2770 5511 2960 5552 serena
2989 5497 3150 5566 longa
3179 5496 3544 5565 suspendant,
3570 5515 3670 5556 no-

2074 5591 2159 5648 bis
2207 5590 2502 5660 imputari,
2561 5599 2738 5645 tacere
2773 5589 2912 5644 ultra
2961 5605 3065 5646 non
3115 5599 3373 5660 oportet;
3429 5608 3498 5647 ne
3556 5593 3672 5662 jam

2076 5701 2186 5742 non
2210 5684 2580 5750 verecundiae,
2633 5684 2726 5738 sed
2753 5683 3044 5740 dilideutia:
3075 5698 3197 5740 esse
3227 5685 3480 5755 incipiat,
3523 5688 3671 5757 quod

2078 5788 2322 5836 tacemus
2342 5819 2358 5844 ,
2408 5788 2462 5833 et
2499 5777 2627 5832 dum
2653 5777 3061 5833 criminationes
3089 5779 3489 5834 contemnimus
3517 5780 3670 5837 refu-

2090 5885 2207 5933 tare
2228 5917 2242 5943 ,
2275 5872 2553 5930 videamur
2579 5873 2783 5930 crimen
2815 5887 3130 5944 agnoscere.
3160 5873 3484 5942 Bespondeo
3512 5877 3677 5948 igitur
