3918 6352
247 348 333 404 457
1459 334 1528 392 ΙΝ
1554 330 1820 394 ΑΚΝΟΒΙ

1930 375 1942 403 ,
1991 332 2150 393 CAP.
2193 333 2282 392 Vl.

3438 333 3548 393 468

245 471 290 518 et
315 459 423 528 tibi,
445 456 812 525 Demetriaue,
832 465 888 514 et
907 455 1142 523 caeteris,
1175 464 1313 525 quos
1335 459 1391 508 tu
1421 449 1645 508 forsitan
1674 461 1810 506 eon—
1836 452 1891 514 Α
1915 450 2093 522 gionis
2114 451 2426 508 christiana:
2451 451 2678 509 exordio
2695 452 2763 509 ad
2781 467 2934 509 suam
2957 467 3130 524 usque
3156 460 3376 509 etatem
3397 448 3538 508 nihil

243 554 428 622 citasti,
469 563 522 610 et
555 554 824 610 adversus
845 565 965 619 nos,
993 551 1114 608 odia
1143 550 1254 606 tuis
1288 547 1569 604 maledicis
1595 546 1820 602 vocibus

241 648 532 706 seminando
550 691 568 715 ,
611 649 845 706 comites
872 647 966 702 tibi
995 646 1202 720 plures,
1227 643 1427 700 radicis
1452 651 1616 712 atque
1645 640 1815 711 origi-

247 741 316 798 nis
355 750 453 796 tua:
493 741 855 810 pullulatione
891 739 1100 805 fecisti,
1142 753 1278 806 quos
1322 743 1501 792 tamen
1548 733 1819 790 sermonis

243 833 390 890 nostri
425 833 711 888 admittere
760 830 926 887 credo
975 831 1265 886 rationem.
1297 849 1319 882 ι
1365 826 1660 902 (Cypriau.
1694 868 1709 893 ,
1744 825 1816 879 ad

244 925 470 989 Demetr.,
497 936 623 996 pug.
654 923 806 998 186).

303 1021 622 1092 Augustinus
647 1031 814 1086 vero,
857 1017 927 1073 de
966 1031 1074 1089 quo
1109 1030 1210 1072 nos
1250 1016 1414 1087 paulo
1442 1022 1568 1069 ante
1597 1011 1814 1069 diceba-

243 1127 377 1179 mus,
416 1122 605 1183 aperte
644 1111 883 1168 declarat
909 1126 970 1167 se
995 1110 1247 1166 eamdem
1301 1109 1372 1164 ob
1415 1119 1636 1163 causam
1679 1118 1814 1161 con-

239 1205 494 1276 scripsisse
526 1218 654 1261 suos
681 1204 750 1259 de
778 1203 1006 1260 Civitate
1040 1203 1136 1258 Dei
1164 1203 1368 1268 libros,
1397 1214 1628 1270 quorum
1656 1199 1815 1270 quin-

239 1313 329 1369 que
349 1297 614 1366 prioribus
659 1295 799 1351 hanc
840 1295 1138 1351 inﬁdelium
1180 1293 1457 1348 hominum
1485 1291 1814 1348 calumniam

241 1389 538 1459 expressius
566 1387 783 1444 refellit.
817 1387 946 1442 Haec
965 1395 1149 1449 autem
1170 1395 1296 1440 sunt
1327 1383 1550 1439 totidem
1578 1383 1722 1437 illius
1747 1398 1813 1439 ea

235 1487 294 1543 de
318 1485 560 1542 reverba
596 1505 609 1541 :
645 1503 665 1538 ι
689 1485 898 1541 Interea
933 1485 1102 1539 Roma
1148 1481 1452 1538 Gothorum
1478 1480 1814 1550 irruptione,

237 1580 487 1653 agentium
514 1581 617 1635 sub
641 1595 767 1650 rege
798 1579 1033 1644 Alarico,
1057 1587 1220 1647 atque
1251 1577 1453 1646 impetu
1475 1589 1680 1646 magna
1706 1574 1820 1629 cla-

236 1675 309 1731 dis
337 1690 522 1730 eversa
553 1685 640 1731 est
671 1693 686 1730 :
726 1674 882 1746 cujus
919 1674 1259 1730 eversionem
1301 1671 1526 1727 deorum
1560 1671 1818 1726 lalstirum

239 1767 619 1838 multorumque
657 1767 896 1822 cultores
920 1809 936 1831 ,
979 1780 1116 1837 quos
1155 1765 1356 1828 usitan
1386 1764 1607 1819 nomine
1649 1776 1820 1835 paga-

237 1875 325 1918 nos
349 1877 621 1924 vocamus,
655 1862 708 1916 in
735 1861 1084 1916 christiauam
1118 1860 1435 1930 religionem
1476 1857 1685 1914 relerre
1721 1872 1816 1914 co-

239 1965 451 2022 nantes,
514 1956 672 2011 solito
719 1956 970 2010 acerbius
1017 1964 1073 2011 et
1121 1954 1358 2008 amarius
1404 1952 1572 2008 Deum
1626 1964 1818 2008 verum

236 2047 599 2119 blasphemare
623 2059 924 2119 ceperunt.
978 2047 1128 2104 Unde
1176 2062 1279 2117 ego
1305 2045 1664 2101 exardescens
1699 2044 1819 2100 zelo

238 2141 419 2198 domus
440 2142 560 2210 Dei,
589 2144 850 2198 adversus
870 2153 1056 2196 eorum
1082 2139 1451 2210 blasphemiae
1470 2139 1555 2194 vel
1579 2153 1818 2208 errores,

236 2234 387 2290 libros
428 2233 499 2291 de
531 2232 780 2290 ‘Ctviiate
810 2233 903 2288 Dei
931 2232 1171 2288 scribere
1201 2231 1526 2286 institui.....
1576 2228 1820 2298 Quorum

235 2328 454 2399 quinque
482 2327 641 2397 primi
667 2341 762 2383 eos
820 2326 1075 2381 refellunt
1103 2367 1118 2390 ,
1169 2325 1262 2396 qui
1313 2339 1401 2380 res
1448 2323 1712 2379 humanas
1741 2323 1816 2379 ita

236 2421 534 2490 prosperari
568 2420 773 2486 volunt,
805 2430 862 2473 ut
887 2417 955 2472 ad
987 2418 1091 2473 hoc
1121 2418 1413 2472 multorum
1443 2417 1669 2472 deorum
1697 2417 1820 2472 cul-

232 2520 369 2578 tum,
412 2526 551 2582 quos
598 2511 785 2580 pagani
813 2510 996 2565 colere
1033 2518 1400 2576 consuerunt,
1452 2509 1819 2565 necessarium

234 2619 345 2660 esse
378 2605 733 2672 arbitrentur,
781 2613 837 2660 et
863 2604 984 2673 quia
1015 2602 1355 2672 prohibetur,
1387 2601 1528 2656 mala
1558 2601 1661 2656 ista
1684 2615 1818 2656 exo-

235 2699 342 2766 riri,
375 2709 538 2770 atque
587 2699 865 2754 abundare
889 2695 1226 2752 contendunt
1265 2713 1285 2748 ι
1330 2694 1607 2766 (Δηναίη
1641 2695 1728 2750 lib.
1755 2709 1818 2762 ιι,

237 2791 474 2856 Retract.,
506 2808 628 2862 cap.
660 2790 776 2863 43).

297 2884 473 2956 Neque
502 2883 800 2956 Augustino
829 2882 930 2938 bos
953 2925 968 2949 ,
1010 2881 1256 2953 quamvis
1278 2879 1506 2936 eximios
1533 2878 1818 2935 excellen-

238 2987 412 3049 tesque
459 2977 624 3032 libros
670 2975 970 3032 confecisse
998 2980 1131 3030 satis
1156 2973 1294 3028 fuit:
1337 2973 1434 3028 sed
1473 2970 1726 3029 Orosium
1751 2972 1821 3028 ad

228 3069 526 3125 scribendos
563 3070 790 3124 annales
835 3067 1094 3138 impulit,
1135 3067 1332 3137 quibus
1387 3065 1567 3136 palam
1615 3063 1823 3120 laceret

1924 553 2120 600 contra
2141 552 2311 600 statas
2323 552 2532 601 naturae
2554 545 2726 618 leges,
2756 559 2934 616 neque
2957 545 3012 602 in
3029 544 3338 610 elementis,
3359 557 3540 616 neque

1925 641 1980 695 in
2011 640 2167 703 solis.
2203 639 2366 706 lunae,
2401 649 2457 696 et
2483 651 2758 696 astrorum
2787 653 2972 705 cursu,
3012 653 3188 710 neque
3214 639 3269 694 in
3301 649 3541 709 quatuor

1922 737 2049 791 anui
2077 737 2515 806 tempestatibus,
2562 751 2738 806 neque
2791 735 2842 790 in
2895 733 3060 791 solita
3111 742 3276 789 terra:
3323 733 3537 787 anima.

1923 827 2168 899 liumque
2185 827 2558 896 lmennditate,
2579 827 2822 899 nequein
2841 827 3072 898 publicis
3094 809 3349 882 humanis
3372 826 3537 881 rebus

1921 930 1978 974 et
1999 920 2303 991 disciplinis
2322 928 2587 976 mutatum
2611 921 2703 976 sit.
2724 919 2768 974 ν
2774 934 2928 975 erum
2949 919 3265 989 superiores
3295 919 3542 988 publicas

1921 1012 2261 1068 calamitates
2282 1056 2296 1078 ,
2329 1013 2601 1068 rhetorica
2632 1011 2802 1084 figura
2849 1012 3012 1082 paulo
3042 1012 3268 1068 nimium
3298 1011 3539 1081 amplili-

1921 1118 2078 1160 casse
2122 1105 2370 1175 pluribus
2416 1105 2648 1161 [ortasse
2689 1104 3000 1172 videretur,
3050 1105 3153 1162 nisi
3207 1112 3534 1175 persuasum

1924 1200 2068 1254 haud
2096 1199 2259 1255 dubie
2292 1201 2371 1254 illi
2400 1198 2596 1256 fuisset
2621 1199 2806 1266 toties,
2844 1199 2924 1255 uti
2965 1197 3224 1264 diximus,
3253 1200 3540 1268 repetitam

1922 1293 1990 1348 ad
2019 1295 2251 1350 ethnicis
2271 1295 2722 1351 ohtrecutionem
2748 1303 2827 1349 tot
2847 1293 3112 1365 exemplis
3141 1308 3263 1348 esse
3287 1294 3541 1349 refellen-

1924 1387 2071 1454 dam,
2108 1397 2165 1444 ut
2200 1388 2267 1444 ad
2306 1387 2599 1456 silendum,
2627 1398 2720 1445 aut
2744 1388 2937 1443 saltem
2969 1387 3037 1443 ad
3064 1386 3378 1458 pudendum
3421 1386 3535 1442 adi-

1920 1493 2198 1556 gerentur.
2230 1483 2600 1554 Quamobrem
2651 1483 3023 1538 Tertullianus
3073 1483 3127 1537 in
3170 1481 3330 1552 longa
3373 1481 3537 1536 etiam

1925 1576 2277 1643 earumdem,
2330 1592 2451 1646 qua:
2501 1585 2628 1631 ante
2673 1573 2884 1631 Christi'
2917 1583 3098 1628 ortum
3154 1573 3537 1642 contigerant,

1931 1667 2170 1723 cladium
2211 1669 2626 1724 enumeratione
2673 1666 2765 1721 diu
2807 1676 3088 1732 versatur,
3132 1679 3234 1720 nec
3273 1677 3434 1720 secus
3479 1677 3542 1717 ac

1927 1774 2115 1818 noster
2139 1772 2328 1818 auctor
2361 1773 2546 1834 postea
2571 1760 2854 1820 concludit
2889 1779 2901 1815 :
2931 1779 2952 1812 ι
2986 1760 3042 1815 Si
3072 1761 3330 1831 pristinas
3359 1758 3543 1829 clades

1852 1837 1901 1899 Β
1927 1871 2325 1928 comparemus,
2368 1858 2572 1913 leviora
2615 1871 2758 1913 nunc
2789 1855 3076 1922 accidunt,
3123 1871 3192 1911 ex
3227 1869 3335 1926 quo
3359 1854 3539 1910 chris-

1930 1952 2107 2006 tianos
2137 1968 2164 2007 a
2210 1951 2323 2006 Deo
2352 1951 2502 2007 orbis
2546 1952 2777 2024 accepit.
2823 1951 2904 2006 Ex
2931 1955 3010 2005 eo
3039 1950 3188 2008 enim
3228 1948 3544 2005 innocentia

1927 2043 2114 2100 seculi
2146 2044 2459 2115 iniquitates
2500 2044 2861 2114 temperavit,
2907 2053 2964 2100 et
3015 2043 3404 2114 deprecatores
3450 2042 3546 2095 Dei

1929 2149 2053 2193 esse
2085 2147 2370 2208 cmperunt
2405 2157 2426 2190 ι
2462 2135 2824 2206 (Tertullian.,
2853 2137 3102 2209 Apolog.,
3134 2153 3254 2207 cap.
3287 2136 3404 2207 40).
3435 2135 3549 2192 Sed

1930 2230 2046 2286 haec
2076 2231 2185 2295 ille,
2230 2233 2298 2287 de
2327 2245 2435 2302 quo
2465 2247 2565 2288 nos
2608 2246 2708 2288 suo
2749 2233 2906 2299 loco,
2959 2233 3130 2288 iusius
3164 2232 3273 2287 alio
3314 2233 3368 2287 in
3406 2230 3545 2287 libro

1925 2328 2274 2398 prosequitur
2299 2325 2493 2401 (Idem,
2527 2327 2618 2382 lib.
2651 2329 2714 2382 dc
2738 2327 2937 2396 Pallio,
2965 2345 3084 2400 cap.
3115 2328 3234 2399 27).

2002 2416 2205 2476 Contra
2238 2431 2420 2478 tamen
2448 2420 2778 2491 objiciebant
2808 2421 3054 2480 ethnici:
3083 2439 3104 2474 ι
3135 2420 3536 2477 Pestilentias.»

1929 2512 2159 2568 Arnobii
2201 2513 2365 2568 verba
2411 2523 2570 2580 sunt,
2610 2533 2629 2564 ι
2679 2523 2732 2568 et
2770 2513 3077 2574 siccitates.
3125 2511 3286 2578 bella,
3327 2510 3542 2582 frugum

1931 2604 2194 2674 inopiam,
2221 2604 2482 2672 Iocustas,
2517 2620 2722 2670 mures,
2757 2613 2815 2659 et
2837 2603 3151 2676 grandines,
3185 2618 3385 2675 resque
3412 2603 3546 2658 alias

1930 2699 2145 2764 noxias,
2175 2697 2372 2768 quibus
2405 2698 2618 2769 negotia
2665 2697 3018 2753 incursantnr
3045 2696 3306 2764 humana,
3332 2696 3409 2751 dii
3440 2696 3544 2750 im-

1929 2803 2169 2864 portant,
2213 2794 2426 2862 injuriis
2468 2793 2896 2849 cbristianorum
2939 2801 3104 2863 atque
3142 2788 3544 2847 odensionibus

1927 2891 2234 2960 eanperati
2259 2908 2278 2942 ι
2326 2887 2569 2960 (Aruob.,
2609 2887 2699 2945 lib.
2731 2903 2769 2956 ι,
2805 2905 2928 2959 pag.
2956 2887 3034 2958 5).
3095 2885 3202 2943 Sed
3247 2885 3364 2942 haec
3403 2884 3545 2940 ratio

1929 2992 2038 3059 tam
2091 2982 2239 3050 parvi
2291 2980 2536 3050 levisque
2574 2981 2839 3035 momenti
2887 2978 3130 3035 Arnobio
3172 2978 3288 3033 visa
3327 2986 3445 3046 est,
3477 2987 3540 3033 ut

1927 3081 2130 3146 seipsa,
2164 3075 2369 3146 absque
2389 3073 2494 3129 ulla
2523 3073 2920 3141 conlutatione,
2943 3087 3202 3128 corruere
3222 3086 3544 3143 persuasum

236 3163 479 3219 mundum
541 3162 796 3218 omnibus
837 3161 1162 3217 saeculorum
1239 3159 1489 3216 uitalibus
1516 3201 1531 3226 ,
1592 3168 1649 3214 οι
1694 3168 1818 3214 θυαε
1848 3183 1896 3248 C
1929 3168 2158 3226 omnino
2187 3165 2454 3223 habuerit.
2489 3164 2778 3233 Quomodo
2809 3167 2980 3231 enim,
3007 3165 3203 3236 inquit,
3240 3163 3357 3218 haec
3395 3165 3543 3219 cala-

237 3266 400 3310 ortam
438 3255 788 3310 christianam
837 3255 1154 3325 religionem
1180 3296 1196 3321 ,
1256 3255 1499 3324 publicas
1542 3253 1820 3323 accepisse

237 3349 576 3416 calamitates,
609 3348 966 3417 hominesque
999 3347 1382 3402 communibus
1417 3346 1664 3402 cladibus
1712 3347 1818 3401 mi-

237 3442 381 3496 seriis
405 3449 560 3507 atque
589 3441 845 3496 aerumnis
873 3441 1037 3496 luisse
1066 3440 1317 3494 afﬂictos.
1357 3440 1482 3494 Hinc
1533 3439 1650 3510 ipse
1677 3437 1819 3495 Oro-

237 3534 338 3588 sius
367 3535 414 3588 in
441 3533 788 3590 historiarum
839 3548 1056 3588 suarum
1095 3532 1320 3588 exordio
1349 3530 1608 3603 praefatur
1631 3573 1647 3598 ,
1699 3546 1822 3603 qua:

237 3627 436 3697 quidem
463 3631 666 3700 integra
699 3629 784 3682 hic
804 3626 1114 3682 describere
1143 3627 1268 3695 quia
1292 3625 1505 3695 longius
1533 3623 1673 3680 foret
1697 3664 1713 3689 ,
1750 3622 1821 3679 ad

240 3721 346 3791 ejus
371 3723 570 3787 libros,
623 3723 916 3793 quemlibet
965 3721 1238 3776 curiosum
1290 3718 1616 3775 mittendum
1645 3719 1820 3774 satius

243 3815 491 3872 duximus.
544 3819 693 3872 Ante
737 3817 985 3871 Orosinm
1041 3825 1221 3875 autem
1285 3823 1342 3868 et
1405 3813 1766 3884 Augustinum
1798 3853 1817 3881 ,

245 3911 492 3967 Arnobius
513 3923 698 3966 noster
726 3912 783 3965 in
811 3911 975 3976 hisce,
1006 3910 1074 3965 de
1094 3909 1290 3980 quibus
1312 3909 1541 3979 agimus.
1571 3907 1726 3964 libris
1753 3906 1820 3963 ad

246 4005 468 4060 eamdem
494 4005 778 4077 gentilium
811 4005 1258 4060 obtrectationem
1305 4003 1460 4074 plane
1501 4003 1822 4072 penitusque

245 4096 647 4165 reprimendam,
691 4099 766 4151 uti
805 4097 1053 4168 superius
1098 4097 1497 4160 annotaviinu's,
1529 4107 1820 4165 aggressus

243 4199 332 4244 est.
360 4191 485 4258 Quae
514 4192 695 4262 itaque
734 4200 788 4246 et
814 4205 973 4261 quam
1004 4188 1178 4245 valida
1209 4190 1317 4245 sint
1343 4187 1462 4259 ejus
1501 4197 1821 4259 argumenta

239 4283 358 4350 jam,
381 4286 422 4338 si
447 4285 665 4352 suubet,
696 4283 959 4339 videams.

831 4434 1127 4476 Αιιτιουιυε
1165 4435 1222 4473 ιι.

235 4555 576 4632 Expenduntur
602 4555 1337 4632 singulaArnobiiai-gumenta
1357 4597 1371 4619 ,
1398 4559 1582 4632 quibus
1619 4560 1829 4632 insulas
1853 4570 1908 4632 ι)

295 4620 613 4678 ethnicorum,
643 4621 937 4670 christianos
962 4620 1264 4682 publiearum
1292 4622 1508 4670 omnium
1534 4620 1745 4675 cladium
1773 4633 1826 4674 et

290 4682 606 4732 calamitatum
645 4693 838 4747 causam
881 4693 993 4730 esse
1019 4695 1263 4747 nunquam
1288 4695 1383 4731 non
1424 4683 1824 4747 proclamantium

293 4747 650 4810 cruninatioues
669 4744 890 4794 funditus
903 4745 1193 4810 Aevertit,_ac
1217 4744 1458 4810 quomodo
1481 4755 1532 4796 et
1552 4760 1698 4810 quam
1722 4749 1827 4797 evi-

290 4809 458 4859 denter
481 4809 792 4860 demonstret
816 4811 876 4856 ab
901 4807 1007 4868 ipso
1020 4807 1307 4872 christiana:
1331 4807 1587 4872 religiOuis
1611 4811 1820 4860 exordio

295 4873 348 4919 ad
370 4883 500 4920 suam
525 4884 684 4932 usque
710 4877 905 4935 aetatem
926 4869 1084 4935 ,_nlhil
1109 4877 1272 4919 contra
1298 4869 1450 4920 statas
1471 4878 1659 4921 natutze
1683 4873 1826 4935 leges

293 4948 381 4983 nec
405 4937 450 4983 in
475 4935 620 4990 celo,
647 4943 742 4982 uec
766 4934 815 4980 in
839 4933 990 4982 terris
1012 4935 1313 4996 immutatum
1331 4947 1346 4993 ;
1363 4935 1542 4996 saepius
1569 4947 1688 4985 vero
1710 4933 1825 4985 ante

293 4998 657 5047 Christianorum
685 5006 901 5058 tempora
918 5001 1099 5057 gentes
1116 4993 1266 5044 fuisse
1285 4998 1410 5046 tame
1430 4993 1692 5052 confectas.
1780 5013 1826 5047 r-

297 5061 596 5108 niciososuue
622 5058 856 5108 accidisse
881 5057 1134 5108 grandinis
1167 5069 1308 5107 casus
1326 5094 1338 5108 .
1365 5060 1553 5108 imbres
1592 5013 1824 5108 lanitibem.

297 5061 596 5120 niciososque
622 5057 856 5108 accidisse
881 5057 1134 5122 grandinis
1167 5069 1308 5107 casus
1326 5094 1338 5114 ,
1365 5060 1553 5110 imbres
1592 5057 1824 5122 lapidum,

295 5125 460 5173 simila
485 5123 706 5179 ﬂumina,
735 5126 904 5185 pestes
929 5121 1300 5185 t'unestissimas,
1333 5121 1694 5185 consumptasa
1718 5137 1826 5173 mu-

296 5187 424 5236 ribus
443 5196 494 5236 et
510 5184 715 5236 locustis
733 5183 920 5244 fruges,
944 5184 1182 5234 maximos
1220 5191 1370 5234 terrae
1391 5183 1554 5236 hiatus
1573 5193 1626 5238 ct
1647 5194 1824 5238 motus.

311 5310 519 5369 Fatetur
546 5315 778 5384 ingenue
804 5311 1076 5367 Arnobius
1096 5311 1374 5383 gentilium
1404 5314 1829 5384 argumentatio-

249 5422 361 5462 nem
386 5411 560 5480 gravis
594 5409 754 5479 plane
787 5416 841 5462 et
862 5406 1080 5462 maximi
1109 5421 1231 5463 esse
1258 5407 1518 5464 momenti
1557 5421 1620 5462 ac
1648 5407 1827 5465 chris-

252 5499 409 5555 tianos
441 5502 583 5558 omni
612 5499 744 5556 odio
783 5498 1084 5565 habendos,
1119 5510 1280 5570 atque
1305 5499 1445 5554 adeo
1473 5500 1824 5570 rejiciendam

257 5599 310 5645 et
332 5593 778 5649 exterminandum
820 5607 1006 5648 eorum
1053 5592 1393 5662 religionem,
1423 5594 1469 5647 si
1513 5594 1610 5663 ipsi
1652 5595 1826 5663 publi-

259 5694 423 5740 corum
443 5687 724 5750 malorum,
755 5686 1232 5754 calamitatumqne
1256 5687 1494 5741 omnium
1524 5701 1685 5742 causa
1709 5687 1826 5745 lue-

264 5776 375 5830 riut.
401 5780 498 5834 Sed
524 5781 624 5834 hoc
646 5779 997 5834 falsissimum
1021 5794 1145 5835 esse
1173 5779 1298 5835 inde
1315 5781 1548 5849 primum
1572 5780 1824 5836 demonso

273 5874 365 5924 tnt
390 5871 615 5941 (Arnob.,
647 5873 738 5929 lib.
779 5889 819 5944 ι,
863 5889 982 5944 pag.
1014 5870 1050 5926 2
1082 5882 1132 5928 et
1171 5870 1248 5943 ὅ),
1279 5872 1424 5943 quod
1453 5873 1523 5931 ab
1553 5873 1671 5945 ipso
1694 5874 1823 5933 reli-

1927 3264 2176 3319 mitatum
2192 3261 2408 3316 nomina
2426 3253 2547 3331 post
2563 3258 2874 3317 christiana:
2886 3257 3164 3329 religionis
3183 3257 3545 3327 primordium

1927 3356 2162 3414 ethnicis
2187 3355 2404 3426 cognita
2448 3369 2571 3410 esse
2603 3360 2920 3424 potuerunt,
2964 3351 3066 3407 nisi
3097 3363 3254 3407 antea
3291 3352 3542 3424 contige-

1928 3451 2076 3506 rint?
2103 3449 2172 3504 Et
2201 3457 2352 3505 certe
2378 3464 2472 3504 eas
2494 3463 2684 3504 omnes
2718 3449 2870 3519 prius
2901 3448 3168 3504 accidisse
3195 3464 3262 3504 ex
3293 3448 3543 3517 ipsismet

1927 3543 2253 3601 eorumdem,
2276 3541 2621 3599 ethnicorum
2654 3542 2942 3599 annalibus
2973 3541 3384 3596 evidentissime
3415 3556 3543 3611 pro-

1928 3635 2108 3689 batur.
2142 3633 2297 3703 Quod
2328 3634 2549 3706 quidem
2579 3635 2694 3701 ille,
2733 3634 3188 3705 quemadmodum
3211 3645 3400 3704 postea
3435 3636 3547 3688 Au-

1925 3729 2199 3799 gustinus,
2239 3729 2379 3784 facta
2424 3727 2665 3784 cladium
2705 3728 2932 3792 illarum
2965 3729 3417 3794 enumeratione,
3448 3741 3543 3782 os-

1925 3820 2102 3876 tendit
2131 3821 2404 3894 (August.,
2435 3820 2526 3875 lib.
2561 3837 2616 3875 ιιι
2647 3820 2710 3875 de
2747 3819 2926 3887 Civit.,
2951 3837 3068 3890 cap.
3104 3820 3193 3886 l7,
3227 3835 3348 3890 pag.
3382 3819 3452 3876 73
3495 3831 3545 3874 et

1925 3914 2089 3987 seqq).
2134 3916 2217 3972 Ab
2255 3915 2452 3970 Oresio
2481 3925 2686 3982 autem,
2721 3925 2780 3968 ut
2811 3916 2864 3969 id
2906 3914 3252 3971 manifestum
3283 3915 3545 3971 omnibus

1929 4009 2102 4074 ﬁeret,
2147 4017 2355 4080 septem
2400 4009 2750 4062 historiarum
2794 4007 2984 4074 libros,
3035 4008 3293 4064 hortante
3347 4008 3543 4064 eodem

1929 4103 2230 4172 Augustino
2254 4101 2432 4157 editos
2464 4099 2631 4156 fuisse
2664 4101 2775 4170 jam
2819 4099 3330 4156 animadvertimus.
3368 4099 3544 4170 Quam

1928 4207 2077 4252 recte
2106 4211 2267 4266 porro
2313 4194 2368 4251 id
2397 4195 2991 4265 Orosius/probaverit
3027 4211 3056 4248 a
3086 4193 3277 4260 nobis,
3323 4195 3438 4250 Deo
3465 4194 3541 4249 la-

1928 4299 2107 4357 vente,
2144 4297 2331 4359 postea
2372 4303 2472 4345 suo
2500 4288 2622 4344 loco
2651 4289 3070 4346 examinabitnr.
3100 4286 3322 4344 Interim
3351 4303 3484 4343 vero
3509 4305 3543 4345 a

1928 4383 2086 4439 nobis
2116 4398 2180 4438 ea
2219 4382 2420 4438 clarius
2467 4381 2802 4438 enucleanda
2843 4391 2991 4445 sunt,
3035 4396 3156 4451 qua:
3201 4379 3268 4434 ab
3297 4378 3543 4438 Arnobio

1930 4491 2037 4533 non
2067 4476 2201 4532 satis
2223 4476 2372 4532 clare
2394 4473 2761 4546 explicantur.

2004 4570 2197 4626 Narrat
2222 4580 2402 4625 autem
2448 4569 2622 4640 primo
2652 4577 2842 4640 gentes
2885 4567 3028 4624 fame
3067 4581 3214 4638 saepe
3241 4567 3540 4626 coniectas.

1929 4665 2000 4722 At
2056 4677 2219 4718 nemo
2271 4672 2391 4728 est,
2443 4663 2532 4732 qui
2585 4660 2798 4717 nesciat
2851 4671 2982 4733 quot
3033 4672 3345 4734 quantaque
3396 4662 3544 4720 illius

1929 4757 2176 4827 exempla
2205 4755 2260 4810 in
2291 4756 2573 4827 gentilium
2606 4755 2850 4811 historiis
2893 4766 3204 4812 occurrant.
3256 4758 3433 4814 Pauca
3471 4775 3540 4814 ex

1931 4847 2178 4921 pluribus
2201 4849 2244 4904 si
2273 4848 2364 4904 tibi
2399 4849 2628 4916 prot‘erri
2655 4848 2811 4912 velis,
2836 4864 2899 4903 ea
2926 4865 3045 4919 qua:
3071 4847 3292 4919 Josephi
3317 4851 3545 4919 patriar-

1930 4942 2048 4998 chae
2088 4954 2332 5010 tempore
2373 4939 2494 5005 i'nit,
2540 4943 2908 5011 praetermissa
2954 4941 3189 5014 (δεῖται,
3239 4959 3353 5010 cap.
3394 4944 3459 5000 4|
3493 4953 3543 4998 et

1929 5034 2086 5106 δρψ),
2120 5049 2185 5089 ex
2215 5033 2370 5089 Livio
2397 5033 2577 5090 disces
2605 5044 2808 5090 tantam
2830 5034 3019 5101 fuisse,
3044 5036 3274 5093 Proculo
3299 5037 3543 5108 Geganio

1932 5126 2224 5190 Macerino,
2257 5135 2313 5182 et
2342 5126 2405 5181 L.
2442 5125 2690 5183 Menenio
2719 5126 2927 5183 Lanato
2971 5129 3309 5198 consulibus,
3341 5130 3538 5186 famem

1929 5221 2248 5294 frugumque
2280 5223 2519 5295 inopiam
2539 5267 2555 5292 ,
2585 5235 2642 5280 ut
2673 5243 2692 5279 ‹
2723 5225 2881 5284 multi
2907 5241 2972 5283 ex
2994 5225 3157 5296 plebe
3188 5241 3285 5296 spe
3311 5227 3532 5296 amissa,

1931 5316 2107 5386 potius
2152 5331 2311 5388 quam
2345 5328 2403 5373 ut
2436 5319 2811 5375 cruciarentur
2852 5318 3114 5376 trahendo
3145 5319 3401 5390 animam,
3447 5336 3539 5378 ca-

1933 5410 2132 5479 pitibus
2189 5409 2491 5478 obvolutis,
2536 5427 2598 5470 se
2653 5414 2706 5468 in
2773 5411 3014 5470 Tiberim
3076 5413 3539 5486 praecipitaverint

1931 5502 2094 5575 (Lis.,
2124 5505 2214 5561 lib.
2234 5523 2310 5574 tv,
2341 5523 2460 5574 cap.
2491 5508 2603 5578 12).
2629 5509 2993 5578 Quamobrem
3022 5511 3249 5583 pulchre
3271 5512 3535 5583 Augusti-

1932 5615 2034 5655 nus
2061 5600 2129 5655 ab
2155 5601 2388 5657 ethnicis
2419 5604 2554 5674 petit
2588 5604 2676 5661 ubi
2707 5615 2833 5660 tunc
2875 5617 3062 5661 essent
3097 5606 3193 5674 dii,
3226 5607 3316 5676 qui
3353 5605 3533 5662 homi-

1928 5694 2087 5748 nibus
2122 5694 2290 5750 cultui
2319 5709 2418 5752 suo
2449 5697 2804 5753 addictissimi
2834 5713 2994 5768 opem
3038 5699 3242 5756 nullam
3291 5701 3534 5758 tulerunt

1929 5787 2196 5859 (August.,
2229 5787 2316 5841 lib.
2351 5805 2408 5842 ιιι
2446 5789 2510 5842 de
2539 5791 2716 5856 Civil,
2751 5806 2870 5862 cap.
2898 5792 2988 5858 17,
3018 5811 3136 5864 pag.
3181 5791 3296 5865 7d).
3329 5793 3536 5850 Scribit

1933 5895 2148 5954 quoque
2207 5879 2495 5952 Dionysius
2541 5881 2993 5942 Halicarnasseus
3044 5885 3271 5944 alteram
3323 5894 3539 5957 partem
