3918 6346
378 314 477 368 1511

1652 309 2109 367 DISSERTA'HU
2151 310 2431 366 PRMVIA
3593 319 3689 373 HO

377 429 664 492 Mmonum,
698 436 834 481 teste
866 424 1162 492 llerodoto,
1186 442 1309 480 cum
1337 425 1429 480 diu
1454 426 1589 481 lanio
1615 426 1971 489 laborassem,
2004 430 2049 485 Λ
2083 432 2199 487 tur,
2235 424 2523 479 humanum
2562 440 2732 492 genus
2776 435 3027 481 usscrunt
3066 441 3127 480 ar
3168 426 3493 497 depopulata
3534 442 3678 485 sunt.

374 537 439 575 ea
488 520 706 575 tandem
736 520 959 575 nimium
991 530 1236 590 urgente,
1283 522 1521 590 paternis
1552 521 1786 576 cessisse
1816 520 1976 590 agris,

372 624 427 669 et
460 614 509 667 in
546 612 819 668 Umbriam
851 610 1323 682 venisse(Diongs.
1374 610 1640 678 Halicar.,
1675 612 1765 665 lib.
1791 628 1809 666 ι
1835 611 1984 664 Anti-

369 706 499 774 quit.
534 721 688 769 rom.,
725 720 846 774 pag.
885 701 1000 772 2i).
1042 702 1317 773 Denique,
1358 711 1413 755 ut
1454 702 1605 773 plura
1660 703 1975 768 mittamus,

375 805 432 859 in
457 803 765 859 Eusebiano
791 798 1053 855 chronico
1066 799 1131 853 ad
1156 814 1356 853 annum
1384 798 1549 864 2022,
1571 808 1627 855 et
1656 808 1775 865 post
1796 806 1974 853 ortum

372 894 578 949 Christi
618 901 866 948 octavum
900 900 1136 957 notatur,
1166 909 1185 942 ι
1230 890 1418 957 fames,
1454 890 1623 945 Bome
1660 890 1753 955 ita,
1789 891 1978 959 ingens

379 988 540 1052 facta,
575 994 630 1039 ut
666 984 904 1054 quinque
936 982 1100 1037 modii
1136 982 1502 1037 venderentur
1531 982 1769 1037 denariis
1798 996 1973 1047 xxvii,

377 1082 561 1134 semis.
607 1097 625 1128 ›
677 1074 833 1131 Tunc
875 1075 1515 1129 autem-Christianorum
1561 1090 1757 1130 nomen
1804 1089 1978 1146 neque

376 1170 470 1231 ibi,
508 1183 683 1238 neque
704 1168 830 1221 alibi
857 1164 1098 1221 auditum
1130 1165 1304 1220 adhuc
1334 1164 1530 1221 fuerat.

449 1260 946 1332 Frequentissimos
1002 1258 1197 1314 deinde
1252 1257 1530 1329 grandinis
1576 1272 1760 1321 casus,
1817 1266 1978 1328 atque

369 1356 531 1410 etiam
557 1369 749 1409 saxeos
778 1353 976 1407 imbres
998 1360 1156 1405 antea
1184 1350 1444 1406 accidisse
1473 1350 1659 1420 objicit
1684 1347 1975 1403 Arnobius.

370 1447 441 1501 Et
465 1458 611 1501 certe
639 1444 894 1499 Horatius
930 1443 1129 1498 multas
1157 1451 1529 1514 tempestates,
1567 1457 1629 1495 ac
1660 1441 1975 1496 nominatim

371 1540 502 1595 dira:
554 1555 774 1609 prorsus
813 1539 1093 1610 grandinis
1131 1553 1237 1593 non
1285 1540 1337 1593 in
1382 1538 1835 1603 Christianorum,
1880 1536 1975 1593 sed

373 1633 598 1687 occisia
643 1632 936 1701 gentilibus
978 1631 1208 1685 Caesaris
1250 1631 1565 1693 vindictam,
1616 1631 1688 1685 uti
1731 1630 1974 1701 putabat,

377 1727 599 1781 obortas
630 1725 711 1779 his
737 1725 936 1780 cecinit
962 1724 1207 1779 versibus
1242 1744 1254 1778 :

585 1858 693 1906 Iam
718 1860 837 1907 satis
861 1850 1009 1913 terris
1029 1858 1156 1905 nivis
1181 1864 1329 1919 atque
1351 1858 1472 1908 dirae

590 1920 851 1972 (irandinis
873 1920 1007 1969 misit
1029 1919 1200 1978 Pater,
1229 1928 1283 1968 et
1319 1921 1534 1969 rubente

592 1982 818 2033 Dextera
841 1994 1004 2031 sacras
1022 1982 1263 2041 jaculatus
1287 1994 1428 2031 arces

868 2043 1071 2093 Terruit
1095 2046 1287 2104 orbem,
1317 2051 1416 2093 etc.

1278 2128 1499 2189 (Horat,
1529 2127 1612 2179 lib.
1638 2145 1674 2191 ι,
1700 2128 1779 2179 od.
1804 2126 1887 2191 2.);

446 2257 657 2314 Deinde
696 2271 822 2311 vero
854 2256 1125 2312 Arnobius
1157 2274 1171 2312 :
1214 2275 1233 2308 ι
1267 2257 1327 2311 In
1354 2257 1548 2312 litteris
1574 2258 1785 2327 priscis,
1830 2277 1847 2308 ι
1893 2256 1971 2311 in—

368 2354 507 2424 quit,
548 2371 566 2403 ‹
600 2348 1054 2419 comprehensum
1100 2358 1154 2403 et
1181 2336 1540 2417 compositum
1582 2348 1828 2403 videmus
1868 2349 1970 2402 im-

367 2448 496 2499 bres
524 2455 715 2497 saxeos
758 2449 897 2496 totas
927 2456 1069 2509 smpe
1095 2440 1483 2495 comminuisse
1514 2441 1762 2510 regiones
1797 2456 1814 2489 ι
1852 2438 1973 2508 (Αν-

366 2540 514 2603 nob.,
545 2538 635 2593 lib.
664 2555 703 2603 ι,
732 2556 851 2609 pag.
884 2538 963 2608 4).
989 2539 1055 2592 At
1086 2538 1319 2607 lapidum
1354 2537 1553 2592 imbres
1578 2548 1703 2591 ante
1730 2535 1976 2591 christia-

370 2647 563 2685 norum
620 2642 865 2700 tempora
932 2640 1199 2683 memorat
1251 2628 1442 2685 Cicero
1495 2648 1507 2683 :
1566 2648 1584 2679 ι
1662 2628 1799 2695 Quid
1848 2642 1969 2683 cum

369 2739 534 2793 saepe,
580 2743 597 2774 ι
629 2724 703 2777 ait
735 2724 844 2788 ille,
880 2740 899 2773 ι
940 2722 1203 2792 lapidum,
1240 2723 1518 2793 sanguinis
1555 2735 1967 2789 nonnunquam,

368 2828 529 2871 terrm
576 2815 883 2879 interdum,
926 2816 1198 2884 quondam
1248 2815 1407 2871 etiam
1458 2816 1613 2870 lactis
1661 2815 1835 2868 imber
1874 2814 1973 2868 de~

368 2894 521 2963 ﬂuxit
558 2927 576 2958 ι
610 2906 771 2978 (Cic.,
820 2907 909 2960 lib.
955 2922 990 2959 ιι
1029 2906 1092 2959 de
1122 2905 1383 2969 Divinat.,
1429 2924 1549 2977 pag.
1596 2905 1749 2976 271).
1791 2902 1974 2959 Livius

366 3012 545 3055 autem
577 3010 757 3053 narrat
788 3009 911 3067 post
936 2998 1274 3053 Cannensem
1305 2996 1516 3052 cladem
1547 2997 1748 3067 pluisse
1775 2994 1971 3065 lapidi-

366 3094 467 3148 bus
500 3112 511 3147 :
551 3112 569 3143 ‹
603 3091 998 3161 Tempestates,
1034 3112 1052 3144 ι
1096 3092 1288 3163 inquit,

366 3186 512 3241 bano
567 3196 751 3240 monte
803 3186 1025 3240 biduum
1069 3187 1413 3241 continenter
1468 3186 1735 3255 lapidibus
1786 3184 1970 3255 pluit:

364 3290 505 3336 tacta
542 3280 610 3334 de
644 3278 999 3345 caelormulta,
1030 3278 1148 3333 duae
1189 3280 1241 3333 in
1282 3278 1542 3347 Capitolio
1570 3279 1732 3345 aedes,
1768 3278 1969 3332 vallum

364 3375 420 3429 in
452 3374 643 3428 castris
672 3371 853 3427 multis
872 3372 1005 3427 locis
1026 3388 1187 3441 supra
1208 3371 1543 3435 Suessulam,
1574 3381 1628 3426 et
1648 3371 1756 3425 duo
1778 3370 1971 3441 vigiles

365 3465 657 3522 exanimati
702 3482 716 3518 :
771 3480 959 3519 murus
1005 3474 1290 3535 turresque
1333 3463 1580 3534 qnmdam
1622 3461 1807 3516 Cumis
1858 3477 1967 3516 non

364 3560 473 3615 icte
520 3560 681 3615 modo
738 3559 1080 3625 fulminibus,
1130 3558 1228 3613 sed
1288 3558 1448 3611 etiam
1497 3556 1743 3611 decussa.
1798 3556 1968 3612 Reate

364 3672 553 3713 saxum
586 3660 775 3729 ingens
814 3658 985 3711 visum
1013 3657 1274 3721 volitare;
1310 3654 1404 3712 Sol
1435 3655 1630 3710 rubere
1658 3654 1815 3710 solito
1844 3669 1965 3709 ma-

362 3753 466 3821 gis,
496 3752 898 3822 sanguineoque
952 3749 1143 3805 similis
1181 3767 1200 3800 ι
1252 3747 1414 3821 (Liv.,
1445 3747 1535 3802 lib.
1561 3763 1693 3813 xxv,
1720 3764 1838 3819 cap.
1880 3744 1962 3813 7).

362 3842 643 3898 Testatum
686 3856 901 3911 quoque
941 3840 1067 3895 facit
1107 3841 1379 3910 inspectos
1403 3839 1750 3912 ;Sybillarum
1795 3840 1963 3896 libros

362 3944 587 4005 prepter
607 3935 851 3990 crebrius
872 3949 979 3988 uno
1001 3931 1303 4002 eodemque
1332 3946 1471 3984 anno
1495 3928 1563 3987 de
1587 3930 1727 3987 caelo
1756 3930 1962 4000 lapida-

359 4036 496 4081 tum.
521 4025 689 4082 Paulo
709 4034 868 4081 antea
897 4024 1127 4079 dixerat
1141 4022 1339 4078 factum
1380 4022 1697 4079 novendiale
1721 4036 1957 4089 sacrum,

360 4127 648 4189 propterea
674 4115 818 4188 quod
855 4115 925 4171 de
954 4115 1095 4171 coelo
1136 4114 1429 4183 lapidatum
1465 4112 1675 4170 fuisset.
1717 4114 1877 4170 Plura
1915 4114 1963 4170 si

360 4211 517 4279 velis,
540 4211 627 4265 adi
656 4210 951 4275 Tibullum,
977 4207 1249 4263 Valerium
1272 4206 1587 4276 Maximum,
1618 4207 1957 4272 Strabonem,

361 4305 635 4371 Solinum,
675 4312 731 4359 et
765 4303 1012 4359 Salmasii
1054 4301 1124 4357 in"
1150 4302 1308 4373 hujus
1356 4302 1551 4357 librum
1584 4304 1962 4359 annotationes

356 4398 598 4471 (Idem.,.
618 4397 707 4451 lib.
736 4412 895 4462 xm,
936 4411 1058 4466 cap:

358 4509 493 4549 om.
528 4492 632 4557 68;
673 4488 849 4545 ναίειν.
878 4489 1055 4551 Μαι..
1082 4490 1171 4544 lib.
1204 4506 1241 4556 ι,
1268 4505 1385 4561 cap.
1409 4488 1464 4557 6,
1497 4488 1613 4561 §5;
1639 4488 1841 4555 Strab.,
1870 4488 1957 4545 lib.

356 4599 418 4641 1v
443 4585 659 4656 Geogr.,
684 4600 805 4655 pag.
832 4582 902 4638 82
927 4593 973 4637 et
998 4598 1161 4653 seqq.;
1190 4582 1387 4649 Solin.,
1416 4598 1537 4653 cap.
1562 4582 1619 4649 2,
1651 4599 1770 4654 pag.
1799 4580 1911 4656 i2).

433 4678 516 4733 Ad
547 4676 663 4733 haec
691 4692 821 4732 vero
847 4675 1035 4733 scribit
1060 4685 1248 4731 auctor
1273 4686 1460 4732 noster
1490 4694 1505 4731 :
1540 4694 1560 4729 ‹
1595 4676 1842 4733 Flumina
1874 4676 1961 4732 in-
2009 4680 2015 4685 ’

358 4777 539 4848 gentia
568 4776 710 4831 limis
728 4774 995 4831 inaruisse
1015 4774 1260 4830 siccatis»
1293 4775 1531 4844 (Amob.,
1554 4775 1643 4830 lib.
1666 4791 1725 4842 ιι,
1743 4792 1861 4847 pag.
1878 4773 1955 4845 ι).

358 4868 514 4938 Quod
544 4884 673 4926 sane
702 4877 901 4941 praeter
923 4869 1061 4925 alios
1096 4866 1351 4941 Virgilius
1392 4867 1479 4925 his
1520 4868 1807 4927 conﬁrmat
1839 4883 1959 4927 car-

359 4962 601 5027 minibus
625 4980 640 5019 :

1044 5098 1229 5151 Videas
1256 5103 1309 5150 et
1330 5099 1528 5162 flumina
1550 5102 1700 5162 sicca,

451 5164 577 5217 Aret
596 5173 738 5226 ager,
764 5163 887 5214 vitio
906 5163 1125 5213 moriens
1144 5164 1248 5214 sitit
1272 5164 1404 5213 aeris
1435 5161 1606 5213 herba.

887 5242 1115 5311 (Virgil.,
1142 5244 1309 5312 Bclog.
1330 5246 1381 5307 7,
1406 5257 1531 5297 vers.
1554 5247 1616 5298 56
1637 5253 1683 5298 et
1702 5249 1860 5313 seqq.)

355 5372 614 5433 Nostrum
640 5381 819 5432 autem
865 5374 932 5431 ad
977 5374 1314 5446 propositum
1360 5372 1491 5428 illud
1530 5374 1765 5430 maxime
1801 5372 1951 5443 facit,

2086 518 2302 589 (Arnob.
2335 519 2432 572 loc.
2457 518 2594 589 cit.).
2628 518 2759 585 Quis
2784 528 2985 582 autem,
3030 521 3225 575 amabo
3252 531 3324 585 te,
3346 514 3403 575 id
3433 522 3681 591 ignorare

2085 618 2281 677 potest,
2307 610 2397 681 qui
2428 613 2687 666 extremis
2715 611 2896 682 digitis
2928 623 3170 668 veterum
3200 616 3494 668 Auctorum
3524 614 3678 681 Livii,

2082 702 2321 766 Eusebii,
2357 703 2553 771 Orosii,
2603 706 2939 776 aliorumque
2984 707 3183 776 scripta
3234 706 3519 777 attigerit?
3568 708 3681 763 Au-

2082 796 2329 866 gustinus
2352 812 2568 868 quoque
2594 796 2785 853 eadem
2818 798 3229 869 argumentandi
3256 800 3463 853 ratione
3490 802 3685 869 premit

2081 889 2352 957 ethnicos,
2388 889 2674 960 pluresque
2704 906 2770 946 ex
2804 892 2968 945 citato
2998 906 3027 945 a
3061 890 3217 945 nobis
3248 891 3399 945 Livio
3421 893 3680 961 pestilen-

2082 981 2185 1036 tias
2216 980 2325 1036 illis
2348 982 2556 1052 objicit.
2584 983 2696 1039 Nec
2720 984 2878 1053 paulo
2908 984 3097 1039 leviori
3124 984 3347 1039 brachio
3374 985 3538 1041 telum
3574 986 3678 1042 hoc

2080 1074 2136 1129 in
2164 1089 2257 1129 eos
2289 1076 2485 1130 vibrari
2516 1085 2689 1145 potest
2716 1092 2784 1132 ex
2811 1078 3057 1148 proxime
3081 1077 3300 1133 laudato
3322 1079 3549 1146 Seneca,
3584 1082 3675 1152 qui

2080 1167 2383 1222 naturalem
2414 1182 2628 1239 quoque
2673 1170 2840 1238 pestis
2875 1170 3139 1225 rationem
3181 1171 3407 1227 reddere
3451 1180 3679 1228 conatur

2084 1257 2245 1331 (Liv.,
2279 1261 2367 1315 lib.
2405 1277 2443 1326 ι,
2479 1278 2597 1331 cap.
2632 1263 2722 1328 51,
2750 1262 2837 1316 lib.
2870 1278 2948 1328 ιιι,
2974 1280 3029 1333 p.
3059 1264 3129 1329 6;
3156 1263 3367 1330 Euseb.,
3389 1266 3443 1317 in
3474 1264 3681 1329 chrom;

2087 1351 2283 1419 0rosi.,
2312 1354 2403 1408 lib.
2438 1370 2495 1420 ιι,
2523 1371 2637 1425 cap.
2663 1355 2749 1419 i2,
2778 1356 3020 1431 15,.etc.;
3044 1356 3284 1427 August.,
3306 1358 3395 1411 lib.
3423 1373 3475 1411 ιιι
3507 1358 3570 1410 de
3595 1355 3681 1411 Ci-

2080 1449 2193 1511 vit.,
2224 1464 2341 1517 cap.
2373 1449 2458 1513 i7,
2484 1465 2604 1520 pag.
2637 1450 2724 1515 74,
2771 1460 2818 1504 et
2859 1466 2976 1521 cap.
3024 1451 3114 1513 51,
3159 1468 3282 1523 pag.
3322 1452 3421 1515 88;
3469 1450 3679 1520 Scaea,

2081 1540 2169 1594 lib.
2196 1556 2270 1593 vn
2294 1540 2541 1595 Natural.
2568 1551 2775 1612 quast,
2795 1560 2911 1611 cap.
2941 1541 3009 1596 27
3032 1553 3079 1597 et
3108 1544 3197 1608 28,
3230 1561 3349 1615 pag.
3378 1544 3537 1614 U53).

2151 1632 2422 1689 Praeterea
2454 1643 2609 1705 urget
2637 1646 2827 1690 auctor
2852 1645 3037 1691 noster
3061 1651 3092 1691 a
3123 1636 3345 1691 locustis
3362 1646 3417 1691 et
3434 1636 3676 1692 muribus

2005 1739 2240 1806 Bomne
2280 1724 2495 1795 frugum
2540 1742 2715 1798 genus
2762 1743 3040 1783 corrosum
3086 1738 3247 1799 atque
3293 1739 3676 1798 consumptum

2076 1817 2321 1889 (Arnob.,
2352 1818 2440 1872 lib.
2473 1835 2511 1886 ι,
2542 1836 2663 1891 pag.
2692 1818 2837 1891 Δ).Α
2856 1819 3009 1875 Livio
3039 1831 3216 1875 autem
3247 1823 3524 1877 memoria:
3552 1838 3679 1894 pro-

2076 1909 2248 1966 ditum
2276 1912 2504 1983 legimus
2531 1922 2706 1967 tantas
2736 1928 2766 1966 a
2796 1914 2927 1967 mari
2960 1913 3289 1968 locustarum
3319 1916 3488 1970 nubes
3510 1922 3675 1969 vento

2076 2004 2131 2058 in
2157 2005 2405 2075 Apuliam
2439 2015 2661 2077 repente
2692 2006 2870 2060 illatas
2890 2048 2906 2074 ,
2936 2024 2994 2061 ut
3020 2007 3360 2061 examinibus
3383 2007 3497 2061 suis
3513 2022 3675 2077 agros

2074 2097 2184 2153 late
2213 2100 2546 2169 Operuerint,
2569 2109 2729 2170 atque
2758 2100 2825 2154 ad
2854 2114 2971 2154 eam
3006 2098 3214 2171 frugum
3241 2108 3446 2169 pestem
3475 2100 3673 2154 tollen-

2095 2193 2203 2248 lam
2238 2196 2463 2249 missum
2494 2192 2662 2249 fuisse
2690 2194 2753 2248 C.
2783 2194 3046 2249 Licinium
3089 2205 3377 2264 praetorem
3420 2193 3674 2263 designa-

2073 2298 2186 2343 tum
2222 2287 2381 2358 (ιλιι,
2430 2289 2517 2343 lib.
2549 2304 2678 2353 mi,
2725 2305 2843 2359 cap.
2877 2290 2973 2354 10,
3022 2297 3068 2341 et
3106 2286 3196 2341 lib.
3247 2304 3354 2342 xxx
3380 2328 3397 2353 ,
3438 2305 3554 2357 cap.
3584 2286 3668 2356 2).

2076 2382 2270 2438 Narrat
2297 2385 2513 2453 insuper
2535 2384 2677 2438 circa
2699 2381 2933 2453 Capuam
2957 2398 3169 2438 omnem
3188 2399 3374 2453 agrum
3397 2382 3671 2454 oppletum

2076 2476 2183 2531 alia
2206 2477 2407 2546 ingenti
2436 2477 2747 2532 earumdem
2769 2478 3125 2532 locustrarum
3155 2477 3517 2547 multitudine,
3541 2492 3675 2547 quas

2077 2570 2297 2641 quidem
2330 2572 2470 2625 unde
2498 2570 2844 2626 advenissent
2875 2586 3064 2641 parum
3090 2572 3392 2629 constabat.
3439 2571 3546 2627 Sed
3576 2588 3673 2627 au-

2077 2664 2307 2719 diendus
2354 2676 2438 2721 est
2479 2666 2831 2736 Augustinus,
2859 2665 2949 2735 qui
2988 2681 3053 2720 ex
3083 2664 3184 2719 hac
3220 2665 3575 2733 locustarum,
3607 2680 3671 2721 ac

2078 2759 2347 2827 superiori
2378 2760 2543 2828 pestis
2564 2760 2866 2813 calamitate
2889 2758 3080 2813 eodem
3106 2761 3279 2828 plane,
3312 2768 3475 2829 atque
3497 2761 3675 2814 Arno-

2078 2852 2217 2916 bius,
2250 2853 2412 2907 modo
2439 2863 2626 2907 contra
2670 2853 2896 2919 gentiles
2928 2860 3335 2921 argumentatur
3366 2870 3377 2905 :
3417 2870 3435 2899 ε
3470 2850 3674 2907 Locus-

2080 2957 2251 3001 tarum
2287 2948 2339 3002 in
2382 2947 2593 3012 Africa,
2630 2966 2648 2998 ι
2686 2946 2878 3017 inquit,
2933 2966 2950 2997 ι
3004 2946 3399 3001 multitudinem
3435 2946 3667 3017 prodigii

1326 3038 1535 3147 3;;
1550 3038 1747 3145 mg}:
1996 3062 2042 3125 ρ
2077 3039 2308 3094 similem
2333 3040 2517 3106 fuisse,
2541 3054 2663 3093 cum
2685 3038 2797 3109 jam
2823 3049 2968 3094 esset
2990 3039 3169 3110 populi
3195 3038 3421 3094 Romani
3451 3040 3672 3109 provin-

2077 3132 2181 3195 cia,
2214 3131 2407 3187 litteris
2432 3131 2822 3187 mondaverunt
2847 3149 2862 3187 :
2886 3132 3221 3202 consumptis
3257 3132 3402 3187 enim
3425 3129 3671 3202 frugibus

2075 3226 2326 3296 foliisque
2360 3226 2627 3296 lignorum
2673 3226 2896 3297 ingenti,
2926 3236 3087 3297 atque
3129 3224 3493 3281 inaestimabili
3524 3225 3670 3281 nube

2075 3322 2130 3376 in
2161 3335 2311 3375 mare
2332 3319 2521 3375 dicunt
2544 3335 2666 3376 esse
2686 3320 2969 3390 deiectam.
2993 3318 3106 3385 Qua
3120 3328 3327 3373 mortua
3350 3318 3670 3389 redditaque

2074 3412 2361 3476 littoribus,
2409 3423 2572 3484 atque
2614 3413 2738 3470 hinc
2768 3429 2893 3470 aere
2922 3422 3204 3484 corrupto,
3254 3423 3456 3467 tantam
3488 3424 3666 3467 ortam

2071 3507 2455 3577 pestilentiam,
2493 3517 2553 3562 ut
2593 3508 2645 3562 in
2679 3508 2795 3563 solo
2823 3524 2990 3579 regno
3014 3506 3329 3572 Masinissa,
3358 3507 3668 3576 octingenta

2070 3600 2345 3656 hominum
2376 3600 2540 3659 millia
2564 3602 2793 3673 periisse
2813 3600 3139 3664 referantur,
3167 3610 3219 3655 et
3242 3600 3410 3654 multo
3433 3600 3668 3670 amplius

2070 3693 2125 3747 in
2156 3692 2316 3748 terris
2348 3692 2615 3749 littoribus
2666 3692 2997 3763 proximis...
3029 3690 3178 3748 Talis
3208 3692 3387 3761 itaque
3428 3694 3662 3756 vanitas,

2068 3786 2281 3857 qualem
2304 3787 2551 3851 ferimus,
2578 3788 2736 3857 eique
2758 3786 3090 3857 respondere
3112 3785 3511 3856 compellimur,
3541 3788 3668 3857 quis

2067 3882 2260 3939 borum
2289 3898 2397 3937 non
2437 3883 2746 3937 christiana
2776 3882 3019 3953 religioni
3050 3881 3340 3946 tribueret,
3374 3882 3416 3935 si
3459 3891 3668 3953 tempo-

2068 3975 2218 4031 ribus
2242 3975 2547 4033 chriSIianis
2578 3974 2807 4029 videret.
2838 3995 2855 4026 ι
2883 3974 3151 4046 (August.,
3180 3973 3271 4029 lib.
3304 3990 3363 4030 ιιι
3394 3975 3457 4029 de
3482 3974 3667 4039 Cirin,

2066 4084 2185 4138 cap.
2214 4069 2305 4135 51,
2335 4084 2454 4139 pag.
2485 4066 2603 4139 88).
2645 4067 2848 4124 Eadem
2883 4067 3031 4123 hisce
3068 4067 3136 4124 de
3168 4067 3391 4124 locustis
3434 4068 3671 4137 prodidit

2066 4159 2313 4228 Orosius,
2346 4176 2505 4233 quem
2546 4160 2792 4229 consule,
2842 4160 2981 4215 sicut
3017 4170 3071 4216 et
3098 4160 3165 4217 de
3195 4162 3315 4216 aliis
3348 4159 3665 4217 Cornelium

2065 4255 2331 4321 Tacitum,
2376 4264 2536 4327 atque
2574 4255 2736 4310 etiam
2776 4254 3124 4321 Bochartum,
3165 4254 3255 4325 qui
3290 4255 3439 4324 plura
3484 4253 3555 4309 de
3586 4254 3666 4310 lo-

1086 4344 1962 4465 ς
1986 4382 2040 4444 D
2063 4348 2230 4465 cistis
2272 4346 2513 4454 disputat
2541 4346 2758 4465 ⁸(σι-θεέ,
2786 4346 2876 4465 liLb.
2907 4364 2961 4411 v,
3142 4348 3237 4465 11
3269 4345 3425 4401 Corn.
3467 4344 3664 4465 facit”

2066 4441 2156 4497 lib.
2185 4458 2276 4507 xv,
2304 4452 2415 4511 post
2440 4441 2667 4506 initium;
2700 4441 2966 4510 Bochart.,
2997 4440 3085 4496 lib.
3122 4457 3177 4497 iv
3203 4442 3264 4496 de
3287 4457 3425 4498 sacr.
3460 4440 3660 4513 Script.

2063 4537 2246 4600 anim,
2275 4552 2390 4605 cap.
2421 4536 2447 4590 1
2477 4544 2527 4591 et
2554 4551 2694 4607 seqq.
2720 4534 2763 4607 ).

2135 4625 2486 4695 Prosequitur
2516 4626 2788 4683 Arnobius
2817 4628 2929 4695 (lib.
2959 4645 2999 4691 ι,
3033 4644 3151 4700 pag.
3186 4627 3268 4701 4),
3294 4640 3349 4684 et
3379 4627 3529 4686 addit
3560 4645 3655 4686 ur-

2064 4718 2161 4775 bes
2208 4727 2370 4791 atque
2420 4720 2668 4777 civitates
2713 4719 3055 4777 tremefactas
3103 4721 3450 4778 validissimis
3497 4732 3657 4780 terra:

2062 4812 2319 4879 molibus,
2344 4824 2399 4869 et
2419 4814 2670 4869 maximis
2695 4815 2812 4886 ejus
2844 4814 3077 4870 hiatibus
3101 4815 3449 4887 interceptas.
3472 4815 3654 4873 Testis

2060 4904 2254 4962 horum
2287 4906 2442 4962 nobis
2462 4916 2547 4963 est
2572 4907 2799 4975 Plinius,
2826 4908 2918 4979 qui
2952 4906 3023 4964 de
3051 4910 3286 4965 motibus
3323 4918 3485 4967 terrae
3510 4910 3657 4968 hunc

2058 4999 2248 5059 scribit
2278 5000 2331 5056 in
2357 5000 2575 5056 modum
2607 5018 2621 5056 :
2658 5020 2679 5054 ι
2714 5000 2893 5057 Motus
2920 5010 3079 5059 terra:
3101 5002 3383 5071 sileantur,
3413 5012 3468 5061 et
3496 5003 3657 5076 quid-

2056 5093 2184 5165 quid
2224 5103 2342 5161 est,
2392 5094 2481 5151 ubi
2520 5094 2714 5151 saltem
2759 5093 2915 5150 busta
2965 5094 3177 5151 urbium
3227 5106 3442 5152 exstant
3491 5097 3656 5154 simul

2058 5201 2121 5243 ac
2152 5195 2307 5244 terra:
2336 5188 2593 5243 miracula
2622 5186 2801 5259 potius
2824 5186 3091 5250 dicamus.
3120 5203 3280 5259 quam
3310 5190 3517 5247 scelera
3548 5206 3653 5247 na-

2060 5289 2191 5335 tura
2225 5300 2245 5334 ι
2280 5278 2477 5353 (Plin.,
2502 5280 2592 5335 lib.
2626 5296 2661 5339 ιι
2687 5277 2854 5349 Hist.,
2876 5291 3073 5348 natam,
3094 5298 3213 5353 cap.
3234 5280 3323 5346 92,
3345 5300 3463 5355 pag.
3492 5282 3651 5359 259),

2056 5372 2226 5429 multo
2246 5372 2425 5429 minus
2457 5374 2896 5441 christianorum,
2936 5382 2997 5429 ut
3042 5382 3191 5431 recte
3234 5383 3419 5431 auctor
3461 5384 3653 5435 noster

351 5468 499 5542 quod
528 5468 733 5525 Seneca
760 5484 869 5526 non
895 5467 1310 5537 cbristianorum
1355 5467 1647 5537 impietati,
1693 5469 1954 5540 quemad-
2053 5467 2247 5538 arguit.
2289 5466 2448 5523 Prius
2486 5482 2619 5524 vero
2657 5467 2800 5524 idem
2850 5467 3054 5524 Plinius
3092 5467 3162 5524 de
3212 5477 3441 5541 utroque
3484 5480 3647 5527 terra

354 5563 577 5620 modum
602 5561 692 5618 alii
722 5561 945 5630 ethnici,
969 5564 1065 5619 sed
1091 5552 1425 5620 natu'ralibus
1456 5561 1635 5619 causis
1670 5561 1953 5623 ﬂuminum
2052 5567 2205 5615 motu
2228 5568 2285 5617 et
2310 5560 2460 5616 hiatu
2488 5579 2501 5615 :
2532 5578 2552 5614 ι
2587 5560 2750 5618 Varie
2777 5571 2919 5618 terra
2959 5561 3220 5633 quatitur,
3258 5579 3280 5614 ι
3311 5560 3505 5633 inquit,
3541 5582 3567 5615 ι
3590 5573 3649 5621 et

355 5655 927 5713 as'cribitsiccitatem
987 5654 1217 5725 (Scaea,
1246 5656 1338 5712 lib.
1364 5671 1423 5713 ιιι
1464 5654 1718 5713 Natural.
1742 5666 1947 5727 quas!"

355 5765 475 5821 cap.
504 5749 573 5807 10
593 5756 638 5801 e1
663 5764 797 5819 seqq.
834 5764 954 5820 pag.
980 5746 1132 5818 430).

433 5842 760 5903 Pestilentia:
784 5842 947 5900 etiam
972 5842 1247 5915 contagia,
1276 5842 1435 5904 sicuti
1462 5842 1739 5904 Arnobius
1776 5844 1951 5917 loqui-

2052 5654 2189 5709 mira
2226 5652 2459 5710 eduntur
2478 5668 2663 5725 opera,
2692 5654 2820 5710 alibi
2862 5654 3149 5725 prostratis
3184 5653 3476 5721 montibus,
3512 5656 3646 5713 alibi

2052 5748 2319 5821 profunde
2349 5750 2495 5807 hiatu
2518 5749 2724 5807 haustis
2762 5772 2783 5806 ι
2818 5750 3009 5823 (Idem.
3058 5752 3233 5809 eodem
3274 5752 3390 5819 lib.,
3428 5771 3544 5824 cap.
3574 5754 3647 5811 79

2052 5853 2102 5901 et
2117 5844 2211 5914 80,
2242 5862 2363 5919 pag.
2394 5846 2496 5904 251
2527 5858 2575 5903 et
2603 5848 2783 5920 seqq.).
2805 5844 3072 5920 Atque‘ibi
3099 5848 3169 5905 de
3193 5848 3303 5907 illis
3323 5848 3501 5921 plura,
3526 5864 3645 5922 qua:
