  <div class='ocr_page' id='page_1' title='image "/cluster/home/n/w/nwhite01/storage/ocr_20150623/5/uva.x000826532/260.png"; bbox 0 0 3918 6402; ppageno 0'>
   <div class='ocr_carea' id='block_1_1' title="bbox 228 425 2221 495">
    <p class='ocr_par' dir='ltr' id='par_1_1' title="bbox 228 425 2221 495">
     <span class='ocr_line' id='line_1_1' title="bbox 228 425 2221 495; baseline -0.007 -3"><span class='ocrx_word' id='word_1_1' title='bbox 228 437 305 494; x_wconf 65' lang='lat' dir='ltr'><strong>ill</strong></span> <span class='ocrx_word' id='word_1_2' title='bbox 1419 429 1481 485; x_wconf 77' lang='grc' dir='ltr'><strong>ΙΝ</strong></span> <span class='ocrx_word' id='word_1_3' title='bbox 1524 425 1898 495; x_wconf 72' lang='lat' dir='ltr'><strong>ARNOBIIIM,</strong></span> <span class='ocrx_word' id='word_1_4' title='bbox 1938 426 2090 481; x_wconf 77' lang='lat' dir='ltr'><strong>CAP.</strong></span> <span class='ocrx_word' id='word_1_5' title='bbox 2135 426 2221 482; x_wconf 80' lang='lat' dir='ltr'><strong>Vl.</strong></span> 
     </span>
    </p>
   </div>
   <div class='ocr_carea' id='block_1_2' title="bbox 3406 424 3509 480">
    <p class='ocr_par' dir='ltr' id='par_1_2' title="bbox 3406 424 3509 480">
     <span class='ocr_line' id='line_1_2' title="bbox 3406 424 3509 480; baseline -0.01 0"><span class='ocrx_word' id='word_1_6' title='bbox 3406 424 3509 480; x_wconf 63' lang='grc' dir='ltr'>ΗΞ</span> 
     </span>
    </p>
   </div>
   <div class='ocr_carea' id='block_1_3' title="bbox 225 540 3509 621">
    <p class='ocr_par' dir='ltr' id='par_1_3' title="bbox 225 540 3509 621">
     <span class='ocr_line' id='line_1_3' title="bbox 225 540 3509 621; baseline -0.004 -13"><span class='ocrx_word' id='word_1_7' title='bbox 225 554 375 620; x_wconf 59' lang='lat' dir='ltr'><strong>legere</strong></span> <span class='ocrx_word' id='word_1_8' title='bbox 403 550 634 621; x_wconf 87' lang='lat' dir='ltr'><strong>poteris,</strong></span> <span class='ocrx_word' id='word_1_9' title='bbox 689 549 964 606; x_wconf 70' lang='lat' dir='ltr'><strong>memoriae</strong></span> <span class='ocrx_word' id='word_1_10' title='bbox 1004 546 1274 603; x_wconf 83' lang='lat' dir='ltr'><strong>mandavit</strong></span> <span class='ocrx_word' id='word_1_11' title='bbox 1330 545 1523 615; x_wconf 76' lang='lat' dir='ltr'><strong>(Idem.</strong></span> <span class='ocrx_word' id='word_1_12' title='bbox 1555 546 1644 601; x_wconf 88' lang='lat' dir='ltr'><strong>lib.</strong></span> <span class='ocrx_word' id='word_1_13' title='bbox 1684 545 1799 609; x_wconf 86' lang='lat' dir='ltr'><strong>cit.,</strong></span> <span class='ocrx_word' id='word_1_14' title='bbox 1830 548 1876 607; x_wconf 88' lang='grc' dir='ltr'><strong>Λ</strong></span> <span class='ocrx_word' id='word_1_15' title='bbox 1906 542 2152 612; x_wconf 76' lang='lat' dir='ltr'><strong>exempla</strong></span> <span class='ocrx_word' id='word_1_16' title='bbox 2176 541 2308 597; x_wconf 88' lang='lat' dir='ltr'><strong>satis</strong></span> <span class='ocrx_word' id='word_1_17' title='bbox 2322 554 2591 612; x_wconf 84' lang='lat' dir='ltr'><strong>superque</strong></span> <span class='ocrx_word' id='word_1_18' title='bbox 2618 540 2997 597; x_wconf 71' lang='lat' dir='ltr'><strong>demonstrant</strong></span> <span class='ocrx_word' id='word_1_19' title='bbox 3021 541 3155 597; x_wconf 91' lang='lat' dir='ltr'><strong>nihil</strong></span> <span class='ocrx_word' id='word_1_20' title='bbox 3171 541 3415 613; x_wconf 87' lang='lat' dir='ltr'><strong>potuisse</strong></span> <span class='ocrx_word' id='word_1_21' title='bbox 3438 543 3509 597; x_wconf 91' lang='lat' dir='ltr'><strong>ah</strong></span> 
     </span>
    </p>
   </div>
   <div class='ocr_carea' id='block_1_4' title="bbox 227 639 1807 715">
    <p class='ocr_par' dir='ltr' id='par_1_4' title="bbox 227 639 1807 715">
     <span class='ocr_line' id='line_1_4' title="bbox 227 639 1807 715; baseline -0.003 -17"><span class='ocrx_word' id='word_1_22' title='bbox 227 662 323 714; x_wconf 82' lang='lat' dir='ltr'><strong>cap.</strong></span> <span class='ocrx_word' id='word_1_23' title='bbox 347 643 435 710; x_wconf 68' lang='lat' dir='ltr'><strong>8i,</strong></span> <span class='ocrx_word' id='word_1_24' title='bbox 461 660 583 715; x_wconf 88' lang='lat' dir='ltr'><strong>pag.</strong></span> <span class='ocrx_word' id='word_1_25' title='bbox 617 641 775 712; x_wconf 66' lang='grc'><strong>254).</strong></span> <span class='ocrx_word' id='word_1_26' title='bbox 808 644 880 697; x_wconf 74' lang='lat' dir='ltr'><strong>At</strong></span> <span class='ocrx_word' id='word_1_27' title='bbox 915 642 1203 696; x_wconf 77' lang='lat' dir='ltr'><strong>maximum</strong></span> <span class='ocrx_word' id='word_1_28' title='bbox 1232 648 1353 709; x_wconf 89' lang='lat' dir='ltr'><strong>post</strong></span> <span class='ocrx_word' id='word_1_29' title='bbox 1382 639 1659 693; x_wconf 88' lang='lat' dir='ltr'><strong>hominum</strong></span> <span class='ocrx_word' id='word_1_30' title='bbox 1692 652 1807 693; x_wconf 88' lang='lat' dir='ltr'><strong>me-</strong></span> 
     </span>
    </p>
   </div>
   <div class='ocr_carea' id='block_1_5' title="bbox 234 730 1806 804">
    <p class='ocr_par' dir='ltr' id='par_1_5' title="bbox 234 730 1806 804">
     <span class='ocr_line' id='line_1_5' title="bbox 234 730 1806 804; baseline -0.004 -11"><span class='ocrx_word' id='word_1_31' title='bbox 234 738 434 793; x_wconf 87' lang='lat' dir='ltr'><strong>moriam</strong></span> <span class='ocrx_word' id='word_1_32' title='bbox 470 746 632 792; x_wconf 73' lang='lat' dir='ltr'><strong>terra:</strong></span> <span class='ocrx_word' id='word_1_33' title='bbox 661 744 892 799; x_wconf 90' lang='lat' dir='ltr'><strong>motum,</strong></span> <span class='ocrx_word' id='word_1_34' title='bbox 922 734 1220 804; x_wconf 86' lang='lat' dir='ltr'><strong>imperante</strong></span> <span class='ocrx_word' id='word_1_35' title='bbox 1250 731 1487 795; x_wconf 85' lang='lat' dir='ltr'><strong>Tiberio,</strong></span> <span class='ocrx_word' id='word_1_36' title='bbox 1512 730 1806 801; x_wconf 90' lang='lat' dir='ltr'><strong>contigisse</strong></span> 
     </span>
    </p>
   </div>
   <div class='ocr_carea' id='block_1_6' title="bbox 231 825 1803 899">
    <p class='ocr_par' dir='ltr' id='par_1_6' title="bbox 231 825 1803 899">
     <span class='ocr_line' id='line_1_6' title="bbox 231 825 1803 899; baseline -0.004 -15"><span class='ocrx_word' id='word_1_37' title='bbox 231 830 433 893; x_wconf 84' lang='lat' dir='ltr'><strong>asserit,</strong></span> <span class='ocrx_word' id='word_1_38' title='bbox 473 829 676 899; x_wconf 91' lang='lat' dir='ltr'><strong>quippe</strong></span> <span class='ocrx_word' id='word_1_39' title='bbox 703 843 811 898; x_wconf 91' lang='lat' dir='ltr'><strong>quo</strong></span> <span class='ocrx_word' id='word_1_40' title='bbox 840 826 1125 882; x_wconf 86' lang='lat' dir='ltr'><strong>duodecim</strong></span> <span class='ocrx_word' id='word_1_41' title='bbox 1167 826 1309 879; x_wconf 71' lang='lat' dir='ltr'><strong>Asiae</strong></span> <span class='ocrx_word' id='word_1_42' title='bbox 1340 825 1501 879; x_wconf 88' lang='lat' dir='ltr'><strong>urbes</strong></span> <span class='ocrx_word' id='word_1_43' title='bbox 1527 825 1803 878; x_wconf 76' lang='lat' dir='ltr'><strong>subversa:</strong></span> 
     </span>
    </p>
   </div>
   <div class='ocr_carea' id='block_1_7' title="bbox 232 913 1803 987">
    <p class='ocr_par' dir='ltr' id='par_1_7' title="bbox 232 913 1803 987">
     <span class='ocr_line' id='line_1_7' title="bbox 232 913 1803 987; baseline -0.006 -10"><span class='ocrx_word' id='word_1_44' title='bbox 232 922 429 978; x_wconf 86' lang='lat' dir='ltr'><strong>fuerint.</strong></span> <span class='ocrx_word' id='word_1_45' title='bbox 462 921 777 976; x_wconf 78' lang='lat' dir='ltr'><strong>Memimere</strong></span> <span class='ocrx_word' id='word_1_46' title='bbox 809 921 973 975; x_wconf 88' lang='lat' dir='ltr'><strong>etiam</strong></span> <span class='ocrx_word' id='word_1_47' title='bbox 998 917 1157 987; x_wconf 81' lang='lat' dir='ltr'><strong>hujus</strong></span> <span class='ocrx_word' id='word_1_48' title='bbox 1181 928 1339 973; x_wconf 85' lang='lat' dir='ltr'><strong>terrae</strong></span> <span class='ocrx_word' id='word_1_49' title='bbox 1372 925 1573 983; x_wconf 89' lang='lat' dir='ltr'><strong>motus,</strong></span> <span class='ocrx_word' id='word_1_50' title='bbox 1606 913 1803 970; x_wconf 85' lang='lat' dir='ltr'><strong>Strabo</strong></span> 
     </span>
    </p>
   </div>
   <div class='ocr_carea' id='block_1_8' title="bbox 228 1007 1804 1087">
    <p class='ocr_par' dir='ltr' id='par_1_8' title="bbox 228 1007 1804 1087">
     <span class='ocr_line' id='line_1_8' title="bbox 228 1007 1804 1087; baseline -0.006 -14"><span class='ocrx_word' id='word_1_51' title='bbox 228 1028 274 1073; x_wconf 88' lang='lat' dir='ltr'><strong>et</strong></span> <span class='ocrx_word' id='word_1_52' title='bbox 293 1017 606 1083; x_wconf 85' lang='lat' dir='ltr'><strong>Suetonius,</strong></span> <span class='ocrx_word' id='word_1_53' title='bbox 659 1026 824 1087; x_wconf 88' lang='lat' dir='ltr'><strong>atque</strong></span> <span class='ocrx_word' id='word_1_54' title='bbox 864 1015 913 1070; x_wconf 90' lang='lat' dir='ltr'><strong>ei</strong></span> <span class='ocrx_word' id='word_1_55' title='bbox 945 1013 1253 1082; x_wconf 84' lang='lat' dir='ltr'><strong>adjunctum</strong></span> <span class='ocrx_word' id='word_1_56' title='bbox 1288 1021 1445 1067; x_wconf 67' lang='lat' dir='ltr'><strong>terrae</strong></span> <span class='ocrx_word' id='word_1_57' title='bbox 1474 1010 1678 1064; x_wconf 79' lang='lat' dir='ltr'><strong>hiatum</strong></span> <span class='ocrx_word' id='word_1_58' title='bbox 1722 1007 1804 1063; x_wconf 88' lang='lat' dir='ltr'><strong>his</strong></span> 
     </span>
    </p>
   </div>
   <div class='ocr_carea' id='block_1_9' title="bbox 227 1100 1803 1164">
    <p class='ocr_par' dir='ltr' id='par_1_9' title="bbox 227 1100 1803 1164">
     <span class='ocr_line' id='line_1_9' title="bbox 227 1100 1803 1164; baseline -0.006 0"><span class='ocrx_word' id='word_1_59' title='bbox 227 1107 421 1164; x_wconf 81' lang='lat' dir='ltr'><strong>Tacitus</strong></span> <span class='ocrx_word' id='word_1_60' title='bbox 454 1116 638 1162; x_wconf 86' lang='lat' dir='ltr'><strong>narrat</strong></span> <span class='ocrx_word' id='word_1_61' title='bbox 667 1108 845 1162; x_wconf 84' lang='lat' dir='ltr'><strong>verbis</strong></span> <span class='ocrx_word' id='word_1_62' title='bbox 875 1125 889 1161; x_wconf 93' lang='lat'><strong>:</strong></span> <span class='ocrx_word' id='word_1_63' title='bbox 919 1124 938 1158; x_wconf 82' lang='grc' dir='ltr'><strong>ι</strong></span> <span class='ocrx_word' id='word_1_64' title='bbox 980 1104 1182 1160; x_wconf 87' lang='lat' dir='ltr'><strong>Eodem</strong></span> <span class='ocrx_word' id='word_1_65' title='bbox 1214 1119 1355 1157; x_wconf 91' lang='lat' dir='ltr'><strong>anno</strong></span> <span class='ocrx_word' id='word_1_66' title='bbox 1386 1100 1671 1156; x_wconf 87' lang='lat' dir='ltr'><strong>duodecim</strong></span> <span class='ocrx_word' id='word_1_67' title='bbox 1709 1115 1803 1155; x_wconf 90' lang='lat' dir='ltr'><strong>ce-</strong></span> 
     </span>
    </p>
   </div>
   <div class='ocr_carea' id='block_1_10' title="bbox 225 1199 1800 1269">
    <p class='ocr_par' dir='ltr' id='par_1_10' title="bbox 225 1199 1800 1269">
     <span class='ocr_line' id='line_1_10' title="bbox 225 1199 1800 1269; baseline -0.007 -12"><span class='ocrx_word' id='word_1_68' title='bbox 225 1203 378 1258; x_wconf 88' lang='lat' dir='ltr'><strong>lebres</strong></span> <span class='ocrx_word' id='word_1_69' title='bbox 411 1202 555 1257; x_wconf 66' lang='lat' dir='ltr'><strong>Asia:</strong></span> <span class='ocrx_word' id='word_1_70' title='bbox 588 1201 748 1256; x_wconf 85' lang='lat' dir='ltr'><strong>urbes</strong></span> <span class='ocrx_word' id='word_1_71' title='bbox 784 1199 1077 1269; x_wconf 71' lang='lat' dir='ltr'><strong>conlapsae,</strong></span> <span class='ocrx_word' id='word_1_72' title='bbox 1128 1207 1394 1252; x_wconf 90' lang='lat' dir='ltr'><strong>nocturno</strong></span> <span class='ocrx_word' id='word_1_73' title='bbox 1441 1207 1601 1250; x_wconf 60' lang='lat' dir='ltr'><strong>terra!</strong></span> <span class='ocrx_word' id='word_1_74' title='bbox 1630 1202 1800 1258; x_wconf 91' lang='lat' dir='ltr'><strong>motu,</strong></span> 
     </span>
    </p>
   </div>
   <div class='ocr_carea' id='block_1_11' title="bbox 233 1286 1799 1365">
    <p class='ocr_par' dir='ltr' id='par_1_11' title="bbox 233 1286 1799 1365">
     <span class='ocr_line' id='line_1_11' title="bbox 233 1286 1799 1365; baseline -0.005 -16"><span class='ocrx_word' id='word_1_75' title='bbox 233 1312 323 1365; x_wconf 92' lang='lat' dir='ltr'><strong>quo</strong></span> <span class='ocrx_word' id='word_1_76' title='bbox 348 1294 700 1364; x_wconf 88' lang='lat' dir='ltr'><strong>improvisior</strong></span> <span class='ocrx_word' id='word_1_77' title='bbox 728 1293 1055 1363; x_wconf 86' lang='lat' dir='ltr'><strong>graviorque</strong></span> <span class='ocrx_word' id='word_1_78' title='bbox 1092 1290 1259 1360; x_wconf 85' lang='lat' dir='ltr'><strong>pestis</strong></span> <span class='ocrx_word' id='word_1_79' title='bbox 1298 1288 1417 1343; x_wconf 83' lang='lat' dir='ltr'><strong>fuit.</strong></span> <span class='ocrx_word' id='word_1_80' title='bbox 1449 1288 1634 1358; x_wconf 84' lang='lat' dir='ltr'><strong>Neque</strong></span> <span class='ocrx_word' id='word_1_81' title='bbox 1665 1286 1799 1342; x_wconf 91' lang='lat' dir='ltr'><strong>soli-</strong></span> 
     </span>
    </p>
   </div>
   <div class='ocr_carea' id='block_1_12' title="bbox 226 1384 1802 1457">
    <p class='ocr_par' dir='ltr' id='par_1_12' title="bbox 226 1384 1802 1457">
     <span class='ocr_line' id='line_1_12' title="bbox 226 1384 1802 1457; baseline -0.005 -13"><span class='ocrx_word' id='word_1_82' title='bbox 226 1399 321 1444; x_wconf 90' lang='lat' dir='ltr'><strong>tum</strong></span> <span class='ocrx_word' id='word_1_83' title='bbox 350 1388 402 1442; x_wconf 93' lang='lat' dir='ltr'><strong>in</strong></span> <span class='ocrx_word' id='word_1_84' title='bbox 437 1388 522 1443; x_wconf 85' lang='lat' dir='ltr'><strong>tali</strong></span> <span class='ocrx_word' id='word_1_85' title='bbox 546 1403 676 1442; x_wconf 87' lang='lat' dir='ltr'><strong>casu</strong></span> <span class='ocrx_word' id='word_1_86' title='bbox 703 1386 958 1457; x_wconf 75' lang='lat' dir='ltr'><strong>eﬂ‘ugium</strong></span> <span class='ocrx_word' id='word_1_87' title='bbox 990 1384 1342 1439; x_wconf 80' lang='lat' dir='ltr'><strong>subveniebat</strong></span> <span class='ocrx_word' id='word_1_88' title='bbox 1370 1384 1422 1438; x_wconf 92' lang='lat' dir='ltr'><strong>in</strong></span> <span class='ocrx_word' id='word_1_89' title='bbox 1460 1393 1644 1454; x_wconf 86' lang='lat' dir='ltr'><strong>aperta</strong></span> <span class='ocrx_word' id='word_1_90' title='bbox 1677 1396 1802 1452; x_wconf 90' lang='lat' dir='ltr'><strong>pro-</strong></span> 
     </span>
    </p>
   </div>
   <div class='ocr_carea' id='block_1_13' title="bbox 221 1475 1801 1551">
    <p class='ocr_par' dir='ltr' id='par_1_13' title="bbox 221 1475 1801 1551">
     <span class='ocr_line' id='line_1_13' title="bbox 221 1475 1801 1551; baseline -0.003 -16"><span class='ocrx_word' id='word_1_91' title='bbox 221 1480 518 1551; x_wconf 86' lang='lat' dir='ltr'><strong>rumpendi;</strong></span> <span class='ocrx_word' id='word_1_92' title='bbox 550 1482 675 1551; x_wconf 89' lang='lat' dir='ltr'><strong>quia</strong></span> <span class='ocrx_word' id='word_1_93' title='bbox 693 1480 926 1535; x_wconf 88' lang='lat' dir='ltr'><strong>diductis</strong></span> <span class='ocrx_word' id='word_1_94' title='bbox 954 1478 1117 1535; x_wconf 89' lang='lat' dir='ltr'><strong>terris</strong></span> <span class='ocrx_word' id='word_1_95' title='bbox 1143 1476 1555 1531; x_wconf 82' lang='lat' dir='ltr'><strong>hauriebantur.</strong></span> <span class='ocrx_word' id='word_1_96' title='bbox 1584 1475 1801 1531; x_wconf 89' lang='lat' dir='ltr'><strong>Sedisse</strong></span> 
     </span>
    </p>
   </div>
   <div class='ocr_carea' id='block_1_14' title="bbox 221 1567 1797 1641">
    <p class='ocr_par' dir='ltr' id='par_1_14' title="bbox 221 1567 1797 1641">
     <span class='ocr_line' id='line_1_14' title="bbox 221 1567 1797 1641; baseline -0.005 -12"><span class='ocrx_word' id='word_1_97' title='bbox 221 1574 499 1629; x_wconf 88' lang='lat' dir='ltr'><strong>immensos</strong></span> <span class='ocrx_word' id='word_1_98' title='bbox 518 1583 754 1641; x_wconf 87' lang='lat' dir='ltr'><strong>montes,</strong></span> <span class='ocrx_word' id='word_1_99' title='bbox 786 1574 898 1628; x_wconf 87' lang='lat' dir='ltr'><strong>visa</strong></span> <span class='ocrx_word' id='word_1_100' title='bbox 926 1573 982 1627; x_wconf 93' lang='lat' dir='ltr'><strong>in</strong></span> <span class='ocrx_word' id='word_1_101' title='bbox 1011 1570 1204 1633; x_wconf 86' lang='lat' dir='ltr'><strong>arduo,</strong></span> <span class='ocrx_word' id='word_1_102' title='bbox 1236 1584 1356 1640; x_wconf 68' lang='lat' dir='ltr'><strong>qua:</strong></span> <span class='ocrx_word' id='word_1_103' title='bbox 1386 1567 1540 1638; x_wconf 90' lang='lat' dir='ltr'><strong>plana</strong></span> <span class='ocrx_word' id='word_1_104' title='bbox 1564 1570 1797 1636; x_wconf 80' lang='lat' dir='ltr'><strong>fuerant,</strong></span> 
     </span>
    </p>
   </div>
   <div class='ocr_carea' id='block_1_15' title="bbox 222 1659 1795 1734">
    <p class='ocr_par' dir='ltr' id='par_1_15' title="bbox 222 1659 1795 1734">
     <span class='ocr_line' id='line_1_15' title="bbox 222 1659 1795 1734; baseline -0.004 -13"><span class='ocrx_word' id='word_1_105' title='bbox 222 1665 477 1721; x_wconf 78' lang='lat' dir='ltr'><strong>eﬂulsisse</strong></span> <span class='ocrx_word' id='word_1_106' title='bbox 510 1666 646 1721; x_wconf 80' lang='lat' dir='ltr'><strong>inter</strong></span> <span class='ocrx_word' id='word_1_107' title='bbox 696 1665 905 1720; x_wconf 90' lang='lat' dir='ltr'><strong>ruinam</strong></span> <span class='ocrx_word' id='word_1_108' title='bbox 937 1664 1090 1734; x_wconf 89' lang='lat' dir='ltr'><strong>ignes</strong></span> <span class='ocrx_word' id='word_1_109' title='bbox 1138 1670 1443 1717; x_wconf 91' lang='lat' dir='ltr'><strong>memorant</strong></span> <span class='ocrx_word' id='word_1_110' title='bbox 1491 1679 1509 1712; x_wconf 72' lang='grc' dir='ltr'><strong>ι</strong></span> <span class='ocrx_word' id='word_1_111' title='bbox 1560 1659 1795 1733; x_wconf 80' lang='lat' dir='ltr'><strong>(Strabo,</strong></span> 
     </span>
    </p>
   </div>
   <div class='ocr_carea' id='block_1_16' title="bbox 219 1754 1793 1830">
    <p class='ocr_par' dir='ltr' id='par_1_16' title="bbox 219 1754 1793 1830">
     <span class='ocr_line' id='line_1_16' title="bbox 219 1754 1793 1830; baseline -0.003 -16"><span class='ocrx_word' id='word_1_112' title='bbox 219 1760 297 1814; x_wconf 87' lang='lat' dir='ltr'><strong>lib.</strong></span> <span class='ocrx_word' id='word_1_113' title='bbox 322 1776 395 1815; x_wconf 85' lang='lat' dir='ltr'><strong>xtl</strong></span> <span class='ocrx_word' id='word_1_114' title='bbox 429 1759 639 1830; x_wconf 82' lang='lat' dir='ltr'><strong>Geogr.,</strong></span> <span class='ocrx_word' id='word_1_115' title='bbox 666 1778 719 1830; x_wconf 90' lang='lat' dir='ltr'><strong>p.</strong></span> <span class='ocrx_word' id='word_1_116' title='bbox 750 1759 890 1823; x_wconf 79' lang='lat'><strong>578;</strong></span> <span class='ocrx_word' id='word_1_117' title='bbox 918 1758 1163 1822; x_wconf 83' lang='lat' dir='ltr'><strong>Sueton.,</strong></span> <span class='ocrx_word' id='word_1_118' title='bbox 1190 1757 1244 1811; x_wconf 84' lang='lat' dir='ltr'><strong>in</strong></span> <span class='ocrx_word' id='word_1_119' title='bbox 1273 1757 1377 1810; x_wconf 78' lang='lat' dir='ltr'><strong>vita</strong></span> <span class='ocrx_word' id='word_1_120' title='bbox 1407 1754 1619 1822; x_wconf 79' lang='lat' dir='ltr'><strong>Tiberii,</strong></span> <span class='ocrx_word' id='word_1_121' title='bbox 1648 1754 1793 1825; x_wconf 66' lang='lat'><strong>§49;</strong></span> 
     </span>
    </p>
   </div>
   <div class='ocr_carea' id='block_1_17' title="bbox 1907 632 3511 705">
    <p class='ocr_par' dir='ltr' id='par_1_17' title="bbox 1907 632 3511 705">
     <span class='ocr_line' id='line_1_17' title="bbox 1907 632 3511 705; baseline -0.001 -15"><span class='ocrx_word' id='word_1_122' title='bbox 1907 636 2138 691; x_wconf 85' lang='lat' dir='ltr'><strong>ethnicis</strong></span> <span class='ocrx_word' id='word_1_123' title='bbox 2163 634 2290 705; x_wconf 80' lang='lat' dir='ltr'><strong>ﬁngi</strong></span> <span class='ocrx_word' id='word_1_124' title='bbox 2320 633 2630 698; x_wconf 87' lang='lat' dir='ltr'><strong>absurdius,</strong></span> <span class='ocrx_word' id='word_1_125' title='bbox 2683 648 2845 705; x_wconf 89' lang='lat' dir='ltr'><strong>quam</strong></span> <span class='ocrx_word' id='word_1_126' title='bbox 2888 634 2954 689; x_wconf 86' lang='lat' dir='ltr'><strong>iis</strong></span> <span class='ocrx_word' id='word_1_127' title='bbox 2984 632 3244 689; x_wconf 87' lang='lat' dir='ltr'><strong>mundum</strong></span> <span class='ocrx_word' id='word_1_128' title='bbox 3278 634 3329 689; x_wconf 94' lang='lat' dir='ltr'><strong>in</strong></span> <span class='ocrx_word' id='word_1_129' title='bbox 3360 632 3511 689; x_wconf 83' lang='lat' dir='ltr'><strong>chri-</strong></span> 
     </span>
    </p>
   </div>
   <div class='ocr_carea' id='block_1_18' title="bbox 1906 724 3509 796">
    <p class='ocr_par' dir='ltr' id='par_1_18' title="bbox 1906 724 3509 796">
     <span class='ocr_line' id='line_1_18' title="bbox 1906 724 3509 796; baseline 0.001 -15"><span class='ocrx_word' id='word_1_130' title='bbox 1906 728 2205 782; x_wconf 89' lang='lat' dir='ltr'><strong>stianorum</strong></span> <span class='ocrx_word' id='word_1_131' title='bbox 2238 741 2453 796; x_wconf 85' lang='lat' dir='ltr'><strong>poenam</strong></span> <span class='ocrx_word' id='word_1_132' title='bbox 2498 727 2706 782; x_wconf 83' lang='lat' dir='ltr'><strong>vexari.</strong></span> <span class='ocrx_word' id='word_1_133' title='bbox 2740 726 2941 782; x_wconf 79' lang='lat' dir='ltr'><strong>Verum</strong></span> <span class='ocrx_word' id='word_1_134' title='bbox 2967 726 3237 782; x_wconf 82' lang='lat' dir='ltr'><strong>Arnobius</strong></span> <span class='ocrx_word' id='word_1_135' title='bbox 3267 736 3327 782; x_wconf 90' lang='lat' dir='ltr'><strong>ut</strong></span> <span class='ocrx_word' id='word_1_136' title='bbox 3352 724 3509 782; x_wconf 86' lang='lat' dir='ltr'><strong>indo-</strong></span> 
     </span>
    </p>
   </div>
   <div class='ocr_carea' id='block_1_19' title="bbox 1906 817 3511 889">
    <p class='ocr_par' dir='ltr' id='par_1_19' title="bbox 1906 817 3511 889">
     <span class='ocr_line' id='line_1_19' title="bbox 1906 817 3511 889; baseline 0.001 -15"><span class='ocrx_word' id='word_1_137' title='bbox 1906 819 2092 874; x_wconf 87' lang='lat' dir='ltr'><strong>mitam</strong></span> <span class='ocrx_word' id='word_1_138' title='bbox 2118 818 2504 873; x_wconf 87' lang='lat' dir='ltr'><strong>insanientium</strong></span> <span class='ocrx_word' id='word_1_139' title='bbox 2528 817 2807 873; x_wconf 87' lang='lat' dir='ltr'><strong>hominum</strong></span> <span class='ocrx_word' id='word_1_140' title='bbox 2842 819 3196 889; x_wconf 90' lang='lat' dir='ltr'><strong>petulantiam</strong></span> <span class='ocrx_word' id='word_1_141' title='bbox 3220 818 3511 875; x_wconf 87' lang='lat' dir='ltr'><strong>vehemen-</strong></span> 
     </span>
    </p>
   </div>
   <div class='ocr_carea' id='block_1_20' title="bbox 1907 910 3511 981">
    <p class='ocr_par' dir='ltr' id='par_1_20' title="bbox 1907 910 3511 981">
     <span class='ocr_line' id='line_1_20' title="bbox 1907 910 3511 981; baseline 0.002 -17"><span class='ocrx_word' id='word_1_142' title='bbox 1907 913 2016 965; x_wconf 88' lang='lat' dir='ltr'><strong>tius</strong></span> <span class='ocrx_word' id='word_1_143' title='bbox 2034 922 2335 978; x_wconf 89' lang='lat' dir='ltr'><strong>coerceret,</strong></span> <span class='ocrx_word' id='word_1_144' title='bbox 2356 911 2476 966; x_wconf 91' lang='lat' dir='ltr'><strong>aliis</strong></span> <span class='ocrx_word' id='word_1_145' title='bbox 2506 910 2683 966; x_wconf 89' lang='lat' dir='ltr'><strong>adhuc</strong></span> <span class='ocrx_word' id='word_1_146' title='bbox 2709 911 2974 981; x_wconf 80' lang='lat' dir='ltr'><strong>exemplis</strong></span> <span class='ocrx_word' id='word_1_147' title='bbox 3003 911 3132 966; x_wconf 91' lang='lat' dir='ltr'><strong>illud</strong></span> <span class='ocrx_word' id='word_1_148' title='bbox 3157 912 3371 966; x_wconf 87' lang='lat' dir='ltr'><strong>censuit</strong></span> <span class='ocrx_word' id='word_1_149' title='bbox 3388 926 3511 968; x_wconf 87' lang='lat' dir='ltr'><strong>esse</strong></span> 
     </span>
    </p>
   </div>
   <div class='ocr_carea' id='block_1_21' title="bbox 1906 1001 3511 1075">
    <p class='ocr_par' dir='ltr' id='par_1_21' title="bbox 1906 1001 3511 1075">
     <span class='ocr_line' id='line_1_21' title="bbox 1906 1001 3511 1075; baseline 0 -17"><span class='ocrx_word' id='word_1_150' title='bbox 1906 1002 2247 1073; x_wconf 89' lang='lat' dir='ltr'><strong>probandum</strong></span> <span class='ocrx_word' id='word_1_151' title='bbox 2279 1002 2523 1073; x_wconf 58' lang='lat' dir='ltr'><strong>(Arnob,</strong></span> <span class='ocrx_word' id='word_1_152' title='bbox 2556 1003 2646 1057; x_wconf 85' lang='lat' dir='ltr'><strong>lib.</strong></span> <span class='ocrx_word' id='word_1_153' title='bbox 2675 1018 2718 1070; x_wconf 83' lang='lat'><strong>1,</strong></span> <span class='ocrx_word' id='word_1_154' title='bbox 2744 1021 2864 1075; x_wconf 91' lang='lat' dir='ltr'><strong>pag.</strong></span> <span class='ocrx_word' id='word_1_155' title='bbox 2901 1003 2934 1059; x_wconf 67' lang='lat'><strong>4</strong></span> <span class='ocrx_word' id='word_1_156' title='bbox 2960 1013 3007 1057; x_wconf 82' lang='lat' dir='ltr'><strong>et</strong></span> <span class='ocrx_word' id='word_1_157' title='bbox 3029 1001 3107 1075; x_wconf 81' lang='lat'><strong>5).</strong></span> <span class='ocrx_word' id='word_1_158' title='bbox 3134 1003 3305 1058; x_wconf 86' lang='lat' dir='ltr'><strong>Instat</strong></span> <span class='ocrx_word' id='word_1_159' title='bbox 3332 1003 3511 1075; x_wconf 87' lang='lat' dir='ltr'><strong>itaque</strong></span> 
     </span>
    </p>
   </div>
   <div class='ocr_carea' id='block_1_22' title="bbox 1905 1095 3511 1167">
    <p class='ocr_par' dir='ltr' id='par_1_22' title="bbox 1905 1095 3511 1167">
     <span class='ocr_line' id='line_1_22' title="bbox 1905 1095 3511 1167; baseline 0 -16"><span class='ocrx_word' id='word_1_160' title='bbox 1905 1106 2031 1151; x_wconf 89' lang='lat' dir='ltr'><strong>ante</strong></span> <span class='ocrx_word' id='word_1_161' title='bbox 2053 1096 2475 1152; x_wconf 88' lang='lat' dir='ltr'><strong>christianorum</strong></span> <span class='ocrx_word' id='word_1_162' title='bbox 2502 1106 2748 1167; x_wconf 84' lang='lat' dir='ltr'><strong>tempora</strong></span> <span class='ocrx_word' id='word_1_163' title='bbox 2782 1095 3043 1151; x_wconf 90' lang='lat' dir='ltr'><strong>mundum</strong></span> <span class='ocrx_word' id='word_1_164' title='bbox 3106 1095 3356 1151; x_wconf 91' lang='lat' dir='ltr'><strong>incendio</strong></span> <span class='ocrx_word' id='word_1_165' title='bbox 3380 1109 3511 1151; x_wconf 91' lang='lat' dir='ltr'><strong>con-</strong></span> 
     </span>
    </p>
   </div>
   <div class='ocr_carea' id='block_1_23' title="bbox 1904 1191 3510 1263">
    <p class='ocr_par' dir='ltr' id='par_1_23' title="bbox 1904 1191 3510 1263">
     <span class='ocr_line' id='line_1_23' title="bbox 1904 1191 3510 1263; baseline 0.002 -18"><span class='ocrx_word' id='word_1_166' title='bbox 1904 1191 2182 1263; x_wconf 81' lang='lat' dir='ltr'><strong>ﬂagrasse,</strong></span> <span class='ocrx_word' id='word_1_167' title='bbox 2208 1192 2371 1247; x_wconf 89' lang='lat' dir='ltr'><strong>urbes</strong></span> <span class='ocrx_word' id='word_1_168' title='bbox 2400 1194 2563 1247; x_wconf 88' lang='lat' dir='ltr'><strong>maris</strong></span> <span class='ocrx_word' id='word_1_169' title='bbox 2592 1193 2843 1248; x_wconf 88' lang='lat' dir='ltr'><strong>ﬂuctibus</strong></span> <span class='ocrx_word' id='word_1_170' title='bbox 2870 1200 3187 1262; x_wconf 88' lang='lat' dir='ltr'><strong>coopertas,</strong></span> <span class='ocrx_word' id='word_1_171' title='bbox 3219 1207 3390 1263; x_wconf 88' lang='lat' dir='ltr'><strong>genus</strong></span> <span class='ocrx_word' id='word_1_172' title='bbox 3412 1192 3510 1248; x_wconf 91' lang='lat' dir='ltr'><strong>hu-</strong></span> 
     </span>
    </p>
   </div>
   <div class='ocr_carea' id='block_1_24' title="bbox 1905 1286 3513 1359">
    <p class='ocr_par' dir='ltr' id='par_1_24' title="bbox 1905 1286 3513 1359">
     <span class='ocr_line' id='line_1_24' title="bbox 1905 1286 3513 1359; baseline 0.001 -18"><span class='ocrx_word' id='word_1_173' title='bbox 1905 1302 2127 1341; x_wconf 86' lang='lat' dir='ltr'><strong>manum</strong></span> <span class='ocrx_word' id='word_1_174' title='bbox 2156 1287 2375 1343; x_wconf 91' lang='lat' dir='ltr'><strong>diluviis</strong></span> <span class='ocrx_word' id='word_1_175' title='bbox 2408 1288 2749 1357; x_wconf 87' lang='lat' dir='ltr'><strong>absorptum,</strong></span> <span class='ocrx_word' id='word_1_176' title='bbox 2783 1298 2967 1359; x_wconf 88' lang='lat' dir='ltr'><strong>atque,</strong></span> <span class='ocrx_word' id='word_1_177' title='bbox 2998 1298 3055 1342; x_wconf 93' lang='lat' dir='ltr'><strong>ut</strong></span> <span class='ocrx_word' id='word_1_178' title='bbox 3079 1287 3233 1343; x_wconf 84' lang='lat' dir='ltr'><strong>Plato</strong></span> <span class='ocrx_word' id='word_1_179' title='bbox 3263 1286 3513 1358; x_wconf 87' lang='lat' dir='ltr'><strong>perhibet</strong></span> 
     </span>
    </p>
   </div>
   <div class='ocr_carea' id='block_1_25' title="bbox 1903 1381 3509 1449">
    <p class='ocr_par' dir='ltr' id='par_1_25' title="bbox 1903 1381 3509 1449">
     <span class='ocr_line' id='line_1_25' title="bbox 1903 1381 3509 1449; baseline -0.001 -14"><span class='ocrx_word' id='word_1_180' title='bbox 1903 1391 2022 1435; x_wconf 81' lang='lat' dir='ltr'><strong>ante</strong></span> <span class='ocrx_word' id='word_1_181' title='bbox 2049 1398 2306 1436; x_wconf 81' lang='lat' dir='ltr'><strong>annorum</strong></span> <span class='ocrx_word' id='word_1_182' title='bbox 2352 1382 2517 1436; x_wconf 82' lang='lat' dir='ltr'><strong>millia</strong></span> <span class='ocrx_word' id='word_1_183' title='bbox 2557 1382 2750 1449; x_wconf 85' lang='lat' dir='ltr'><strong>decem,</strong></span> <span class='ocrx_word' id='word_1_184' title='bbox 2787 1381 2855 1436; x_wconf 87' lang='lat' dir='ltr'><strong>ab</strong></span> <span class='ocrx_word' id='word_1_185' title='bbox 2888 1381 3159 1436; x_wconf 82' lang='lat' dir='ltr'><strong>Atlantica</strong></span> <span class='ocrx_word' id='word_1_186' title='bbox 3193 1381 3367 1437; x_wconf 88' lang='lat' dir='ltr'><strong>insula</strong></span> <span class='ocrx_word' id='word_1_187' title='bbox 3397 1395 3509 1437; x_wconf 86' lang='lat' dir='ltr'><strong>ma-</strong></span> 
     </span>
    </p>
   </div>
   <div class='ocr_carea' id='block_1_26' title="bbox 1902 1475 3511 1549">
    <p class='ocr_par' dir='ltr' id='par_1_26' title="bbox 1902 1475 3511 1549">
     <span class='ocr_line' id='line_1_26' title="bbox 1902 1475 3511 1549; baseline -0.001 -18"><span class='ocrx_word' id='word_1_188' title='bbox 1902 1492 2061 1549; x_wconf 89' lang='lat' dir='ltr'><strong>gnam</strong></span> <span class='ocrx_word' id='word_1_189' title='bbox 2094 1476 2341 1547; x_wconf 88' lang='lat' dir='ltr'><strong>erupisse</strong></span> <span class='ocrx_word' id='word_1_190' title='bbox 2388 1476 2668 1531; x_wconf 92' lang='lat' dir='ltr'><strong>hominum</strong></span> <span class='ocrx_word' id='word_1_191' title='bbox 2708 1475 3148 1539; x_wconf 77' lang='lat' dir='ltr'><strong>multitudinem,</strong></span> <span class='ocrx_word' id='word_1_192' title='bbox 3200 1491 3321 1545; x_wconf 64' lang='lat' dir='ltr'><strong>quae</strong></span> <span class='ocrx_word' id='word_1_193' title='bbox 3353 1475 3511 1531; x_wconf 89' lang='lat' dir='ltr'><strong>innu—</strong></span> 
     </span>
    </p>
   </div>
   <div class='ocr_carea' id='block_1_27' title="bbox 1902 1558 3509 1627">
    <p class='ocr_par' dir='ltr' id='par_1_27' title="bbox 1902 1558 3509 1627">
     <span class='ocr_line' id='line_1_27' title="bbox 1902 1558 3509 1627; baseline -0.001 -1"><span class='ocrx_word' id='word_1_194' title='bbox 1902 1586 2087 1627; x_wconf 89' lang='lat' dir='ltr'><strong>meras</strong></span> <span class='ocrx_word' id='word_1_195' title='bbox 2115 1572 2363 1626; x_wconf 87' lang='lat' dir='ltr'><strong>nationes</strong></span> <span class='ocrx_word' id='word_1_196' title='bbox 2390 1569 2636 1624; x_wconf 87' lang='lat' dir='ltr'><strong>funditus</strong></span> <span class='ocrx_word' id='word_1_197' title='bbox 2653 1568 2853 1625; x_wconf 83' lang='lat' dir='ltr'><strong>delevit</strong></span> <span class='ocrx_word' id='word_1_198' title='bbox 2882 1558 2937 1625; x_wconf 86' lang='lat' dir='ltr'><strong>et</strong></span> <span class='ocrx_word' id='word_1_199' title='bbox 2959 1569 3237 1625; x_wconf 80' lang='lat' dir='ltr'><strong>exstinxit.</strong></span> <span class='ocrx_word' id='word_1_200' title='bbox 3257 1568 3308 1625; x_wconf 91' lang='lat' dir='ltr'><strong>Is</strong></span> <span class='ocrx_word' id='word_1_201' title='bbox 3328 1578 3509 1624; x_wconf 86' lang='lat' dir='ltr'><strong>autem</strong></span> 
     </span>
    </p>
   </div>
   <div class='ocr_carea' id='block_1_28' title="bbox 1902 1647 3507 1732">
    <p class='ocr_par' dir='ltr' id='par_1_28' title="bbox 1902 1647 3507 1732">
     <span class='ocr_line' id='line_1_28' title="bbox 1902 1647 3507 1732; baseline -0.001 -14"><span class='ocrx_word' id='word_1_202' title='bbox 1902 1662 2144 1718; x_wconf 84' lang='lat' dir='ltr'><strong>Platonis</strong></span> <span class='ocrx_word' id='word_1_203' title='bbox 2172 1663 2329 1718; x_wconf 89' lang='lat' dir='ltr'><strong>locus</strong></span> <span class='ocrx_word' id='word_1_204' title='bbox 2377 1662 2429 1716; x_wconf 91' lang='lat' dir='ltr'><strong>in</strong></span> <span class='ocrx_word' id='word_1_205' title='bbox 2484 1662 2601 1732; x_wconf 85' lang='lat' dir='ltr'><strong>ejus</strong></span> <span class='ocrx_word' id='word_1_206' title='bbox 2652 1661 2860 1716; x_wconf 71' lang='lat' dir='ltr'><strong>Timmo</strong></span> <span class='ocrx_word' id='word_1_207' title='bbox 2890 1662 3151 1728; x_wconf 88' lang='lat' dir='ltr'><strong>occurrit,</strong></span> <span class='ocrx_word' id='word_1_208' title='bbox 3185 1647 3274 1716; x_wconf 80' lang='lat' dir='ltr'><strong>ubi</strong></span> <span class='ocrx_word' id='word_1_209' title='bbox 3308 1660 3399 1717; x_wconf 91' lang='lat' dir='ltr'><strong>ille</strong></span> <span class='ocrx_word' id='word_1_210' title='bbox 3440 1675 3507 1717; x_wconf 86' lang='lat' dir='ltr'><strong>ex</strong></span> 
     </span>
    </p>
   </div>
   <div class='ocr_carea' id='block_1_29' title="bbox 1902 1754 3504 1827">
    <p class='ocr_par' dir='ltr' id='par_1_29' title="bbox 1902 1754 3504 1827">
     <span class='ocr_line' id='line_1_29' title="bbox 1902 1754 3504 1827; baseline 0 -18"><span class='ocrx_word' id='word_1_211' title='bbox 1902 1756 2141 1827; x_wconf 89' lang='lat' dir='ltr'><strong>antiquis</strong></span> <span class='ocrx_word' id='word_1_212' title='bbox 2181 1754 2543 1827; x_wconf 86' lang='lat' dir='ltr'><strong>scriptoribus</strong></span> <span class='ocrx_word' id='word_1_213' title='bbox 2573 1764 2755 1810; x_wconf 85' lang='lat' dir='ltr'><strong>narrat</strong></span> <span class='ocrx_word' id='word_1_214' title='bbox 2796 1770 2863 1811; x_wconf 87' lang='lat' dir='ltr'><strong>ex</strong></span> <span class='ocrx_word' id='word_1_215' title='bbox 2901 1770 2966 1809; x_wconf 87' lang='lat' dir='ltr'><strong>ea</strong></span> <span class='ocrx_word' id='word_1_216' title='bbox 3008 1754 3277 1811; x_wconf 80' lang='lat' dir='ltr'><strong>Atlantica</strong></span> <span class='ocrx_word' id='word_1_217' title='bbox 3307 1754 3504 1823; x_wconf 88' lang='lat' dir='ltr'><strong>insula,</strong></span> 
     </span>
    </p>
   </div>
   <div class='ocr_carea' id='block_1_30' title="bbox 218 1847 3510 1929">
    <p class='ocr_par' dir='ltr' id='par_1_30' title="bbox 218 1847 3510 1929">
     <span class='ocr_line' id='line_1_30' title="bbox 218 1847 3510 1929; baseline -0 -24"><span class='ocrx_word' id='word_1_218' title='bbox 218 1851 400 1917; x_wconf 80' lang='lat' dir='ltr'><strong>Tacit.,</strong></span> <span class='ocrx_word' id='word_1_219' title='bbox 435 1852 525 1906; x_wconf 88' lang='lat' dir='ltr'><strong>lib.</strong></span> <span class='ocrx_word' id='word_1_220' title='bbox 555 1868 594 1906; x_wconf 88' lang='grc' dir='ltr'>ιι</span> <span class='ocrx_word' id='word_1_221' title='bbox 617 1854 834 1918; x_wconf 81' lang='lat' dir='ltr'><strong>Aunal.,</strong></span> <span class='ocrx_word' id='word_1_222' title='bbox 866 1850 987 1922; x_wconf 82' lang='lat'><strong>§7).</strong></span> <span class='ocrx_word' id='word_1_223' title='bbox 1016 1850 1073 1905; x_wconf 90' lang='lat' dir='ltr'><strong>lo</strong></span> <span class='ocrx_word' id='word_1_224' title='bbox 1092 1848 1307 1904; x_wconf 87' lang='lat' dir='ltr'><strong>Eusebii</strong></span> <span class='ocrx_word' id='word_1_225' title='bbox 1336 1857 1516 1903; x_wconf 88' lang='lat' dir='ltr'><strong>autem</strong></span> <span class='ocrx_word' id='word_1_226' title='bbox 1538 1847 1799 1903; x_wconf 88' lang='lat' dir='ltr'><strong>chronico</strong></span> <span class='ocrx_word' id='word_1_227' title='bbox 1829 1870 1877 1929; x_wconf 78' lang='grc' dir='ltr'><strong>Β</strong></span> <span class='ocrx_word' id='word_1_228' title='bbox 1902 1866 2061 1922; x_wconf 89' lang='lat' dir='ltr'><strong>quam</strong></span> <span class='ocrx_word' id='word_1_229' title='bbox 2087 1850 2258 1919; x_wconf 81' lang='lat' dir='ltr'><strong>Lyhia</strong></span> <span class='ocrx_word' id='word_1_230' title='bbox 2287 1860 2343 1906; x_wconf 91' lang='lat' dir='ltr'><strong>et</strong></span> <span class='ocrx_word' id='word_1_231' title='bbox 2369 1852 2498 1906; x_wconf 82' lang='lat' dir='ltr'><strong>Asia</strong></span> <span class='ocrx_word' id='word_1_232' title='bbox 2525 1851 2785 1920; x_wconf 87' lang='lat' dir='ltr'><strong>majorem</strong></span> <span class='ocrx_word' id='word_1_233' title='bbox 2838 1851 3003 1906; x_wconf 83' lang='lat' dir='ltr'><strong>fuisse</strong></span> <span class='ocrx_word' id='word_1_234' title='bbox 3050 1852 3144 1917; x_wconf 87' lang='lat' dir='ltr'><strong>ait,</strong></span> <span class='ocrx_word' id='word_1_235' title='bbox 3198 1850 3392 1905; x_wconf 87' lang='lat' dir='ltr'><strong>factam</strong></span> <span class='ocrx_word' id='word_1_236' title='bbox 3424 1848 3510 1904; x_wconf 91' lang='lat' dir='ltr'><strong>in-</strong></span> 
     </span>
    </p>
   </div>
   <div class='ocr_carea' id='block_1_31' title="bbox 218 1938 1801 2014">
    <p class='ocr_par' dir='ltr' id='par_1_31' title="bbox 218 1938 1801 2014">
     <span class='ocr_line' id='line_1_31' title="bbox 218 1938 1801 2014; baseline -0.002 -15"><span class='ocrx_word' id='word_1_237' title='bbox 218 1944 322 1999; x_wconf 66' lang='lat' dir='ltr'><strong>haec</strong></span> <span class='ocrx_word' id='word_1_238' title='bbox 346 1945 413 1999; x_wconf 89' lang='lat' dir='ltr'><strong>ad</strong></span> <span class='ocrx_word' id='word_1_239' title='bbox 447 1945 731 2014; x_wconf 87' lang='lat' dir='ltr'><strong>septimum</strong></span> <span class='ocrx_word' id='word_1_240' title='bbox 762 1944 971 1999; x_wconf 86' lang='lat' dir='ltr'><strong>Tiberii</strong></span> <span class='ocrx_word' id='word_1_241' title='bbox 999 1958 1199 1997; x_wconf 88' lang='lat' dir='ltr'><strong>annum</strong></span> <span class='ocrx_word' id='word_1_242' title='bbox 1225 1938 1555 2008; x_wconf 82' lang='lat' dir='ltr'><strong>referuntur,</strong></span> <span class='ocrx_word' id='word_1_243' title='bbox 1598 1956 1661 1995; x_wconf 90' lang='lat' dir='ltr'><strong>ac</strong></span> <span class='ocrx_word' id='word_1_244' title='bbox 1702 1949 1801 1997; x_wconf 85' lang='lat' dir='ltr'><strong>tre-</strong></span> 
     </span>
    </p>
   </div>
   <div class='ocr_carea' id='block_1_32' title="bbox 218 2035 1797 2108">
    <p class='ocr_par' dir='ltr' id='par_1_32' title="bbox 218 2035 1797 2108">
     <span class='ocr_line' id='line_1_32' title="bbox 218 2035 1797 2108; baseline -0.001 -19"><span class='ocrx_word' id='word_1_245' title='bbox 218 2038 375 2092; x_wconf 81' lang='lat' dir='ltr'><strong>decim</strong></span> <span class='ocrx_word' id='word_1_246' title='bbox 403 2039 664 2108; x_wconf 64' lang='lat' dir='ltr'><strong>collapsae</strong></span> <span class='ocrx_word' id='word_1_247' title='bbox 684 2038 847 2093; x_wconf 89' lang='lat' dir='ltr'><strong>urbes</strong></span> <span class='ocrx_word' id='word_1_248' title='bbox 873 2037 987 2092; x_wconf 87' lang='lat' dir='ltr'><strong>suis</strong></span> <span class='ocrx_word' id='word_1_249' title='bbox 1018 2036 1087 2091; x_wconf 91' lang='lat' dir='ltr'><strong>ibi</strong></span> <span class='ocrx_word' id='word_1_250' title='bbox 1110 2036 1447 2106; x_wconf 86' lang='lat' dir='ltr'><strong>appellantur</strong></span> <span class='ocrx_word' id='word_1_251' title='bbox 1469 2035 1797 2091; x_wconf 92' lang='lat' dir='ltr'><strong>nominibus.</strong></span> 
     </span>
    </p>
   </div>
   <div class='ocr_carea' id='block_1_33' title="bbox 217 2128 1797 2199">
    <p class='ocr_par' dir='ltr' id='par_1_33' title="bbox 217 2128 1797 2199">
     <span class='ocr_line' id='line_1_33' title="bbox 217 2128 1797 2199; baseline -0.002 -16"><span class='ocrx_word' id='word_1_252' title='bbox 217 2129 445 2185; x_wconf 86' lang='lat' dir='ltr'><strong>Plurium</strong></span> <span class='ocrx_word' id='word_1_253' title='bbox 475 2138 656 2185; x_wconf 88' lang='lat' dir='ltr'><strong>autem</strong></span> <span class='ocrx_word' id='word_1_254' title='bbox 689 2138 843 2185; x_wconf 78' lang='lat' dir='ltr'><strong>terra:</strong></span> <span class='ocrx_word' id='word_1_255' title='bbox 873 2137 1137 2195; x_wconf 89' lang='lat' dir='ltr'><strong>motuum,</strong></span> <span class='ocrx_word' id='word_1_256' title='bbox 1160 2128 1253 2199; x_wconf 91' lang='lat' dir='ltr'><strong>qui</strong></span> <span class='ocrx_word' id='word_1_257' title='bbox 1273 2128 1642 2196; x_wconf 87' lang='lat' dir='ltr'><strong>superioribus</strong></span> <span class='ocrx_word' id='word_1_258' title='bbox 1668 2136 1797 2182; x_wconf 85' lang='lat' dir='ltr'><strong>aeta-</strong></span> 
     </span>
    </p>
   </div>
   <div class='ocr_carea' id='block_1_34' title="bbox 217 2222 1799 2294">
    <p class='ocr_par' dir='ltr' id='par_1_34' title="bbox 217 2222 1799 2294">
     <span class='ocr_line' id='line_1_34' title="bbox 217 2222 1799 2294; baseline 0 -17"><span class='ocrx_word' id='word_1_259' title='bbox 217 2224 345 2280; x_wconf 90' lang='lat' dir='ltr'><strong>tibus</strong></span> <span class='ocrx_word' id='word_1_260' title='bbox 373 2225 691 2280; x_wconf 86' lang='lat' dir='ltr'><strong>acciderant</strong></span> <span class='ocrx_word' id='word_1_261' title='bbox 720 2225 774 2280; x_wconf 81' lang='lat' dir='ltr'><strong>ﬂt</strong></span> <span class='ocrx_word' id='word_1_262' title='bbox 798 2224 994 2279; x_wconf 86' lang='lat' dir='ltr'><strong>ibidem</strong></span> <span class='ocrx_word' id='word_1_263' title='bbox 1018 2224 1242 2279; x_wconf 90' lang='lat' dir='ltr'><strong>mentio.</strong></span> <span class='ocrx_word' id='word_1_264' title='bbox 1274 2224 1513 2294; x_wconf 86' lang='lat' dir='ltr'><strong>Denique</strong></span> <span class='ocrx_word' id='word_1_265' title='bbox 1542 2232 1599 2277; x_wconf 91' lang='lat' dir='ltr'><strong>ut</strong></span> <span class='ocrx_word' id='word_1_266' title='bbox 1629 2222 1799 2277; x_wconf 88' lang='lat' dir='ltr'><strong>multa</strong></span> 
     </span>
    </p>
   </div>
   <div class='ocr_carea' id='block_1_35' title="bbox 214 2315 1798 2386">
    <p class='ocr_par' dir='ltr' id='par_1_35' title="bbox 214 2315 1798 2386">
     <span class='ocr_line' id='line_1_35' title="bbox 214 2315 1798 2386; baseline -0.002 -14"><span class='ocrx_word' id='word_1_267' title='bbox 214 2328 496 2383; x_wconf 73' lang='lat' dir='ltr'><strong>taceamus,</strong></span> <span class='ocrx_word' id='word_1_268' title='bbox 526 2317 737 2384; x_wconf 91' lang='lat' dir='ltr'><strong>Cicero,</strong></span> <span class='ocrx_word' id='word_1_269' title='bbox 757 2316 927 2373; x_wconf 76' lang='lat' dir='ltr'><strong>Ccelio</strong></span> <span class='ocrx_word' id='word_1_270' title='bbox 957 2326 1093 2373; x_wconf 89' lang='lat' dir='ltr'><strong>teste</strong></span> <span class='ocrx_word' id='word_1_271' title='bbox 1122 2318 1306 2382; x_wconf 87' lang='lat' dir='ltr'><strong>citato,</strong></span> <span class='ocrx_word' id='word_1_272' title='bbox 1332 2326 1517 2371; x_wconf 88' lang='lat' dir='ltr'><strong>narrat</strong></span> <span class='ocrx_word' id='word_1_273' title='bbox 1545 2335 1563 2366; x_wconf 80' lang='grc' dir='ltr'><strong>ι</strong></span> <span class='ocrx_word' id='word_1_274' title='bbox 1599 2315 1798 2386; x_wconf 91' lang='lat' dir='ltr'><strong>eoipso</strong></span> 
     </span>
    </p>
   </div>
   <div class='ocr_carea' id='block_1_36' title="bbox 214 2410 1801 2482">
    <p class='ocr_par' dir='ltr' id='par_1_36' title="bbox 214 2410 1801 2482">
     <span class='ocr_line' id='line_1_36' title="bbox 214 2410 1801 2482; baseline -0.001 -16"><span class='ocrx_word' id='word_1_275' title='bbox 214 2421 470 2482; x_wconf 84' lang='lat' dir='ltr'><strong>tempore,</strong></span> <span class='ocrx_word' id='word_1_276' title='bbox 511 2429 531 2463; x_wconf 76' lang='grc' dir='ltr'><strong>ι</strong></span> <span class='ocrx_word' id='word_1_277' title='bbox 589 2425 698 2481; x_wconf 92' lang='lat' dir='ltr'><strong>quo</strong></span> <span class='ocrx_word' id='word_1_278' title='bbox 727 2410 1025 2466; x_wconf 71' lang='lat' dir='ltr'><strong>Flaminius</strong></span> <span class='ocrx_word' id='word_1_279' title='bbox 1064 2420 1251 2466; x_wconf 89' lang='lat' dir='ltr'><strong>contra</strong></span> <span class='ocrx_word' id='word_1_280' title='bbox 1296 2410 1652 2465; x_wconf 82' lang='lat' dir='ltr'><strong>Hannibalem</strong></span> <span class='ocrx_word' id='word_1_281' title='bbox 1700 2423 1801 2479; x_wconf 84' lang='lat' dir='ltr'><strong>pu-</strong></span> 
     </span>
    </p>
   </div>
   <div class='ocr_carea' id='block_1_37' title="bbox 210 2500 1795 2575">
    <p class='ocr_par' dir='ltr' id='par_1_37' title="bbox 210 2500 1795 2575">
     <span class='ocr_line' id='line_1_37' title="bbox 210 2500 1795 2575; baseline -0.002 -17"><span class='ocrx_word' id='word_1_282' title='bbox 210 2502 428 2575; x_wconf 81' lang='lat' dir='ltr'><strong>gnabat,</strong></span> <span class='ocrx_word' id='word_1_283' title='bbox 463 2523 481 2555; x_wconf 85' lang='grc'><strong><em>‹</em></strong></span> <span class='ocrx_word' id='word_1_284' title='bbox 516 2512 696 2558; x_wconf 87' lang='lat' dir='ltr'><strong>tantos</strong></span> <span class='ocrx_word' id='word_1_285' title='bbox 726 2512 881 2559; x_wconf 64' lang='lat' dir='ltr'><strong>terra:</strong></span> <span class='ocrx_word' id='word_1_286' title='bbox 921 2514 1099 2559; x_wconf 91' lang='lat' dir='ltr'><strong>motus</strong></span> <span class='ocrx_word' id='word_1_287' title='bbox 1143 2504 1199 2558; x_wconf 93' lang='lat' dir='ltr'><strong>in</strong></span> <span class='ocrx_word' id='word_1_288' title='bbox 1240 2501 1561 2573; x_wconf 76' lang='lat' dir='ltr'><strong>Liguribus,</strong></span> <span class='ocrx_word' id='word_1_289' title='bbox 1599 2500 1795 2568; x_wconf 86' lang='lat' dir='ltr'><strong>Gallia,</strong></span> 
     </span>
    </p>
   </div>
   <div class='ocr_carea' id='block_1_38' title="bbox 207 2596 1799 2671">
    <p class='ocr_par' dir='ltr' id='par_1_38' title="bbox 207 2596 1799 2671">
     <span class='ocr_line' id='line_1_38' title="bbox 207 2596 1799 2671; baseline -0.001 -19"><span class='ocrx_word' id='word_1_290' title='bbox 207 2599 679 2671; x_wconf 87' lang='lat' dir='ltr'><strong>compluribusque</strong></span> <span class='ocrx_word' id='word_1_291' title='bbox 706 2598 907 2665; x_wconf 89' lang='lat' dir='ltr'><strong>insulis,</strong></span> <span class='ocrx_word' id='word_1_292' title='bbox 939 2610 1157 2670; x_wconf 81' lang='lat' dir='ltr'><strong>Imaque</strong></span> <span class='ocrx_word' id='word_1_293' title='bbox 1178 2596 1331 2653; x_wconf 87' lang='lat' dir='ltr'><strong>Italia</strong></span> <span class='ocrx_word' id='word_1_294' title='bbox 1352 2598 1522 2652; x_wconf 89' lang='lat' dir='ltr'><strong>factos</strong></span> <span class='ocrx_word' id='word_1_295' title='bbox 1549 2610 1705 2661; x_wconf 92' lang='lat' dir='ltr'><strong>esse,</strong></span> <span class='ocrx_word' id='word_1_296' title='bbox 1737 2603 1799 2650; x_wconf 86' lang='lat' dir='ltr'><strong>ut</strong></span> 
     </span>
    </p>
   </div>
   <div class='ocr_carea' id='block_1_39' title="bbox 210 2691 1794 2764">
    <p class='ocr_par' dir='ltr' id='par_1_39' title="bbox 210 2691 1794 2764">
     <span class='ocr_line' id='line_1_39' title="bbox 210 2691 1794 2764; baseline -0.001 -17"><span class='ocrx_word' id='word_1_297' title='bbox 210 2694 367 2748; x_wconf 86' lang='lat' dir='ltr'><strong>multa</strong></span> <span class='ocrx_word' id='word_1_298' title='bbox 397 2693 595 2764; x_wconf 84' lang='lat' dir='ltr'><strong>oppida</strong></span> <span class='ocrx_word' id='word_1_299' title='bbox 627 2694 949 2761; x_wconf 89' lang='lat' dir='ltr'><strong>corruerint,</strong></span> <span class='ocrx_word' id='word_1_300' title='bbox 983 2692 1167 2749; x_wconf 83' lang='lat' dir='ltr'><strong>multis</strong></span> <span class='ocrx_word' id='word_1_301' title='bbox 1192 2693 1326 2747; x_wconf 85' lang='lat' dir='ltr'><strong>locis</strong></span> <span class='ocrx_word' id='word_1_302' title='bbox 1355 2692 1505 2747; x_wconf 89' lang='lat' dir='ltr'><strong>labes</strong></span> <span class='ocrx_word' id='word_1_303' title='bbox 1536 2691 1673 2747; x_wconf 88' lang='lat' dir='ltr'><strong>facta</strong></span> <span class='ocrx_word' id='word_1_304' title='bbox 1703 2692 1794 2758; x_wconf 91' lang='lat' dir='ltr'><strong>sit,</strong></span> 
     </span>
    </p>
   </div>
   <div class='ocr_carea' id='block_1_40' title="bbox 208 2783 1793 2858">
    <p class='ocr_par' dir='ltr' id='par_1_40' title="bbox 208 2783 1793 2858">
     <span class='ocr_line' id='line_1_40' title="bbox 208 2783 1793 2858; baseline 0.001 -18"><span class='ocrx_word' id='word_1_305' title='bbox 208 2783 534 2858; x_wconf 87' lang='lat' dir='ltr'><strong>ﬂuminaque</strong></span> <span class='ocrx_word' id='word_1_306' title='bbox 566 2787 618 2841; x_wconf 93' lang='lat' dir='ltr'><strong>in</strong></span> <span class='ocrx_word' id='word_1_307' title='bbox 659 2789 955 2843; x_wconf 85' lang='lat' dir='ltr'><strong>contrarias</strong></span> <span class='ocrx_word' id='word_1_308' title='bbox 996 2797 1176 2858; x_wconf 90' lang='lat' dir='ltr'><strong>partes</strong></span> <span class='ocrx_word' id='word_1_309' title='bbox 1224 2788 1504 2852; x_wconf 85' lang='lat' dir='ltr'><strong>ﬂuxerint,</strong></span> <span class='ocrx_word' id='word_1_310' title='bbox 1540 2796 1703 2857; x_wconf 90' lang='lat' dir='ltr'><strong>atque</strong></span> <span class='ocrx_word' id='word_1_311' title='bbox 1741 2787 1793 2841; x_wconf 93' lang='lat' dir='ltr'><strong>in</strong></span> 
     </span>
    </p>
   </div>
   <div class='ocr_carea' id='block_1_41' title="bbox 204 2879 1797 2953">
    <p class='ocr_par' dir='ltr' id='par_1_41' title="bbox 204 2879 1797 2953">
     <span class='ocr_line' id='line_1_41' title="bbox 204 2879 1797 2953; baseline 0.003 -20"><span class='ocrx_word' id='word_1_312' title='bbox 204 2892 386 2935; x_wconf 90' lang='lat' dir='ltr'><strong>omnes</strong></span> <span class='ocrx_word' id='word_1_313' title='bbox 410 2896 561 2936; x_wconf 87' lang='lat' dir='ltr'><strong>mare</strong></span> <span class='ocrx_word' id='word_1_314' title='bbox 589 2879 866 2936; x_wconf 89' lang='lat' dir='ltr'><strong>inﬂuxerit</strong></span> <span class='ocrx_word' id='word_1_315' title='bbox 886 2900 906 2933; x_wconf 76' lang='grc' dir='ltr'><strong>ι</strong></span> <span class='ocrx_word' id='word_1_316' title='bbox 946 2883 1106 2952; x_wconf 65' lang='grc' dir='ltr'><strong>(ϐία,</strong></span> <span class='ocrx_word' id='word_1_317' title='bbox 1138 2881 1230 2936; x_wconf 87' lang='lat' dir='ltr'><strong>lib.</strong></span> <span class='ocrx_word' id='word_1_318' title='bbox 1254 2899 1267 2935; x_wconf 91' lang='grc' dir='ltr'><strong>ι</strong></span> <span class='ocrx_word' id='word_1_319' title='bbox 1293 2882 1357 2936; x_wconf 87' lang='lat' dir='ltr'><strong>de</strong></span> <span class='ocrx_word' id='word_1_320' title='bbox 1385 2880 1641 2947; x_wconf 87' lang='lat' dir='ltr'><strong>Divinat.,</strong></span> <span class='ocrx_word' id='word_1_321' title='bbox 1675 2898 1797 2953; x_wconf 85' lang='lat' dir='ltr'><strong>pag.</strong></span> 
     </span>
    </p>
   </div>
   <div class='ocr_carea' id='block_1_42' title="bbox 201 2975 1800 3050">
    <p class='ocr_par' dir='ltr' id='par_1_42' title="bbox 201 2975 1800 3050">
     <span class='ocr_line' id='line_1_42' title="bbox 201 2975 1800 3050; baseline 0.001 -19"><span class='ocrx_word' id='word_1_322' title='bbox 201 2975 324 3042; x_wconf 76' lang='lat'><strong>268,</strong></span> <span class='ocrx_word' id='word_1_323' title='bbox 349 2978 447 3032; x_wconf 82' lang='lat' dir='ltr'><strong>lin.</strong></span> <span class='ocrx_word' id='word_1_324' title='bbox 484 2976 558 3033; x_wconf 67' lang='lat'><strong>40</strong></span> <span class='ocrx_word' id='word_1_325' title='bbox 584 2988 632 3032; x_wconf 86' lang='lat' dir='ltr'><strong>et</strong></span> <span class='ocrx_word' id='word_1_326' title='bbox 658 2976 845 3050; x_wconf 63' lang='grc' dir='ltr'><strong>καφ).</strong></span> <span class='ocrx_word' id='word_1_327' title='bbox 887 2977 989 3035; x_wconf 89' lang='lat' dir='ltr'><strong>Sed</strong></span> <span class='ocrx_word' id='word_1_328' title='bbox 1024 2979 1160 3034; x_wconf 89' lang='lat' dir='ltr'><strong>alias</strong></span> <span class='ocrx_word' id='word_1_329' title='bbox 1190 2992 1290 3034; x_wconf 88' lang='lat' dir='ltr'><strong>nec</strong></span> <span class='ocrx_word' id='word_1_330' title='bbox 1317 2979 1556 3034; x_wconf 84' lang='lat' dir='ltr'><strong>minores</strong></span> <span class='ocrx_word' id='word_1_331' title='bbox 1585 2978 1800 3049; x_wconf 90' lang='lat' dir='ltr'><strong>quidem</strong></span> 
     </span>
    </p>
   </div>
   <div class='ocr_carea' id='block_1_43' title="bbox 204 3064 1799 3144">
    <p class='ocr_par' dir='ltr' id='par_1_43' title="bbox 204 3064 1799 3144">
     <span class='ocr_line' id='line_1_43' title="bbox 204 3064 1799 3144; baseline 0.002 -23"><span class='ocrx_word' id='word_1_332' title='bbox 204 3068 538 3126; x_wconf 83' lang='lat' dir='ltr'><strong>calamitates</strong></span> <span class='ocrx_word' id='word_1_333' title='bbox 569 3070 663 3125; x_wconf 90' lang='lat' dir='ltr'><strong>ille</strong></span> <span class='ocrx_word' id='word_1_334' title='bbox 686 3080 869 3140; x_wconf 85' lang='lat' dir='ltr'><strong>postea</strong></span> <span class='ocrx_word' id='word_1_335' title='bbox 899 3079 1145 3127; x_wconf 80' lang='lat' dir='ltr'><strong>recenset</strong></span> <span class='ocrx_word' id='word_1_336' title='bbox 1172 3069 1363 3144; x_wconf 83' lang='lat' dir='ltr'><strong>(Ibid.,</strong></span> <span class='ocrx_word' id='word_1_337' title='bbox 1389 3064 1509 3143; x_wconf 85' lang='lat' dir='ltr'><strong>pag.</strong></span> <span class='ocrx_word' id='word_1_338' title='bbox 1541 3071 1670 3133; x_wconf 72' lang='grc'><strong>271.</strong></span> <span class='ocrx_word' id='word_1_339' title='bbox 1702 3072 1799 3126; x_wconf 84' lang='lat' dir='ltr'><strong>lin.</strong></span> 
     </span>
    </p>
   </div>
   <div class='ocr_carea' id='block_1_44' title="bbox 198 3159 1867 3253">
    <p class='ocr_par' dir='ltr' id='par_1_44' title="bbox 198 3159 1867 3253">
     <span class='ocr_line' id='line_1_44' title="bbox 198 3159 1867 3253; baseline 0.001 -37"><span class='ocrx_word' id='word_1_340' title='bbox 198 3159 263 3216; x_wconf 75' lang='lat'><strong>27</strong></span> <span class='ocrx_word' id='word_1_341' title='bbox 302 3172 347 3217; x_wconf 75' lang='lat' dir='ltr'><strong>et</strong></span> <span class='ocrx_word' id='word_1_342' title='bbox 388 3162 583 3233; x_wconf 61' lang='grc' dir='ltr'><strong>τέρᾳ).</strong></span> <span class='ocrx_word' id='word_1_343' title='bbox 622 3161 987 3232; x_wconf 80' lang='lat' dir='ltr'><strong>Quamobrem</strong></span> <span class='ocrx_word' id='word_1_344' title='bbox 1030 3163 1287 3234; x_wconf 80' lang='lat' dir='ltr'><strong>Apuleius</strong></span> <span class='ocrx_word' id='word_1_345' title='bbox 1315 3180 1328 3218; x_wconf 92' lang='lat'><strong>:</strong></span> <span class='ocrx_word' id='word_1_346' title='bbox 1357 3183 1375 3216; x_wconf 79' lang='grc' dir='ltr'><strong>ι</strong></span> <span class='ocrx_word' id='word_1_347' title='bbox 1408 3164 1737 3230; x_wconf 86' lang='lat' dir='ltr'><strong>lmmodicis,</strong></span> <span class='ocrx_word' id='word_1_348' title='bbox 1769 3180 1789 3217; x_wconf 76' lang='grc' dir='ltr'><strong>ι</strong></span> <span class='ocrx_word' id='word_1_349' title='bbox 1822 3190 1867 3253; x_wconf 77' lang='lat' dir='ltr'>C</span> 
     </span>
    </p>
   </div>
   <div class='ocr_carea' id='block_1_45' title="bbox 196 3254 1795 3322">
    <p class='ocr_par' dir='ltr' id='par_1_45' title="bbox 196 3254 1795 3322">
     <span class='ocr_line' id='line_1_45' title="bbox 196 3254 1795 3322; baseline 0.001 -14"><span class='ocrx_word' id='word_1_350' title='bbox 196 3254 283 3322; x_wconf 89' lang='lat' dir='ltr'><strong>ait,</strong></span> <span class='ocrx_word' id='word_1_351' title='bbox 316 3274 335 3306; x_wconf 81' lang='grc' dir='ltr'><strong>ι</strong></span> <span class='ocrx_word' id='word_1_352' title='bbox 373 3256 706 3312; x_wconf 88' lang='lat' dir='ltr'><strong>tremoribus</strong></span> <span class='ocrx_word' id='word_1_353' title='bbox 736 3264 1001 3311; x_wconf 84' lang='lat' dir='ltr'><strong>terrarum</strong></span> <span class='ocrx_word' id='word_1_354' title='bbox 1026 3256 1333 3313; x_wconf 86' lang='lat' dir='ltr'><strong>dissiluisse</strong></span> <span class='ocrx_word' id='word_1_355' title='bbox 1355 3256 1601 3322; x_wconf 91' lang='lat' dir='ltr'><strong>humum,</strong></span> <span class='ocrx_word' id='word_1_356' title='bbox 1626 3266 1682 3312; x_wconf 91' lang='lat' dir='ltr'><strong>et</strong></span> <span class='ocrx_word' id='word_1_357' title='bbox 1711 3256 1795 3311; x_wconf 86' lang='lat' dir='ltr'><strong>in-</strong></span> 
     </span>
    </p>
   </div>
   <div class='ocr_carea' id='block_1_46' title="bbox 197 3348 1791 3421">
    <p class='ocr_par' dir='ltr' id='par_1_46' title="bbox 197 3348 1791 3421">
     <span class='ocr_line' id='line_1_46' title="bbox 197 3348 1791 3421; baseline 0.001 -18"><span class='ocrx_word' id='word_1_358' title='bbox 197 3357 470 3420; x_wconf 85' lang='lat' dir='ltr'><strong>terceptas</strong></span> <span class='ocrx_word' id='word_1_359' title='bbox 518 3348 684 3407; x_wconf 84' lang='lat' dir='ltr'><strong>urbes</strong></span> <span class='ocrx_word' id='word_1_360' title='bbox 725 3363 849 3405; x_wconf 91' lang='lat' dir='ltr'><strong>cum</strong></span> <span class='ocrx_word' id='word_1_361' title='bbox 898 3351 1106 3421; x_wconf 88' lang='lat' dir='ltr'><strong>populis</strong></span> <span class='ocrx_word' id='word_1_362' title='bbox 1153 3365 1300 3421; x_wconf 76' lang='lat' dir='ltr'><strong>saepe</strong></span> <span class='ocrx_word' id='word_1_363' title='bbox 1342 3352 1717 3421; x_wconf 85' lang='lat' dir='ltr'><strong>cognovimus.</strong></span> <span class='ocrx_word' id='word_1_364' title='bbox 1771 3370 1791 3404; x_wconf 76' lang='grc' dir='ltr'><strong>ι</strong></span> 
     </span>
    </p>
   </div>
   <div class='ocr_carea' id='block_1_47' title="bbox 198 3440 1797 3515">
    <p class='ocr_par' dir='ltr' id='par_1_47' title="bbox 198 3440 1797 3515">
     <span class='ocr_line' id='line_1_47' title="bbox 198 3440 1797 3515; baseline 0.002 -19"><span class='ocrx_word' id='word_1_365' title='bbox 198 3440 565 3499; x_wconf 82' lang='lat' dir='ltr'><strong>Tertullianus</strong></span> <span class='ocrx_word' id='word_1_366' title='bbox 586 3452 792 3509; x_wconf 88' lang='lat' dir='ltr'><strong>autem,</strong></span> <span class='ocrx_word' id='word_1_367' title='bbox 812 3442 1002 3500; x_wconf 88' lang='lat' dir='ltr'><strong>eodem</strong></span> <span class='ocrx_word' id='word_1_368' title='bbox 1026 3444 1184 3515; x_wconf 85' lang='lat' dir='ltr'><strong>plane</strong></span> <span class='ocrx_word' id='word_1_369' title='bbox 1202 3454 1525 3515; x_wconf 84' lang='lat' dir='ltr'><strong>argumento</strong></span> <span class='ocrx_word' id='word_1_370' title='bbox 1550 3443 1797 3500; x_wconf 89' lang='lat' dir='ltr'><strong>ethnicos</strong></span> 
     </span>
    </p>
   </div>
   <div class='ocr_carea' id='block_1_48' title="bbox 196 3535 1799 3609">
    <p class='ocr_par' dir='ltr' id='par_1_48' title="bbox 196 3535 1799 3609">
     <span class='ocr_line' id='line_1_48' title="bbox 196 3535 1799 3609; baseline 0.001 -18"><span class='ocrx_word' id='word_1_371' title='bbox 196 3535 521 3604; x_wconf 81' lang='lat' dir='ltr'><strong>refellendo,</strong></span> <span class='ocrx_word' id='word_1_372' title='bbox 552 3536 637 3592; x_wconf 88' lang='lat' dir='ltr'><strong>bis</strong></span> <span class='ocrx_word' id='word_1_373' title='bbox 666 3536 902 3609; x_wconf 90' lang='lat' dir='ltr'><strong>objectat</strong></span> <span class='ocrx_word' id='word_1_374' title='bbox 926 3536 1262 3592; x_wconf 85' lang='lat' dir='ltr'><strong>Corinthium</strong></span> <span class='ocrx_word' id='word_1_375' title='bbox 1288 3552 1438 3593; x_wconf 89' lang='lat' dir='ltr'><strong>mare</strong></span> <span class='ocrx_word' id='word_1_376' title='bbox 1460 3546 1608 3593; x_wconf 88' lang='lat' dir='ltr'><strong>motu</strong></span> <span class='ocrx_word' id='word_1_377' title='bbox 1641 3546 1799 3594; x_wconf 68' lang='lat' dir='ltr'><strong>terra:</strong></span> 
     </span>
    </p>
   </div>
   <div class='ocr_carea' id='block_1_49' title="bbox 197 3629 1798 3705">
    <p class='ocr_par' dir='ltr' id='par_1_49' title="bbox 197 3629 1798 3705">
     <span class='ocr_line' id='line_1_49' title="bbox 197 3629 1798 3705; baseline 0.001 -21"><span class='ocrx_word' id='word_1_378' title='bbox 197 3629 514 3687; x_wconf 82' lang='lat' dir='ltr'><strong>exhaustum</strong></span> <span class='ocrx_word' id='word_1_379' title='bbox 543 3630 756 3705; x_wconf 75' lang='lat' dir='ltr'><strong>(Apul.,</strong></span> <span class='ocrx_word' id='word_1_380' title='bbox 808 3630 898 3685; x_wconf 86' lang='lat' dir='ltr'><strong>lib.</strong></span> <span class='ocrx_word' id='word_1_381' title='bbox 922 3632 986 3685; x_wconf 88' lang='lat' dir='ltr'><strong>de</strong></span> <span class='ocrx_word' id='word_1_382' title='bbox 1007 3629 1228 3698; x_wconf 76' lang='lat' dir='ltr'><strong>Mundo,</strong></span> <span class='ocrx_word' id='word_1_383' title='bbox 1254 3647 1377 3703; x_wconf 90' lang='lat' dir='ltr'><strong>pag.</strong></span> <span class='ocrx_word' id='word_1_384' title='bbox 1410 3632 1547 3698; x_wconf 65' lang='lat'><strong>408;</strong></span> <span class='ocrx_word' id='word_1_385' title='bbox 1592 3630 1798 3687; x_wconf 86' lang='lat' dir='ltr'><strong>Tertul-</strong></span> 
     </span>
    </p>
   </div>
   <div class='ocr_carea' id='block_1_50' title="bbox 193 3723 915 3796">
    <p class='ocr_par' dir='ltr' id='par_1_50' title="bbox 193 3723 915 3796">
     <span class='ocr_line' id='line_1_50' title="bbox 193 3723 915 3796; baseline 0.003 -18"><span class='ocrx_word' id='word_1_386' title='bbox 193 3723 339 3791; x_wconf 77' lang='lat' dir='ltr'><strong>lian.,</strong></span> <span class='ocrx_word' id='word_1_387' title='bbox 374 3726 625 3795; x_wconf 75' lang='lat' dir='ltr'><strong>Apolog.,</strong></span> <span class='ocrx_word' id='word_1_388' title='bbox 651 3741 770 3796; x_wconf 90' lang='lat' dir='ltr'><strong>cap.</strong></span> <span class='ocrx_word' id='word_1_389' title='bbox 798 3723 915 3796; x_wconf 66' lang='grc'><strong>40).</strong></span> 
     </span>
    </p>
   </div>
   <div class='ocr_carea' id='block_1_51' title="bbox 258 3816 1797 3887">
    <p class='ocr_par' dir='ltr' id='par_1_51' title="bbox 258 3816 1797 3887">
     <span class='ocr_line' id='line_1_51' title="bbox 258 3816 1797 3887; baseline 0.002 -16"><span class='ocrx_word' id='word_1_390' title='bbox 258 3816 497 3872; x_wconf 78' lang='lat' dir='ltr'><strong>Tantum</strong></span> <span class='ocrx_word' id='word_1_391' title='bbox 526 3831 693 3887; x_wconf 89' lang='lat' dir='ltr'><strong>porro</strong></span> <span class='ocrx_word' id='word_1_392' title='bbox 714 3816 890 3883; x_wconf 87' lang='lat' dir='ltr'><strong>abest,</strong></span> <span class='ocrx_word' id='word_1_393' title='bbox 920 3826 977 3872; x_wconf 90' lang='lat' dir='ltr'><strong>ut</strong></span> <span class='ocrx_word' id='word_1_394' title='bbox 999 3817 1085 3873; x_wconf 89' lang='lat' dir='ltr'><strong>his</strong></span> <span class='ocrx_word' id='word_1_395' title='bbox 1110 3827 1167 3873; x_wconf 86' lang='lat' dir='ltr'><strong>et</strong></span> <span class='ocrx_word' id='word_1_396' title='bbox 1215 3818 1486 3874; x_wconf 76' lang='lat' dir='ltr'><strong>similibus</strong></span> <span class='ocrx_word' id='word_1_397' title='bbox 1515 3817 1797 3874; x_wconf 87' lang='lat' dir='ltr'><strong>inordina-</strong></span> 
     </span>
    </p>
   </div>
   <div class='ocr_carea' id='block_1_52' title="bbox 192 3910 1799 3981">
    <p class='ocr_par' dir='ltr' id='par_1_52' title="bbox 192 3910 1799 3981">
     <span class='ocr_line' id='line_1_52' title="bbox 192 3910 1799 3981; baseline 0.002 -17"><span class='ocrx_word' id='word_1_398' title='bbox 192 3911 257 3964; x_wconf 85' lang='lat' dir='ltr'><strong>tis</strong></span> <span class='ocrx_word' id='word_1_399' title='bbox 302 3911 527 3966; x_wconf 60' lang='lat' dir='ltr'><strong>casibus</strong></span> <span class='ocrx_word' id='word_1_400' title='bbox 586 3919 778 3966; x_wconf 87' lang='lat' dir='ltr'><strong>contra</strong></span> <span class='ocrx_word' id='word_1_401' title='bbox 838 3910 1121 3981; x_wconf 89' lang='lat' dir='ltr'><strong>religionis</strong></span> <span class='ocrx_word' id='word_1_402' title='bbox 1163 3910 1478 3967; x_wconf 74' lang='lat' dir='ltr'><strong>christiana:</strong></span> <span class='ocrx_word' id='word_1_403' title='bbox 1518 3913 1799 3968; x_wconf 79' lang='lat' dir='ltr'><strong>veritatem</strong></span> 
     </span>
    </p>
   </div>
   <div class='ocr_carea' id='block_1_53' title="bbox 194 4002 1801 4076">
    <p class='ocr_par' dir='ltr' id='par_1_53' title="bbox 194 4002 1801 4076">
     <span class='ocr_line' id='line_1_53' title="bbox 194 4002 1801 4076; baseline 0.002 -19"><span class='ocrx_word' id='word_1_404' title='bbox 194 4002 395 4074; x_wconf 88' lang='lat' dir='ltr'><strong>aliquid</strong></span> <span class='ocrx_word' id='word_1_405' title='bbox 454 4002 654 4059; x_wconf 80' lang='lat' dir='ltr'><strong>conﬁci</strong></span> <span class='ocrx_word' id='word_1_406' title='bbox 702 4002 908 4073; x_wconf 84' lang='lat' dir='ltr'><strong>possit;</strong></span> <span class='ocrx_word' id='word_1_407' title='bbox 959 4004 1092 4074; x_wconf 88' lang='lat' dir='ltr'><strong>quin</strong></span> <span class='ocrx_word' id='word_1_408' title='bbox 1121 4005 1303 4074; x_wconf 89' lang='lat' dir='ltr'><strong>potius</strong></span> <span class='ocrx_word' id='word_1_409' title='bbox 1338 4004 1632 4061; x_wconf 88' lang='lat' dir='ltr'><strong>Cleanthes</strong></span> <span class='ocrx_word' id='word_1_410' title='bbox 1656 4006 1801 4076; x_wconf 85' lang='lat' dir='ltr'><strong>apud</strong></span> 
     </span>
    </p>
   </div>
   <div class='ocr_carea' id='block_1_54' title="bbox 188 4094 1797 4153">
    <p class='ocr_par' dir='ltr' id='par_1_54' title="bbox 188 4094 1797 4153">
     <span class='ocr_line' id='line_1_54' title="bbox 188 4094 1797 4153; baseline 0.001 -2"><span class='ocrx_word' id='word_1_411' title='bbox 188 4094 516 4153; x_wconf 86' lang='lat' dir='ltr'><strong>Ciceronem</strong></span> <span class='ocrx_word' id='word_1_412' title='bbox 545 4113 613 4152; x_wconf 87' lang='lat' dir='ltr'><strong>ex</strong></span> <span class='ocrx_word' id='word_1_413' title='bbox 644 4095 755 4152; x_wconf 91' lang='lat' dir='ltr'><strong>illis</strong></span> <span class='ocrx_word' id='word_1_414' title='bbox 779 4095 1061 4153; x_wconf 80' lang='lat' dir='ltr'><strong>concludit</strong></span> <span class='ocrx_word' id='word_1_415' title='bbox 1088 4096 1144 4152; x_wconf 92' lang='lat' dir='ltr'><strong>in</strong></span> <span class='ocrx_word' id='word_1_416' title='bbox 1168 4097 1360 4153; x_wconf 86' lang='lat' dir='ltr'><strong>animis</strong></span> <span class='ocrx_word' id='word_1_417' title='bbox 1402 4096 1680 4153; x_wconf 91' lang='lat' dir='ltr'><strong>hominum</strong></span> <span class='ocrx_word' id='word_1_418' title='bbox 1711 4097 1797 4152; x_wconf 89' lang='lat' dir='ltr'><strong>in-</strong></span> 
     </span>
    </p>
   </div>
   <div class='ocr_carea' id='block_1_55' title="bbox 192 4188 1801 4260">
    <p class='ocr_par' dir='ltr' id='par_1_55' title="bbox 192 4188 1801 4260">
     <span class='ocr_line' id='line_1_55' title="bbox 192 4188 1801 4260; baseline 0.004 -18"><span class='ocrx_word' id='word_1_419' title='bbox 192 4188 456 4245; x_wconf 84' lang='lat' dir='ltr'><strong>formatas</strong></span> <span class='ocrx_word' id='word_1_420' title='bbox 478 4204 603 4245; x_wconf 88' lang='lat' dir='ltr'><strong>esse</strong></span> <span class='ocrx_word' id='word_1_421' title='bbox 628 4201 881 4255; x_wconf 77' lang='lat' dir='ltr'><strong>deorum,</strong></span> <span class='ocrx_word' id='word_1_422' title='bbox 910 4198 967 4245; x_wconf 91' lang='lat' dir='ltr'><strong>et</strong></span> <span class='ocrx_word' id='word_1_423' title='bbox 1009 4190 1091 4244; x_wconf 91' lang='lat' dir='ltr'><strong>vis</strong></span> <span class='ocrx_word' id='word_1_424' title='bbox 1132 4189 1414 4260; x_wconf 87' lang='lat' dir='ltr'><strong>cujusdam</strong></span> <span class='ocrx_word' id='word_1_425' title='bbox 1469 4192 1710 4247; x_wconf 83' lang='lat' dir='ltr'><strong>coelestis</strong></span> <span class='ocrx_word' id='word_1_426' title='bbox 1735 4206 1801 4248; x_wconf 86' lang='lat' dir='ltr'><strong>ac</strong></span> 
     </span>
    </p>
   </div>
   <div class='ocr_carea' id='block_1_56' title="bbox 188 4280 1797 4357">
    <p class='ocr_par' dir='ltr' id='par_1_56' title="bbox 188 4280 1797 4357">
     <span class='ocr_line' id='line_1_56' title="bbox 188 4280 1797 4357; baseline 0.001 -19"><span class='ocrx_word' id='word_1_427' title='bbox 188 4282 385 4340; x_wconf 73' lang='lat' dir='ltr'><strong>divinae</strong></span> <span class='ocrx_word' id='word_1_428' title='bbox 432 4289 686 4340; x_wconf 86' lang='lat' dir='ltr'><strong>notiones</strong></span> <span class='ocrx_word' id='word_1_429' title='bbox 732 4280 947 4356; x_wconf 87' lang='lat' dir='ltr'><strong>(Cicer.,</strong></span> <span class='ocrx_word' id='word_1_430' title='bbox 981 4283 1072 4338; x_wconf 86' lang='lat' dir='ltr'><strong>lib.</strong></span> <span class='ocrx_word' id='word_1_431' title='bbox 1116 4298 1153 4338; x_wconf 89' lang='grc' dir='ltr'><strong>ιι</strong></span> <span class='ocrx_word' id='word_1_432' title='bbox 1194 4283 1258 4337; x_wconf 86' lang='lat' dir='ltr'><strong>de</strong></span> <span class='ocrx_word' id='word_1_433' title='bbox 1294 4282 1422 4337; x_wconf 85' lang='lat' dir='ltr'><strong>Nat.</strong></span> <span class='ocrx_word' id='word_1_434' title='bbox 1478 4285 1643 4351; x_wconf 57' lang='grc' dir='ltr'><strong>ἄρον-η</strong></span> <span class='ocrx_word' id='word_1_435' title='bbox 1677 4302 1797 4357; x_wconf 85' lang='lat' dir='ltr'><strong>pag.</strong></span> 
     </span>
    </p>
   </div>
   <div class='ocr_carea' id='block_1_57' title="bbox 187 4374 1795 4448">
    <p class='ocr_par' dir='ltr' id='par_1_57' title="bbox 187 4374 1795 4448">
     <span class='ocr_line' id='line_1_57' title="bbox 187 4374 1795 4448; baseline 0.002 -19"><span class='ocrx_word' id='word_1_436' title='bbox 187 4375 333 4448; x_wconf 72' lang='lat'><strong>215).</strong></span> <span class='ocrx_word' id='word_1_437' title='bbox 371 4376 567 4433; x_wconf 73' lang='lat' dir='ltr'><strong>Melius</strong></span> <span class='ocrx_word' id='word_1_438' title='bbox 598 4374 960 4448; x_wconf 86' lang='lat' dir='ltr'><strong>proculdubio</strong></span> <span class='ocrx_word' id='word_1_439' title='bbox 988 4377 1148 4432; x_wconf 89' lang='lat' dir='ltr'><strong>unius</strong></span> <span class='ocrx_word' id='word_1_440' title='bbox 1184 4376 1479 4447; x_wconf 68' lang='lat' dir='ltr'><strong>aequissimi</strong></span> <span class='ocrx_word' id='word_1_441' title='bbox 1528 4387 1584 4433; x_wconf 90' lang='lat' dir='ltr'><strong>et</strong></span> <span class='ocrx_word' id='word_1_442' title='bbox 1614 4378 1795 4433; x_wconf 90' lang='lat' dir='ltr'><strong>omni-</strong></span> 
     </span>
    </p>
   </div>
   <div class='ocr_carea' id='block_1_58' title="bbox 186 4466 1794 4539">
    <p class='ocr_par' dir='ltr' id='par_1_58' title="bbox 186 4466 1794 4539">
     <span class='ocr_line' id='line_1_58' title="bbox 186 4466 1794 4539; baseline 0.001 -15"><span class='ocrx_word' id='word_1_443' title='bbox 186 4470 431 4539; x_wconf 82' lang='lat' dir='ltr'><strong>potentis</strong></span> <span class='ocrx_word' id='word_1_444' title='bbox 462 4469 559 4526; x_wconf 86' lang='lat' dir='ltr'><strong>Dei</strong></span> <span class='ocrx_word' id='word_1_445' title='bbox 584 4468 838 4524; x_wconf 90' lang='lat' dir='ltr'><strong>notiones</strong></span> <span class='ocrx_word' id='word_1_446' title='bbox 865 4466 1115 4525; x_wconf 78' lang='lat' dir='ltr'><strong>dixisset.</strong></span> <span class='ocrx_word' id='word_1_447' title='bbox 1148 4469 1256 4525; x_wconf 87' lang='lat' dir='ltr'><strong>Sed</strong></span> <span class='ocrx_word' id='word_1_448' title='bbox 1278 4470 1493 4525; x_wconf 85' lang='lat' dir='ltr'><strong>inhunc</strong></span> <span class='ocrx_word' id='word_1_449' title='bbox 1517 4470 1794 4527; x_wconf 89' lang='lat' dir='ltr'><strong>Ciceronis</strong></span> 
     </span>
    </p>
   </div>
   <div class='ocr_carea' id='block_1_59' title="bbox 186 4562 1797 4639">
    <p class='ocr_par' dir='ltr' id='par_1_59' title="bbox 186 4562 1797 4639">
     <span class='ocr_line' id='line_1_59' title="bbox 186 4562 1797 4639; baseline 0.006 -23"><span class='ocrx_word' id='word_1_450' title='bbox 186 4562 362 4620; x_wconf 87' lang='lat' dir='ltr'><strong>locum</strong></span> <span class='ocrx_word' id='word_1_451' title='bbox 409 4565 640 4622; x_wconf 88' lang='lat' dir='ltr'><strong>consule</strong></span> <span class='ocrx_word' id='word_1_452' title='bbox 691 4566 1064 4639; x_wconf 88' lang='lat' dir='ltr'><strong>Lescalopieri</strong></span> <span class='ocrx_word' id='word_1_453' title='bbox 1123 4568 1565 4633; x_wconf 83' lang='lat' dir='ltr'><strong>observationes,</strong></span> <span class='ocrx_word' id='word_1_454' title='bbox 1615 4583 1681 4624; x_wconf 86' lang='lat' dir='ltr'><strong>ac</strong></span> <span class='ocrx_word' id='word_1_455' title='bbox 1727 4568 1797 4625; x_wconf 90' lang='lat' dir='ltr'><strong>de</strong></span> 
     </span>
    </p>
   </div>
   <div class='ocr_carea' id='block_1_60' title="bbox 186 4658 1800 4733">
    <p class='ocr_par' dir='ltr' id='par_1_60' title="bbox 186 4658 1800 4733">
     <span class='ocr_line' id='line_1_60' title="bbox 186 4658 1800 4733; baseline 0.005 -22"><span class='ocrx_word' id='word_1_456' title='bbox 186 4663 347 4713; x_wconf 70' lang='lat' dir='ltr'><strong>terra:</strong></span> <span class='ocrx_word' id='word_1_457' title='bbox 397 4658 643 4714; x_wconf 81' lang='lat' dir='ltr'><strong>motibus</strong></span> <span class='ocrx_word' id='word_1_458' title='bbox 693 4668 749 4714; x_wconf 90' lang='lat' dir='ltr'><strong>et</strong></span> <span class='ocrx_word' id='word_1_459' title='bbox 798 4658 1055 4728; x_wconf 88' lang='lat' dir='ltr'><strong>hiatibus,</strong></span> <span class='ocrx_word' id='word_1_460' title='bbox 1102 4664 1400 4733; x_wconf 84' lang='lat' dir='ltr'><strong>eorumque</strong></span> <span class='ocrx_word' id='word_1_461' title='bbox 1436 4661 1720 4719; x_wconf 68' lang='lat' dir='ltr'><strong>effectibus</strong></span> <span class='ocrx_word' id='word_1_462' title='bbox 1745 4672 1800 4719; x_wconf 90' lang='lat' dir='ltr'><strong>et</strong></span> 
     </span>
    </p>
   </div>
   <div class='ocr_carea' id='block_1_61' title="bbox 186 4750 1799 4830">
    <p class='ocr_par' dir='ltr' id='par_1_61' title="bbox 186 4750 1799 4830">
     <span class='ocr_line' id='line_1_61' title="bbox 186 4750 1799 4830; baseline 0.004 -25"><span class='ocrx_word' id='word_1_463' title='bbox 186 4754 367 4806; x_wconf 81' lang='lat' dir='ltr'><strong>causis</strong></span> <span class='ocrx_word' id='word_1_464' title='bbox 399 4750 630 4810; x_wconf 64' lang='lat' dir='ltr'><strong>Seneca</strong></span> <span class='ocrx_word' id='word_1_465' title='bbox 677 4752 872 4820; x_wconf 87' lang='lat' dir='ltr'><strong>libros,</strong></span> <span class='ocrx_word' id='word_1_466' title='bbox 914 4762 1077 4826; x_wconf 90' lang='lat' dir='ltr'><strong>atque</strong></span> <span class='ocrx_word' id='word_1_467' title='bbox 1132 4756 1295 4811; x_wconf 83' lang='lat' dir='ltr'><strong>etiam</strong></span> <span class='ocrx_word' id='word_1_468' title='bbox 1345 4754 1669 4813; x_wconf 88' lang='lat' dir='ltr'><strong>Strabonem</strong></span> <span class='ocrx_word' id='word_1_469' title='bbox 1704 4757 1799 4830; x_wconf 91' lang='lat' dir='ltr'><strong>qui</strong></span> 
     </span>
    </p>
   </div>
   <div class='ocr_carea' id='block_1_62' title="bbox 177 4841 1800 4921">
    <p class='ocr_par' dir='ltr' id='par_1_62' title="bbox 177 4841 1800 4921">
     <span class='ocr_line' id='line_1_62' title="bbox 177 4841 1800 4921; baseline 0.006 -23"><span class='ocrx_word' id='word_1_470' title='bbox 177 4841 418 4913; x_wconf 80' lang='lat' dir='ltr'><strong>plurima</strong></span> <span class='ocrx_word' id='word_1_471' title='bbox 470 4857 685 4911; x_wconf 84' lang='lat' dir='ltr'><strong>eorum,</strong></span> <span class='ocrx_word' id='word_1_472' title='bbox 732 4861 856 4916; x_wconf 68' lang='lat' dir='ltr'><strong>quae</strong></span> <span class='ocrx_word' id='word_1_473' title='bbox 896 4846 1043 4902; x_wconf 86' lang='lat' dir='ltr'><strong>dicta</strong></span> <span class='ocrx_word' id='word_1_474' title='bbox 1093 4856 1221 4902; x_wconf 91' lang='lat' dir='ltr'><strong>sunt</strong></span> <span class='ocrx_word' id='word_1_475' title='bbox 1271 4849 1521 4920; x_wconf 88' lang='lat' dir='ltr'><strong>exempla</strong></span> <span class='ocrx_word' id='word_1_476' title='bbox 1575 4851 1800 4921; x_wconf 88' lang='lat' dir='ltr'><strong>protulit</strong></span> 
     </span>
    </p>
   </div>
   <div class='ocr_carea' id='block_1_63' title="bbox 182 4930 1798 5014">
    <p class='ocr_par' dir='ltr' id='par_1_63' title="bbox 182 4930 1798 5014">
     <span class='ocr_line' id='line_1_63' title="bbox 182 4930 1798 5014; baseline 0.005 -23"><span class='ocrx_word' id='word_1_477' title='bbox 182 4934 437 5006; x_wconf 60' lang='lat' dir='ltr'><strong>(Sena,</strong></span> <span class='ocrx_word' id='word_1_478' title='bbox 469 4937 560 4998; x_wconf 86' lang='lat' dir='ltr'><strong>lib.</strong></span> <span class='ocrx_word' id='word_1_479' title='bbox 592 4953 650 4993; x_wconf 80' lang='lat' dir='ltr'><strong>vt</strong></span> <span class='ocrx_word' id='word_1_480' title='bbox 690 4937 883 4993; x_wconf 68' lang='lat' dir='ltr'><strong>Natat.</strong></span> <span class='ocrx_word' id='word_1_481' title='bbox 924 4950 1134 5009; x_wconf 52' lang='lat' dir='ltr'><strong>quase.</strong></span> <span class='ocrx_word' id='word_1_482' title='bbox 1174 4957 1296 5014; x_wconf 86' lang='lat' dir='ltr'><strong>pag.</strong></span> <span class='ocrx_word' id='word_1_483' title='bbox 1338 4942 1449 4999; x_wconf 70' lang='grc'><strong>454</strong></span> <span class='ocrx_word' id='word_1_484' title='bbox 1493 4930 1717 5014; x_wconf 55' lang='grc' dir='ltr'><strong>δίνᾳ,</strong></span> <span class='ocrx_word' id='word_1_485' title='bbox 1746 4952 1798 4999; x_wconf 80' lang='lat' dir='ltr'><strong>et</strong></span> 
     </span>
    </p>
   </div>
   <div class='ocr_carea' id='block_1_64' title="bbox 176 5028 1797 5105">
    <p class='ocr_par' dir='ltr' id='par_1_64' title="bbox 176 5028 1797 5105">
     <span class='ocr_line' id='line_1_64' title="bbox 176 5028 1797 5105; baseline 0.005 -22"><span class='ocrx_word' id='word_1_486' title='bbox 176 5044 292 5101; x_wconf 86' lang='lat' dir='ltr'><strong>cap.</strong></span> <span class='ocrx_word' id='word_1_487' title='bbox 334 5028 409 5086; x_wconf 75' lang='grc'><strong>21</strong></span> <span class='ocrx_word' id='word_1_488' title='bbox 448 5040 497 5086; x_wconf 76' lang='lat' dir='ltr'><strong>et</strong></span> <span class='ocrx_word' id='word_1_489' title='bbox 530 5047 702 5103; x_wconf 46' lang='lat' dir='ltr'><strong>sqq,</strong></span> <span class='ocrx_word' id='word_1_490' title='bbox 748 5047 869 5103; x_wconf 86' lang='lat' dir='ltr'><strong>pag.</strong></span> <span class='ocrx_word' id='word_1_491' title='bbox 912 5032 1016 5088; x_wconf 72' lang='grc'><strong>451</strong></span> <span class='ocrx_word' id='word_1_492' title='bbox 1050 5042 1100 5088; x_wconf 84' lang='lat' dir='ltr'><strong>et</strong></span> <span class='ocrx_word' id='word_1_493' title='bbox 1135 5049 1336 5105; x_wconf 54' lang='grc' dir='ltr'><strong>’πατᾳά</strong></span> <span class='ocrx_word' id='word_1_494' title='bbox 1388 5031 1599 5102; x_wconf 81' lang='lat' dir='ltr'><strong>Strabo,</strong></span> <span class='ocrx_word' id='word_1_495' title='bbox 1640 5034 1735 5091; x_wconf 87' lang='lat' dir='ltr'><strong>lib.</strong></span> <span class='ocrx_word' id='word_1_496' title='bbox 1777 5051 1797 5091; x_wconf 85' lang='grc' dir='ltr'><strong>ι</strong></span> 
     </span>
    </p>
   </div>
   <div class='ocr_carea' id='block_1_65' title="bbox 184 5120 1213 5198">
    <p class='ocr_par' dir='ltr' id='par_1_65' title="bbox 184 5120 1213 5198">
     <span class='ocr_line' id='line_1_65' title="bbox 184 5120 1213 5198; baseline 0.005 -22"><span class='ocrx_word' id='word_1_497' title='bbox 184 5120 409 5196; x_wconf 81' lang='lat' dir='ltr'><strong>Geogr.,</strong></span> <span class='ocrx_word' id='word_1_498' title='bbox 440 5140 564 5198; x_wconf 83' lang='lat' dir='ltr'><strong>pag.</strong></span> <span class='ocrx_word' id='word_1_499' title='bbox 592 5125 685 5194; x_wconf 82' lang='lat'><strong>58,</strong></span> <span class='ocrx_word' id='word_1_500' title='bbox 706 5134 757 5182; x_wconf 81' lang='lat' dir='ltr'><strong>et</strong></span> <span class='ocrx_word' id='word_1_501' title='bbox 781 5142 947 5196; x_wconf 83' lang='lat' dir='ltr'><strong>seqq.,</strong></span> <span class='ocrx_word' id='word_1_502' title='bbox 970 5135 1020 5183; x_wconf 80' lang='lat' dir='ltr'><strong>et</strong></span> <span class='ocrx_word' id='word_1_503' title='bbox 1043 5126 1213 5197; x_wconf 84' lang='lat' dir='ltr'><strong>alibi).</strong></span> 
     </span>
    </p>
   </div>
   <div class='ocr_carea' id='block_1_66' title="bbox 698 5278 1200 5323">
    <p class='ocr_par' dir='ltr' id='par_1_66' title="bbox 698 5278 1200 5323">
     <span class='ocr_line' id='line_1_66' title="bbox 698 5278 1200 5323; baseline 0.002 -3"><span class='ocrx_word' id='word_1_504' title='bbox 698 5278 702 5282; x_wconf 21' lang='grc' dir='ltr'><strong>Α</strong></span> <span class='ocrx_word' id='word_1_505' title='bbox 787 5280 1082 5323; x_wconf 73' lang='grc' dir='ltr'>Αιιτιειιιιιδ</span> <span class='ocrx_word' id='word_1_506' title='bbox 1119 5282 1200 5323; x_wconf 88' lang='grc' dir='ltr'>ιιι.</span> 
     </span>
    </p>
   </div>
   <div class='ocr_carea' id='block_1_67' title="bbox 174 5401 1795 5479">
    <p class='ocr_par' dir='ltr' id='par_1_67' title="bbox 174 5401 1795 5479">
     <span class='ocr_line' id='line_1_67' title="bbox 174 5401 1795 5479; baseline 0.009 -28"><span class='ocrx_word' id='word_1_507' title='bbox 174 5401 512 5479; x_wconf 51' lang='lat' dir='ltr'><strong>Quibnsaliis</strong></span> <span class='ocrx_word' id='word_1_508' title='bbox 532 5402 783 5479; x_wconf 79' lang='lat' dir='ltr'><strong>exemplis</strong></span> <span class='ocrx_word' id='word_1_509' title='bbox 810 5406 1060 5479; x_wconf 60' lang='lat' dir='ltr'><strong>.Arnobius</strong></span> <span class='ocrx_word' id='word_1_510' title='bbox 1085 5410 1483 5479; x_wconf 45' lang='grc' dir='ltr'><strong>Δ(ιᾳιθιιιιιιηιιιιω</strong></span> <span class='ocrx_word' id='word_1_511' title='bbox 1515 5411 1795 5479; x_wconf 63' lang='lat' dir='ltr'><strong>christiana</strong></span> 
     </span>
    </p>
   </div>
   <div class='ocr_carea' id='block_1_68' title="bbox 230 5468 1793 5531">
    <p class='ocr_par' dir='ltr' id='par_1_68' title="bbox 230 5468 1793 5531">
     <span class='ocr_line' id='line_1_68' title="bbox 230 5468 1793 5531; baseline 0.005 -14"><span class='ocrx_word' id='word_1_512' title='bbox 230 5468 510 5531; x_wconf 73' lang='lat' dir='ltr'><strong>religionis</strong></span> <span class='ocrx_word' id='word_1_513' title='bbox 527 5476 756 5531; x_wconf 78' lang='lat' dir='ltr'><strong>exortum</strong></span> <span class='ocrx_word' id='word_1_514' title='bbox 783 5469 954 5531; x_wconf 85' lang='lat' dir='ltr'><strong>plures</strong></span> <span class='ocrx_word' id='word_1_515' title='bbox 998 5472 1236 5526; x_wconf 80' lang='lat' dir='ltr'><strong>accidisse</strong></span> <span class='ocrx_word' id='word_1_516' title='bbox 1276 5472 1498 5531; x_wconf 85' lang='lat' dir='ltr'><strong>publicas</strong></span> <span class='ocrx_word' id='word_1_517' title='bbox 1540 5474 1793 5526; x_wconf 82' lang='lat' dir='ltr'><strong>calamita-</strong></span> 
     </span>
    </p>
   </div>
   <div class='ocr_carea' id='block_1_69' title="bbox 234 5529 1794 5597">
    <p class='ocr_par' dir='ltr' id='par_1_69' title="bbox 234 5529 1794 5597">
     <span class='ocr_line' id='line_1_69' title="bbox 234 5529 1794 5597; baseline 0.006 -18"><span class='ocrx_word' id='word_1_518' title='bbox 234 5529 617 5597; x_wconf 55' lang='lat' dir='ltr'><strong>teg&#39;lnceodia,</strong></span> <span class='ocrx_word' id='word_1_519' title='bbox 639 5529 843 5597; x_wconf 82' lang='lat' dir='ltr'><strong>diluvia,</strong></span> <span class='ocrx_word' id='word_1_520' title='bbox 869 5534 964 5583; x_wconf 42' lang='lat' dir='ltr'><strong>ubi!</strong></span> <span class='ocrx_word' id='word_1_521' title='bbox 977 5536 1043 5586; x_wconf 89' lang='lat' dir='ltr'><strong>de</strong></span> <span class='ocrx_word' id='word_1_522' title='bbox 1060 5536 1217 5587; x_wconf 86' lang='lat' dir='ltr'><strong>insula</strong></span> <span class='ocrx_word' id='word_1_523' title='bbox 1241 5529 1503 5597; x_wconf 66' lang='lat' dir='ltr'><strong>Allantics,</strong></span> <span class='ocrx_word' id='word_1_524' title='bbox 1524 5546 1578 5588; x_wconf 91' lang='lat' dir='ltr'><strong>et</strong></span> <span class='ocrx_word' id='word_1_525' title='bbox 1599 5551 1794 5597; x_wconf 88' lang='lat' dir='ltr'><strong>compu-</strong></span> 
     </span>
    </p>
   </div>
   <div class='ocr_carea' id='block_1_70' title="bbox 235 5552 1791 5661">
    <p class='ocr_par' dir='ltr' id='par_1_70' title="bbox 235 5552 1791 5661">
     <span class='ocr_line' id='line_1_70' title="bbox 235 5552 1791 5597; baseline 0.007 -19"><span class='ocrx_word' id='word_1_526' title='bbox 235 5552 337 5585; x_wconf 67' lang='lat' dir='ltr'><strong>tes.</strong></span> <span class='ocrx_word' id='word_1_527' title='bbox 364 5552 617 5587; x_wconf 71' lang='grc' dir='ltr'>ιιπιιιιυιι,</span> <span class='ocrx_word' id='word_1_528' title='bbox 639 5552 843 5588; x_wconf 78' lang='lat' dir='ltr'><strong>uuuvta,</strong></span> <span class='ocrx_word' id='word_1_529' title='bbox 869 5552 1043 5586; x_wconf 59' lang='lat' dir='ltr'><strong>unaue</strong></span> <span class='ocrx_word' id='word_1_530' title='bbox 1060 5552 1217 5587; x_wconf 79' lang='lat' dir='ltr'><strong>Insula</strong></span> <span class='ocrx_word' id='word_1_531' title='bbox 1241 5552 1503 5597; x_wconf 72' lang='grc' dir='ltr'>Αιιιιιιιοι,</span> <span class='ocrx_word' id='word_1_532' title='bbox 1524 5552 1578 5588; x_wconf 83' lang='lat' dir='ltr'><strong>et</strong></span> <span class='ocrx_word' id='word_1_533' title='bbox 1599 5552 1705 5589; x_wconf 89' lang='lat' dir='ltr'><strong>com</strong></span> <span class='ocrx_word' id='word_1_534' title='bbox 1758 5552 1791 5589; x_wconf 87' lang='lat' dir='ltr'><strong>I-</strong></span> 
     </span>
     <span class='ocr_line' id='line_1_71' title="bbox 235 5552 1791 5661; baseline 0.006 -19"><span class='ocrx_word' id='word_1_535' title='bbox 235 5594 361 5661; x_wconf 71' lang='lat' dir='ltr'><strong>utis</strong></span> <span class='ocrx_word' id='word_1_536' title='bbox 384 5593 614 5661; x_wconf 48' lang='lat' dir='ltr'><strong>amandi</strong></span> <span class='ocrx_word' id='word_1_537' title='bbox 649 5596 856 5661; x_wconf 82' lang='lat' dir='ltr'><strong>exordio</strong></span> <span class='ocrx_word' id='word_1_538' title='bbox 887 5600 1058 5661; x_wconf 83' lang='lat' dir='ltr'><strong>annis:</strong></span> <span class='ocrx_word' id='word_1_539' title='bbox 1082 5600 1203 5651; x_wconf 87' lang='lat' dir='ltr'><strong>item</strong></span> <span class='ocrx_word' id='word_1_540' title='bbox 1226 5612 1339 5651; x_wconf 84' lang='lat' dir='ltr'><strong>cum</strong></span> <span class='ocrx_word' id='word_1_541' title='bbox 1386 5600 1566 5650; x_wconf 86' lang='lat' dir='ltr'><strong>belluis</strong></span> <span class='ocrx_word' id='word_1_542' title='bbox 1606 5552 1791 5661; x_wconf 48' lang='lat' dir='ltr'><strong>prelis,</strong></span> 
     </span>
    </p>
   </div>
   <div class='ocr_carea' id='block_1_71' title="bbox 233 5654 1793 5723">
    <p class='ocr_par' dir='ltr' id='par_1_71' title="bbox 233 5654 1793 5723">
     <span class='ocr_line' id='line_1_72' title="bbox 233 5654 1793 5723; baseline 0.007 -19"><span class='ocrx_word' id='word_1_543' title='bbox 233 5669 293 5723; x_wconf 56' lang='lat' dir='ltr'><strong>ac</strong></span> <span class='ocrx_word' id='word_1_544' title='bbox 318 5654 471 5705; x_wconf 72' lang='lat' dir='ltr'><strong>bella</strong></span> <span class='ocrx_word' id='word_1_545' title='bbox 490 5657 698 5723; x_wconf 68' lang='lat' dir='ltr'><strong>maxime</strong></span> <span class='ocrx_word' id='word_1_546' title='bbox 734 5659 1117 5723; x_wconf 75' lang='lat' dir='ltr'><strong>interAssyrios</strong></span> <span class='ocrx_word' id='word_1_547' title='bbox 1155 5668 1209 5712; x_wconf 90' lang='lat' dir='ltr'><strong>et</strong></span> <span class='ocrx_word' id='word_1_548' title='bbox 1248 5662 1549 5719; x_wconf 79' lang='lat' dir='ltr'><strong>Bactrianos,</strong></span> <span class='ocrx_word' id='word_1_549' title='bbox 1587 5654 1715 5713; x_wconf 73' lang='lat' dir='ltr'><strong>Nino</strong></span> <span class='ocrx_word' id='word_1_550' title='bbox 1739 5654 1793 5716; x_wconf 77' lang='lat' dir='ltr'><strong>et</strong></span> 
     </span>
    </p>
   </div>
   <div class='ocr_carea' id='block_1_72' title="bbox 233 5717 1794 5789">
    <p class='ocr_par' dir='ltr' id='par_1_72' title="bbox 233 5717 1794 5789">
     <span class='ocr_line' id='line_1_73' title="bbox 233 5717 1794 5789; baseline 0.005 -20"><span class='ocrx_word' id='word_1_551' title='bbox 233 5717 514 5789; x_wconf 46' lang='lat' dir='ltr'><strong>Zoroastre</strong></span> <span class='ocrx_word' id='word_1_552' title='bbox 551 5718 778 5780; x_wconf 82' lang='lat' dir='ltr'><strong>ducibus,</strong></span> <span class='ocrx_word' id='word_1_553' title='bbox 820 5717 1352 5789; x_wconf 77' lang='lat' dir='ltr'><strong>aliaque__Alexandri,</strong></span> <span class='ocrx_word' id='word_1_554' title='bbox 1378 5732 1526 5789; x_wconf 76' lang='lat' dir='ltr'><strong>atque</strong></span> <span class='ocrx_word' id='word_1_555' title='bbox 1540 5717 1794 5789; x_wconf 63' lang='lat' dir='ltr'><strong>Romano-</strong></span> 
     </span>
    </p>
   </div>
   <div class='ocr_carea' id='block_1_73' title="bbox 231 5779 1794 5855">
    <p class='ocr_par' dir='ltr' id='par_1_73' title="bbox 231 5779 1794 5855">
     <span class='ocr_line' id='line_1_74' title="bbox 231 5779 1794 5855; baseline 0.005 -22"><span class='ocrx_word' id='word_1_556' title='bbox 231 5794 366 5855; x_wconf 41' lang='lat' dir='ltr'><strong>rum.</strong></span> <span class='ocrx_word' id='word_1_557' title='bbox 391 5779 548 5855; x_wconf 79' lang='lat' dir='ltr'><strong>bella,</strong></span> <span class='ocrx_word' id='word_1_558' title='bbox 584 5793 649 5855; x_wconf 84' lang='lat' dir='ltr'><strong>ac</strong></span> <span class='ocrx_word' id='word_1_559' title='bbox 669 5779 781 5843; x_wconf 78' lang='lat' dir='ltr'><strong>post</strong></span> <span class='ocrx_word' id='word_1_560' title='bbox 801 5779 968 5835; x_wconf 79' lang='lat' dir='ltr'><strong>natum</strong></span> <span class='ocrx_word' id='word_1_561' title='bbox 1006 5784 1252 5838; x_wconf 86' lang='lat' dir='ltr'><strong>Christum</strong></span> <span class='ocrx_word' id='word_1_562' title='bbox 1296 5779 1385 5838; x_wconf 82' lang='lat' dir='ltr'><strong>res</strong></span> <span class='ocrx_word' id='word_1_563' title='bbox 1412 5779 1619 5840; x_wconf 68' lang='lat' dir='ltr'><strong>fluxisse</strong></span> <span class='ocrx_word' id='word_1_564' title='bbox 1644 5786 1794 5855; x_wconf 87' lang='lat' dir='ltr'><strong>longe</strong></span> 
     </span>
    </p>
   </div>
   <div class='ocr_carea' id='block_1_74' title="bbox 230 5854 706 5908">
    <p class='ocr_par' dir='ltr' id='par_1_74' title="bbox 230 5854 706 5908">
     <span class='ocr_line' id='line_1_75' title="bbox 230 5854 706 5908; baseline -0.002 0"><span class='ocrx_word' id='word_1_565' title='bbox 230 5854 706 5908; x_wconf 69' lang='grc' dir='ltr'><strong>ιιι-ειερτοερεηεο</strong></span> 
     </span>
    </p>
   </div>
   <div class='ocr_carea' id='block_1_75' title="bbox 162 5970 1793 6052">
    <p class='ocr_par' dir='ltr' id='par_1_75' title="bbox 162 5970 1793 6052">
     <span class='ocr_line' id='line_1_76' title="bbox 162 5970 1793 6052; baseline 0.008 -25"><span class='ocrx_word' id='word_1_566' title='bbox 162 6048 165 6051; x_wconf 14' lang='grc' dir='ltr'><strong>η</strong></span> <span class='ocrx_word' id='word_1_567' title='bbox 241 5972 389 6043; x_wconf 59' lang='lat' dir='ltr'><strong>Quae</strong></span> <span class='ocrx_word' id='word_1_568' title='bbox 413 5970 679 6032; x_wconf 65' lang='lat' dir='ltr'><strong>hactenus</strong></span> <span class='ocrx_word' id='word_1_569' title='bbox 703 5975 988 6036; x_wconf 82' lang='lat' dir='ltr'><strong>retulimus</strong></span> <span class='ocrx_word' id='word_1_570' title='bbox 1043 5978 1380 6052; x_wconf 84' lang='lat' dir='ltr'><strong>publicarum</strong></span> <span class='ocrx_word' id='word_1_571' title='bbox 1422 5981 1793 6042; x_wconf 79' lang='lat' dir='ltr'><strong>calamitatum</strong></span> 
     </span>
    </p>
   </div>
   <div class='ocr_carea' id='block_1_76' title="bbox 1903 1943 3510 2015">
    <p class='ocr_par' dir='ltr' id='par_1_76' title="bbox 1903 1943 3510 2015">
     <span class='ocr_line' id='line_1_77' title="bbox 1903 1943 3510 2015; baseline -0.001 -16"><span class='ocrx_word' id='word_1_572' title='bbox 1903 1944 2145 2015; x_wconf 89' lang='lat' dir='ltr'><strong>gentium</strong></span> <span class='ocrx_word' id='word_1_573' title='bbox 2176 1945 2455 2013; x_wconf 87' lang='lat' dir='ltr'><strong>c0piarum</strong></span> <span class='ocrx_word' id='word_1_574' title='bbox 2491 1944 2871 2015; x_wconf 91' lang='lat' dir='ltr'><strong>irruptionem,</strong></span> <span class='ocrx_word' id='word_1_575' title='bbox 2905 1958 3009 2013; x_wconf 88' lang='lat' dir='ltr'><strong>qua</strong></span> <span class='ocrx_word' id='word_1_576' title='bbox 3049 1943 3214 1999; x_wconf 71' lang='lat' dir='ltr'><strong>variae</strong></span> <span class='ocrx_word' id='word_1_577' title='bbox 3260 1943 3510 1998; x_wconf 87' lang='lat' dir='ltr'><strong>nationes</strong></span> 
     </span>
    </p>
   </div>
   <div class='ocr_carea' id='block_1_77' title="bbox 1904 2033 3503 2109">
    <p class='ocr_par' dir='ltr' id='par_1_77' title="bbox 1904 2033 3503 2109">
     <span class='ocr_line' id='line_1_78' title="bbox 1904 2033 3503 2109; baseline 0.004 -19"><span class='ocrx_word' id='word_1_578' title='bbox 1904 2035 1958 2090; x_wconf 93' lang='lat' dir='ltr'><strong>in</strong></span> <span class='ocrx_word' id='word_1_579' title='bbox 1990 2037 2310 2091; x_wconf 89' lang='lat' dir='ltr'><strong>servitutem</strong></span> <span class='ocrx_word' id='word_1_580' title='bbox 2340 2036 2575 2092; x_wconf 59' lang='lat' dir='ltr'><strong>redactas</strong></span> <span class='ocrx_word' id='word_1_581' title='bbox 2605 2047 2730 2091; x_wconf 90' lang='lat' dir='ltr'><strong>sunt</strong></span> <span class='ocrx_word' id='word_1_582' title='bbox 2763 2036 2965 2109; x_wconf 84' lang='lat' dir='ltr'><strong>(Plato,</strong></span> <span class='ocrx_word' id='word_1_583' title='bbox 3001 2046 3124 2091; x_wconf 88' lang='lat' dir='ltr'><strong>tom.</strong></span> <span class='ocrx_word' id='word_1_584' title='bbox 3169 2051 3249 2102; x_wconf 86' lang='grc' dir='ltr'>ιιι,</span> <span class='ocrx_word' id='word_1_585' title='bbox 3298 2033 3503 2096; x_wconf 74' lang='grc' dir='ltr'><strong>Τὺηαι..</strong></span> 
     </span>
    </p>
   </div>
   <div class='ocr_carea' id='block_1_78' title="bbox 1905 2128 3509 2203">
    <p class='ocr_par' dir='ltr' id='par_1_78' title="bbox 1905 2128 3509 2203">
     <span class='ocr_line' id='line_1_79' title="bbox 1905 2128 3509 2203; baseline 0.001 -20"><span class='ocrx_word' id='word_1_586' title='bbox 1905 2147 2027 2200; x_wconf 86' lang='lat' dir='ltr'><strong>pag.</strong></span> <span class='ocrx_word' id='word_1_587' title='bbox 2050 2129 2123 2184; x_wconf 68' lang='grc'>24</span> <span class='ocrx_word' id='word_1_588' title='bbox 2146 2140 2192 2184; x_wconf 87' lang='lat' dir='ltr'><strong>et</strong></span> <span class='ocrx_word' id='word_1_589' title='bbox 2221 2128 2343 2203; x_wconf 72' lang='lat'><strong>25).</strong></span> <span class='ocrx_word' id='word_1_590' title='bbox 2368 2129 2475 2185; x_wconf 91' lang='lat' dir='ltr'><strong>Sed</strong></span> <span class='ocrx_word' id='word_1_591' title='bbox 2503 2140 2687 2201; x_wconf 89' lang='lat' dir='ltr'><strong>postea</strong></span> <span class='ocrx_word' id='word_1_592' title='bbox 2710 2130 3059 2196; x_wconf 89' lang='lat' dir='ltr'><strong>diluviorum,</strong></span> <span class='ocrx_word' id='word_1_593' title='bbox 3099 2140 3369 2201; x_wconf 62' lang='lat' dir='ltr'><strong>terraique</strong></span> <span class='ocrx_word' id='word_1_594' title='bbox 3392 2144 3509 2184; x_wconf 82' lang='lat' dir='ltr'><strong>mo-</strong></span> 
     </span>
    </p>
   </div>
   <div class='ocr_carea' id='block_1_79' title="bbox 1904 2226 3511 2297">
    <p class='ocr_par' dir='ltr' id='par_1_79' title="bbox 1904 2226 3511 2297">
     <span class='ocr_line' id='line_1_80' title="bbox 1904 2226 3511 2297; baseline 0.001 -18"><span class='ocrx_word' id='word_1_595' title='bbox 1904 2234 2055 2279; x_wconf 89' lang='lat' dir='ltr'><strong>tuum</strong></span> <span class='ocrx_word' id='word_1_596' title='bbox 2098 2233 2235 2281; x_wconf 76' lang='lat' dir='ltr'><strong>aestu</strong></span> <span class='ocrx_word' id='word_1_597' title='bbox 2286 2240 2507 2281; x_wconf 90' lang='lat' dir='ltr'><strong>omnem</strong></span> <span class='ocrx_word' id='word_1_598' title='bbox 2560 2227 2874 2282; x_wconf 90' lang='lat' dir='ltr'><strong>bellicosam</strong></span> <span class='ocrx_word' id='word_1_599' title='bbox 2905 2226 3053 2281; x_wconf 89' lang='lat' dir='ltr'><strong>illam</strong></span> <span class='ocrx_word' id='word_1_600' title='bbox 3082 2236 3320 2297; x_wconf 87' lang='lat' dir='ltr'><strong>gentem,</strong></span> <span class='ocrx_word' id='word_1_601' title='bbox 3349 2234 3511 2296; x_wconf 88' lang='lat' dir='ltr'><strong>atque</strong></span> 
     </span>
    </p>
   </div>
   <div class='ocr_carea' id='block_1_80' title="bbox 1901 2318 3511 2390">
    <p class='ocr_par' dir='ltr' id='par_1_80' title="bbox 1901 2318 3511 2390">
     <span class='ocr_line' id='line_1_81' title="bbox 1901 2318 3511 2390; baseline 0 -16"><span class='ocrx_word' id='word_1_602' title='bbox 1901 2320 2072 2390; x_wconf 83' lang='lat' dir='ltr'><strong>ipsam</strong></span> <span class='ocrx_word' id='word_1_603' title='bbox 2110 2319 2341 2375; x_wconf 86' lang='lat' dir='ltr'><strong>insulam</strong></span> <span class='ocrx_word' id='word_1_604' title='bbox 2376 2335 2473 2389; x_wconf 84' lang='lat' dir='ltr'><strong>per</strong></span> <span class='ocrx_word' id='word_1_605' title='bbox 2501 2319 2659 2375; x_wconf 90' lang='lat' dir='ltr'><strong>unius</strong></span> <span class='ocrx_word' id='word_1_606' title='bbox 2699 2329 2906 2375; x_wconf 91' lang='lat' dir='ltr'><strong>tantum</strong></span> <span class='ocrx_word' id='word_1_607' title='bbox 2938 2320 3118 2376; x_wconf 92' lang='lat' dir='ltr'><strong>noctis</strong></span> <span class='ocrx_word' id='word_1_608' title='bbox 3146 2328 3202 2375; x_wconf 89' lang='lat' dir='ltr'><strong>et</strong></span> <span class='ocrx_word' id='word_1_609' title='bbox 3243 2318 3353 2375; x_wconf 90' lang='lat' dir='ltr'><strong>diei</strong></span> <span class='ocrx_word' id='word_1_610' title='bbox 3384 2334 3511 2389; x_wconf 87' lang='lat' dir='ltr'><strong>spa-</strong></span> 
     </span>
    </p>
   </div>
   <div class='ocr_carea' id='block_1_81' title="bbox 1902 2413 3510 2486">
    <p class='ocr_par' dir='ltr' id='par_1_81' title="bbox 1902 2413 3510 2486">
     <span class='ocr_line' id='line_1_82' title="bbox 1902 2413 3510 2486; baseline 0.002 -18"><span class='ocrx_word' id='word_1_611' title='bbox 1902 2413 2033 2468; x_wconf 93' lang='lat' dir='ltr'><strong>tium</strong></span> <span class='ocrx_word' id='word_1_612' title='bbox 2061 2414 2317 2471; x_wconf 84' lang='lat' dir='ltr'><strong>ﬂuctihus</strong></span> <span class='ocrx_word' id='word_1_613' title='bbox 2368 2416 2536 2469; x_wconf 89' lang='lat' dir='ltr'><strong>maris</strong></span> <span class='ocrx_word' id='word_1_614' title='bbox 2581 2415 2921 2484; x_wconf 88' lang='lat' dir='ltr'><strong>absorptam,</strong></span> <span class='ocrx_word' id='word_1_615' title='bbox 2971 2424 3027 2471; x_wconf 91' lang='lat' dir='ltr'><strong>et</strong></span> <span class='ocrx_word' id='word_1_616' title='bbox 3079 2413 3214 2469; x_wconf 90' lang='lat' dir='ltr'><strong>nihil</strong></span> <span class='ocrx_word' id='word_1_617' title='bbox 3259 2414 3416 2486; x_wconf 82' lang='lat' dir='ltr'><strong>plane</strong></span> <span class='ocrx_word' id='word_1_618' title='bbox 3444 2430 3510 2471; x_wconf 92' lang='lat' dir='ltr'><strong>ex</strong></span> 
     </span>
    </p>
   </div>
   <div class='ocr_carea' id='block_1_82' title="bbox 1905 2505 3511 2579">
    <p class='ocr_par' dir='ltr' id='par_1_82' title="bbox 1905 2505 3511 2579">
     <span class='ocr_line' id='line_1_83' title="bbox 1905 2505 3511 2579; baseline 0.001 -18"><span class='ocrx_word' id='word_1_619' title='bbox 1905 2505 2033 2569; x_wconf 86' lang='lat' dir='ltr'><strong>illis,</strong></span> <span class='ocrx_word' id='word_1_620' title='bbox 2062 2508 2165 2563; x_wconf 91' lang='lat' dir='ltr'><strong>nisi</strong></span> <span class='ocrx_word' id='word_1_621' title='bbox 2196 2508 2291 2562; x_wconf 89' lang='lat' dir='ltr'><strong>luti</strong></span> <span class='ocrx_word' id='word_1_622' title='bbox 2323 2506 2585 2577; x_wconf 90' lang='lat' dir='ltr'><strong>reliquias</strong></span> <span class='ocrx_word' id='word_1_623' title='bbox 2644 2508 3018 2579; x_wconf 87' lang='lat' dir='ltr'><strong>comparuisse</strong></span> <span class='ocrx_word' id='word_1_624' title='bbox 3064 2506 3321 2578; x_wconf 89' lang='lat' dir='ltr'><strong>amplius.</strong></span> <span class='ocrx_word' id='word_1_625' title='bbox 3366 2507 3511 2563; x_wconf 91' lang='lat' dir='ltr'><strong>Idem</strong></span> 
     </span>
    </p>
   </div>
   <div class='ocr_carea' id='block_1_83' title="bbox 1904 2601 3512 2670">
    <p class='ocr_par' dir='ltr' id='par_1_83' title="bbox 1904 2601 3512 2670">
     <span class='ocr_line' id='line_1_84' title="bbox 1904 2601 3512 2670; baseline 0.002 -16"><span class='ocrx_word' id='word_1_626' title='bbox 1904 2615 2068 2670; x_wconf 88' lang='lat' dir='ltr'><strong>porro</strong></span> <span class='ocrx_word' id='word_1_627' title='bbox 2098 2601 2344 2658; x_wconf 87' lang='lat' dir='ltr'><strong>Platonis</strong></span> <span class='ocrx_word' id='word_1_628' title='bbox 2372 2602 2523 2659; x_wconf 90' lang='lat' dir='ltr'><strong>locus</strong></span> <span class='ocrx_word' id='word_1_629' title='bbox 2551 2617 2661 2657; x_wconf 93' lang='lat' dir='ltr'><strong>non</strong></span> <span class='ocrx_word' id='word_1_630' title='bbox 2690 2604 2866 2658; x_wconf 92' lang='lat' dir='ltr'><strong>solum</strong></span> <span class='ocrx_word' id='word_1_631' title='bbox 2895 2618 2925 2658; x_wconf 87' lang='lat' dir='ltr'><strong>a</strong></span> <span class='ocrx_word' id='word_1_632' title='bbox 2957 2603 3136 2659; x_wconf 89' lang='lat' dir='ltr'><strong>Plinio</strong></span> <span class='ocrx_word' id='word_1_633' title='bbox 3166 2612 3223 2660; x_wconf 85' lang='lat' dir='ltr'><strong>et</strong></span> <span class='ocrx_word' id='word_1_634' title='bbox 3244 2603 3512 2659; x_wconf 87' lang='lat' dir='ltr'><strong>Strabone</strong></span> 
     </span>
    </p>
   </div>
   <div class='ocr_carea' id='block_1_84' title="bbox 1903 2695 3513 2769">
    <p class='ocr_par' dir='ltr' id='par_1_84' title="bbox 1903 2695 3513 2769">
     <span class='ocr_line' id='line_1_85' title="bbox 1903 2695 3513 2769; baseline 0.002 -20"><span class='ocrx_word' id='word_1_635' title='bbox 1903 2696 2123 2757; x_wconf 86' lang='lat' dir='ltr'><strong>citatur.</strong></span> <span class='ocrx_word' id='word_1_636' title='bbox 2155 2711 2344 2751; x_wconf 91' lang='lat' dir='ltr'><strong>verum</strong></span> <span class='ocrx_word' id='word_1_637' title='bbox 2384 2696 2547 2751; x_wconf 89' lang='lat' dir='ltr'><strong>etiam</strong></span> <span class='ocrx_word' id='word_1_638' title='bbox 2576 2711 2606 2750; x_wconf 93' lang='lat' dir='ltr'><strong>a</strong></span> <span class='ocrx_word' id='word_1_639' title='bbox 2634 2695 2996 2763; x_wconf 86' lang='lat' dir='ltr'><strong>Tertulliano,</strong></span> <span class='ocrx_word' id='word_1_640' title='bbox 3030 2698 3119 2769; x_wconf 81' lang='lat' dir='ltr'><strong>qui</strong></span> <span class='ocrx_word' id='word_1_641' title='bbox 3145 2696 3271 2753; x_wconf 90' lang='lat' dir='ltr'><strong>inde</strong></span> <span class='ocrx_word' id='word_1_642' title='bbox 3321 2696 3513 2753; x_wconf 88' lang='lat' dir='ltr'><strong>absur-</strong></span> 
     </span>
    </p>
   </div>
   <div class='ocr_carea' id='block_1_85' title="bbox 1903 2789 3511 2863">
    <p class='ocr_par' dir='ltr' id='par_1_85' title="bbox 1903 2789 3511 2863">
     <span class='ocr_line' id='line_1_86' title="bbox 1903 2789 3511 2863; baseline 0.003 -20"><span class='ocrx_word' id='word_1_643' title='bbox 1903 2789 2027 2844; x_wconf 91' lang='lat' dir='ltr'><strong>dam</strong></span> <span class='ocrx_word' id='word_1_644' title='bbox 2059 2790 2407 2846; x_wconf 91' lang='lat' dir='ltr'><strong>ethnicorum</strong></span> <span class='ocrx_word' id='word_1_645' title='bbox 2455 2792 3005 2863; x_wconf 89' lang='lat' dir='ltr'><strong>argumentationem,</strong></span> <span class='ocrx_word' id='word_1_646' title='bbox 3052 2790 3511 2863; x_wconf 88' lang='lat' dir='ltr'><strong>quemadmodum</strong></span> 
     </span>
    </p>
   </div>
   <div class='ocr_carea' id='block_1_86' title="bbox 1906 2882 3513 2956">
    <p class='ocr_par' dir='ltr' id='par_1_86' title="bbox 1906 2882 3513 2956">
     <span class='ocr_line' id='line_1_87' title="bbox 1906 2882 3513 2956; baseline 0.002 -19"><span class='ocrx_word' id='word_1_647' title='bbox 1906 2882 2202 2945; x_wconf 84' lang='lat' dir='ltr'><strong>Arnobius.</strong></span> <span class='ocrx_word' id='word_1_648' title='bbox 2235 2882 2437 2938; x_wconf 87' lang='lat' dir='ltr'><strong>refellit</strong></span> <span class='ocrx_word' id='word_1_649' title='bbox 2488 2892 2543 2937; x_wconf 89' lang='lat' dir='ltr'><strong>et</strong></span> <span class='ocrx_word' id='word_1_650' title='bbox 2586 2883 2803 2939; x_wconf 89' lang='lat' dir='ltr'><strong>evertit.</strong></span> <span class='ocrx_word' id='word_1_651' title='bbox 2852 2883 3071 2939; x_wconf 89' lang='lat' dir='ltr'><strong>Scimus</strong></span> <span class='ocrx_word' id='word_1_652' title='bbox 3120 2884 3343 2956; x_wconf 90' lang='lat' dir='ltr'><strong>quidem</strong></span> <span class='ocrx_word' id='word_1_653' title='bbox 3396 2886 3513 2941; x_wconf 66' lang='lat' dir='ltr'><strong>haec</strong></span> 
     </span>
    </p>
   </div>
   <div class='ocr_carea' id='block_1_87' title="bbox 1904 2976 3514 3047">
    <p class='ocr_par' dir='ltr' id='par_1_87' title="bbox 1904 2976 3514 3047">
     <span class='ocr_line' id='line_1_88' title="bbox 1904 2976 3514 3047; baseline 0.001 -17"><span class='ocrx_word' id='word_1_654' title='bbox 1904 2976 2183 3031; x_wconf 89' lang='lat' dir='ltr'><strong>nonnullis</strong></span> <span class='ocrx_word' id='word_1_655' title='bbox 2228 2976 2407 3030; x_wconf 87' lang='lat' dir='ltr'><strong>minus</strong></span> <span class='ocrx_word' id='word_1_656' title='bbox 2459 2976 2696 3041; x_wconf 85' lang='lat' dir='ltr'><strong>veritati,</strong></span> <span class='ocrx_word' id='word_1_657' title='bbox 2743 2991 2908 3047; x_wconf 87' lang='lat' dir='ltr'><strong>quam</strong></span> <span class='ocrx_word' id='word_1_658' title='bbox 2950 2976 3150 3033; x_wconf 90' lang='lat' dir='ltr'><strong>fabulis</strong></span> <span class='ocrx_word' id='word_1_659' title='bbox 3189 2976 3363 3033; x_wconf 90' lang='lat' dir='ltr'><strong>videri</strong></span> <span class='ocrx_word' id='word_1_660' title='bbox 3391 2992 3514 3047; x_wconf 85' lang='lat' dir='ltr'><strong>pro-</strong></span> 
     </span>
    </p>
   </div>
   <div class='ocr_carea' id='block_1_88' title="bbox 1904 3069 3509 3142">
    <p class='ocr_par' dir='ltr' id='par_1_88' title="bbox 1904 3069 3509 3142">
     <span class='ocr_line' id='line_1_89' title="bbox 1904 3069 3509 3142; baseline 0.003 -19"><span class='ocrx_word' id='word_1_661' title='bbox 1904 3069 2056 3140; x_wconf 90' lang='lat' dir='ltr'><strong>piora</strong></span> <span class='ocrx_word' id='word_1_662' title='bbox 2089 3069 2285 3141; x_wconf 87' lang='lat' dir='ltr'><strong>(Plin.,</strong></span> <span class='ocrx_word' id='word_1_663' title='bbox 2331 3070 2422 3124; x_wconf 92' lang='lat' dir='ltr'><strong>lib.</strong></span> <span class='ocrx_word' id='word_1_664' title='bbox 2450 3085 2488 3124; x_wconf 91' lang='grc' dir='ltr'><strong>ιι</strong></span> <span class='ocrx_word' id='word_1_665' title='bbox 2532 3069 2673 3124; x_wconf 83' lang='lat' dir='ltr'><strong>Hist.</strong></span> <span class='ocrx_word' id='word_1_666' title='bbox 2701 3078 2901 3137; x_wconf 80' lang='lat' dir='ltr'><strong>natur.,</strong></span> <span class='ocrx_word' id='word_1_667' title='bbox 2945 3086 3065 3140; x_wconf 86' lang='lat' dir='ltr'><strong>cap.</strong></span> <span class='ocrx_word' id='word_1_668' title='bbox 3104 3070 3194 3135; x_wconf 86' lang='lat'><strong>90,</strong></span> <span class='ocrx_word' id='word_1_669' title='bbox 3227 3087 3347 3142; x_wconf 90' lang='lat' dir='ltr'><strong>pag.</strong></span> <span class='ocrx_word' id='word_1_670' title='bbox 3372 3069 3509 3136; x_wconf 73' lang='lat'><strong>258;</strong></span> 
     </span>
    </p>
   </div>
   <div class='ocr_carea' id='block_1_89' title="bbox 1906 3160 3510 3237">
    <p class='ocr_par' dir='ltr' id='par_1_89' title="bbox 1906 3160 3510 3237">
     <span class='ocr_line' id='line_1_90' title="bbox 1906 3160 3510 3237; baseline 0.002 -21"><span class='ocrx_word' id='word_1_671' title='bbox 1906 3160 2111 3227; x_wconf 88' lang='lat' dir='ltr'><strong>Slrab.,</strong></span> <span class='ocrx_word' id='word_1_672' title='bbox 2138 3163 2228 3217; x_wconf 86' lang='lat' dir='ltr'><strong>lib.</strong></span> <span class='ocrx_word' id='word_1_673' title='bbox 2248 3178 2285 3215; x_wconf 87' lang='grc' dir='ltr'><strong>ιι</strong></span> <span class='ocrx_word' id='word_1_674' title='bbox 2320 3160 2534 3232; x_wconf 80' lang='lat' dir='ltr'><strong>Geogr.,</strong></span> <span class='ocrx_word' id='word_1_675' title='bbox 2566 3179 2689 3233; x_wconf 90' lang='lat' dir='ltr'><strong>pag.</strong></span> <span class='ocrx_word' id='word_1_676' title='bbox 2722 3163 2814 3218; x_wconf 83' lang='lat' dir='ltr'><strong>lOl</strong></span> <span class='ocrx_word' id='word_1_677' title='bbox 2843 3180 2859 3229; x_wconf 89' lang='lat'><strong>;</strong></span> <span class='ocrx_word' id='word_1_678' title='bbox 2891 3160 3230 3232; x_wconf 80' lang='lat' dir='ltr'><strong>Tertullian.,</strong></span> <span class='ocrx_word' id='word_1_679' title='bbox 3264 3163 3510 3237; x_wconf 79' lang='lat' dir='ltr'><strong>Apolog.,</strong></span> 
     </span>
    </p>
   </div>
   <div class='ocr_carea' id='block_1_90' title="bbox 1903 3252 3515 3327">
    <p class='ocr_par' dir='ltr' id='par_1_90' title="bbox 1903 3252 3515 3327">
     <span class='ocr_line' id='line_1_91' title="bbox 1903 3252 3515 3327; baseline 0.003 -20"><span class='ocrx_word' id='word_1_680' title='bbox 1903 3270 2019 3324; x_wconf 87' lang='lat' dir='ltr'><strong>cap.</strong></span> <span class='ocrx_word' id='word_1_681' title='bbox 2054 3255 2145 3321; x_wconf 70' lang='lat'><strong>40,</strong></span> <span class='ocrx_word' id='word_1_682' title='bbox 2174 3264 2221 3309; x_wconf 85' lang='lat' dir='ltr'><strong>et</strong></span> <span class='ocrx_word' id='word_1_683' title='bbox 2248 3253 2337 3309; x_wconf 87' lang='lat' dir='ltr'><strong>lib.</strong></span> <span class='ocrx_word' id='word_1_684' title='bbox 2370 3255 2477 3308; x_wconf 83' lang='lat' dir='ltr'><strong>tad</strong></span> <span class='ocrx_word' id='word_1_685' title='bbox 2520 3252 2677 3321; x_wconf 86' lang='lat' dir='ltr'><strong>Nat.,</strong></span> <span class='ocrx_word' id='word_1_686' title='bbox 2708 3271 2826 3327; x_wconf 86' lang='lat' dir='ltr'><strong>cap.</strong></span> <span class='ocrx_word' id='word_1_687' title='bbox 2863 3256 2919 3323; x_wconf 91' lang='lat'><strong>9,</strong></span> <span class='ocrx_word' id='word_1_688' title='bbox 2948 3272 3070 3326; x_wconf 89' lang='lat' dir='ltr'><strong>pag.</strong></span> <span class='ocrx_word' id='word_1_689' title='bbox 3111 3256 3204 3321; x_wconf 70' lang='grc'><strong>54,</strong></span> <span class='ocrx_word' id='word_1_690' title='bbox 3244 3267 3290 3311; x_wconf 86' lang='lat' dir='ltr'><strong>et</strong></span> <span class='ocrx_word' id='word_1_691' title='bbox 3329 3258 3418 3312; x_wconf 90' lang='lat' dir='ltr'><strong>lib.</strong></span> <span class='ocrx_word' id='word_1_692' title='bbox 3450 3261 3515 3313; x_wconf 86' lang='lat' dir='ltr'><strong>dc</strong></span> 
     </span>
    </p>
   </div>
   <div class='ocr_carea' id='block_1_91' title="bbox 1904 3345 3513 3421">
    <p class='ocr_par' dir='ltr' id='par_1_91' title="bbox 1904 3345 3513 3421">
     <span class='ocr_line' id='line_1_92' title="bbox 1904 3345 3513 3421; baseline 0.004 -21"><span class='ocrx_word' id='word_1_693' title='bbox 1904 3345 2104 3410; x_wconf 88' lang='lat' dir='ltr'><strong>Pallio,</strong></span> <span class='ocrx_word' id='word_1_694' title='bbox 2139 3363 2256 3417; x_wconf 77' lang='lat' dir='ltr'><strong>cap.</strong></span> <span class='ocrx_word' id='word_1_695' title='bbox 2284 3346 2363 3418; x_wconf 74' lang='lat'><strong>2).</strong></span> <span class='ocrx_word' id='word_1_696' title='bbox 2383 3346 2489 3404; x_wconf 90' lang='lat' dir='ltr'><strong>Sed</strong></span> <span class='ocrx_word' id='word_1_697' title='bbox 2517 3347 2695 3403; x_wconf 86' lang='lat' dir='ltr'><strong>valere</strong></span> <span class='ocrx_word' id='word_1_698' title='bbox 2712 3362 2931 3417; x_wconf 89' lang='lat' dir='ltr'><strong>semper</strong></span> <span class='ocrx_word' id='word_1_699' title='bbox 2953 3348 3186 3405; x_wconf 89' lang='lat' dir='ltr'><strong>debebat</strong></span> <span class='ocrx_word' id='word_1_700' title='bbox 3213 3349 3352 3420; x_wconf 89' lang='lat' dir='ltr'><strong>apud</strong></span> <span class='ocrx_word' id='word_1_701' title='bbox 3380 3366 3513 3421; x_wconf 87' lang='lat' dir='ltr'><strong>gen-</strong></span> 
     </span>
    </p>
   </div>
   <div class='ocr_carea' id='block_1_92' title="bbox 1903 3440 3510 3515">
    <p class='ocr_par' dir='ltr' id='par_1_92' title="bbox 1903 3440 3510 3515">
     <span class='ocr_line' id='line_1_93' title="bbox 1903 3440 3510 3515; baseline 0.003 -19"><span class='ocrx_word' id='word_1_702' title='bbox 1903 3441 2026 3497; x_wconf 88' lang='lat' dir='ltr'><strong>tiles</strong></span> <span class='ocrx_word' id='word_1_703' title='bbox 2057 3440 2293 3498; x_wconf 89' lang='lat' dir='ltr'><strong>Platonis</strong></span> <span class='ocrx_word' id='word_1_704' title='bbox 2311 3442 2626 3509; x_wconf 87' lang='lat' dir='ltr'><strong>auctoritas,</strong></span> <span class='ocrx_word' id='word_1_705' title='bbox 2674 3458 2774 3498; x_wconf 90' lang='lat' dir='ltr'><strong>nec</strong></span> <span class='ocrx_word' id='word_1_706' title='bbox 2799 3444 2961 3515; x_wconf 89' lang='lat' dir='ltr'><strong>plane</strong></span> <span class='ocrx_word' id='word_1_707' title='bbox 2990 3445 3268 3500; x_wconf 91' lang='lat' dir='ltr'><strong>immerito</strong></span> <span class='ocrx_word' id='word_1_708' title='bbox 3309 3446 3388 3501; x_wconf 88' lang='lat' dir='ltr'><strong>eis</strong></span> <span class='ocrx_word' id='word_1_709' title='bbox 3409 3460 3510 3514; x_wconf 82' lang='lat' dir='ltr'><strong>op-</strong></span> 
     </span>
    </p>
   </div>
   <div class='ocr_carea' id='block_1_93' title="bbox 1904 3534 3511 3609">
    <p class='ocr_par' dir='ltr' id='par_1_93' title="bbox 1904 3534 3511 3609">
     <span class='ocr_line' id='line_1_94' title="bbox 1904 3534 3511 3609; baseline 0.003 -20"><span class='ocrx_word' id='word_1_710' title='bbox 1904 3535 2142 3607; x_wconf 88' lang='lat' dir='ltr'><strong>ponitur.</strong></span> <span class='ocrx_word' id='word_1_711' title='bbox 2188 3534 2395 3591; x_wconf 89' lang='lat' dir='ltr'><strong>Deinde</strong></span> <span class='ocrx_word' id='word_1_712' title='bbox 2449 3549 2581 3591; x_wconf 81' lang='lat' dir='ltr'><strong>vero</strong></span> <span class='ocrx_word' id='word_1_713' title='bbox 2630 3535 3011 3609; x_wconf 84' lang='lat' dir='ltr'><strong>Theucydides</strong></span> <span class='ocrx_word' id='word_1_714' title='bbox 3040 3554 3069 3593; x_wconf 89' lang='lat' dir='ltr'><strong>a</strong></span> <span class='ocrx_word' id='word_1_715' title='bbox 3098 3538 3307 3596; x_wconf 89' lang='lat' dir='ltr'><strong>Seneca</strong></span> <span class='ocrx_word' id='word_1_716' title='bbox 3358 3540 3511 3595; x_wconf 90' lang='lat' dir='ltr'><strong>testis</strong></span> 
     </span>
    </p>
   </div>
   <div class='ocr_carea' id='block_1_94' title="bbox 1902 3628 3505 3703">
    <p class='ocr_par' dir='ltr' id='par_1_94' title="bbox 1902 3628 3505 3703">
     <span class='ocr_line' id='line_1_95' title="bbox 1902 3628 3505 3703; baseline 0.001 -19"><span class='ocrx_word' id='word_1_717' title='bbox 1902 3629 2199 3684; x_wconf 64' lang='lat' dir='ltr'><strong>submersas</strong></span> <span class='ocrx_word' id='word_1_718' title='bbox 2240 3628 2491 3699; x_wconf 88' lang='lat' dir='ltr'><strong>ejusdem</strong></span> <span class='ocrx_word' id='word_1_719' title='bbox 2522 3629 2713 3685; x_wconf 67' lang='lat' dir='ltr'><strong>insula:</strong></span> <span class='ocrx_word' id='word_1_720' title='bbox 2755 3630 3061 3703; x_wconf 84' lang='lat' dir='ltr'><strong>appellatur</strong></span> <span class='ocrx_word' id='word_1_721' title='bbox 3095 3633 3211 3688; x_wconf 64' lang='lat' dir='ltr'><strong>hinc</strong></span> <span class='ocrx_word' id='word_1_722' title='bbox 3240 3633 3293 3687; x_wconf 91' lang='lat' dir='ltr'><strong>in</strong></span> <span class='ocrx_word' id='word_1_723' title='bbox 3320 3632 3505 3689; x_wconf 87' lang='lat' dir='ltr'><strong>verba.</strong></span> 
     </span>
    </p>
   </div>
   <div class='ocr_carea' id='block_1_95' title="bbox 1906 3720 3510 3797">
    <p class='ocr_par' dir='ltr' id='par_1_95' title="bbox 1906 3720 3510 3797">
     <span class='ocr_line' id='line_1_96' title="bbox 1906 3720 3510 3797; baseline 0.005 -23"><span class='ocrx_word' id='word_1_724' title='bbox 1906 3739 1926 3772; x_wconf 86' lang='grc'><strong><em>‹</em></strong></span> <span class='ocrx_word' id='word_1_725' title='bbox 1962 3720 2340 3793; x_wconf 88' lang='lat' dir='ltr'><strong>Theucydides</strong></span> <span class='ocrx_word' id='word_1_726' title='bbox 2397 3725 2472 3777; x_wconf 91' lang='lat' dir='ltr'><strong>ait</strong></span> <span class='ocrx_word' id='word_1_727' title='bbox 2536 3722 2681 3777; x_wconf 85' lang='lat' dir='ltr'><strong>circa</strong></span> <span class='ocrx_word' id='word_1_728' title='bbox 2706 3721 3117 3794; x_wconf 82' lang='lat' dir='ltr'><strong>PeIOponesiaci</strong></span> <span class='ocrx_word' id='word_1_729' title='bbox 3138 3724 3265 3781; x_wconf 88' lang='lat' dir='ltr'><strong>belli</strong></span> <span class='ocrx_word' id='word_1_730' title='bbox 3298 3735 3510 3797; x_wconf 90' lang='lat' dir='ltr'><strong>tempus</strong></span> 
     </span>
    </p>
   </div>
   <div class='ocr_carea' id='block_1_96' title="bbox 1900 3813 3509 3883">
    <p class='ocr_par' dir='ltr' id='par_1_96' title="bbox 1900 3813 3509 3883">
     <span class='ocr_line' id='line_1_97' title="bbox 1900 3813 3509 3883; baseline 0.005 -16"><span class='ocrx_word' id='word_1_731' title='bbox 1900 3814 2208 3868; x_wconf 82' lang='lat' dir='ltr'><strong>Atalantam</strong></span> <span class='ocrx_word' id='word_1_732' title='bbox 2244 3813 2475 3870; x_wconf 89' lang='lat' dir='ltr'><strong>insulam</strong></span> <span class='ocrx_word' id='word_1_733' title='bbox 2503 3824 2598 3870; x_wconf 93' lang='lat' dir='ltr'><strong>aut</strong></span> <span class='ocrx_word' id='word_1_734' title='bbox 2625 3824 2820 3883; x_wconf 90' lang='lat' dir='ltr'><strong>totam,</strong></span> <span class='ocrx_word' id='word_1_735' title='bbox 2868 3825 2963 3872; x_wconf 81' lang='lat' dir='ltr'><strong>aut</strong></span> <span class='ocrx_word' id='word_1_736' title='bbox 3007 3826 3155 3873; x_wconf 91' lang='lat' dir='ltr'><strong>certe</strong></span> <span class='ocrx_word' id='word_1_737' title='bbox 3181 3818 3413 3879; x_wconf 85' lang='lat' dir='ltr'><strong>maxima</strong></span> <span class='ocrx_word' id='word_1_738' title='bbox 3443 3834 3509 3876; x_wconf 80' lang='lat' dir='ltr'><strong>ex</strong></span> 
     </span>
    </p>
   </div>
   <div class='ocr_carea' id='block_1_97' title="bbox 1904 3907 3509 3983">
    <p class='ocr_par' dir='ltr' id='par_1_97' title="bbox 1904 3907 3509 3983">
     <span class='ocr_line' id='line_1_98' title="bbox 1904 3907 3509 3983; baseline 0.004 -20"><span class='ocrx_word' id='word_1_739' title='bbox 1904 3916 2058 3979; x_wconf 90' lang='lat' dir='ltr'><strong>parte</strong></span> <span class='ocrx_word' id='word_1_740' title='bbox 2079 3907 2361 3965; x_wconf 86' lang='lat' dir='ltr'><strong>suﬂ&#39;usam.</strong></span> <span class='ocrx_word' id='word_1_741' title='bbox 2402 3930 2421 3963; x_wconf 77' lang='grc' dir='ltr'><strong>ι</strong></span> <span class='ocrx_word' id='word_1_742' title='bbox 2465 3909 2608 3979; x_wconf 83' lang='lat' dir='ltr'><strong>Quin</strong></span> <span class='ocrx_word' id='word_1_743' title='bbox 2656 3910 2821 3965; x_wconf 90' lang='lat' dir='ltr'><strong>etiam</strong></span> <span class='ocrx_word' id='word_1_744' title='bbox 2868 3910 2995 3966; x_wconf 88' lang='lat' dir='ltr'><strong>huic</strong></span> <span class='ocrx_word' id='word_1_745' title='bbox 3020 3909 3347 3983; x_wconf 85' lang='lat' dir='ltr'><strong>suﬂ&#39;ragatur</strong></span> <span class='ocrx_word' id='word_1_746' title='bbox 3375 3914 3509 3968; x_wconf 83' lang='lat' dir='ltr'><strong>Am-</strong></span> 
     </span>
    </p>
   </div>
   <div class='ocr_carea' id='block_1_98' title="bbox 1904 4002 3505 4080">
    <p class='ocr_par' dir='ltr' id='par_1_98' title="bbox 1904 4002 3505 4080">
     <span class='ocr_line' id='line_1_99' title="bbox 1904 4002 3505 4080; baseline 0.004 -22"><span class='ocrx_word' id='word_1_747' title='bbox 1904 4003 2115 4058; x_wconf 90' lang='lat' dir='ltr'><strong>mianus</strong></span> <span class='ocrx_word' id='word_1_748' title='bbox 2135 4002 2479 4059; x_wconf 82' lang='lat' dir='ltr'><strong>Marcellinus</strong></span> <span class='ocrx_word' id='word_1_749' title='bbox 2498 4004 2733 4076; x_wconf 85' lang='lat' dir='ltr'><strong>(Senec.,</strong></span> <span class='ocrx_word' id='word_1_750' title='bbox 2755 4005 2846 4060; x_wconf 89' lang='lat' dir='ltr'><strong>lib.</strong></span> <span class='ocrx_word' id='word_1_751' title='bbox 2872 4019 2927 4061; x_wconf 75' lang='lat' dir='ltr'><strong>vn</strong></span> <span class='ocrx_word' id='word_1_752' title='bbox 2948 4003 3142 4061; x_wconf 80' lang='lat' dir='ltr'><strong>Natur.</strong></span> <span class='ocrx_word' id='word_1_753' title='bbox 3159 4016 3365 4077; x_wconf 61' lang='lat' dir='ltr'><strong>autem,</strong></span> <span class='ocrx_word' id='word_1_754' title='bbox 3385 4024 3505 4080; x_wconf 85' lang='lat' dir='ltr'><strong>cap.</strong></span> 
     </span>
    </p>
   </div>
   <div class='ocr_carea' id='block_1_99' title="bbox 1900 4092 3503 4173">
    <p class='ocr_par' dir='ltr' id='par_1_99' title="bbox 1900 4092 3503 4173">
     <span class='ocr_line' id='line_1_100' title="bbox 1900 4092 3503 4173; baseline 0.004 -24"><span class='ocrx_word' id='word_1_755' title='bbox 1900 4093 1993 4161; x_wconf 63' lang='lat'><strong>24,</strong></span> <span class='ocrx_word' id='word_1_756' title='bbox 2024 4110 2145 4166; x_wconf 91' lang='lat' dir='ltr'><strong>pag.</strong></span> <span class='ocrx_word' id='word_1_757' title='bbox 2187 4094 2327 4161; x_wconf 68' lang='lat'><strong>894;</strong></span> <span class='ocrx_word' id='word_1_758' title='bbox 2370 4096 2489 4150; x_wconf 82' lang='lat' dir='ltr'><strong>Am.</strong></span> <span class='ocrx_word' id='word_1_759' title='bbox 2532 4095 2799 4163; x_wconf 78' lang='lat' dir='ltr'><strong>Marcell.,</strong></span> <span class='ocrx_word' id='word_1_760' title='bbox 2834 4092 2922 4150; x_wconf 86' lang='lat' dir='ltr'><strong>lib.</strong></span> <span class='ocrx_word' id='word_1_761' title='bbox 2961 4112 3095 4164; x_wconf 81' lang='lat' dir='ltr'><strong>xvu,</strong></span> <span class='ocrx_word' id='word_1_762' title='bbox 3124 4113 3241 4169; x_wconf 88' lang='lat' dir='ltr'><strong>cap.</strong></span> <span class='ocrx_word' id='word_1_763' title='bbox 3277 4099 3331 4166; x_wconf 86' lang='lat'><strong>7,</strong></span> <span class='ocrx_word' id='word_1_764' title='bbox 3383 4117 3503 4173; x_wconf 88' lang='lat' dir='ltr'><strong>pag.</strong></span> 
     </span>
    </p>
   </div>
   <div class='ocr_carea' id='block_1_100' title="bbox 1906 4186 3505 4265">
    <p class='ocr_par' dir='ltr' id='par_1_100' title="bbox 1906 4186 3505 4265">
     <span class='ocr_line' id='line_1_101' title="bbox 1906 4186 3505 4265; baseline 0.007 -24"><span class='ocrx_word' id='word_1_765' title='bbox 1906 4186 2058 4260; x_wconf 82' lang='grc'><strong>169).</strong></span> <span class='ocrx_word' id='word_1_766' title='bbox 2090 4186 2197 4243; x_wconf 90' lang='lat' dir='ltr'><strong>Sed</strong></span> <span class='ocrx_word' id='word_1_767' title='bbox 2226 4188 2274 4243; x_wconf 90' lang='lat' dir='ltr'><strong>si</strong></span> <span class='ocrx_word' id='word_1_768' title='bbox 2296 4190 2511 4262; x_wconf 90' lang='lat' dir='ltr'><strong>utrique</strong></span> <span class='ocrx_word' id='word_1_769' title='bbox 2536 4190 2700 4250; x_wconf 81' lang='lat' dir='ltr'><strong>iidem</strong></span> <span class='ocrx_word' id='word_1_770' title='bbox 2731 4190 2937 4248; x_wconf 87' lang='lat' dir='ltr'><strong>habere</strong></span> <span class='ocrx_word' id='word_1_771' title='bbox 2963 4190 3142 4249; x_wconf 90' lang='lat' dir='ltr'><strong>adhuc</strong></span> <span class='ocrx_word' id='word_1_772' title='bbox 3169 4195 3334 4261; x_wconf 82' lang='lat' dir='ltr'><strong>nolis,</strong></span> <span class='ocrx_word' id='word_1_773' title='bbox 3354 4194 3505 4265; x_wconf 90' lang='lat' dir='ltr'><strong>audi,</strong></span> 
     </span>
    </p>
   </div>
   <div class='ocr_carea' id='block_1_101' title="bbox 1905 4282 3505 4350">
    <p class='ocr_par' dir='ltr' id='par_1_101' title="bbox 1905 4282 3505 4350">
     <span class='ocr_line' id='line_1_102' title="bbox 1905 4282 3505 4350; baseline 0.006 -12"><span class='ocrx_word' id='word_1_774' title='bbox 1905 4283 1951 4338; x_wconf 87' lang='lat' dir='ltr'><strong>si</strong></span> <span class='ocrx_word' id='word_1_775' title='bbox 1983 4282 2453 4350; x_wconf 35' lang='lat' dir='ltr'><strong>lubet,‘Senecam</strong></span> <span class='ocrx_word' id='word_1_776' title='bbox 2482 4284 2623 4341; x_wconf 89' lang='lat' dir='ltr'><strong>alios</strong></span> <span class='ocrx_word' id='word_1_777' title='bbox 2652 4285 2860 4343; x_wconf 89' lang='lat' dir='ltr'><strong>similes</strong></span> <span class='ocrx_word' id='word_1_778' title='bbox 2910 4301 3070 4344; x_wconf 83' lang='lat' dir='ltr'><strong>casus</strong></span> <span class='ocrx_word' id='word_1_779' title='bbox 3108 4299 3455 4347; x_wconf 86' lang='lat' dir='ltr'><strong>enarrantem</strong></span> <span class='ocrx_word' id='word_1_780' title='bbox 3490 4310 3505 4347; x_wconf 90' lang='lat'><strong>:</strong></span> 
     </span>
    </p>
   </div>
   <div class='ocr_carea' id='block_1_102' title="bbox 1907 4376 3505 4453">
    <p class='ocr_par' dir='ltr' id='par_1_102' title="bbox 1907 4376 3505 4453">
     <span class='ocr_line' id='line_1_103' title="bbox 1907 4376 3505 4453; baseline 0.008 -25"><span class='ocrx_word' id='word_1_781' title='bbox 1907 4395 1926 4428; x_wconf 78' lang='grc' dir='ltr'><strong>ι</strong></span> <span class='ocrx_word' id='word_1_782' title='bbox 1967 4376 2111 4432; x_wconf 88' lang='lat' dir='ltr'><strong>idem</strong></span> <span class='ocrx_word' id='word_1_783' title='bbox 2165 4376 2377 4443; x_wconf 90' lang='lat' dir='ltr'><strong>Sidoni,</strong></span> <span class='ocrx_word' id='word_1_784' title='bbox 2424 4398 2445 4431; x_wconf 78' lang='grc' dir='ltr'><strong>ι</strong></span> <span class='ocrx_word' id='word_1_785' title='bbox 2482 4380 2559 4435; x_wconf 87' lang='grc' dir='ltr'>ιιιί</span> <span class='ocrx_word' id='word_1_786' title='bbox 2616 4380 2916 4452; x_wconf 87' lang='lat' dir='ltr'><strong>inquiebat,</strong></span> <span class='ocrx_word' id='word_1_787' title='bbox 2952 4400 2970 4433; x_wconf 82' lang='grc' dir='ltr'><strong>ι</strong></span> <span class='ocrx_word' id='word_1_788' title='bbox 3006 4382 3270 4440; x_wconf 85' lang='lat' dir='ltr'><strong>accidisse</strong></span> <span class='ocrx_word' id='word_1_789' title='bbox 3306 4385 3505 4453; x_wconf 88' lang='lat' dir='ltr'><strong>crede.</strong></span> 
     </span>
    </p>
   </div>
   <div class='ocr_carea' id='block_1_103' title="bbox 1898 4469 3503 4545">
    <p class='ocr_par' dir='ltr' id='par_1_103' title="bbox 1898 4469 3503 4545">
     <span class='ocr_line' id='line_1_104' title="bbox 1898 4469 3503 4545; baseline 0.006 -18"><span class='ocrx_word' id='word_1_790' title='bbox 1898 4469 2012 4528; x_wconf 83' lang='lat' dir='ltr'><strong>Nec</strong></span> <span class='ocrx_word' id='word_1_791' title='bbox 2042 4472 2107 4527; x_wconf 91' lang='lat' dir='ltr'><strong>ad</strong></span> <span class='ocrx_word' id='word_1_792' title='bbox 2140 4474 2243 4528; x_wconf 89' lang='lat' dir='ltr'><strong>hoc</strong></span> <span class='ocrx_word' id='word_1_793' title='bbox 2273 4471 2504 4529; x_wconf 89' lang='lat' dir='ltr'><strong>testibus</strong></span> <span class='ocrx_word' id='word_1_794' title='bbox 2523 4487 2661 4545; x_wconf 91' lang='lat' dir='ltr'><strong>opus</strong></span> <span class='ocrx_word' id='word_1_795' title='bbox 2682 4484 2786 4530; x_wconf 90' lang='lat' dir='ltr'><strong>est.</strong></span> <span class='ocrx_word' id='word_1_796' title='bbox 2843 4474 3187 4532; x_wconf 82' lang='lat' dir='ltr'><strong>Meminimus</strong></span> <span class='ocrx_word' id='word_1_797' title='bbox 3211 4478 3357 4533; x_wconf 90' lang='lat' dir='ltr'><strong>enim</strong></span> <span class='ocrx_word' id='word_1_798' title='bbox 3388 4489 3503 4536; x_wconf 86' lang='lat' dir='ltr'><strong>ter-</strong></span> 
     </span>
    </p>
   </div>
   <div class='ocr_carea' id='block_1_104' title="bbox 1901 4564 3509 4646">
    <p class='ocr_par' dir='ltr' id='par_1_104' title="bbox 1901 4564 3509 4646">
     <span class='ocr_line' id='line_1_105' title="bbox 1901 4564 3509 4646; baseline 0.006 -26"><span class='ocrx_word' id='word_1_799' title='bbox 1901 4565 1978 4621; x_wconf 89' lang='lat' dir='ltr'><strong>ris</strong></span> <span class='ocrx_word' id='word_1_800' title='bbox 2006 4565 2226 4621; x_wconf 90' lang='lat' dir='ltr'><strong>interno</strong></span> <span class='ocrx_word' id='word_1_801' title='bbox 2252 4575 2402 4622; x_wconf 82' lang='lat' dir='ltr'><strong>mctu</strong></span> <span class='ocrx_word' id='word_1_802' title='bbox 2433 4566 2682 4632; x_wconf 89' lang='lat' dir='ltr'><strong>divulsis,</strong></span> <span class='ocrx_word' id='word_1_803' title='bbox 2730 4568 2848 4624; x_wconf 90' lang='lat' dir='ltr'><strong>loca</strong></span> <span class='ocrx_word' id='word_1_804' title='bbox 2904 4564 3134 4640; x_wconf 79' lang='lat' dir='ltr'><strong>disjecta</strong></span> <span class='ocrx_word' id='word_1_805' title='bbox 3179 4579 3235 4626; x_wconf 89' lang='lat' dir='ltr'><strong>et</strong></span> <span class='ocrx_word' id='word_1_806' title='bbox 3282 4587 3509 4646; x_wconf 84' lang='lat' dir='ltr'><strong>campos</strong></span> 
     </span>
    </p>
   </div>
   <div class='ocr_carea' id='block_1_105' title="bbox 1902 4659 3504 4747">
    <p class='ocr_par' dir='ltr' id='par_1_105' title="bbox 1902 4659 3504 4747">
     <span class='ocr_line' id='line_1_106' title="bbox 1902 4659 3504 4747; baseline 0.006 -32"><span class='ocrx_word' id='word_1_807' title='bbox 1902 4659 2179 4733; x_wconf 84' lang='lat' dir='ltr'><strong>interiisse</strong></span> <span class='ocrx_word' id='word_1_808' title='bbox 2209 4679 2229 4713; x_wconf 74' lang='grc' dir='ltr'><strong>ι</strong></span> <span class='ocrx_word' id='word_1_809' title='bbox 2267 4659 2506 4734; x_wconf 60' lang='lat' dir='ltr'><strong>(Scaea,</strong></span> <span class='ocrx_word' id='word_1_810' title='bbox 2539 4662 2629 4717; x_wconf 89' lang='lat' dir='ltr'><strong>lib.</strong></span> <span class='ocrx_word' id='word_1_811' title='bbox 2670 4677 2722 4717; x_wconf 85' lang='lat' dir='ltr'><strong>Iv</strong></span> <span class='ocrx_word' id='word_1_812' title='bbox 2764 4660 2962 4718; x_wconf 80' lang='lat' dir='ltr'><strong>Natnr.</strong></span> <span class='ocrx_word' id='word_1_813' title='bbox 3016 4674 3222 4736; x_wconf 52' lang='lat' dir='ltr'><strong>quast”</strong></span> <span class='ocrx_word' id='word_1_814' title='bbox 3247 4682 3375 4747; x_wconf 46' lang='lat' dir='ltr'><strong>.cap.</strong></span> <span class='ocrx_word' id='word_1_815' title='bbox 3412 4668 3504 4735; x_wconf 75' lang='grc'><strong>52,</strong></span> 
     </span>
    </p>
   </div>
   <div class='ocr_carea' id='block_1_106' title="bbox 1902 4754 3505 4834">
    <p class='ocr_par' dir='ltr' id='par_1_106' title="bbox 1902 4754 3505 4834">
     <span class='ocr_line' id='line_1_107' title="bbox 1902 4754 3505 4834; baseline 0.007 -26"><span class='ocrx_word' id='word_1_816' title='bbox 1902 4772 2025 4827; x_wconf 83' lang='lat' dir='ltr'><strong>pag.</strong></span> <span class='ocrx_word' id='word_1_817' title='bbox 2057 4754 2201 4821; x_wconf 66' lang='lat'><strong>299;</strong></span> <span class='ocrx_word' id='word_1_818' title='bbox 2241 4755 2360 4812; x_wconf 80' lang='lat' dir='ltr'><strong>Am.</strong></span> <span class='ocrx_word' id='word_1_819' title='bbox 2394 4755 2662 4825; x_wconf 58' lang='lat' dir='ltr'><strong>&quot;arcem,</strong></span> <span class='ocrx_word' id='word_1_820' title='bbox 2686 4756 2777 4812; x_wconf 81' lang='lat' dir='ltr'><strong>lib.</strong></span> <span class='ocrx_word' id='word_1_821' title='bbox 2805 4772 2935 4823; x_wconf 79' lang='lat' dir='ltr'><strong>xvtt,</strong></span> <span class='ocrx_word' id='word_1_822' title='bbox 2965 4774 3085 4829; x_wconf 84' lang='lat' dir='ltr'><strong>cap.</strong></span> <span class='ocrx_word' id='word_1_823' title='bbox 3128 4758 3183 4826; x_wconf 88' lang='lat'><strong>7,</strong></span> <span class='ocrx_word' id='word_1_824' title='bbox 3210 4776 3331 4832; x_wconf 84' lang='lat' dir='ltr'><strong>pag.</strong></span> <span class='ocrx_word' id='word_1_825' title='bbox 3352 4759 3505 4834; x_wconf 75' lang='lat'><strong>269).</strong></span> 
     </span>
    </p>
   </div>
   <div class='ocr_carea' id='block_1_107' title="bbox 1902 4849 3504 4923">
    <p class='ocr_par' dir='ltr' id='par_1_107' title="bbox 1902 4849 3504 4923">
     <span class='ocr_line' id='line_1_108' title="bbox 1902 4849 3504 4923; baseline 0.002 -16"><span class='ocrx_word' id='word_1_826' title='bbox 1902 4850 2003 4921; x_wconf 84' lang='lat' dir='ltr'><strong>Qui</strong></span> <span class='ocrx_word' id='word_1_827' title='bbox 2026 4850 2181 4923; x_wconf 85' lang='lat' dir='ltr'><strong>plura</strong></span> <span class='ocrx_word' id='word_1_828' title='bbox 2199 4850 2456 4919; x_wconf 89' lang='lat' dir='ltr'><strong>voluerit,</strong></span> <span class='ocrx_word' id='word_1_829' title='bbox 2476 4849 2628 4907; x_wconf 90' lang='lat' dir='ltr'><strong>illum</strong></span> <span class='ocrx_word' id='word_1_830' title='bbox 2650 4850 2831 4909; x_wconf 88' lang='lat' dir='ltr'><strong>adhuc</strong></span> <span class='ocrx_word' id='word_1_831' title='bbox 2848 4851 2976 4908; x_wconf 88' lang='lat' dir='ltr'><strong>alibi</strong></span> <span class='ocrx_word' id='word_1_832' title='bbox 2998 4851 3270 4910; x_wconf 89' lang='lat' dir='ltr'><strong>dicentem</strong></span> <span class='ocrx_word' id='word_1_833' title='bbox 3288 4854 3504 4913; x_wconf 88' lang='lat' dir='ltr'><strong>audiat:</strong></span> 
     </span>
    </p>
   </div>
   <div class='ocr_carea' id='block_1_108' title="bbox 1904 4944 3506 5016">
    <p class='ocr_par' dir='ltr' id='par_1_108' title="bbox 1904 4944 3506 5016">
     <span class='ocr_line' id='line_1_109' title="bbox 1904 4944 3506 5016; baseline 0.005 -18"><span class='ocrx_word' id='word_1_834' title='bbox 1904 4962 1925 4998; x_wconf 73' lang='grc' dir='ltr'><strong>ι</strong></span> <span class='ocrx_word' id='word_1_835' title='bbox 1960 4944 2227 5011; x_wconf 81' lang='lat' dir='ltr'><strong>ﬂelicem,</strong></span> <span class='ocrx_word' id='word_1_836' title='bbox 2252 4944 2553 5016; x_wconf 87' lang='lat' dir='ltr'><strong>Burinque,</strong></span> <span class='ocrx_word' id='word_1_837' title='bbox 2590 4964 2610 4998; x_wconf 77' lang='grc' dir='ltr'><strong>ι</strong></span> <span class='ocrx_word' id='word_1_838' title='bbox 2643 4944 2730 5001; x_wconf 91' lang='lat' dir='ltr'><strong>vel</strong></span> <span class='ocrx_word' id='word_1_839' title='bbox 2762 4955 2820 5000; x_wconf 92' lang='lat' dir='ltr'><strong>ut</strong></span> <span class='ocrx_word' id='word_1_840' title='bbox 2844 4946 2920 5002; x_wconf 88' lang='lat' dir='ltr'><strong>ait</strong></span> <span class='ocrx_word' id='word_1_841' title='bbox 2948 4946 3312 5014; x_wconf 81' lang='lat' dir='ltr'><strong>Marcellinus,</strong></span> <span class='ocrx_word' id='word_1_842' title='bbox 3350 4967 3369 5001; x_wconf 83' lang='grc' dir='ltr'><strong>ι</strong></span> <span class='ocrx_word' id='word_1_843' title='bbox 3401 4949 3506 5006; x_wconf 87' lang='lat' dir='ltr'><strong>lie-</strong></span> 
     </span>
    </p>
   </div>
   <div class='ocr_carea' id='block_1_109' title="bbox 1896 5038 3505 5116">
    <p class='ocr_par' dir='ltr' id='par_1_109' title="bbox 1896 5038 3505 5116">
     <span class='ocr_line' id='line_1_110' title="bbox 1896 5038 3505 5116; baseline 0.003 -20"><span class='ocrx_word' id='word_1_844' title='bbox 1896 5038 2007 5097; x_wconf 88' lang='lat' dir='ltr'><strong>lice</strong></span> <span class='ocrx_word' id='word_1_845' title='bbox 2033 5047 2091 5094; x_wconf 89' lang='lat' dir='ltr'><strong>et</strong></span> <span class='ocrx_word' id='word_1_846' title='bbox 2118 5038 2285 5107; x_wconf 90' lang='lat' dir='ltr'><strong>Bura,</strong></span> <span class='ocrx_word' id='word_1_847' title='bbox 2338 5048 2479 5096; x_wconf 87' lang='lat' dir='ltr'><strong>totas</strong></span> <span class='ocrx_word' id='word_1_848' title='bbox 2534 5054 2686 5116; x_wconf 80' lang='lat' dir='ltr'><strong>mare</strong></span> <span class='ocrx_word' id='word_1_849' title='bbox 2737 5041 3063 5112; x_wconf 88' lang='lat' dir='ltr'><strong>accepit.....</strong></span> <span class='ocrx_word' id='word_1_850' title='bbox 3110 5038 3282 5114; x_wconf 87' lang='lat' dir='ltr'><strong>Supra</strong></span> <span class='ocrx_word' id='word_1_851' title='bbox 3310 5044 3505 5116; x_wconf 83' lang='lat' dir='ltr'><strong>oppida</strong></span> 
     </span>
    </p>
   </div>
   <div class='ocr_carea' id='block_1_110' title="bbox 1899 5113 3501 5207">
    <p class='ocr_par' dir='ltr' id='par_1_110' title="bbox 1899 5113 3501 5207">
     <span class='ocr_line' id='line_1_111' title="bbox 1899 5113 3501 5207; baseline 0.004 -20"><span class='ocrx_word' id='word_1_852' title='bbox 1899 5130 2009 5187; x_wconf 87' lang='lat' dir='ltr'><strong>duo</strong></span> <span class='ocrx_word' id='word_1_853' title='bbox 2035 5131 2319 5203; x_wconf 88' lang='lat' dir='ltr'><strong>navigatur</strong></span> <span class='ocrx_word' id='word_1_854' title='bbox 2360 5130 2513 5199; x_wconf 77' lang='lat' dir='ltr'><strong>:duo</strong></span> <span class='ocrx_word' id='word_1_855' title='bbox 2546 5113 2750 5199; x_wconf 81' lang='lat' dir='ltr'><strong>autem,</strong></span> <span class='ocrx_word' id='word_1_856' title='bbox 2796 5146 2918 5203; x_wconf 65' lang='lat' dir='ltr'><strong>qua</strong></span> <span class='ocrx_word' id='word_1_857' title='bbox 2954 5113 3225 5199; x_wconf 81' lang='lat' dir='ltr'><strong>novimus,</strong></span> <span class='ocrx_word' id='word_1_858' title='bbox 3270 5113 3396 5207; x_wconf 60' lang='lat' dir='ltr'><strong>quia</strong></span> <span class='ocrx_word' id='word_1_859' title='bbox 3434 5136 3501 5193; x_wconf 87' lang='lat' dir='ltr'><strong>ad</strong></span> 
     </span>
    </p>
   </div>
   <div class='ocr_carea' id='block_1_111' title="bbox 1901 5226 3500 5301">
    <p class='ocr_par' dir='ltr' id='par_1_111' title="bbox 1901 5226 3500 5301">
     <span class='ocr_line' id='line_1_112' title="bbox 1901 5226 3500 5301; baseline 0.003 -19"><span class='ocrx_word' id='word_1_860' title='bbox 1901 5226 2149 5283; x_wconf 85' lang='lat' dir='ltr'><strong>notitiam</strong></span> <span class='ocrx_word' id='word_1_861' title='bbox 2182 5234 2425 5283; x_wconf 89' lang='lat' dir='ltr'><strong>nostram</strong></span> <span class='ocrx_word' id='word_1_862' title='bbox 2456 5227 2721 5285; x_wconf 87' lang='lat' dir='ltr'><strong>memoria</strong></span> <span class='ocrx_word' id='word_1_863' title='bbox 2748 5227 2947 5285; x_wconf 89' lang='lat' dir='ltr'><strong>litteris</strong></span> <span class='ocrx_word' id='word_1_864' title='bbox 2988 5238 3201 5286; x_wconf 82' lang='lat' dir='ltr'><strong>servata</strong></span> <span class='ocrx_word' id='word_1_865' title='bbox 3232 5230 3500 5301; x_wconf 87' lang='lat' dir='ltr'><strong>perduxit.</strong></span> 
     </span>
    </p>
   </div>
   <div class='ocr_carea' id='block_1_112' title="bbox 1899 5300 3503 5395">
    <p class='ocr_par' dir='ltr' id='par_1_112' title="bbox 1899 5300 3503 5395">
     <span class='ocr_line' id='line_1_113' title="bbox 1899 5300 3503 5395; baseline 0.004 -21"><span class='ocrx_word' id='word_1_866' title='bbox 1899 5319 2073 5387; x_wconf 79' lang='lat' dir='ltr'><strong>Quam</strong></span> <span class='ocrx_word' id='word_1_867' title='bbox 2101 5318 2270 5375; x_wconf 86' lang='lat' dir='ltr'><strong>multa</strong></span> <span class='ocrx_word' id='word_1_868' title='bbox 2298 5319 2404 5375; x_wconf 84' lang='lat' dir='ltr'><strong>alia</strong></span> <span class='ocrx_word' id='word_1_869' title='bbox 2422 5319 2548 5375; x_wconf 86' lang='lat' dir='ltr'><strong>aliis</strong></span> <span class='ocrx_word' id='word_1_870' title='bbox 2569 5319 2705 5377; x_wconf 89' lang='lat' dir='ltr'><strong>locis</strong></span> <span class='ocrx_word' id='word_1_871' title='bbox 2735 5335 2915 5377; x_wconf 84' lang='lat' dir='ltr'><strong>mersa</strong></span> <span class='ocrx_word' id='word_1_872' title='bbox 2961 5322 3123 5379; x_wconf 87' lang='lat' dir='ltr'><strong>sunt!</strong></span> <span class='ocrx_word' id='word_1_873' title='bbox 3164 5300 3308 5390; x_wconf 73' lang='lat' dir='ltr'><strong>Quot</strong></span> <span class='ocrx_word' id='word_1_874' title='bbox 3330 5338 3503 5395; x_wconf 78' lang='lat' dir='ltr'><strong>popa-</strong></span> 
     </span>
    </p>
   </div>
   <div class='ocr_carea' id='block_1_113' title="bbox 1896 5413 3479 5491">
    <p class='ocr_par' dir='ltr' id='par_1_113' title="bbox 1896 5413 3479 5491">
     <span class='ocr_line' id='line_1_114' title="bbox 1896 5413 3479 5491; baseline 0.002 -21"><span class='ocrx_word' id='word_1_875' title='bbox 1896 5413 1983 5470; x_wconf 87' lang='lat' dir='ltr'><strong>los</strong></span> <span class='ocrx_word' id='word_1_876' title='bbox 2004 5423 2098 5469; x_wconf 90' lang='lat' dir='ltr'><strong>aut</strong></span> <span class='ocrx_word' id='word_1_877' title='bbox 2123 5422 2266 5469; x_wconf 84' lang='lat' dir='ltr'><strong>terra</strong></span> <span class='ocrx_word' id='word_1_878' title='bbox 2296 5415 2349 5470; x_wconf 91' lang='lat' dir='ltr'><strong>in</strong></span> <span class='ocrx_word' id='word_1_879' title='bbox 2379 5429 2463 5482; x_wconf 90' lang='lat' dir='ltr'><strong>se,</strong></span> <span class='ocrx_word' id='word_1_880' title='bbox 2492 5423 2587 5469; x_wconf 88' lang='lat' dir='ltr'><strong>aut</strong></span> <span class='ocrx_word' id='word_1_881' title='bbox 2610 5429 2763 5471; x_wconf 85' lang='lat' dir='ltr'><strong>mare</strong></span> <span class='ocrx_word' id='word_1_882' title='bbox 2800 5414 3054 5472; x_wconf 83' lang='lat' dir='ltr'><strong>inclusit!</strong></span> <span class='ocrx_word' id='word_1_883' title='bbox 3091 5434 3111 5468; x_wconf 74' lang='grc' dir='ltr'><strong>ι</strong></span> <span class='ocrx_word' id='word_1_884' title='bbox 3142 5414 3375 5491; x_wconf 56' lang='lat' dir='ltr'><strong>(Senem,</strong></span> <span class='ocrx_word' id='word_1_885' title='bbox 3406 5417 3479 5473; x_wconf 87' lang='lat' dir='ltr'><strong>ibi</strong></span> 
     </span>
    </p>
   </div>
   <div class='ocr_carea' id='block_1_114' title="bbox 1898 5505 3501 5585">
    <p class='ocr_par' dir='ltr' id='par_1_114' title="bbox 1898 5505 3501 5585">
     <span class='ocr_line' id='line_1_115' title="bbox 1898 5505 3501 5585; baseline 0.004 -22"><span class='ocrx_word' id='word_1_886' title='bbox 1898 5507 2036 5571; x_wconf 79' lang='lat' dir='ltr'><strong>dem,</strong></span> <span class='ocrx_word' id='word_1_887' title='bbox 2062 5522 2179 5571; x_wconf 81' lang='lat' dir='ltr'><strong>cap.</strong></span> <span class='ocrx_word' id='word_1_888' title='bbox 2212 5505 2307 5574; x_wconf 72' lang='lat'><strong>23,</strong></span> <span class='ocrx_word' id='word_1_889' title='bbox 2341 5524 2459 5580; x_wconf 85' lang='lat' dir='ltr'><strong>pag.</strong></span> <span class='ocrx_word' id='word_1_890' title='bbox 2494 5505 2652 5581; x_wconf 76' lang='grc'><strong>894.)</strong></span> <span class='ocrx_word' id='word_1_891' title='bbox 2694 5507 2856 5566; x_wconf 85' lang='lat' dir='ltr'><strong>Prius</strong></span> <span class='ocrx_word' id='word_1_892' title='bbox 2882 5524 3015 5566; x_wconf 89' lang='lat' dir='ltr'><strong>vero</strong></span> <span class='ocrx_word' id='word_1_893' title='bbox 3043 5518 3318 5585; x_wconf 77' lang='lat' dir='ltr'><strong>auctorem</strong></span> <span class='ocrx_word' id='word_1_894' title='bbox 3345 5526 3501 5569; x_wconf 87' lang='lat' dir='ltr'><strong>suum</strong></span> 
     </span>
    </p>
   </div>
   <div class='ocr_carea' id='block_1_115' title="bbox 1896 5585 3504 5675">
    <p class='ocr_par' dir='ltr' id='par_1_115' title="bbox 1896 5585 3504 5675">
     <span class='ocr_line' id='line_1_116' title="bbox 1896 5585 3504 5675; baseline 0.003 -17"><span class='ocrx_word' id='word_1_895' title='bbox 1896 5601 2160 5658; x_wconf 86' lang='lat' dir='ltr'><strong>citaverat</strong></span> <span class='ocrx_word' id='word_1_896' title='bbox 2188 5600 2601 5657; x_wconf 87' lang='lat' dir='ltr'><strong>Callisthenem.</strong></span> <span class='ocrx_word' id='word_1_897' title='bbox 2636 5600 2839 5659; x_wconf 79' lang='lat' dir='ltr'><strong>Eadem</strong></span> <span class='ocrx_word' id='word_1_898' title='bbox 2856 5601 2926 5659; x_wconf 90' lang='lat' dir='ltr'><strong>de</strong></span> <span class='ocrx_word' id='word_1_899' title='bbox 2947 5585 3175 5669; x_wconf 85' lang='lat' dir='ltr'><strong>Sidone.</strong></span> <span class='ocrx_word' id='word_1_900' title='bbox 3195 5612 3358 5675; x_wconf 86' lang='lat' dir='ltr'><strong>atque</strong></span> <span class='ocrx_word' id='word_1_901' title='bbox 3381 5605 3504 5664; x_wconf 84' lang='lat' dir='ltr'><strong>aliis</strong></span> 
     </span>
    </p>
   </div>
   <div class='ocr_carea' id='block_1_116' title="bbox 1897 5695 3502 5777">
    <p class='ocr_par' dir='ltr' id='par_1_116' title="bbox 1897 5695 3502 5777">
     <span class='ocr_line' id='line_1_117' title="bbox 1897 5695 3502 5777; baseline 0.002 -25"><span class='ocrx_word' id='word_1_902' title='bbox 1897 5695 2344 5753; x_wconf 88' lang='lat' dir='ltr'><strong>inundationibus</strong></span> <span class='ocrx_word' id='word_1_903' title='bbox 2389 5696 2587 5754; x_wconf 78' lang='lat' dir='ltr'><strong>Strabo</strong></span> <span class='ocrx_word' id='word_1_904' title='bbox 2610 5706 2901 5777; x_wconf 86' lang='lat' dir='ltr'><strong>memorat,</strong></span> <span class='ocrx_word' id='word_1_905' title='bbox 2933 5712 3091 5769; x_wconf 89' lang='lat' dir='ltr'><strong>quem</strong></span> <span class='ocrx_word' id='word_1_906' title='bbox 3118 5698 3261 5755; x_wconf 88' lang='lat' dir='ltr'><strong>sicut</strong></span> <span class='ocrx_word' id='word_1_907' title='bbox 3288 5710 3342 5757; x_wconf 91' lang='lat' dir='ltr'><strong>et</strong></span> <span class='ocrx_word' id='word_1_908' title='bbox 3370 5698 3502 5757; x_wconf 90' lang='lat' dir='ltr'><strong>Ovi-</strong></span> 
     </span>
    </p>
   </div>
   <div class='ocr_carea' id='block_1_117' title="bbox 1898 5781 3503 5870">
    <p class='ocr_par' dir='ltr' id='par_1_117' title="bbox 1898 5781 3503 5870">
     <span class='ocr_line' id='line_1_118' title="bbox 1898 5781 3503 5870; baseline 0.001 -20"><span class='ocrx_word' id='word_1_909' title='bbox 1898 5793 2070 5859; x_wconf 90' lang='lat' dir='ltr'><strong>dium,</strong></span> <span class='ocrx_word' id='word_1_910' title='bbox 2103 5807 2400 5864; x_wconf 88' lang='lat' dir='ltr'><strong>rursusque</strong></span> <span class='ocrx_word' id='word_1_911' title='bbox 2424 5790 2689 5849; x_wconf 88' lang='lat' dir='ltr'><strong>Senecam</strong></span> <span class='ocrx_word' id='word_1_912' title='bbox 2722 5803 2777 5848; x_wconf 92' lang='lat' dir='ltr'><strong>et</strong></span> <span class='ocrx_word' id='word_1_913' title='bbox 2808 5793 3040 5848; x_wconf 89' lang='lat' dir='ltr'><strong>Plinium</strong></span> <span class='ocrx_word' id='word_1_914' title='bbox 3087 5781 3241 5870; x_wconf 86' lang='lat' dir='ltr'><strong>adire</strong></span> <span class='ocrx_word' id='word_1_915' title='bbox 3267 5793 3503 5867; x_wconf 91' lang='lat' dir='ltr'><strong>quilibet</strong></span> 
     </span>
    </p>
   </div>
   <div class='ocr_carea' id='block_1_118' title="bbox 1901 5883 3500 5963">
    <p class='ocr_par' dir='ltr' id='par_1_118' title="bbox 1901 5883 3500 5963">
     <span class='ocr_line' id='line_1_119' title="bbox 1901 5883 3500 5963; baseline 0.002 -19"><span class='ocrx_word' id='word_1_916' title='bbox 1901 5887 2044 5944; x_wconf 88' lang='lat' dir='ltr'><strong>haud</strong></span> <span class='ocrx_word' id='word_1_917' title='bbox 2073 5902 2219 5958; x_wconf 76' lang='lat' dir='ltr'><strong>:egre</strong></span> <span class='ocrx_word' id='word_1_918' title='bbox 2264 5887 2464 5958; x_wconf 87' lang='lat' dir='ltr'><strong>poterit</strong></span> <span class='ocrx_word' id='word_1_919' title='bbox 2511 5883 2743 5959; x_wconf 88' lang='lat' dir='ltr'><strong>(Strab.,</strong></span> <span class='ocrx_word' id='word_1_920' title='bbox 2786 5887 2925 5943; x_wconf 85' lang='lat' dir='ltr'><strong>lib.|</strong></span> <span class='ocrx_word' id='word_1_921' title='bbox 2968 5884 3184 5961; x_wconf 66' lang='grc' dir='ltr'><strong>(ἔωσι-η</strong></span> <span class='ocrx_word' id='word_1_922' title='bbox 3225 5906 3348 5963; x_wconf 88' lang='lat' dir='ltr'><strong>pag.</strong></span> <span class='ocrx_word' id='word_1_923' title='bbox 3394 5890 3500 5959; x_wconf 73' lang='lat'><strong>58;</strong></span> 
     </span>
    </p>
   </div>
   <div class='ocr_carea' id='block_1_119' title="bbox 1902 5968 3501 6053">
    <p class='ocr_par' dir='ltr' id='par_1_119' title="bbox 1902 5968 3501 6053">
     <span class='ocr_line' id='line_1_120' title="bbox 1902 5968 3501 6053; baseline -0.002 -15"><span class='ocrx_word' id='word_1_924' title='bbox 1902 5980 2084 6053; x_wconf 66' lang='lat' dir='ltr'><strong>Obiit,</strong></span> <span class='ocrx_word' id='word_1_925' title='bbox 2112 5980 2203 6038; x_wconf 86' lang='lat' dir='ltr'><strong>lib.</strong></span> <span class='ocrx_word' id='word_1_926' title='bbox 2236 5997 2303 6037; x_wconf 90' lang='lat' dir='ltr'><strong>xv</strong></span> <span class='ocrx_word' id='word_1_927' title='bbox 2338 5978 2664 6051; x_wconf 75' lang='lat' dir='ltr'><strong>Metamorplt</strong></span> <span class='ocrx_word' id='word_1_928' title='bbox 2692 5968 2709 6051; x_wconf 88' lang='lat'><strong>,</strong></span> <span class='ocrx_word' id='word_1_929' title='bbox 2738 5996 2910 6037; x_wconf 74' lang='lat' dir='ltr'><strong>versus</strong></span> <span class='ocrx_word' id='word_1_930' title='bbox 2928 5979 3031 6039; x_wconf 71' lang='grc'><strong>261</strong></span> <span class='ocrx_word' id='word_1_931' title='bbox 3063 5991 3261 6053; x_wconf 77' lang='lat' dir='ltr'><strong>etseq.;</strong></span> <span class='ocrx_word' id='word_1_932' title='bbox 3289 5981 3501 6053; x_wconf 66' lang='lat' dir='ltr'><strong>Serica,</strong></span> 
     </span>
    </p>
   </div>
  </div>
