3918 6424
433 408 541 466 “5

1704 403 2161 466 DISSERTATIO
2200 406 2484 467 PREVIA

3634 416 3729 473 444

430 526 522 582 lib.
554 526 668 593 cit.,
691 539 807 597 cap.
854 525 945 591 29,
977 540 1100 599 pag.
1129 523 1271 594 897;
1298 524 1469 595 Plin.,
1501 524 1590 581 lib.
1633 537 1694 591 tt.
1733 541 1851 596 cap.
1878 525 1949 581 95
1976 536 2022 581 et
2052 527 2106 589 Α
2131 526 2184 582 in
2216 527 2365 583 circo
2393 527 2584 584 leones
2614 527 2825 584 solutos
2868 528 3040 594 dedit,
3092 544 3217 585 cum
3264 529 3499 602 alioquin
3529 531 3723 601 alligati

430 621 519 687 94.
546 638 665 692 pag.
696 616 804 679 238
833 631 883 677 et
906 623 1064 693 ιαμ).

503 714 700 771 Verum
730 730 987 787 quanam,
1019 710 1229 788 rogabit
1273 708 1486 785 aliquis,
1520 714 1734 771 ratione
1763 712 2033 773 Arnobius

429 807 613 866 dicere
663 813 857 880 potuit.
893 810 1011 867 hzec
1030 826 1149 881 qum
1188 810 1256 865 de
1299 808 1567 865 Atlantica
1611 809 1786 864 insula
1826 814 2029 877 narrat,

430 916 555 961 ante
604 905 795 962 decem
844 905 1138 978 contigisse
1192 919 1453 960 annorum
1503 901 1709 959 millia?
1762 901 2034 974 Numquid

433 998 723 1071 ignorabat
750 1008 779 1053 a
808 998 1121 1053 ehristlanis
1152 998 1326 1052 multo
1368 998 1584 1052 brevius
1610 1013 1638 1051 a
1670 991 1851 1052 mundi
1880 1012 2035 1052 crea-

431 1093 583 1149 tione
611 1107 875 1147 annorum
906 1093 1139 1163 spatium
1169 1092 1495 1163 computari.
1540 1090 1646 1147 Sed
1682 1091 1841 1147 facile
1871 1093 2035 1147 solvi-

430 1194 517 1241 tur
546 1184 705 1255 hujus
731 1184 1068 1240 diﬂicultatis
1098 1185 1292 1241 nodus.
1315 1184 1432 1240 Non
1465 1184 1609 1238 enim
1643 1201 1794 1239 suam
1827 1184 1896 1240 ibi
1929 1186 2034 1239 Ar-

430 1278 649 1343 nobius,
678 1277 771 1333 sed
806 1276 1067 1346 Platonis,
1098 1279 1297 1334 ibidem
1319 1294 1347 1333 a
1376 1294 1435 1335 se
1462 1280 1632 1341 citati.
1661 1279 1887 1348 protulit
1912 1277 2033 1347 opi-

429 1364 673 1432 nionem.
704 1372 795 1437 qui
825 1372 1165 1439 sacerdotem
1194 1371 1387 1428 Soloni
1432 1373 1511 1426 sic
1543 1370 1851 1442 loquentem
1877 1369 2031 1425 indu-

424 1463 500 1517 cit
526 1462 727 1532 (Plato.
757 1466 810 1517 in
840 1461 1018 1528 Timw,
1052 1472 1173 1519 tom.
1206 1480 1283 1529 tu.
1335 1462 1577 1535 17:19.23)
1621 1487 1632 1521 ε
1675 1474 1774 1525 τῆς
1816 1469 1898 1519 καὶ
1952 1467 2031 1519 ἐν-

422 1555 535 1613 θάδε
566 1549 959 1630 δίακοσμήσεως
1007 1558 1129 1635 παρ’
1159 1561 1276 1633 ἡμῖν
1315 1560 1361 1613 ἐν
1410 1562 1519 1621 τοῖς
1543 1558 1692 1635 ἱεροῖς
1729 1562 2026 1634 γράμμασιν

423 1652 816 1725 οκτακισχιλίων
839 1654 960 1707 ἐτῶν
982 1654 1188 1728 ἀριθμὸς
1206 1656 1513 1729 γέγραπται.
1532 1657 1651 1727 περὶ
1686 1650 1740 1707 δὲ
1760 1659 1858 1707 τῶν
1883 1674 2026 1707 swa-

423 1741 758 1815 κισχὶλιαῖτη
782 1746 1056 1820 γεγονότων
1081 1746 1295 1800 πολιτῶν
1314 1768 1396 1800 σοι
1413 1743 1623 1803 δηλώσω
1653 1742 1737 1799 διὰ
1758 1744 2020 1820 βραχέων.

2135 622 2414 690 darentur,
2447 623 2513 677 ad
2560 622 2925 679 conficiendos
2951 636 3047 680 eos
3087 626 3267 680 missis
3296 640 3327 680 a
3358 641 3487 697 rege
3514 625 3721 680 Boccho

2132 714 2560 785 jacolatoribus?
2603 706 2736 770 Nam
2784 722 2841 771 et
2870 716 3181 788 Pompeium
3235 717 3466 786 primum
3500 718 3555 773 in
3585 718 3723 773 circo

2135 808 2550 879 elephantorum
2596 810 2965 883 duodeviginti
3018 828 3250 882 pugnam
3295 812 3553 878 edidisse.
3583 828 3722 869 com-

2138 902 2318 957 missis
2350 916 2499 957 more
2530 903 2698 972 praelii
2730 903 2903 958 noxiis
2938 905 3269 972 horninibus,
3300 905 3367 959 ad
3416 906 3580 959 ullam
3612 922 3721 961 rem

2137 994 2331 1050 bonam
2364 994 2633 1065 pertinet?
2662 995 2921 1067 Princeps
2942 997 3197 1062 civitatis,
3226 1008 3283 1051 et
3310 999 3454 1052 inter
3478 1000 3722 1068 antiquos

2138 1087 2429 1158 principes.
2461 1098 2518 1142 ut
2540 1088 2681 1144 fama
2704 1090 2943 1154 tradidit.
2973 1090 3231 1145 bonitatis
3254 1090 3493 1155 eximite,
3523 1104 3723 1146 memo-

2136 1178 2305 1233 rabile
2336 1184 2539 1250 putavit
2584 1182 2883 1252 spectaculi
2926 1196 3118 1252 genus.
3155 1198 3295 1237 novo
3322 1198 3473 1239 more
3502 1184 3725 1254 perdere

2136 1272 2402 1330 homines.
2468 1276 2805 1347 Depugnant,
2853 1289 3042 1345 parum
3073 1286 3192 1341 est;
3241 1276 3599 1339 lancinantur.
3632 1292 3723 1348 pa-

2135 1380 2253 1421 rum
2277 1375 2381 1423 est.
2413 1368 2618 1439 Ingenti
2651 1368 2798 1423 male
2818 1368 3132 1422 animalium
3181 1369 3523 1424 obteruntur.
3547 1370 3724 1426 Satius

2135 1467 2254 1513 erat
2301 1461 2400 1514 ista
2436 1465 2487 1515 in
2518 1454 2848 1516 oblivionem
2882 1462 2994 1524 ire;
3029 1474 3097 1514 ne
3138 1463 3260 1532 quis
3308 1474 3490 1533 postea
3536 1472 3725 1531 potens

2133 1551 2388 1614 disceret.
2426 1555 2797 1626 invideretque
2830 1557 2907 1611 rei
2942 1557 3163 1610 minime
3192 1557 3456 1611 humanae.
3492 1561 3537 1612 υ
3558 1574 3727 1628 quan-

2136 1653 2244 1700 tmn
2274 1646 2523 1717 ealiginis
2556 1649 2827 1702 mentibus
2858 1650 3107 1702 humanis
3136 1650 3322 1718 objicit
3348 1665 3536 1719 magna
3562 1652 3728 1708 felici-

2134 1739 2251 1791 tasl
2296 1737 2393 1793 Ille
2420 1753 2479 1793 se
2508 1753 2671 1809 supra
2703 1756 2882 1795 rerum
2917 1748 3163 1795 naturam
3194 1756 3315 1797 esse
3339 1749 3448 1795 tum
3477 1744 3724 1811 credidit,

422 1836 544 1892 Jam
574 1855 689 1893 vero
720 1851 1015 1893 nostrarum
1063 1849 1233 1891 rerum
1262 1848 1425 1893 status
1455 1840 1567 1903 quis
1593 1837 1717 1891 ulint
1749 1838 1903 1909 fuerit
1930 1853 2023 1890 att-
2056 1849 2102 1910 Β
2129 1840 2251 1885 cum
2278 1839 2353 1884 tot
2384 1834 2704 1887 miserorum
2731 1833 3009 1888 Hominum
3038 1845 3286 1890 catervas
3326 1836 3428 1889 sub
3449 1836 3560 1890 alio
3587 1838 3725 1893 caelo

428 1944 611 1984 norum
653 1941 766 1984 octo
814 1930 1034 1985 millium
1064 1930 1218 1985 series
1249 1931 1301 1984 in
1340 1928 1525 1983 nostris
1572 1931 1732 1983 sacris
1775 1929 1917 1984 libris
1946 1946 2026 1983 re-

424 2033 728 2078 censentur:
754 2039 932 2080 novent
958 2035 1127 2078 autem
1156 2022 1321 2078 millia
1344 2042 1598 2079 annorum
1619 2026 1821 2089 seriem,
1842 2024 2024 2094 quibus

428 2116 507 2171 illi
534 2118 754 2188 majores
784 2118 1085 2171 exstiterunt
1115 2117 1202 2170 tibi
1232 2100 1440 2171 breviter
1469 2116 1845 2171 demonstrabo.

497 2209 579 2263 Ex
620 2208 805 2263 mundi
848 2224 997 2276 vero,
1047 2225 1111 2264 ac
1157 2210 1496 2279 potissimum
1546 2207 1797 2264 Sodoma:
1836 2218 1889 2262 et
1919 2207 2026 2263 Go-

422 2301 662 2358 morrha:
711 2303 975 2359 incendiis
1022 2302 1385 2359 Tertullianus
1433 2302 1677 2358 ethnicos
1728 2302 2022 2373 redarguit,

419 2397 879 2467 quemadmodum
908 2413 1006 2454 suo
1047 2398 1168 2453 loco
1210 2397 1579 2453 ostendemus.
1612 2396 1723 2452 Nec
1756 2397 1919 2466 hujus
1943 2397 2023 2449 in-

418 2492 597 2547 cendii
626 2491 896 2564 .iosephus
920 2501 1132 2548 tantum
1182 2492 1514 2547 mentionem
1566 2491 1713 2557 fecit,
1761 2492 1854 2546 sed
1900 2490 2018 2559 ipse

417 2585 579 2639 etiam
631 2586 736 2653 his,
787 2594 845 2639 ut
890 2585 1125 2651 videtur,
1180 2584 1359 2638 verbis
1409 2582 1690 2638 Cornelius
1740 2583 2015 2639 Tacitus:

423 2696 441 2727 ι
475 2678 586 2749 Ego
607 2677 860 2734 Judaicas
882 2679 1156 2749 quondam
1186 2679 1350 2733 urbes
1383 2678 1503 2748 igne
1529 2677 1736 2733 ccclesti
1762 2678 2019 2748 ﬂagrasse

416 2772 778 2824 coacesserim
820 2790 839 2821 ι
876 2769 1233 2843 (Tertullian.,
1293 2768 1539 2840 Apolog.,
1582 2787 1696 2840 cap.
1729 2770 1821 2837 Μ),
1854 2781 1899 2824 ει
1927 2771 2017 2825 lib.

415 2860 478 2914 de
510 2859 677 2928 Pall.,
704 2880 819 2932 cap.
850 2862 919 2924 2:
954 2862 1195 2932 Joseph.,
1228 2862 1316 2915 lib.
1348 2878 1363 2916 ι
1394 2862 1643 2923 Antiquil.
1666 2861 1873 2926 Judai..
1898 2879 2015 2931 cap.

414 2954 505 3008 22.
553 2968 596 3009 et
643 2957 733 3011 lib.
785 2973 817 3009 ν
866 2959 928 3011 de
954 2956 1089 3012 Bell.
1116 2955 1353 3022 Judaic.,
1383 2973 1497 3025 cap.
1526 2958 1559 3011 5
1586 2973 1601 3021 ;
1636 2955 1829 3023 Tacit.,
1864 2955 1952 3009 lib.
1984 2974 2019 3012 v

415 3044 639 3114 Ηὶειονη
670 3058 783 3120 post
804 3049 918 3102 init.

2130 1924 2271 1977 natis
2307 1924 2498 1979 belluis
2524 1926 2807 1995 obiiceret,
2838 1942 2959 1983 cum
3005 1928 3204 1983 bellum
3238 1931 3372 1984 inter
3403 1938 3510 1984 tam
3540 1931 3725 2002 dispa-

2128 2016 2207 2070 ria
2238 2017 2488 2071 animalta
2519 2020 2907 2083 committeret,
2957 2034 3080 2074 cum
3131 2022 3183 2075 in
3214 2032 3504 2091 conspectu
3535 2024 3719 2094 populi

2127 2108 2358 2164 Romani
2381 2111 2609 2166 nmltum
2634 2116 2907 2184 sanguinis
2937 2113 3203 2181 funderet,
3238 2130 3360 2170 mox
3394 2117 3514 2185 plus
3543 2120 3719 2187 ipsum

2128 2202 2355 2257 fundere
2382 2214 2687 2259 coacturus.
2722 2223 2741 2256 ι
2781 2206 2833 2262 Si
2860 2207 2979 2275 quis
3021 2218 3193 2263 tamen
3224 2210 3519 2262 contendat
3547 2210 3723 2264 Arno-

2129 2295 2276 2350 bium
2326 2313 2433 2350 non
2480 2297 2549 2352 de
2601 2299 2723 2365 hoc,
2756 2299 2850 2355 sed
2893 2298 2960 2353 de
2998 2299 3258 2370 superiori
3296 2302 3576 2356 hominum
3598 2318 3723 2359 cum

2129 2388 2325 2443 belluis
2342 2392 2643 2445 certamine
2672 2406 2795 2447 esse
2826 2392 3253 2465 intelligendum,
3285 2393 3412 2449 huic
3443 2410 3550 2451 non
3579 2397 3725 2452 mul-

2127 2491 2237 2535 tum
2259 2484 2698 2554 repugnabimus.

2196 2575 2455 2632 Ultimum
2489 2593 2653 2647 porro
2678 2582 2965 2652 gentilium
3007 2591 3404 2653 argumentum,
3453 2598 3520 2639 ex
3546 2585 3728 2641 bello-

2124 2683 2241 2723 rum
2268 2668 2571 2741 frequentia
2606 2676 2855 2743 petitum,
2892 2675 3017 2730 inde
3042 2675 3216 2745 primo
3260 2677 3353 2731 ille
3404 2677 3564 2732 diluit
3596 2678 3726 2745 (Ar-

2122 2762 2266 2825 nob..
2300 2764 2451 2831 iib.‘l,
2484 2782 2601 2837 pag.
2638 2766 2716 2849 ἓξ),
2767 2769 2908 2838 quod
2957 2769 3199 2839 ingentes
3242 2771 3520 2827 hominum
3551 2776 3729 2844 copia:

2122 2871 2193 2909 ex
2228 2857 2493 2913 Atlantica
2526 2860 2699 2914 insula
2721 2874 3081 2933 emergentes,
3134 2863 3445 2919 innumeras
3476 2868 3730 2922 nationes

2121 2948 2548 3020 proﬂigaverint,
2598 2968 2660 3009 ac
2706 2954 3025 3011 deleverint.
3060 2955 3166 3011 Sed
3200 2956 3266 3012 de
3300 2957 3385 3013 his
3406 2959 3568 3029 paulo
3596 2972 3729 3018 ante

2119 3043 2378 3101 diximus.

485 3140 667 3212 Pergit
714 3144 1005 3212 Arnobius,
1050 3145 1233 3214 aitque
1279 3153 1405 3198 ante
1454 3142 1801 3209 christianos,
1837 3167 1860 3195 ‹
1890 3159 2012 3200 cum
2042 3168 2086 3230 ρ
2127 3229 2130 3230 ν
2190 3137 2437 3195 Secundo
2460 3142 2640 3211 itaque
2670 3144 2938 3199 Arnobius
2978 3144 3271 3214 gentilibus
3297 3144 3709 3218 objicit(lbid.)

413 3233 544 3289 fet-is
595 3233 773 3311 bella,
806 3246 858 3290 et
910 3236 1093 3311 prelis
1145 3251 1266 3289 cum
1319 3235 1564 3291 leonibus
1603 3245 1755 3303 gesta
1803 3248 1948 3292 sunt.
1989 3257 2009 3290 ι

412 3325 655 3399 (Arnob.,
681 3307 773 3381 tibi
796 3345 833 3396 ι,
866 3307 985 3401 pag.
1018 3328 1093 3399 5).
1129 3332 1197 3383 At
1230 3326 1299 3382 ibi
1327 3330 1375 3382 si
1406 3329 1473 3383 de
1525 3330 1747 3395 rra'liis,
1788 3347 1907 3402 qua:
1940 3333 2015 3385 in-

414 3430 618 3474 structo
640 3420 917 3475 hominum
948 3424 1217 3487 exercitu,
1249 3436 1372 3476 cum
1404 3419 1535 3476 feris
1557 3432 1614 3478 et
1642 3422 1839 3478 belluis
1864 3437 2017 3477 com-

412 3515 576 3568 missa
606 3514 844 3580 fuerunt,
874 3523 1066 3569 testem
1120 3514 1419 3581 desideres,
1454 3513 1549 3568 tibi
1572 3514 1637 3570 Α.
1671 3514 1879 3569 Gellius
1901 3516 2009 3569 cito

408 3604 557 3660 dabit
585 3603 949 3671 Tuberonem,
981 3607 1070 3676 qui
1103 3610 1381 3662 memoriae
1414 3606 1691 3663 mandavit
1741 3607 2006 3679 Regulum

409 3698 548 3769 apud
600 3698 896 3770 Bagradam
949 3698 1170 3756 ﬂuvium
1225 3701 1279 3754 in
1334 3700 1517 3755 Africa
1551 3702 1744 3771 positis
1764 3704 2006 3757 castris:

415 3808 435 3842 ι
471 3790 724 3848 Praelium
748 3795 955 3863 grande
980 3807 1141 3864 atque
1168 3810 1295 3850 acre
1334 3795 1524 3850 fecisse
1556 3792 1816 3850 adversus
1842 3812 2004 3850 unum

407 3895 715 3954 serpentem
769 3886 881 3941 illic
914 3887 1296 3954 stabulantem,
1341 3890 2005 3954 inusitaueimmanitatis,

406 3991 641 4047 eumque
670 3994 861 4049 magna
894 3982 1056 4037 totius
1083 3982 1357 4037 exercitus
1389 3982 1747 4046 conﬂictione.
1781 3984 2007 4038 ballistis

405 4082 567 4141 atque
598 4074 886 4141 catapultis
914 4074 1003 4128 diu
1035 4086 1427 4146 Oppugnatum,
1461 4078 1682 4148 ejusque
1734 4077 2005 4133 interfecti

404 4165 633 4232 corium,
686 4168 904 4235 longum
958 4168 1122 4238 pedes
1165 4178 1385 4225 centum
1441 4181 1496 4225 et
1540 4170 1727 4239 viginti
1777 4172 2003 4229 Romam

405 4259 620 4315 misisse
659 4280 679 4312 ι
715 4258 896 4332 (Gell.,
954 4263 1042 4318 lib.
1075 4278 1128 4319 vt
1170 4262 1326 4317 Nuct.
1386 4264 1568 4331 Attia,
1615 4281 1729 4337 cap.
1781 4268 1835 4333 5,
1881 4287 2002 4339 pag.

404 4352 558 4423 568).
619 4354 819 4410 Eadem
866 4370 929 4411 ex
979 4355 1131 4411 Livio
1181 4367 1365 4411 narrat
1414 4357 1661 4414 Valerius
1719 4360 2001 4432 Maximus,

404 4456 566 4515 atque
614 4448 775 4501 etiam
811 4447 1034 4516 Plinius,
1079 4450 1169 4521 qui
1217 4466 1329 4505 rem
1380 4460 1561 4507 notam
1612 4468 1736 4507 esse
1788 4457 2003 4522 asserit,

405 4538 531 4592 item
562 4540 790 4607 Seneca,
824 4540 1069 4607 Orosius,
1101 4540 1315 4611 Florus,
1369 4557 1425 4600 et
1466 4547 1556 4599 alii
1588 4544 1793 4617 (ναίον.
1831 4546 2004 4615 Mam,

392 4630 495 4686 lib.
524 4647 561 4699 ι,
619 4651 735 4703 cap.
770 4632 822 4693 8.
876 4634 902 4703 §
940 4636 1025 4701 l9,
1062 4652 1181 4707 pag.
1238 4638 1336 4702 77;
1386 4637 1557 4705 Plin.,
1594 4640 1683 4697 lib.
1729 4656 1821 4695 vm
1861 4639 2000 4696 Hist.

402 4736 601 4792 natur..
643 4744 758 4794 cap.
803 4728 887 4791 l4,
940 4728 1239 4799 pttg.155;
1291 4730 1500 4797 Scaea,
1543 4734 1693 4803 epist.
1742 4732 1832 4803 82,
1880 4752 1998 4806 pag.

404 4818 540 4884 £56;
577 4818 753 4887 0ros.,
784 4821 870 4875 lib.
903 4836 977 4888 tv,
1008 4838 1123 4891 cap.
1160 4822 1232 4886 8;
1271 4821 1441 4892 Flora,
1473 4825 1561 4880 lib.
1596 4842 1653 4893 tt,
1682 4844 1801 4895 cap.
1834 4827 1913 4901 ‘1).

476 4914 551 4968 At
577 4915 621 4967 si
654 4913 925 4968 Arnobius
948 4913 1015 4968 de
1054 4916 1443 4970 certaminibus
1470 4928 1613 4990 agat,
1657 4920 1853 4991 quibus
1893 4921 2007 4991 gla-

402 5007 642 5064 diatores
670 5020 725 5064 et
772 5008 996 5064 athleta:
1024 5024 1145 5064 cum
1166 5009 1414 5064 leonibus
1454 5024 1507 5067 et
1535 5012 1656 5071 aliis
1681 5013 1874 5071 belluis
1910 5031 2003 5084 pu-

403 5102 639 5174 gnaturi,
669 5104 720 5156 in
754 5115 975 5157 arenam
1004 5102 1433 5166 descendebant.
1462 5104 1530 5160 de
1566 5106 1630 5159 iis
1663 5105 1888 5161 forsitan
1920 5110 2002 5162 in-

403 5195 727 5268 telligendus
766 5206 871 5264 est,
922 5211 1155 5267 quorum
1204 5198 1512 5267 spectacula
1568 5199 1719 5271 Sylla
1760 5212 1815 5256 et
1844 5202 2003 5256 Pom-

403 5292 555 5361 peius
586 5291 786 5360 alitque
814 5290 1101 5347 dederunt.
1159 5294 1229 5345 At
1276 5300 1479 5363 printer
1516 5306 1601 5357 ea.
1650 5306 1771 5362 qua:
1811 5292 1879 5348 de
1920 5292 2005 5348 his

400 5385 729 5456 spectaculis
759 5384 885 5439 alibi
935 5386 1227 5454 attigimus,
1258 5385 1458 5440 videsis
1484 5384 1741 5454 Plinium,
1779 5387 2001 5442 Dionem

401 5476 671 5542 Cassium,
694 5487 858 5549 atque
890 5478 941 5532 in
966 5480 1159 5547 primis
1183 5476 1707 5549 SenecamtDissert.
1728 5480 1781 5533 in
1805 5480 2001 5535 Minae.

404 5570 611 5637 Oetam,
643 5588 761 5641 cap.
795 5571 850 5636 9.
883 5584 982 5625 art.
1017 5573 1084 5635 2;
1122 5571 1291 5640 Plin.,
1338 5573 1424 5628 lib.
1458 5588 1551 5628 vut
1607 5573 1797 5629 Natar.
1852 5577 2001 5643 bist.,

400 5684 517 5738 cap.
560 5667 641 5731 l6,
670 5683 788 5737 pag.
830 5665 965 5731 160;
998 5664 1100 5719 Dio
1129 5663 1299 5726 Cass..
1332 5666 1419 5721 lib.
1452 5683 1612 5722 χχχιχ
1647 5665 1785 5722 Hist.
1818 5668 2001 5735 Hann;

400 5761 609 5827 Senec.,
644 5762 725 5815 lib.
762 5762 824 5815 de
850 5759 1041 5816 Brevil.
1070 5771 1207 5827 vita.
1244 5778 1361 5825 cap.
1394 5762 1461 5817 13
1492 5772 1540 5816 et
1573 5764 1663 5827 Μ,
1694 5780 1809 5834 pag.
1845 5762 1994 5836 707),

400 5854 491 5924 qui
535 5853 672 5908 hanc
706 5854 1082 5910 crudelitatem
1127 5856 1205 5909 sic
1256 5859 1532 5926 exagitat:
1569 5876 1587 5908 ς
1621 5856 1757 5911 Num
1808 5869 1864 5911 et
1896 5858 1999 5914 hoc

409 5962 731 6019 quemquam
777 5963 971 6004 curare
1018 5950 1321 6019 permittas,
1355 5950 1494 6023 quod
1528 5951 1734 6023 primus
1761 5950 1818 6010 L.
1855 5953 2002 6025 Sylla

2121 3229 2264 3285 inter
2297 3235 2553 3304 Assyrios
2582 3245 2634 3290 et
2661 3236 2991 3303 Bactrianos,
3042 3237 3180 3292 Nino
3228 3249 3280 3291 et
3310 3236 3601 3294 Zoroastre
3624 3242 3729 3294 du-

2119 3323 2293 3389 cibus.
2328 3340 2433 3380 non
2463 3326 2608 3382 ferro
2640 3330 3010 3383 tantummodo
3029 3340 3083 3384 et
3106 3329 3332 3397 viribus,
3365 3330 3458 3384 sed
3492 3332 3731 3401 magicis

2119 3419 2281 3472 etiam
2318 3421 2525 3475 artibus
2553 3422 2740 3490 praelio
2766 3424 2891 3477 olim
2923 3424 3281 3477 decertatum.
3320 3429 3385 3476 At
3418 3426 3574 3477 testis
3624 3438 3731 3479 no-

2119 3512 2201 3567 bis
2224 3523 2305 3565 est
2326 3513 2590 3569 Eusebius
2615 3513 2957 3571 Zoroastren:
2983 3531 3196 3586 magum
3254 3530 3377 3571 tunc
3420 3516 3733 3572 Bactrianis

2113 3605 2435 3675 imperasse.
2482 3623 2602 3661 cum
2627 3610 2769 3677 apud
2816 3608 3067 3679 Assyrios
3098 3609 3264 3663 Ninus
3294 3618 3550 3680 regnaret
3580 3610 3733 3682 (Eu-

2111 3697 2238 3762 seb.,
2269 3698 2356 3751 lib.
2380 3715 2414 3753 x
2436 3697 2847 3771 Prwpnr.evang
2877 3742 2892 3767 ,
2922 3719 3036 3772 cap.
3070 3701 3124 3764 9.
3157 3719 3277 3773 pag.
3306 3704 3454 3772 ιδι).
3484 3701 3540 3756 ltt
3572 3704 3731 3763 illius

2110 3798 2290 3844 autem
2323 3790 2587 3845 Chronico
2640 3791 2773 3857 huic,
2809 3810 2929 3862 qua}
2960 3794 3024 3848 ad
3078 3808 3193 3849 rem
3224 3806 3465 3850 [matram
3511 3798 3731 3853 condu-

2112 3894 2237 3936 cere
2265 3883 2541 3949 videntur,
2571 3885 2733 3940 verba
2758 3886 2987 3956 legimus
3021 3904 3033 3939 :
3065 3906 3084 3939 ι
3125 3886 3445 3943 Zoroastres
3499 3906 3728 3961 magus,

2110 3988 2203 4029 rex
2252 3974 2688 4043 Bactrianorum,
2730 3980 2910 4032 clarus
2961 3980 3209 4046 habetur,
3253 3982 3520 4037 adversus
3552 4000 3726 4051 quem

2108 4064 2278 4120 Ninus
2304 4067 2598 4123 dimicavit.
2642 4089 2661 4121 ι
2701 4070 2856 4137 Quod
2885 4071 3104 4140 quidem
3130 4071 3292 4143 Tregi
3324 4073 3569 4144 Pompei,
3603 4076 3725 4134 Au-

2110 4159 2329 4229 gustini,
2362 4160 2694 4234 Hieronymi,
2731 4174 2783 4218 et
2811 4164 2987 4220 Orosii
3039 4168 3367 4221 auctoritate
3414 4172 3727 4223 cuntirma-

2111 4264 2197 4309 tur
2227 4253 2315 4327 (In
2348 4256 2575 4311 chronic.
2604 4258 2676 4311 ad
2699 4258 2923 4315 Annum.
2958 4260 3022 4322 7;
3052 4258 3238 4332 Trog.,
3268 4261 3359 4316 lib.
3385 4277 3433 4327 ις
3462 4263 3730 4335 August.,

2110 4350 2199 4405 lib.
2245 4367 2335 4406 nt
2376 4353 2438 4407 de
2465 4352 2642 4419 (linit,
2675 4371 2789 4424 cap.
2846 4355 2933 4423 H,
2986 4372 3108 4426 pag.
3149 4354 3634 4429 654;!1ieronynt.
3668 4360 3733 4415 in

2110 4462 2226 4517 cap.
2262 4463 2301 4501 ll‘
2322 4445 2485 4515 Ome,
2518 4457 2692 4503 uersus
2719 4448 2776 4518 2,
2805 4466 2927 4522 pag.
2958 4449 3119 4518 1251,
3160 4466 3276 4505 που.
3324 4451 3447 4506 edit.
3466 4469 3488 4518 ;
3535 4453 3731 4524 Orum,

2112 4538 2199 4592 lib.
2232 4555 2270 4606 ι,
2298 4556 2417 4610 cap.
2452 4540 2532 4615 4).

2182 4632 2569 4691 Verumtamen
2588 4634 2674 4690 his
2698 4636 2857 4706 plane
2897 4635 3173 4693 adversari
3202 4637 3415 4694 videtur
3442 4638 3735 4699 Diodorus

2111 4724 2346 4791 Siculus,
2380 4729 2471 4798 qui
2498 4730 2584 4786 ubi
2615 4730 2738 4786 Nini
2767 4732 3028 4787 adversus
3057 4732 3372 4788 Bactrianos
3402 4735 3734 4805 expeditio-

2111 4834 2235 4873 nem
2268 4820 2549 4889 describit,
2581 4824 2772 4879 horum
2819 4824 3011 4880 ducem
3070 4840 3175 4880 non
3217 4826 3590 4889 Zoroastren).
3617 4829 3733 4886 sed

2110 4913 2407 4985 Oxyartem
2437 4917 2669 4987 appellat
2724 4919 2965 4991 (Diodor.
2999 4920 3193 4986 Sicul.,
3238 4920 3327 4975 lib.
3359 4938 3393 4976 ll
3428 4921 3730 4991 Biblioth.,

2110 5024 2230 5078 pag.
2264 5008 2332 5064 66
2356 5021 2402 5062 et
2445 5009 2633 5081 ηιμ).
2690 5012 2896 5066 Deinde
2924 5027 3057 5067 vero
3101 5014 3235 5067 nihil
3283 5015 3439 5083 plane
3488 5019 3729 5087 magici,

2110 5116 2287 5171 neque
2319 5103 2521 5157 insoliti
2549 5118 2615 5158 eu
2640 5107 2691 5159 in
2718 5106 2905 5175 praelia
2950 5108 3353 5174 animadvertit,
3378 5109 3477 5164 sed
3503 5110 3744 5183 Oxyar-

2110 5196 2178 5251 tis
2204 5205 2408 5251 tantum
2434 5207 2606 5252 artem
2633 5208 2689 5255 et
2713 5201 3013 5266 solertiam.
3044 5218 3147 5273 qua
3172 5219 3293 5257 cum
3324 5215 3532 5271 partem
3555 5222 3742 5265 exer-

2106 5289 2246 5342 citus
2274 5287 2395 5343 Nini
2421 5290 2471 5345 itt
2504 5292 2761 5361 quasdam
2786 5294 3028 5349 locorum
3082 5299 3361 5369 angustias
3402 5303 3733 5369 pertraxis-

2107 5394 2209 5451 set.
2244 5385 2377 5440 inito
2406 5388 2720 5453 certamine,
2752 5388 2951 5460 iugavit
2990 5390 3192 5456 hostes,
3226 5403 3554 5465 centumque
3586 5398 3741 5453 mil-

2110 5478 2175 5531 lia
2208 5492 2273 5533 ex
2304 5478 2367 5533 iis
2402 5479 2619 5536 occidit.
2656 5479 2762 5537 Sed
2810 5482 2902 5538 ille
2958 5494 3143 5553 postea
3175 5501 3205 5540 a
3236 5486 3374 5541 Nino
3399 5488 3574 5542 victus
3601 5501 3740 5551 est.

2106 5572 2225 5629 Huc
2250 5575 2479 5643 accedit,
2515 5577 2655 5647 quod
2686 5576 2869 5647 plures
2899 5576 3101 5634 fuerint
3129 5582 3202 5635 uti
3228 5579 3454 5648 Plinius,
3489 5582 3741 5655 Suidas,

2106 5677 2158 5723 et
2188 5668 2277 5721 alii
2306 5670 2617 5737 observnm,
2647 5668 2951 5727 Zoroastris
2983 5675 3200 5729 nomine
3229 5678 3543 5746 nuncupati.
3579 5657 3746 5736 Scal

2109 5762 2246 5831 liger
2277 5771 2459 5817 autem
2480 5762 2680 5816 Laertii
2708 5765 3017 5820 testimonio
3041 5765 3270 5837 probare
3295 5778 3523 5823 conatur
3553 5768 3742 5839 (Sca-

2109 5857 2223 5926 lig.,
2250 5857 2303 5910 in
2326 5854 2515 5912 Chron.
2549 5856 2763 5927 Enseb.,
2789 5878 2911 5932 pag.
2941 5860 3056 5932 15),
3088 5875 3237 5927 cum,
3266 5863 3356 5932 qui
3382 5878 3571 5929 magns
3596 5868 3754 5939 luit,

2110 5946 2313 6013 Xerxe,
2348 5959 2508 6021 atque
2542 5951 2745 6009 idcirco
2774 5952 2913 6009 Nino
2937 5953 3099 6009 etiam
3150 5954 3333 6010 multis
3358 5957 3575 6013 sacculis
3595 5973 3757 6021 esse
