3918 6378
224 443 310 497 liii
1411 438 1476 495 IN
1518 436 1890 506 ARNOBIUM,
1930 440 2089 496 CAP.
2134 440 2221 496 Vl.

3384 444 3488 499 446

229 555 558 629 posteriorem.
608 552 817 611 Censet
858 563 1035 611 tamen
1083 554 1382 610 Cotelerius
1429 554 1773 610 Zoroastrem
1804 555 1857 615 Λ
1884 554 2111 624 populos
2162 554 2472 625 captivitate
2525 564 2580 611 et
2638 556 2861 611 servitio
2903 554 3255 627 subiugavit?
3316 554 3491 613 Nemo

227 664 408 719 magum
446 663 626 713 unum,
661 656 719 703 et
764 647 1011 703 eumdem
1062 650 1269 703 variato
1317 649 1536 704 nomine
1583 648 1776 717 fuisse,

225 758 277 798 ac
299 741 491 807 larum,
522 739 866 799 Nazaratum.
900 741 1207 807 Zabratum,
1260 741 1532 806 Zaratem,
1560 742 1775 807 Zarem,

223 835 503 899 Zoroadum,
533 846 585 888 et
608 834 873 890 Zaratlem
899 834 1109 904 (Cotel.,
1136 846 1242 889 not.
1268 836 1317 889 in
1339 836 1425 890 lib.
1460 852 1513 891 tv
1550 836 1775 906 Recogn.

227 927 388 992 Clem,
417 946 527 999 pag.
558 928 712 998 368).
749 929 820 982 De
865 928 1009 983 illius
1060 944 1187 984 vero
1230 939 1389 985 aetate
1442 931 1607 985 varia:
1657 941 1780 986 sunt

224 1022 492 1089 opiniones.
546 1021 805 1075 Eudoxus
851 1023 1053 1092 quippe
1105 1033 1159 1077 et
1207 1023 1549 1091 Aristoteles,
1611 1024 1782 1079 Plinio

224 1120 494 1178 aues-tante,
523 1113 675 1169 illum
696 1114 917 1169 Platone
944 1130 1035 1169 ses
1067 1116 1303 1170 millibus
1332 1132 1618 1183 annorum,
1649 1118 1780 1173 Her-

223 1205 439 1260 modotus
475 1207 613 1276 apud
645 1205 941 1273 Laertium,
970 1218 1022 1260 et
1050 1208 1369 1264 Plutarchus
1417 1210 1655 1281 Trojano
1685 1228 1778 1266 ex-

222 1300 341 1355 cidio
366 1300 590 1371 quinque
617 1316 881 1357 annorum
932 1302 1194 1370 millibus,
1245 1303 1456 1360 Xantus
1488 1322 1618 1362 vero
1639 1307 1780 1377 apud

218 1392 436 1447 eumdem
464 1392 731 1448 Laertium
762 1392 957 1450 Xerxis
1012 1396 1240 1451 transitu
1294 1399 1451 1452 annis
1509 1402 1782 1456 sexcentis

219 1486 528 1539 retustiorem
575 1485 736 1541 fuisse
769 1486 1118 1555 prodiderunt
1163 1489 1357 1562 (Plin.,
1391 1491 1481 1545 lib.
1512 1508 1616 1546 xxx
1644 1491 1774 1549 Nat.

216 1574 340 1639 ἡξει..
379 1592 487 1647 cap.
528 1577 582 1640 1,
634 1593 753 1648 pag.
792 1578 926 1640 725;
978 1578 1277 1647 Plutarclu,
1322 1581 1411 1637 lib.
1457 1586 1521 1637 de
1564 1583 1699 1638 Isid.
1735 1594 1779 1638 cl

218 1663 410 1729 Osiride,
438 1678 561 1722 tom.
594 1683 654 1733 tt,
683 1686 806 1741 pag.
829 1668 963 1737 569;
1018 1669 1216 1737 Laert.,
1247 1691 1466 1745 praem,
1500 1675 1527 1747 §
1555 1677 1634 1744 ‘2).
1669 1676 1777 1731 Sed

214 1756 312 1813 hac
328 1760 629 1829 opinionum
652 1762 941 1819 diversitas
964 1764 1284 1836 Eusebium,
1318 1770 1701 1839 Augustinum,
1724 1783 1778 1827 et

1882 648 2027 701 etaim
2081 656 2198 712 est,
2255 647 2348 718 qui
2379 646 2461 701 his
2512 648 2694 703 verbis
2739 648 3079 715 designatum
3140 663 3247 703 non
3294 663 3482 718 agnos-

1882 751 1968 793 cat
2040 740 2410 795 Alexaudrmn
2473 757 2759 811 magnotu,
2829 751 2886 794 ut
2953 741 3240 810 Augustini
3307 740 3490 797 verbis

1884 840 2132 896 utamur,
2186 852 2204 883 ‹
2259 831 2856 893 muniﬁcentissimam.
2902 834 3232 903 minimeque
3274 833 3489 887 diutur-

1884 939 2030 990 nam,
2062 924 2241 994 «ejus:
2274 929 2591 993 potentiam,
2617 942 2718 994 qua
2746 926 3054 980 universam
3084 926 3293 990 Asiam,
3325 928 3490 979 immo

1885 1031 2023 1085 pene
2054 1028 2224 1071 totum
2254 1020 2441 1072 urbem
2477 1020 2670 1088 partim
2722 1019 2770 1072 vi
2812 1028 2867 1072 et
2904 1020 3100 1081 armis,
3134 1019 3330 1088 partim
3376 1027 3485 1072 ter-

1885 1126 2009 1164 rore
2054 1111 2343 1182 subegerat
2380 1133 2396 1163 ι
2435 1112 2654 1184 (Arnob.
2683 1154 2696 1174 .
2738 1113 2831 1167 lib.
2880 1129 2932 1174 ι,
2970 1130 3089 1181 pug.
3125 1112 3187 1173 5;
3226 1113 3445 1184 August.
3469 1156 3485 1179 ,

1887 1203 1972 1257 lib.
2022 1220 2150 1260 svnt
2189 1206 2253 1259 de
2291 1203 2440 1260 Civit.
2474 1224 2593 1275 cap.
2636 1207 2743 1269 42,
2804 1224 2923 1277 pag.
2959 1204 3110 1277 521i).
3151 1207 3225 1261 De
3261 1206 3356 1261 illo
3395 1221 3491 1259 au-

1886 1309 1994 1353 tem
2050 1309 2246 1369 prteter
2296 1300 2433 1354 alios
2482 1299 2703 1370 plures.
2738 1298 3019 1353 Plutarchi
3065 1298 3131 1353 de
3186 1299 3330 1353 illius
3376 1310 3489 1354 tum

1886 1390 1991 1444 vita
2046 1401 2156 1445 tum
2208 1390 2460 1458 [οτιυιιειι
2509 1394 2721 1446 Arriani
2753 1434 2766 1455 ,
2821 1391 2890 1445 de
2936 1392 3055 1459 eius
3104 1377 3487 1461 expeditione,

1884 1495 1941 1539 et
1995 1485 2178 1553 Quinti
2219 1486 2385 1540 Curtii
2436 1487 2505 1541 de
2548 1487 2715 1555 ipsius
2756 1486 2997 1539 historiis
3045 1486 3165 1539 libri
3219 1487 3491 1555 praecipue

1887 1578 2096 1647 legendi
2129 1590 2275 1633 sunt.
2321 1580 2455 1635 Deui
2478 1595 2563 1648 ιυθ
2596 1580 2822 1633 Romani
2846 1621 2861 1644 ,
2911 1582 2982 1632 ait
3024 1580 3335 1645 Arnobius,
3364 1588 3492 1634 ante

1881 1681 2063 1729 natum
2110 1668 2385 1725 Christum
2435 1674 2681 1725 nationes
2712 1686 2905 1725 oinnes
2949 1681 3263 1733 vastarunt,
3311 1681 3364 1724 et
3392 1671 3487 1725 de-

1883 1764 2125 1833 pOpulati
2165 1775 2290 1818 sunt
2312 1765 2567 1837 (Aruob.,
2602 1765 2693 1817 lib.
2726 1782 2776 1827 ι,
2811 1782 2929 1836 pug.
2966 1764 3041 1833 5).

213 1848 587 1925 Hieronymum,
618 1858 693 1910 uti
723 1856 978 1922 vidimus,
1014 1874 1121 1912 non
1166 1859 1458 1929 prohibuit,
1485 1865 1776 1933 quominus
1809 1873 1855 1933 Β
1954 1857 2058 1912 Sed
2087 1869 2142 1910 ut
2174 1860 2419 1913 insanam
2455 1858 2668 1911 illorum
2704 1858 2962 1911 ferociam
2993 1857 3175 1911 adhuc
3220 1858 3486 1926 reprime-

211 1947 423 2002 .‘lrnobio
451 1960 638 2005 nostro
668 1949 1113 2022 suﬂ'ragarentur.
1147 1953 1341 2009 Suidas
1371 1972 1530 2026 porro
1583 1972 1778 2014 secun-

213 2038 317 2095 dum
344 2040 679 2100 Zoroastrem
711 2056 1084 2101 astronontum
1114 2048 1253 2103 Nino
1306 2064 1546 2105 cowvum
1596 2054 1779 2108 existi-

208 2142 300 2186 mat
336 2133 528 2203 (Suid.,
580 2137 651 2191 ad
694 2137 898 2191 verbum
945 2139 1331 2217 Ζωροάστρης).
1392 2143 1529 2210 Quid
1583 2147 1775 2200 tuirum

209 2234 361 2279 autem
393 2227 435 2282 si
462 2230 505 2282 is
529 2245 741 2300 magus,
768 2233 934 2286 immo
960 2246 1013 2287 et
1048 2234 1257 2304 magiae,
1292 2237 1364 2288 uti
1389 2238 1559 2299 aiunt,
1594 2237 1779 2293 iuven-

208 2326 294 2379 tor.
333 2334 362 2373 a
407 2322 654 2391 plurimis
710 2334 827 2379 arte
883 2326 1086 2396 magica
1138 2328 1399 2384 adversus
1442 2327 1640 2384 Ninum
1678 2347 1774 2401 pu-

206 2424 372 2477 gnasse
410 2412 657 2470 dicatur?

265 2498 323 2556 Ut
346 2512 398 2557 ut
429 2506 521 2571 sit,
553 2507 689 2562 nulli
734 2507 955 2563 dubium
986 2510 1120 2566 illud
1152 2528 1274 2569 esse
1307 2524 1502 2584 potest,
1532 2517 1675 2587 quod
1703 2518 1770 2573 ad

203 2595 527 2653 coniutandos
572 2601 808 2670 gentiles
856 2607 1050 2659 asserit
1095 2608 1400 2670 Arnobius,
1431 2612 1618 2665 multis
1647 2627 1774 2668 ante

202 2682 519 2775 christianam
544 2692 865 2764 religionem
895 2696 1113 2753 saeculis
1150 2711 1301 2770 gesta
1326 2699 1493 2758 fuisse
1520 2703 1775 2775 Assyrios

205 2774 325 2833 inter
350 2792 403 2835 et
423 2781 743 2840 Bactrianos
773 2788 909 2843 bella
940 2804 1004 2844 ac
1036 2792 1244 2861 praelia.

257 2870 358 2930 Nec
394 2877 574 2933 minus
600 2890 815 2936 constat
861 2881 1154 2952 Trojanum
1182 2884 1384 2940 bellum
1415 2887 1575 2957 longe
1611 2891 1773 2945 etiam

199 2974 333 3021 antea
361 2971 693 3037 confectum,
727 2974 798 3029 ob
821 2975 1060 3041 Helenae,
1108 2980 1281 3048 inquit
1325 2991 1515 3035 anetor
1570 2995 1773 3048 noster,

198 3054 281 3112 diis
297 3058 502 3117 ducibus
531 3076 689 3133 atque
718 3067 1086 3137 impulsoribus
1109 3082 1319 3139 raptum
1353 3073 1592 3143 (Arnob.,
1627 3075 1714 3130 lib.
1736 3093 1772 3144 ι,

1886 1959 2000 2016 ret,
2043 1951 2111 2004 ab
2142 1952 2270 2020 ipsis
2294 1960 2416 2020 post
2443 1950 2839 2005 'l‘ertulhauutn
2873 1951 3148 2020 postulat,
3197 1966 3322 2003 num
3366 1950 3490 2021 quis

1883 2058 2080 2113 negare
2112 2044 2280 2117 possit
2315 2052 2433 2113 post
2466 2044 2665 2099 Christi
2715 2056 2946 2098 mortem
2988 2044 3268 2098 imminuta
3313 2045 3483 2100 fuisse

1886 2140 2021 2194 bella
2051 2179 2088 2203 ,.
2118 2153 2179 2192 ac
2227 2139 2420 2193 mediis
2448 2155 2569 2208 quae
2615 2153 2800 2210 postea
2856 2137 3066 2194 ﬂuxere
3109 2138 3448 2207 temporibus
3473 2180 3488 2203 ,

1888 2230 2318 2297 innumerabiles
2363 2244 2666 2301 reportatas
2710 2233 2996 2299 victorias,
3047 2232 3290 2301 prolatos
3319 2231 3492 2301 impe-

1886 2328 1953 2382 rii
1986 2330 2152 2391 lines,
2197 2337 2509 2397 tantamque
2562 2327 2730 2381 fuisse
2773 2342 3007 2381 annona:
3062 2326 3485 2393 abundantiam,

1883 2430 1940 2475 ut
1987 2436 2105 2475 eam
2161 2434 2354 2475 omnes
2405 2420 2653 2474 admirati
2700 2420 3083 2488 obstupuerint
3140 2418 3486 2490 (Tertullian.

1881 2514 2125 2583 Apolog.,
2158 2530 2274 2582 cap.
2300 2512 2333 2566 4
2355 2554 2367 2576 ,
2403 2522 2447 2565 et
2475 2513 2538 2565 de
2566 2511 2738 2565 Pallio
2758 2554 2771 2577 ,
2802 2529 2919 2581 Cltp.
2960 2512 3025 2576 ‘2;
3050 2511 3267 2577 Arnob.,
3314 2513 3404 2567 lib.
3440 2529 3487 2578 ι,

1880 2629 1932 2679 p.
1967 2610 2042 2682 9).
2090 2609 2283 2665 Nonne
2312 2610 2478 2664 etiam
2522 2609 2655 2663 alias
2698 2609 3045 2671 innumeras,
3088 2587 3487 2680 inquii(lbid.,

1880 2723 1999 2775 pag.
2039 2706 2133 2775 6),
2170 2704 2560 2774 proSperitates
2598 2702 2975 2771 secundusque
3019 2712 3245 2755 eventus
3288 2701 3491 2755 Christi

1880 2796 2091 2866 legibus
2134 2797 2502 2863 institutisque
2543 2794 2840 2857 debemus,
2894 2793 3092 2863 quibus
3143 2793 3347 2847 malum
3393 2808 3491 2861 pro

1881 2890 2024 2945 malo
2052 2890 2273 2957 rependi
2313 2888 2660 2959 prohibetur,
2707 2902 2768 2940 ac
2816 2887 3129 2955 prgecipttur
3180 2884 3360 2938 illatas
3407 2885 3490 2940 in-

1876 2981 2050 3053 jurias
2098 2983 2365 3052 patienter
2394 2980 2526 3034 ferri
2555 3022 2569 3046 ,
2614 2993 2883 3046 suumque
2917 2981 3121 3046 potius.
3158 2992 3317 3045 quam
3349 2975 3484 3030 alie-

1883 3090 2011 3129 nqu
2073 3073 2301 3129 fundere
2370 3074 2731 3143 sanguinem?
2789 3070 2919 3125 Tam
2978 3070 3172 3124 falsum
3228 3086 3357 3139 ergo
3408 3080 3491 3124 est

196 3164 299 3218 P09.
327 3152 699 3224 5).Sedillud
751 3159 969 3215 uberius
999 3162 1068 3215 ab
1113 3164 1415 3233 Augustino
1437 3171 1769 3235 eitpositum,
1805 3192 1849 3252 ρ
1882 3169 2205 3223 christianos
2264 3168 2597 3236 publicarum
2651 3168 3017 3220 calamitatum
3084 3179 3205 3219 esse
3264 3177 3488 3217 causam

197 3261 357 3306 multra
399 3256 626 3311 eosdem
679 3256 927 3314 ethnicos
981 3261 1093 3329 pari
1145 3272 1306 3332 atque
1333 3264 1517 3319 abillo
1568 3266 1778 3322 ratione

196 3354 389 3411 urgetur
436 3345 710 3419 (August,
744 3348 833 3402 lib.
864 3366 922 3405 ιιι
950 3351 1015 3405 de
1051 3352 1225 3421 Civit.,
1258 3373 1375 3425 cap.
1410 3355 1446 3411 2
1477 3368 1522 3410 et
1563 3360 1617 3425 5,
1652 3377 1772 3430 pag.

199 3431 255 3489 60
277 3448 318 3489 et
339 3435 447 3510 61).
478 3439 698 3496 Nemini
723 3458 884 3513 porro
904 3459 1024 3499 cum
1053 3446 1169 3501 ha-c
1192 3448 1370 3517 ignota
1397 3464 1519 3505 esse
1552 3464 1771 3521 queant,

192 3538 331 3597 atque
356 3532 424 3589 ab
439 3533 683 3591 Homero
711 3537 937 3608 aliisque
958 3555 1120 3610 quam
1144 3542 1389 3611 plurimis
1420 3546 1776 3612 scriptoribus

196 3621 469 3690 tradantur,
507 3628 682 3683 iusius
706 3631 981 3701 prosequi,
1014 3647 1476 3705 supervacaneum
1508 3650 1611 3694 est.

247 3714 381 3773 Nulli
433 3736 655 3792 quoque
711 3723 1111 3795 incompertum
1167 3738 1249 3782 est
1290 3729 1490 3785 Xerxis
1515 3732 1775 3789 adversus

191 3805 384 3865 Grmcos
412 3812 642 3882 bellum,
675 3815 817 3885 quod
842 3818 1116 3873 Arnobius
1164 3821 1409 3890 posthaec
1438 3824 1627 3880 iisdem
1655 3827 1773 3881 eth-

188 3899 305 3955 nicis
332 3905 530 3960 merito
558 3905 818 3976 objectat.
849 3907 985 3963 Cum
1015 3926 1146 3966 vero
1196 3913 1326 3967 illttd
1365 3913 1573 3971 Xerxes
1610 3917 1778 3972 illatu-

188 4005 265 4044 rus
282 4003 443 4063 esset,
472 3998 543 4055 ab
569 3998 768 4055 eodem
804 4002 1046 4058 Arnobio
1071 4004 1269 4060 dicitur
1300 4023 1439 4060 mare
1487 4010 1635 4063 terris
1680 4011 1778 4064 im-

186 4085 379 4151 misisse,
424 4089 681 4159 perfosso
730 4093 983 4148 nimirum
1016 4107 1198 4151 monte
1248 4098 1409 4160 Atho,
1440 4110 1486 4153 et
1524 4103 1776 4172 gressibus

188 4182 455 4238 tramisisse
484 4186 656 4240 maria
701 4186 948 4256 (Arnob.,
994 4190 1083 4245 lib.
1113 4208 1151 4258 ι,
1185 4208 1306 4263 pag.
1339 4193 1418 4266 5).
1449 4194 1581 4264 Qum
1605 4196 1774 4253 Luca-

182 4283 269 4325 nus
289 4273 368 4329 bis
388 4278 644 4332 versibus
673 4279 873 4335 cecinit
897 4300 910 4334 :

259 4386 398 4465 Ides
416 4392 549 4465 tanta
575 4399 709 4465 canit
732 4400 971 4465 tumidum
994 4411 1146 4461 super
1170 4414 1365 4465 aequora
1390 4400 1612 4455 Xerxem

256 4451 604 4527 Construxisse
625 4461 744 4527 vias.
762 4460 968 4527 multum
993 4451 1103 4511 cuin
1125 4451 1359 4527 pontibus
1372 4451 1521 4517 ausus

258 4512 619 4593 Europamque
637 4512 790 4593 Asiae,
815 4524 1097 4593 Sestonque
1120 4512 1551 4593 admovitjbido,

261 4575 569 4659 {gregique
595 4575 789 4659 fretum
804 4587 958 4649 rapidi
983 4575 1135 4659 δίψει
1161 4575 1492 4659 Ηριιεέιὶὀᾰίξίζ

260 4638 997 4722 ambierant,Zephyruiitgue
1022 4638 1225 4712 timens,
1244 4638 1362 4704 cuni
1377 4638 1492 4704 rei;
1508 4665 1743 4722 ratesque

261 4700 314 4753 In
333 4710 555 4759 medium
572 4700 804 4760 deferret
824 4700 1007 4762 Ath'on'.

635 4791 865 4856 (Lucam,
889 4792 974 4847 lib.
991 4811 1024 4845 ιι
1049 4796 1306 4860 Pharsal.,
1321 4808 1433 4852 ante
1454 4801 1646 4869 ﬁnem).

237 4917 457 4981 Brevius
488 4924 859 4997 Hieronymus
890 4946 903 4982 :
939 4946 957 4981 t
997 4928 1206 4986 Xerxes
1234 4933 1323 4988 ille
1364 4950 1461 4989 rex
1502 4939 1773 5004 potentis-

174 5010 356 5080 simus,
399 5019 496 5090 qui
518 5019 788 5075 subvertit
806 5032 1041 5085 montes.
1068 5028 1233 5079 maria
1257 5031 1573 5085 constravit.
1607 5051 1626 5083 ι
1658 5032 1765 5089 Sed

175 5103 234 5195 tle
256 5105 336 5164 his
367 5112 527 5181 plura
571 5111 910 5183 Herodotus,
949 5116 1214 5173 Diodorus
1240 5114 1490 5188 Siculus,
1520 5124 1727 5182 Plinius
1748 5169 1764 5195 ,

167 5193 390 5258 Justinus
446 5204 781 5273 historicus,
834 5206 1150 5276 Juvenalis,
1192 5224 1247 5267 et
1294 5212 1383 5267 alii
1435 5193 1764 5291 (Hieroym.,

172 5294 301 5359 epist.
342 5296 414 5352 ad
472 5297 793 5365 Heliadum,
849 5320 973 5374 pag.
1023 5304 1160 5371 275;
1199 5305 1486 5378 llerodot.,
1523 5310 1612 5367 lib.
1657 5329 1763 5380 vn,

173 5382 320 5457 519,
378 5399 433 5447 et
475 5407 659 5463 ωαψς
709 5390 965 5462 Dicdum,
1009 5398 1099 5452 lib.
1133 5414 1171 5452 ιι
1212 5398 1501 5470 Bibliotlt.,
1553 5423 1606 5475 ρ.
1657 5406 1767 5463 245

171 5490 211 5530 ιι
249 5499 435 5556 quq.;
507 5486 687 5557 Plin.,
744 5488 836 5546 lib.
884 5507 936 5546 tv
999 5491 1143 5548 Hist.
1202 5507 1420 5563 natura,
1481 5516 1599 5571 cap.
1672 5503 1763 5571 ‘10,

173 5590 278 5648 pag.
338 5582 478 5649 £35;
532 5582 780 5654 Justin.,
857 5585 948 5643 lib.
1004 5604 1080 5657 tt;
1124 5587 1415 5660 Juvenal.,
1459 5596 1608 5650 satir.
1661 5596 1763 5665 10,

174 5683 289 5728 Im.
318 5675 426 5733 1·Ιὸ
460 5690 507 5734 ιι
534 5695 679 5751 seqq.
699 5680 746 5753 ).

232 5765 326 5825 Cui
350 5774 521 5830 etiam
572 5786 765 5833 notum
810 5779 1274 5854 manifestumque
1311 5783 1442 5842 illud
1491 5802 1598 5843 non
1644 5798 1766 5857 est,

174 5862 297 5929 quOd
343 5864 617 5926 Arnobius
657 5871 940 5944 subjungit
989 5892 1003 5928 :
1058 5896 1077 5929 ‹
1136 5876 1210 5932 Ex
1260 5878 1590 5937 Macedonia:
1642 5882 1767 5938 lini-

176 5947 263 6009 ιω
320 5971 462 6013 unus
511 5973 733 6023 exortus
813 5964 1173 6037 adolescens,
1214 5970 1449 6031 Orientis
1490 5989 1655 6045 regna
1710 5986 1767 6035 et

1799 4504 1852 4565 D

1882 3279 2042 3335 quam
2109 3264 2411 3317 certissime
2486 3270 2703 3317 constat
2759 3276 2851 3316 cas
2898 3260 3276 3321 ethnicorum,
3330 3271 3486 3317 com-

1881 3358 2155 3413 meutitios
2204 3356 2339 3412 deos
2374 3356 2670 3411 colentium
2699 3398 2714 3423 ,
2767 3356 3028 3426 itupietati
3079 3362 3333 3426 acceptas
3367 3355 3489 3424 jure

1883 3450 2232 3504 meritissimo
2264 3449 2475 3505 referri.

1953 3544 2105 3610 Quod
2142 3543 2361 3615 quidem
2398 3554 2453 3597 et
2482 3542 2607 3596 inde
2633 3541 2811 3597 adhuc
2838 3541 3119 3596 evidenter
3142 3540 3489 3595 demonstra-

1885 3650 1992 3705 tur,
2038 3639 2161 3709 quia
2206 3638 2397 3692 iisdem
2429 3637 2662 3692 ethnicis
2707 3653 2815 3690 non
2864 3636 3039 3689 solum
3088 3650 3250 3689 verus
3306 3635 3488 3701 Deus,

1882 3733 1977 3787 sed
2030 3734 2245 3802 ipsimet
2293 3732 2507 3786 illorum
2547 3732 2618 3785 dii
2665 3730 2949 3799 despectui
2991 3742 3312 3796 summeque
3355 3727 3493 3781 ludi-

1881 3826 2005 3881 brio
2036 3837 2192 3880 erant
2220 3824 2547 3896 (Ibid.,pag.
2581 3825 2650 3879 1ῖὶ
2683 3833 2729 3877 et
2756 3823 2944 3895 scim).
2981 3822 3257 3878 Mortalem
3292 3821 3493 3891 quippe

1882 3919 1957 3972 uti
1989 3917 2125 3972 infra
2181 3926 2301 3987 post
2343 3917 2639 3970 Arnobiom
2683 3916 3021 3982 videbimus,
3074 3928 3265 3968 eorum
3314 3923 3492 3967 ortum

1882 4011 2183 4075 adulteria,
2232 4011 2449 4080 aliaque
2501 4010 2552 4063 in
2600 4009 2910 4062 hominibus
2942 4023 3047 4060 non
3082 4007 3362 4060 toleranda
3397 4006 3493 4060 l‘la-

1882 4106 2013 4177 gitia
2053 4120 2117 4159 ac
2162 4104 2389 4159 crimina
2429 4103 2770 4173 impudenter
2811 4102 3169 4171 prmditcaittes
3197 4144 3210 4165 ,
3248 4115 3353 4155 non
3400 4119 3493 4171 p0-

1879 4208 2057 4255 terant
2102 4208 2186 4253 sat
2226 4198 2479 4267 gravibus
2520 4197 2732 4268 paanis,
2776 4207 2937 4267 atque
2986 4196 3380 4251 calamitatibus
3424 4196 3494 4251 ab

1879 4294 1945 4348 iis
1992 4293 2191 4362 puniri.
2243 4291 2351 4347 Sed
2401 4292 2470 4347 de
2523 4290 2607 4347 his
2669 4289 2972 4346 audiendus
3028 4295 3190 4347 etiam
3235 4290 3340 4344 erit
3392 4303 3492 4345 suo

1879 4386 2000 4443 loco
2026 4384 2414 4442 Tertullianus.

2478 4539 2778 4580 Αιιτιουιυε
2818 4539 2890 4578 ιν.

1878 4658 2228 4720 Respondetur
2250 4658 2465 4707 ethnicis
2488 4658 2853 4708 sciscitantibus
2868 4669 2980 4720 quae
3005 4654 3241 4706 malorum
3271 4670 3377 4706 sn'e
3403 4671 3493 4719 pu-

1940 4720 2176 4771 blicarum
2204 4722 2538 4784 calamitatum
2558 4722 2625 4784 sit
2648 4734 2811 4784 causa,
2832 4735 2887 4769 ac
2909 4720 3144 4784 probatur
3170 4720 3375 4784 illiquod
3399 4723 3484 4784 uni

1942 4785 2142 4843 bonum,
2171 4783 2317 4833 alteri
2343 4796 2455 4832 esse
2476 4782 2673 4839 malum,
2700 4780 2981 4844 frustraque
3025 4780 3169 4843 nbjici
3198 4780 3353 4832 victos
3368 4781 3490 4831 Ale-

1940 4860 2159 4907 mannos,
2186 4846 2314 4896 l'ame
2340 4851 2544 4895 necatos
2583 4844 2809 4903 Catulos,
2852 4844 3243 4907 etr'l'ingituuog
3286 4856 3488 4907 promer

1941 4906 2234 4959 christianos
2256 4922 2367 4957 cum
2394 4910 2470 4957 eis
2491 4908 2789 4963 habitantes,
2826 4906 3081 4970 multoque
3120 4906 3387 4957 absurdius
3406 4922 3486 4958 as-

1938 4975 2037 5021 seri
2072 4972 2192 5022 deos
2214 4972 2393 5021 iisdem
2419 4971 2704 5019 christianis
2738 4972 2891 5019 fuisse
2932 4970 3099 5028 iratos,
3135 4983 3186 5019 et
3220 4970 3312 5019 hoc
3347 4984 3489 5019 men-

1940 5036 2135 5084 dacium
2157 5049 2185 5084 a
2208 5033 2502 5098 quibusdam
2542 5033 2938 5083 mendicantibus
2972 5033 3187 5088 ethnicis
3228 5046 3343 5084 esse
3368 5049 3487 5083 con-

1938 5097 2099 5147 lictutn
2108 5136 2118 5146 .

1947 5227 2021 5282 Ea
2050 5236 2168 5281 erat
2190 5225 2530 5281 ethnicorum
2553 5225 2770 5282 creeitas
2794 5270 2808 5292 ,
2840 5237 2899 5281 ut
2926 5227 3171 5298 quamvis
3203 5226 3332 5281 deos
3356 5239 3486 5281 suos

1875 5308 2231 5376 maximorum
2280 5317 2567 5373 criminum
2606 5336 2730 5374 reos
2759 5322 2934 5390 palam
2986 5331 3484 5389 asseveranterque

1870 5424 2125 5485 agerent.
2175 5426 2491 5480 persuasum
2538 5420 2716 5469 tamen
2764 5412 3057 5468 habuerint
3099 5428 3204 5467 non
3257 5412 3310 5466 in
3359 5413 3478 5477 sui,

1870 5507 1965 5563 sed
1998 5506 2051 5561 io
2080 5505 2507 5561 Christianorum
2540 5505 2728 5559 odium
2774 5504 3022 5561 homines
3056 5504 3285 5575 publicis
3313 5502 3483 5559 cladi-

1870 5602 1971 5655 bus
2031 5598 2543 5666 calamitatibusque
2600 5597 2767 5652 luisse
2840 5597 3141 5654 divemtos.
3190 5596 3479 5653 Instabant

1870 5694 2052 5765 itaque
2083 5691 2511 5761 importuneque
2565 5690 2827 5761 petebant
2866 5693 2912 5746 si
2965 5699 3047 5745 tot
3093 5699 3483 5760 tantorumque

1872 5789 2142 5844 malorum
2194 5786 2483 5841 christiani
2539 5801 2704 5843 eausa
2757 5804 2864 5843 non
2928 5786 3165 5852 inierint,
3227 5800 3480 5855 numnam

1870 5882 2107 5954 potuerit
2141 5894 2262 5936 esse
2307 5879 2528 5935 illorum
2564 5894 2729 5935 causa
2764 5891 2813 5935 et
2848 5881 3026 5951 origo.
3059 5878 3166 5935 Sed
3197 5878 3327 5950 quid
3362 5878 3479 5933 hare

1872 5978 1944 6035 ad
1976 5977 2120 6035 nos?
2146 5976 2445 6049 respondet
2472 5975 2749 6033 Arnobius
2782 5977 2998 6049 (Arnob.
3020 6021 3034 6043 ,
3064 5979 3149 6033 lib.
3199 5993 3251 6041 ι,
3284 5994 3405 6047 pag.
3442 5977 3484 6032 6
