3918 6342
453 387 559 443 447

1746 376 2202 438 DISSERTATIO
2240 374 2521 433 PB/EVlA

3653 375 3753 433 448

452 512 501 555 et
543 499 620 570 7).
652 496 819 554 Nobis
856 498 1141 555 enimvero
1188 498 1395 555 sufficit
1434 497 1651 555 illorum
1676 542 1691 565 ,
1749 495 1842 567 qui
1907 494 2045 549 mala
2077 494 2126 553 Α
2151 489 2548 545 medicamento
2574 486 2920 561 (Dioscorid.,
2966 488 3057 543 lib.
3085 503 3160 555 tv,
3189 505 3307 562 cap.
3334 489 3461 555 ue,
3491 496 3539 545 et
3568 490 3657 546 lib.
3680 506 3753 557 vi,

451 593 635 648 omnia
676 590 990 649 christianis
1021 591 1345 659 attribuunt,
1394 590 1583 647 falsam
1629 590 1905 661 depulisse
1949 591 2047 646 ob-

452 684 855 741 trectationem.
888 684 1031 753 Quid
1066 695 1281 753 autem,
1322 684 1368 739 si
1409 699 1475 739 ex
1510 684 1907 740 elementorum
1938 687 2050 756 agi-

450 778 696 844 tatione,
748 778 991 835 siderum
1045 780 1280 834 motibus
1323 818 1340 843 ,
1392 787 1557 847 alque
1600 779 1845 834 materias
1893 777 2047 843 fece,

453 875 875 931 nocentissimos
904 874 1296 948 pestiferosque
1324 889 1590 942 vapores,
1634 883 1695 929 ut
1736 874 1898 929 docet
1935 872 2050 929 Se—

452 983 585 1024 neca
608 1009 624 1033 ,
653 968 973 1035 exhalante,
1026 966 1305 1022 oriantur?
1336 965 1545 1039 (Senec.
1565 1007 1580 1034 ,
1610 965 1700 1021 lib.
1748 980 1821 1022 vtt
1852 962 2045 1020 Natur.

450 1073 658 1134 quast,
690 1080 809 1134 pag.
844 1059 1001 1132 465.)

526 1156 795 1211 Praeterea
845 1170 967 1225 quae
1021 1153 1373 1218 hominibus,
1433 1152 1612 1209 omnia
1660 1154 2050 1212 commoditate

452 1264 549 1305 sua
589 1248 970 1318 metientibusf,
1022 1250 1161 1304 mala
1192 1248 1463 1311 videntur.
1489 1262 1684 1319 reapse
1715 1248 1816 1321 ipsi
1849 1247 2049 1303 mundo

450 1342 593 1397 bona
641 1351 765 1397 sunt
796 1340 1015 1413 (Arnob.
1040 1384 1057 1410 ,
1087 1340 1263 1415 ibid.).
1299 1342 1509 1397 Diluvia
1537 1342 1803 1415 siquidem
1831 1340 2048 1396 mundi-

449 1449 558 1505 que
587 1432 1047 1505 conilagrationes
1075 1450 1104 1489 a
1138 1432 1367 1489 Platone
1394 1449 1503 1489 non
1533 1434 1721 1491 mundi
1752 1432 2045 1505 pernicies.

450 1527 547 1583 sed
569 1568 585 1590 ,
614 1527 755 1583 sicut
785 1527 855 1583 ab
878 1512 1113 1599 Origene
1134 1569 1150 1593 ,
1178 1537 1287 1583 eta
1314 1527 1471 1583 nobis
1498 1528 1627 1583 alibi
1659 1526 2011 1582 observatum
2031 1569 2045 1592 ,

450 1620 695 1692 ejusdem
723 1620 908 1677 mundi
929 1621 1175 1693 purgatio
1196 1630 1493 1677 censentur
1523 1619 1797 1691 (Plato,in
1829 1619 2043 1684 Timwo,

451 1727 572 1769 tam.
600 1730 689 1782 Ill,
724 1732 779 1785 p.
811 1714 968 1779 29.,et
999 1715 1090 1769 lib.
1116 1730 1172 1769 ιιι
1199 1714 1262 1769 de
1282 1715 1434 1786 Leg.,
1457 1723 1579 1769 tam.
1611 1729 1667 1779 ιι,
1703 1730 1823 1785 pag.
1855 1712 1982 1780 676,
2001 1724 2051 1769 et

450 1822 629 1876 seqq.;
682 1804 867 1877 0rig.,
923 1806 1015 1860 lib.
1063 1822 1115 1861 Iv
1156 1816 1321 1861 contr.
1367 1803 1540 1869 Cels.,
1590 1823 1709 1878 pag.
1742 1806 1885 1872 175;
1947 1806 2050 1862 Su-

2161 602 2279 655 cap.
2310 584 2424 655 35).
2456 581 2562 637 Cur
2591 590 2768 637 autem
2804 581 3285 638 venenata'creata
3319 583 3460 649 sint,
3506 571 3633 639 alibi
3670 583 3753 637 vi-

2152 677 2425 733 dehimus.

2226 771 2463 839 Denique
2489 768 2697 823 nullum
2714 808 2729 833 ,
2753 769 2830 823 ait
2856 767 3160 835 Arnobius,
3186 776 3392 823 natura:
3413 767 3603 823 vitium
3635 778 3743 834 est,

2152 868 2195 923 si
2243 864 2472 919 ovilibus
2520 871 2575 917 et
2609 862 2813 917 laniciis
2845 861 3130 917 insidietur
3180 860 3375 932 lupus,
3406 868 3464 917 et
3505 875 3736 931 serpens

2152 974 2337 1017 morsu
2392 958 2667 1013 hominem
2714 955 2927 1013 occidat
2978 955 3237 1025 (Arnob.,
3286 954 3373 1009 tib.
3408 969 3465 1021 ι,
3518 972 3643 1027 pag.
3672 954 3750 1027 8).

2150 1047 2286 1108 Vide
2316 1060 2492 1108 autem
2524 1060 2702 1106 utrum
2744 1049 2818 1105 ibi
2864 1048 2954 1104 ille
2993 1047 3062 1103 ad
3102 1047 3202 1103 hos
3228 1061 3339 1103 non
3366 1046 3752 1103 collineaverit

2156 1145 2356 1217 Virgilii
2390 1159 2581 1201 versus
2613 1164 2628 1200 :

2248 1264 2317 1312 Ae
2341 1264 2495 1314 veluti
2518 1263 2663 1327 pleno
2687 1264 2828 1325 lupus
2844 1261 3102 1312 insidiatos
3125 1260 3263 1311 ovili.

2647 1342 2876 1412 (Virgil.,
2902 1343 2988 1397 lib.
3012 1360 3060 1395 vi
3079 1342 3290 1406 Αεηείάη
3314 1356 3423 1396 vers
3450 1343 3569 1408 '59).

2153 1452 2223 1507 Et
2245 1451 2351 1506 alio
2382 1453 2434 1507 in
2464 1450 2603 1507 libro
2632 1470 2647 1506 :

2876 1566 2932 1615 Si
2957 1566 3043 1616 tibi
3068 1564 3297 1614 lanicium
3321 1576 3472 1613 curae.

2806 1627 2931 1691 (Lib.
2958 1643 3008 1678 ιιι
3033 1627 3229 1693 Georg,
3257 1638 3385 1676 vers.
3408 1625 3547 1687 584.)

2153 1736 2394 1807 Simplici
2418 1737 2683 1808 siquidem
2705 1736 2887 1791 lanieii
2903 1735 3122 1791 nomine
3142 1744 3369 1808 uterque
3384 1750 3539 1802 oves,
3557 1748 3749 1806 agnos,

2155 1843 2515 1899 vervecesque
2538 1828 2975 1897 comprehendit.
3004 1827 3238 1898 Superbi
3258 1841 3421 1898 porro
3443 1836 3498 1882 et
3522 1828 3746 1881 nimium

449 1914 541 1969 per
585 1898 846 1953 dissertat.
888 1899 942 1953 in
989 1897 1404 1988 Minuc.0ctav.,
1437 1915 1553 1970 cap.
1585 1915 1639 1966 ι,
1671 1910 1771 1955 art.
1798 1901 1878 1971 4).
1909 1899 2044 1965 Quid

2156 1922 2456 1992 arrogantis
2516 1921 2750 1977 hominis
2798 1919 3071 1977 Arnobius
3134 1935 3256 1976 esse
3305 1929 3587 1975 asseverat
3639 1920 3753 1975 Deo

449 2003 604 2058 vero,
632 1989 777 2061 quod
808 1983 1141 2061 temperatus
1168 1992 1303 2047 solis
1328 1991 1512 2057 ardor,
1540 2003 1599 2047 ut
1628 1993 1703 2048 ait
1742 1993 2044 2062 Arnobius,

452 2082 641 2139 multis
697 2083 953 2154 prodest,
1000 2100 1161 2156 quem
1188 2086 1389 2157 aliquis
1415 2096 1597 2142 tamen
1638 2088 2045 2158 voluptuarius,

449 2191 518 2232 eo
543 2179 739 2234 torreri
766 2178 995 2247 solitus,
1028 2180 1192 2235 nimis
1224 2180 1599 2249 moderatum,
1642 2192 1734 2237 aut
1762 2182 1863 2238 sibi
1896 2183 2047 2255 peni-

450 2279 537 2326 tus
591 2270 832 2326 ablatum
879 2273 1253 2343 conqueritur.
1306 2272 1381 2329 lbi
1411 2285 1591 2330 autem
1640 2274 1711 2329 od
1757 2276 1908 2331 illum
1946 2278 2048 2331 Ar-

449 2364 645 2420 nobius
702 2363 894 2420 alludit
951 2380 1195 2433 morem,
1260 2381 1368 2437 quo
1418 2366 1545 2422 olim
1606 2367 1799 2422 molles
1844 2367 2047 2424 ethnici

447 2466 574 2512 ante
602 2456 783 2514 cibum
810 2457 1057 2514 exerceri
1080 2502 1095 2525 ,
1128 2472 1191 2513 ac
1216 2467 1401 2529 postea
1428 2458 1494 2513 ad
1527 2458 1699 2514 solem
1722 2459 1808 2514 vel
1840 2460 2043 2531 ignem,

446 2550 535 2607 vel
565 2551 821 2608 balneum
866 2553 991 2623 ungi
1015 2560 1430 2608 consueverant.
1466 2552 1617 2609 Unde
1643 2552 1861 2609 Persius
1896 2571 1909 2607 :

728 2666 937 2718 Assidue
959 2672 1128 2719 curata
1149 2666 1360 2719 cuticula
1381 2665 1506 2718 sole.

517 2773 586 2831 Et
616 2775 779 2846 paulo
813 2784 934 2846 post
968 2794 982 2832 :

538 2888 603 2939 At
624 2890 667 2939 si
691 2895 871 2942 unctus
892 2902 1062 2941 cesses
1087 2896 1140 2940 et
1162 2889 1287 2953 ligas
1302 2893 1359 2953 in
1384 2897 1500 2941 cute
1522 2890 1700 2941 solem.

1008 2950 1363 3016 (Pcrs.,'satir.
1389 2954 1439 3017 4,
1467 2966 1590 3005 rers.
1618 2955 1677 3005 18
1693 2958 1737 3005 et
1756 2954 1861 3017 53.)

517 3055 795 3113 Iuvenalis
826 3071 960 3112 vero
993 3074 1007 3110 :

537 3169 715 3235 δραι-ᾳ
738 3171 875 3221 bibat
896 3184 1104 3221 vernum
1126 3176 1376 3222 contracta
1398 3173 1609 3224 cuticula
1630 3172 1807 3235 solem,

534 3231 851 3344 Eifuglatque
871 3236 1166 3297 togam,jam
1186 3237 1389 3284 nuncin
1407 3236 1603 3297 balnea,
1632 3238 1767 3286 salva

538 3293 744 3344 Fronte.
783 3301 885 3344 teet
910 3295 1071 3344 vadas-

538 3293 744 3359 Fronte,
762 3293 885 3346 licet
910 3293 1071 3350 vadas;

1136 3357 1359 3419 (Juvat,
1379 3360 1517 3411 satir.
1546 3362 1624 3421 12,
1650 3359 1703 3412 in
1747 3360 1863 3427 ﬁn.)

445 3462 545 3519 Bis
574 3462 759 3533 itaque
786 3463 921 3517 solis
944 3463 1111 3519 ardor
1132 3472 1296 3520 tanta:
1324 3466 1586 3536 voluptati
1613 3475 1767 3534 erat,
1785 3475 2049 3538 quantum

442 3556 535 3612 alii
563 3570 686 3612 cum
714 3555 817 3611 sibi
844 3556 1143 3611 obnoxium
1172 3557 1577 3614 existimabant.

516 3650 699 3721 Pergit
726 3651 1004 3707 Arnobius
1035 3652 1191 3708 nobis
1213 3668 1320 3709 non
1347 3667 1471 3709 esse
1500 3663 1840 3725 compertum
1864 3664 2046 3713 utrum

442 3741 793 3814 pestilentiae,
824 3743 1034 3808 morbi,
1070 3744 1268 3810 fames,
1302 3756 1357 3801 et
1383 3746 1504 3800 alia:
1526 3746 1797 3816 ejusmodi
1823 3749 2047 3806 calami-

446 3848 589 3895 tates
612 3853 718 3894 non
748 3838 871 3895 ideo
911 3840 1313 3907 intervenient;
1360 3850 1420 3895 ut
1472 3857 1593 3912 quae
1640 3843 1693 3898 in
1733 3843 1937 3900 mundo
1966 3846 2047 3900 vi-

444 3930 648 3988 dentur
692 3931 1035 3998 redundare,
1066 3949 1131 3989 ex
1175 3948 1243 3989 eo
1273 3932 1529 3989 tollantur
1558 3934 1809 4005 (Arnob.,
1842 3936 1932 3991 lib.
1991 3954 2043 4004 ι,

443 4043 565 4099 pag.
598 4025 678 4098 8).
719 4024 1088 4082 Tertullianus
1109 4026 1374 4098 siquidem
1403 4026 1546 4082 haud
1572 4027 1886 4086 dubitanter
1911 4032 2048 4089 scri-

442 4119 523 4175 bit
575 4136 589 4173 :
655 4136 675 4170 ‹
740 4117 949 4173 Revera
990 4118 1145 4183 lues,
1178 4127 1235 4174 et
1274 4116 1449 4174 fames
1474 4160 1489 4183 ,
1530 4126 1585 4173 et
1618 4119 1796 4187 bella,
1847 4130 1904 4176 et
1945 4136 2044 4177 vo-

443 4211 662 4283 ragines
700 4210 1018 4274 civitatum,
1060 4224 1159 4280 pro
1213 4210 1460 4265 remedio
1509 4209 1857 4281 deputanda,
1904 4221 2044 4268 tam-

442 4318 607 4375 quam
651 4312 873 4358 tonsura
909 4302 1261 4358 inolescentis
1294 4303 1515 4373 generis
1557 4302 1779 4358 humani
1813 4321 1834 4356 »
1885 4303 2041 4378 (Ter-

444 4397 679 4461 tullian.,
710 4398 802 4451 lib.
832 4396 895 4450 de
932 4397 1134 4466 Anim,
1164 4413 1282 4467 cap.
1314 4397 1427 4468 50).

516 4488 685 4544 Addit
708 4496 899 4545 auctor
926 4497 1111 4544 noster
1138 4490 1410 4545 immerito
1451 4490 1703 4547 concludi
1750 4503 2040 4560 veratrum,

446 4584 500 4640 id
522 4595 637 4653 est,
670 4584 825 4639 utait
862 4582 1069 4639 Plinius
1089 4626 1103 4649 ,
1136 4582 1438 4640 elleborum
1472 4584 1597 4642 ideo
1630 4587 1779 4642 nasci
1810 4602 1918 4641 non
1946 4587 2042 4644 de.

444 4675 633 4733 huisse
651 4676 777 4743 quia
809 4674 1120 4731 hominibus
1145 4691 1475 4733 venenosum
1495 4688 1578 4733 est
1593 4678 1810 4750 (Arnob.
1835 4721 1850 4746 ,
1874 4678 1963 4733 lib.
1986 4695 2005 4734 ι
2024 4722 2038 4746 ,

445 4791 502 4845 p.
521 4773 587 4838 8;
623 4769 770 4827 Plin.
795 4813 809 4836 ,
844 4770 933 4826 lib.
966 4787 1068 4826 xxv
1106 4769 1247 4827 Hist.
1272 4785 1446 4829 natur.
1469 4818 1483 4841 ,
1520 4790 1638 4843 cap.
1660 4773 1713 4841 5,
1742 4790 1863 4845 pag.
1884 4772 2015 4845 591)

448 4866 666 4923 Homini
689 4868 890 4938 quippe
906 4866 953 4923 si
982 4866 1285 4923 veneficum
1319 4869 1389 4924 sit
1408 4870 1627 4941 ,capris
1651 4880 1707 4926 et
1745 4869 2047 4927 coturnici-

446 4962 549 5019 hus
568 5004 583 5029 ,
620 4970 678 5017 ut
706 4962 855 5017 canit
880 4961 1165 5018 Lucretius
1186 5005 1203 5031 ,
1230 4962 1454 5034 prodest
1482 4981 1495 5017 :

538 5077 795 5128 Praeterea
820 5078 961 5129 nobis
978 5086 1228 5130 veratrum
1252 5084 1332 5129 est
1354 5092 1467 5129 acre
1493 5092 1741 5132 venenum
1768 5099 1777 5133 :

540 5140 606 5192 At
626 5142 787 5215 apris
808 5141 982 5205 adipes
1006 5150 1060 5193 et
1080 5144 1419 5192 coturnicibus
1441 5150 1607 5207 auget.

1072 5223 1311 5288 (Lucret,
1331 5221 1417 5277 lib.
1445 5241 1510 5289 tv,
1532 5227 1665 5278 circa
1704 5229 1861 5292 med.)

447 5353 731 5409 Rationem
770 5352 817 5407 si
856 5368 1100 5425 quaras,
1133 5354 1276 5411 hanc
1316 5356 1507 5412 reddet
1535 5357 1629 5412 tibi
1674 5358 1995 5416 Ambrosius
2027 5379 2042 5417 :

454 5467 473 5500 ‹
514 5447 862 5504 “elleborum
909 5448 1066 5519 periti
1101 5449 1395 5520 loquuntur
1435 5465 1613 5505 escam
1654 5465 1810 5520 esse,
1851 5463 1907 5508 et
1944 5452 2048 5507 ali-

447 5541 685 5596 moniam
746 5542 1119 5606 coturnicum,
1177 5556 1247 5598 eo
1302 5542 1446 5614 quod
1520 5544 1751 5599 naturali
1805 5545 2041 5616 quodam

447 5642 881 5705 temperamento
932 5637 1013 5689 sui
1057 5636 1303 5706 corporis
1344 5636 1452 5691 vim
1486 5636 1666 5707 pabuli
1717 5639 1889 5693 noctis
1926 5638 2042 5693 evi-

447 5739 564 5787 tent
612 5747 632 5782 ι
700 5728 1001 5803 (Ambros.,
1061 5730 1153 5786 lib.
1217 5746 1273 5786 ιιι
1356 5729 1532 5796 Hem,
1593 5730 1813 5801 cap.9,
1862 5731 1891 5804 ᾗ
1934 5731 2041 5797 59.

447 5839 567 5895 pag.
594 5820 710 5894 48).
748 5822 1092 5879 Dioscorides
1117 5837 1286 5891 vero,
1336 5824 1591 5896 illiusque
1634 5823 1904 5894 interpres
1936 5822 2044 5880 bla-

446 5915 648 5973 thinlns
687 5916 887 5975 docent
915 5917 1217 5976 elleborum
1254 5918 1435 5976 album
1466 5919 1651 5977 multis
1688 5917 1895 5977 morbis
1923 5932 2046 5977 esse

2152 2030 2269 2071 eam
2302 2013 2443 2069 ferre
2474 2014 2873 2079 conditionem,
2906 2023 2966 2069 ut
3009 2012 3154 2085 quod
3208 2014 3497 2085 unicuique
3541 2014 3753 2086 placet,

2160 2108 2212 2163 id
2240 2108 2498 2163 continuo
2525 2108 2702 2163 facere
2729 2107 2948 2164 debeat.

2223 2198 2329 2253 Sed
2372 2209 2719 2253 contumaces
2744 2196 2975 2262 ethnici,
3009 2197 3143 2253 nihil
3172 2198 3348 2255 adhuc
3374 2198 3748 2263 remittentes,

2153 2289 2427 2345 instabant
2472 2305 2576 2345 non
2619 2290 2793 2345 solum
2838 2298 2993 2359 ante,
3026 2290 3121 2347 sed
3173 2301 3294 2362 post
3346 2290 3753 2349 disseminatam

2150 2384 2497 2440 Christianam
2554 2384 2905 2457 religionem,
2968 2399 3031 2440 ac
3095 2395 3320 2456 propter
3384 2384 3751 2450 christianos,

2151 2492 2274 2532 eum
2313 2477 2436 2531 aliis
2483 2478 2773 2548 permistos
2799 2519 2815 2543 ,
2859 2475 2999 2531 bella
3032 2475 3325 2532 infeliciter
3370 2485 3554 2547 gesta,
3591 2490 3753 2543 agros

2150 2570 2438 2626 sterilitate
2479 2570 2756 2635 incultos,
2812 2577 2975 2637 atque
3030 2578 3250 2625 enectos
3290 2567 3433 2623 fame
3480 2568 3757 2624 homines.

2150 2662 2349 2718 Verum
2402 2671 2506 2716 tam
2565 2661 2688 2716 leve
2740 2660 2966 2715 rationis
3025 2670 3357 2716 momentum
3399 2660 3469 2715 ab
3515 2659 3758 2714 Arnobio

2150 2754 2312 2810 facile
2332 2752 2797 2809 destruitur.Nam
2817 2762 2873 2806 ut
2893 2753 3030 2807 scite
3051 2752 3143 2807 ille
3163 2752 3361 2821 arguit,
3383 2752 3429 2806 si
3446 2750 3760 2817 Alemanni,

2151 2846 2219 2901 de
2251 2847 2447 2918 quibus
2474 2845 2745 2901 Eusebius
2774 2853 2830 2900 et
2874 2844 2999 2909 alii,
3056 2859 3279 2915 propter
3317 2842 3627 2898 habitantes
3668 2857 3758 2897 se-

2151 2954 2270 2994 cum
2320 2940 2683 3006 christianos,
2732 2954 2761 2993 a
2818 2938 3077 2993 Romanis
3125 2938 3253 2995 victi
3291 2948 3454 3004 sunt,
3505 2938 3756 2993 eamdem

2153 3030 2396 3101 profecto
2416 3032 2486 3086 ob
2518 3033 2784 3087 rationem
2806 3029 3021 3100 ipsimet
3040 3028 3270 3084 Romani
3294 3044 3417 3085 cum
3440 3028 3756 3084 christianis

2155 3123 2432 3193 permisti,
2464 3125 2602 3178 vinci
2647 3125 2955 3179 debuerunt
3004 3121 3262 3193 (Arnob.,
3294 3122 3386 3175 lib.
3435 3137 3488 3185 ι,
3543 3137 3670 3192 pag.
3722 3120 3757 3177 9

2153 3224 2199 3270 et
2240 3232 2420 3285 seqq.;
2454 3214 2641 3269 Euseb.
2666 3257 2679 3276 ,
2709 3218 2761 3269 in
2792 3215 2985 3269 Chron.
3006 3256 3021 3277 ,
3052 3216 3122 3269 ad
3146 3231 3273 3268 ann.
3302 3214 3444 3269 1277
3477 3224 3523 3268 et
3563 3214 3757 3277 1516).

2080 3342 2123 3404 C
2154 3306 2210 3362 Si
2243 3322 2424 3360 mures
2473 3315 2527 3360 et
2572 3306 2829 3370 locustae,
2877 3306 3062 3361 Asiam
3103 3320 3165 3360 ac
3202 3305 3417 3378 Syriam
3462 3306 3759 3376 aliquando

2156 3400 2511 3463 infestarunt,
2540 3414 2635 3452 cur
2671 3413 2778 3453 non
2807 3398 3124 3467 Hispaniam
3150 3411 3369 3468 quoque
3400 3412 3464 3453 ac
3493 3396 3757 3463 Galliam,

2153 3492 2241 3547 ubi
2274 3491 2524 3546 similiter
2556 3491 2737 3561 plures
2759 3490 3028 3563 degebant
3052 3490 3368 3545 christiani?
3396 3489 3454 3546 Si
3483 3490 3669 3547 Getnli
3702 3504 3757 3548 et

2155 3585 2463 3657 Tangitani,
2498 3585 2588 3656 qui
2619 3586 2693 3640 uti
2725 3584 2883 3650 Mela,
2919 3584 3133 3649 Strabo,
3168 3583 3407 3648 Plinius,
3440 3582 3759 3651 Sallustius,

2151 3680 2349 3750 aliique
2374 3680 2699 3750 perhibent,
2732 3677 2928 3735 Africae
2951 3678 3135 3749 populi
3164 3688 3355 3743 erant,
3387 3678 3636 3737 siccitate
3660 3724 3675 3747 ,
3706 3692 3761 3737 et

2149 3773 2401 3829 ariditate
2422 3814 2436 3838 ,
2467 3774 2553 3828 vel
2579 3772 2721 3829 fame
2741 3774 2830 3828 alii
2852 3774 3171 3844 gravissime
3199 3771 3442 3829 afflictati
3468 3785 3625 3841 sunt,
3658 3791 3758 3831 cur

2150 3866 2315 3922 Mauri
2338 3910 2352 3933 ,
2377 3876 2431 3921 et
2454 3865 2743 3927 Nomades.
2776 3875 2830 3922 et
2856 3866 2947 3921 alii
2974 3881 3320 3921 communem
3350 3880 3474 3923 cum
3499 3869 3757 3923 christia-

2151 3960 2234 4013 nis
2262 3959 2423 4013 vitam
2449 3965 2696 4028 agentes,
2726 3968 3071 4013 messuerunt
3093 3966 3313 4029 segetes
3342 3957 3755 4029 amplissimas?

2150 4050 2357 4106 Eodem
2384 4050 2703 4106 Ambrosius
2730 4060 3049 4120 argumento
3075 4052 3329 4121 gentilem
3360 4049 3753 4123 Symmachum

2147 4142 2337 4199 eadem
2387 4143 2748 4213 objectantem
2800 4142 2999 4198 refellit
3042 4141 3238 4212 (Mela,
3284 4144 3373 4200 lib.
3426 4160 3475 4210 ις
3526 4144 3754 4213 Strab.,

2152 4239 2243 4293 lib.
2294 4254 2406 4293 xvu
2464 4236 2691 4309 Geogr.,
2745 4254 2863 4309 pag.
2894 4236 3031 4303 8‘19;
3093 4234 3268 4302 Plin.,
3311 4238 3400 4292 lib.
3443 4254 3512 4305 ιι,
3546 4256 3668 4310 cap.
3698 4242 3754 4304 ἓ.

2147 4350 2270 4405 pag.
2302 4332 2442 4399 627,
2474 4342 2521 4386 et
2552 4332 2640 4387 lib.
2677 4348 2803 4399 ut,
2832 4348 2952 4401 cap.
2988 4331 3086 4394 15,
3128 4348 3251 4402 pag.
3286 4330 3387 4395 13;
3433 4329 3644 4387 Salust.
3693 4335 3757 4386 de

2144 4425 2293 4482 Bello
2320 4427 2559 4499 Jugurt.,
2588 4427 2741 4496 longe
2784 4436 2895 4495 post
2923 4426 3040 4479 init.
3066 4442 3081 4490 ;
3114 4426 3349 4479 Ambros.
3379 4467 3393 4490 ,
3435 4427 3588 4497 epist.
3645 4426 3715 4483 18
3739 4469 3753 4490 ,

2146 4519 2174 4590 §
2204 4518 2272 4575 l9
2301 4528 2348 4573 et
2373 4536 2511 4590 seqq.
2536 4561 2552 4585 ,
2582 4535 2704 4592 pag.
2750 4517 2913 4588 858).

2219 4610 2362 4667 Nihil
2410 4612 2594 4683 itaque
2632 4611 2846 4666 veritati
2889 4611 3062 4681 magis
3119 4611 3453 4665 contrarium
3485 4624 3550 4665 ac
3579 4626 3756 4683 repu-

2072 4740 2126 4802 D
2149 4719 2324 4778 gnans
2352 4704 2478 4775 tingi
2524 4713 2735 4776 poterat
2763 4702 3001 4759 absurda
3034 4704 3121 4757 illa
3170 4703 3522 4759 ethnicorum
3566 4705 3756 4761 crimio

2151 4798 2410 4863 natione,
2460 4812 2561 4865 qua
2616 4796 2712 4850 has
2751 4795 3096 4851 calamitates
3142 4810 3171 4849 a
3223 4795 3329 4849 diis
3375 4795 3453 4849 ira
3498 4795 3550 4850 in
3607 4795 3758 4852 chri-

2150 4892 2356 4946 stianos
2394 4890 2631 4945 incensis
2657 4888 2831 4943 illatas
2854 4903 3127 4959 nunquam
3157 4902 3263 4943 non
3288 4886 3750 4944 vociferabantur.

2152 4982 2350 5040 Verum
2392 4984 2507 5037 hac
2534 4981 2771 5037 Arnobio
2808 4982 2941 5036 satis
2990 4996 3095 5036 non
3142 4980 3397 5045 fuerunt,
3445 4996 3510 5037 ac
3541 4982 3751 5045 duplici

2154 5078 2330 5134 adhuc
2371 5086 2691 5149 argumento
2754 5076 3012 5130 insulsam
3061 5076 3201 5128 hanc
3244 5074 3612 5144 opinationem
3657 5091 3753 5131 re-

2153 5172 2287 5227 fellit
2327 5170 2578 5244 (Arnob.,
2616 5168 2703 5223 lib.
2738 5185 2788 5234 ι,
2821 5186 2940 5241 pag.
2976 5165 3059 5239 9).
3089 5167 3220 5221 Nam
3270 5166 3515 5237 quamvis
3559 5182 3752 5223 verum

2155 5276 2329 5329 esset,
2379 5262 2523 5335 quod
2580 5272 2791 5329 tamen,
2848 5264 2922 5317 uti
2972 5276 3097 5316 mox
3151 5260 3493 5324 videbimus,
3549 5259 3753 5318 falsum

2152 5372 2277 5414 esse
2303 5358 2614 5422 contendit,
2648 5357 2781 5413 deos
2824 5367 3048 5429 propter
3072 5368 3324 5426 acceptas
3354 5371 3385 5410 a
3434 5356 3756 5412 christianis

2152 5449 2377 5521 injurias
2430 5451 2509 5505 ira
2563 5449 2923 5515 inﬂammari,
2978 5450 3300 5521 iniquissimi
3351 5459 3500 5503 certe
3539 5448 3755 5516 forent,

2152 5544 2199 5600 si
2262 5544 2315 5597 in
2368 5558 2551 5599 earum
2592 5542 2852 5598 ultionem
2884 5557 2990 5597 non
3022 5543 3193 5598 solum
3242 5540 3606 5607 christianos,
3652 5544 3754 5598 sed

2150 5640 2314 5694 etiam
2345 5640 2627 5704 ethnicos,
2662 5638 2765 5693 hoc
2790 5649 2907 5703 est,
2956 5648 3015 5692 ut
3048 5638 3120 5692 illi
3148 5636 3530 5708 opinabantur,
3561 5646 3755 5692 sontes

2148 5742 2202 5787 et
2232 5730 2476 5786 insontes
2501 5730 2612 5785 ullo
2638 5730 2843 5801 absque
2871 5730 3185 5786 discrimine
3210 5728 3456 5798 puniant.
3497 5728 3554 5784 Si
3600 5730 3750 5785 enim

2150 5824 2264 5880 veri
2294 5834 2448 5879 erant
2474 5824 2587 5891 dii,
2625 5832 2877 5893 poterant
2918 5823 3103 5894 utique
3127 5820 3367 5876 cultores
3388 5832 3521 5874 suos
3561 5822 3751 5876 omni-

2152 5916 2253 5973 bus
2278 5917 2556 5974 cumulare
2587 5915 2782 5981 bonis,
2808 5931 2872 5971 ac
2910 5915 3057 5972 solos
3108 5910 3464 5981 christianos,
3507 5911 3612 5967 sibi
3661 5912 3751 5967 in-
