  <div class='ocr_page' id='page_1' title='image "/cluster/home/n/w/nwhite01/storage/ocr_20150623/5/uva.x000826532/264.png"; bbox 0 0 3918 6394; ppageno 0'>
   <div class='ocr_carea' id='block_1_1' title="bbox 220 440 2248 514">
    <p class='ocr_par' dir='ltr' id='par_1_1' title="bbox 220 440 2248 514">
     <span class='ocr_line' id='line_1_1' title="bbox 220 440 2248 514; baseline -0.009 -1"><span class='ocrx_word' id='word_1_1' title='bbox 220 456 302 514; x_wconf 67' lang='grc'><strong>449</strong></span> <span class='ocrx_word' id='word_1_2' title='bbox 1448 446 1510 501; x_wconf 78' lang='lat' dir='ltr'><strong>IN</strong></span> <span class='ocrx_word' id='word_1_3' title='bbox 1550 440 1929 508; x_wconf 71' lang='lat' dir='ltr'><strong>AliNUBlUM,</strong></span> <span class='ocrx_word' id='word_1_4' title='bbox 1970 440 2125 498; x_wconf 78' lang='lat' dir='ltr'><strong>CAP.</strong></span> <span class='ocrx_word' id='word_1_5' title='bbox 2164 440 2248 496; x_wconf 73' lang='lat' dir='ltr'><strong>\&quot;l.</strong></span> 
     </span>
    </p>
   </div>
   <div class='ocr_carea' id='block_1_2' title="bbox 3378 442 3477 499">
    <p class='ocr_par' dir='ltr' id='par_1_2' title="bbox 3378 442 3477 499">
     <span class='ocr_line' id='line_1_2' title="bbox 3378 442 3477 499; baseline -0.01 -1"><span class='ocrx_word' id='word_1_6' title='bbox 3378 442 3477 499; x_wconf 64' lang='lat'><strong>5.30</strong></span> 
     </span>
    </p>
   </div>
   <div class='ocr_carea' id='block_1_3' title="bbox 220 555 3478 633">
    <p class='ocr_par' dir='ltr' id='par_1_3' title="bbox 220 555 3478 633">
     <span class='ocr_line' id='line_1_3' title="bbox 220 555 3478 633; baseline -0.001 -17"><span class='ocrx_word' id='word_1_7' title='bbox 220 573 398 630; x_wconf 67' lang='lat' dir='ltr'><strong>tensos,</strong></span> <span class='ocrx_word' id='word_1_8' title='bbox 442 562 690 619; x_wconf 88' lang='lat' dir='ltr'><strong>omnibus</strong></span> <span class='ocrx_word' id='word_1_9' title='bbox 736 558 1132 617; x_wconf 73' lang='lat' dir='ltr'><strong>calamitatibus</strong></span> <span class='ocrx_word' id='word_1_10' title='bbox 1178 569 1234 616; x_wconf 92' lang='lat' dir='ltr'><strong>et</strong></span> <span class='ocrx_word' id='word_1_11' title='bbox 1273 560 1506 617; x_wconf 72' lang='lat' dir='ltr'><strong>miseriis</strong></span> <span class='ocrx_word' id='word_1_12' title='bbox 1535 577 1632 633; x_wconf 89' lang='lat' dir='ltr'><strong>pro</strong></span> <span class='ocrx_word' id='word_1_13' title='bbox 1659 577 1769 617; x_wconf 91' lang='lat' dir='ltr'><strong>me-</strong></span> <span class='ocrx_word' id='word_1_14' title='bbox 1798 565 1849 626; x_wconf 75' lang='grc' dir='ltr'>Α</span> <span class='ocrx_word' id='word_1_15' title='bbox 1876 560 1983 613; x_wconf 89' lang='lat' dir='ltr'><strong>lum</strong></span> <span class='ocrx_word' id='word_1_16' title='bbox 2040 558 2266 627; x_wconf 85' lang='lat' dir='ltr'><strong>publicis</strong></span> <span class='ocrx_word' id='word_1_17' title='bbox 2302 555 2738 621; x_wconf 73' lang='lat' dir='ltr'><strong>calamitatibus,</strong></span> <span class='ocrx_word' id='word_1_18' title='bbox 2783 556 2878 611; x_wconf 90' lang='lat' dir='ltr'><strong>sed</strong></span> <span class='ocrx_word' id='word_1_19' title='bbox 2932 559 3001 610; x_wconf 89' lang='lat' dir='ltr'><strong>ah</strong></span> <span class='ocrx_word' id='word_1_20' title='bbox 3040 556 3275 612; x_wconf 90' lang='lat' dir='ltr'><strong>ethnicis</strong></span> <span class='ocrx_word' id='word_1_21' title='bbox 3314 558 3478 614; x_wconf 90' lang='lat' dir='ltr'><strong>etiam</strong></span> 
     </span>
    </p>
   </div>
   <div class='ocr_carea' id='block_1_4' title="bbox 223 651 1771 729">
    <p class='ocr_par' dir='ltr' id='par_1_4' title="bbox 223 651 1771 729">
     <span class='ocr_line' id='line_1_4' title="bbox 223 651 1771 729; baseline -0.002 -19"><span class='ocrx_word' id='word_1_22' title='bbox 223 659 305 712; x_wconf 91' lang='lat' dir='ltr'><strong>rito</strong></span> <span class='ocrx_word' id='word_1_23' title='bbox 344 657 542 729; x_wconf 85' lang='lat' dir='ltr'><strong>punire,</strong></span> <span class='ocrx_word' id='word_1_24' title='bbox 573 671 812 721; x_wconf 85' lang='lat' dir='ltr'><strong>vexare,</strong></span> <span class='ocrx_word' id='word_1_25' title='bbox 846 668 1061 710; x_wconf 87' lang='lat' dir='ltr'><strong>necare.</strong></span> <span class='ocrx_word' id='word_1_26' title='bbox 1091 651 1205 708; x_wconf 88' lang='lat' dir='ltr'><strong>Non</strong></span> <span class='ocrx_word' id='word_1_27' title='bbox 1244 668 1374 723; x_wconf 89' lang='lat' dir='ltr'><strong>ergo</strong></span> <span class='ocrx_word' id='word_1_28' title='bbox 1416 652 1483 707; x_wconf 89' lang='lat' dir='ltr'><strong>ad</strong></span> <span class='ocrx_word' id='word_1_29' title='bbox 1519 668 1615 707; x_wconf 90' lang='lat' dir='ltr'><strong>eos</strong></span> <span class='ocrx_word' id='word_1_30' title='bbox 1656 652 1771 723; x_wconf 87' lang='lat' dir='ltr'><strong>ple-</strong></span> 
     </span>
    </p>
   </div>
   <div class='ocr_carea' id='block_1_5' title="bbox 225 744 1772 817">
    <p class='ocr_par' dir='ltr' id='par_1_5' title="bbox 225 744 1772 817">
     <span class='ocr_line' id='line_1_5' title="bbox 225 744 1772 817; baseline -0.004 -14"><span class='ocrx_word' id='word_1_31' title='bbox 225 748 409 803; x_wconf 77' lang='lat' dir='ltr'><strong>Ctendos</strong></span> <span class='ocrx_word' id='word_1_32' title='bbox 449 755 734 817; x_wconf 81' lang='lat' dir='ltr'><strong>expectare</strong></span> <span class='ocrx_word' id='word_1_33' title='bbox 760 744 1028 801; x_wconf 83' lang='lat' dir='ltr'><strong>debebant</strong></span> <span class='ocrx_word' id='word_1_34' title='bbox 1076 744 1247 798; x_wconf 88' lang='lat' dir='ltr'><strong>multo</strong></span> <span class='ocrx_word' id='word_1_35' title='bbox 1302 744 1471 798; x_wconf 91' lang='lat' dir='ltr'><strong>levius</strong></span> <span class='ocrx_word' id='word_1_36' title='bbox 1512 754 1566 800; x_wconf 89' lang='lat' dir='ltr'><strong>et</strong></span> <span class='ocrx_word' id='word_1_37' title='bbox 1621 745 1772 798; x_wconf 83' lang='lat' dir='ltr'><strong>infir-</strong></span> 
     </span>
    </p>
   </div>
   <div class='ocr_carea' id='block_1_6' title="bbox 220 837 1765 909">
    <p class='ocr_par' dir='ltr' id='par_1_6' title="bbox 220 837 1765 909">
     <span class='ocr_line' id='line_1_6' title="bbox 220 837 1765 909; baseline -0.003 -13"><span class='ocrx_word' id='word_1_38' title='bbox 220 843 332 898; x_wconf 85' lang='lat' dir='ltr'><strong>mius</strong></span> <span class='ocrx_word' id='word_1_39' title='bbox 356 840 656 898; x_wconf 79' lang='lat' dir='ltr'><strong>earumdem</strong></span> <span class='ocrx_word' id='word_1_40' title='bbox 710 840 994 909; x_wconf 77' lang='lat' dir='ltr'><strong>gentilium</strong></span> <span class='ocrx_word' id='word_1_41' title='bbox 1044 837 1305 893; x_wconf 78' lang='lat' dir='ltr'><strong>auxilium</strong></span> <span class='ocrx_word' id='word_1_42' title='bbox 1338 855 1351 891; x_wconf 89' lang='lat'><strong>:</strong></span> <span class='ocrx_word' id='word_1_43' title='bbox 1392 858 1409 890; x_wconf 77' lang='grc' dir='ltr'>ι</span> <span class='ocrx_word' id='word_1_44' title='bbox 1439 838 1709 908; x_wconf 80' lang='lat' dir='ltr'><strong>Numquid</strong></span> <span class='ocrx_word' id='word_1_45' title='bbox 1746 857 1765 890; x_wconf 72' lang='grc' dir='ltr'><strong><em>ι</em></strong></span> 
     </span>
    </p>
   </div>
   <div class='ocr_carea' id='block_1_7' title="bbox 221 929 1769 1003">
    <p class='ocr_par' dir='ltr' id='par_1_7' title="bbox 221 929 1769 1003">
     <span class='ocr_line' id='line_1_7' title="bbox 221 929 1769 1003; baseline -0.003 -14"><span class='ocrx_word' id='word_1_46' title='bbox 221 935 338 989; x_wconf 89' lang='lat' dir='ltr'><strong>enim</strong></span> <span class='ocrx_word' id='word_1_47' title='bbox 370 934 453 989; x_wconf 78' lang='lat' dir='ltr'><strong>tin</strong></span> <span class='ocrx_word' id='word_1_48' title='bbox 474 948 569 989; x_wconf 92' lang='lat' dir='ltr'><strong>vos</strong></span> <span class='ocrx_word' id='word_1_49' title='bbox 600 952 620 985; x_wconf 71' lang='grc' dir='ltr'><strong>ι</strong></span> <span class='ocrx_word' id='word_1_50' title='bbox 646 930 900 1003; x_wconf 79' lang='lat' dir='ltr'><strong>gentiles,</strong></span> <span class='ocrx_word' id='word_1_51' title='bbox 921 929 1487 1001; x_wconf 81' lang='lat' dir='ltr'><strong>aitArnohius(1bid.,</strong></span> <span class='ocrx_word' id='word_1_52' title='bbox 1512 948 1634 1002; x_wconf 86' lang='lat' dir='ltr'><strong><em>pag.</em></strong></span> <span class='ocrx_word' id='word_1_53' title='bbox 1652 932 1769 1000; x_wconf 81' lang='lat' dir='ltr'><strong>H),</strong></span> 
     </span>
    </p>
   </div>
   <div class='ocr_carea' id='block_1_8' title="bbox 223 1023 1771 1095">
    <p class='ocr_par' dir='ltr' id='par_1_8' title="bbox 223 1023 1771 1095">
     <span class='ocr_line' id='line_1_8' title="bbox 223 1023 1771 1095; baseline -0.001 -17"><span class='ocrx_word' id='word_1_54' title='bbox 223 1047 238 1078; x_wconf 75' lang='grc' dir='ltr'>ι</span> <span class='ocrx_word' id='word_1_55' title='bbox 276 1029 514 1095; x_wconf 73' lang='lat' dir='ltr'><strong>saeviunt,</strong></span> <span class='ocrx_word' id='word_1_56' title='bbox 559 1035 619 1081; x_wconf 94' lang='lat' dir='ltr'><strong>ut</strong></span> <span class='ocrx_word' id='word_1_57' title='bbox 666 1025 939 1081; x_wconf 86' lang='lat' dir='ltr'><strong>intestinis</strong></span> <span class='ocrx_word' id='word_1_58' title='bbox 996 1023 1308 1080; x_wconf 81' lang='lat' dir='ltr'><strong>vulneribus</strong></span> <span class='ocrx_word' id='word_1_59' title='bbox 1376 1024 1661 1090; x_wconf 84' lang='lat' dir='ltr'><strong>concitati,</strong></span> <span class='ocrx_word' id='word_1_60' title='bbox 1715 1024 1771 1077; x_wconf 89' lang='lat' dir='ltr'><strong>in</strong></span> 
     </span>
    </p>
   </div>
   <div class='ocr_carea' id='block_1_9' title="bbox 217 1115 1770 1191">
    <p class='ocr_par' dir='ltr' id='par_1_9' title="bbox 217 1115 1770 1191">
     <span class='ocr_line' id='line_1_9' title="bbox 217 1115 1770 1191; baseline -0.003 -16"><span class='ocrx_word' id='word_1_61' title='bbox 217 1122 431 1177; x_wconf 85' lang='lat' dir='ltr'><strong>ultionem</strong></span> <span class='ocrx_word' id='word_1_62' title='bbox 458 1119 797 1191; x_wconf 87' lang='lat' dir='ltr'><strong>consurgatis</strong></span> <span class='ocrx_word' id='word_1_63' title='bbox 828 1117 1064 1174; x_wconf 91' lang='lat' dir='ltr'><strong>illorum.</strong></span> <span class='ocrx_word' id='word_1_64' title='bbox 1091 1118 1233 1188; x_wconf 86' lang='lat' dir='ltr'><strong>Ergo</strong></span> <span class='ocrx_word' id='word_1_65' title='bbox 1260 1117 1493 1172; x_wconf 89' lang='lat' dir='ltr'><strong>humana</strong></span> <span class='ocrx_word' id='word_1_66' title='bbox 1537 1115 1770 1188; x_wconf 83' lang='lat' dir='ltr'><strong>patroci-</strong></span> 
     </span>
    </p>
   </div>
   <div class='ocr_carea' id='block_1_10' title="bbox 212 1210 1771 1285">
    <p class='ocr_par' dir='ltr' id='par_1_10' title="bbox 212 1210 1771 1285">
     <span class='ocr_line' id='line_1_10' title="bbox 212 1210 1771 1285; baseline -0.001 -16"><span class='ocrx_word' id='word_1_67' title='bbox 212 1215 282 1269; x_wconf 82' lang='lat' dir='ltr'><strong>nia</strong></span> <span class='ocrx_word' id='word_1_68' title='bbox 302 1214 366 1269; x_wconf 87' lang='lat' dir='ltr'><strong>dii</strong></span> <span class='ocrx_word' id='word_1_69' title='bbox 399 1223 667 1285; x_wconf 73' lang='lat' dir='ltr'><strong>quzerunt,</strong></span> <span class='ocrx_word' id='word_1_70' title='bbox 723 1221 778 1269; x_wconf 89' lang='lat' dir='ltr'><strong>et</strong></span> <span class='ocrx_word' id='word_1_71' title='bbox 828 1212 933 1268; x_wconf 90' lang='lat' dir='ltr'><strong>nisi</strong></span> <span class='ocrx_word' id='word_1_72' title='bbox 986 1220 1167 1267; x_wconf 88' lang='lat' dir='ltr'><strong>vestra</strong></span> <span class='ocrx_word' id='word_1_73' title='bbox 1213 1210 1418 1267; x_wconf 91' lang='lat' dir='ltr'><strong>fuerint</strong></span> <span class='ocrx_word' id='word_1_74' title='bbox 1466 1213 1771 1268; x_wconf 83' lang='lat' dir='ltr'><strong>assertione</strong></span> 
     </span>
    </p>
   </div>
   <div class='ocr_carea' id='block_1_11' title="bbox 211 1304 1758 1377">
    <p class='ocr_par' dir='ltr' id='par_1_11' title="bbox 211 1304 1758 1377">
     <span class='ocr_line' id='line_1_11' title="bbox 211 1304 1758 1377; baseline -0.003 -14"><span class='ocrx_word' id='word_1_75' title='bbox 211 1308 434 1377; x_wconf 84' lang='lat' dir='ltr'><strong>protecti,</strong></span> <span class='ocrx_word' id='word_1_76' title='bbox 480 1308 658 1363; x_wconf 87' lang='lat' dir='ltr'><strong>idonei</strong></span> <span class='ocrx_word' id='word_1_77' title='bbox 721 1321 830 1361; x_wconf 92' lang='lat' dir='ltr'><strong>non</strong></span> <span class='ocrx_word' id='word_1_78' title='bbox 883 1314 1010 1361; x_wconf 89' lang='lat' dir='ltr'><strong>sunt</strong></span> <span class='ocrx_word' id='word_1_79' title='bbox 1064 1304 1206 1374; x_wconf 86' lang='lat' dir='ltr'><strong>ipsi,</strong></span> <span class='ocrx_word' id='word_1_80' title='bbox 1258 1304 1350 1375; x_wconf 89' lang='lat' dir='ltr'><strong>qui</strong></span> <span class='ocrx_word' id='word_1_81' title='bbox 1397 1305 1758 1374; x_wconf 86' lang='lat' dir='ltr'><strong>propulsare,</strong></span> 
     </span>
    </p>
   </div>
   <div class='ocr_carea' id='block_1_12' title="bbox 210 1398 1770 1466">
    <p class='ocr_par' dir='ltr' id='par_1_12' title="bbox 210 1398 1770 1466">
     <span class='ocr_line' id='line_1_12' title="bbox 210 1398 1770 1466; baseline -0.003 -9"><span class='ocrx_word' id='word_1_82' title='bbox 210 1400 463 1459; x_wconf 86' lang='lat' dir='ltr'><strong>defendere</strong></span> <span class='ocrx_word' id='word_1_83' title='bbox 492 1417 620 1458; x_wconf 90' lang='lat' dir='ltr'><strong>suas</strong></span> <span class='ocrx_word' id='word_1_84' title='bbox 667 1401 886 1456; x_wconf 82' lang='lat' dir='ltr'><strong>valeant</strong></span> <span class='ocrx_word' id='word_1_85' title='bbox 924 1398 1303 1455; x_wconf 88' lang='lat' dir='ltr'><strong>contumelias.</strong></span> <span class='ocrx_word' id='word_1_86' title='bbox 1357 1399 1496 1466; x_wconf 82' lang='lat' dir='ltr'><strong>Quin</strong></span> <span class='ocrx_word' id='word_1_87' title='bbox 1524 1399 1690 1454; x_wconf 90' lang='lat' dir='ltr'><strong>immo</strong></span> <span class='ocrx_word' id='word_1_88' title='bbox 1724 1398 1770 1453; x_wconf 89' lang='lat' dir='ltr'><strong>si</strong></span> 
     </span>
    </p>
   </div>
   <div class='ocr_carea' id='block_1_13' title="bbox 212 1492 1769 1564">
    <p class='ocr_par' dir='ltr' id='par_1_13' title="bbox 212 1492 1769 1564">
     <span class='ocr_line' id='line_1_13' title="bbox 212 1492 1769 1564; baseline -0.003 -15"><span class='ocrx_word' id='word_1_89' title='bbox 212 1512 369 1552; x_wconf 81' lang='lat' dir='ltr'><strong>verum</strong></span> <span class='ocrx_word' id='word_1_90' title='bbox 405 1508 483 1554; x_wconf 88' lang='lat' dir='ltr'><strong>est</strong></span> <span class='ocrx_word' id='word_1_91' title='bbox 526 1495 721 1552; x_wconf 85' lang='lat' dir='ltr'><strong>ardere</strong></span> <span class='ocrx_word' id='word_1_92' title='bbox 761 1494 887 1551; x_wconf 88' lang='lat' dir='ltr'><strong>illos</strong></span> <span class='ocrx_word' id='word_1_93' title='bbox 914 1495 1028 1561; x_wconf 91' lang='lat' dir='ltr'><strong>ira,</strong></span> <span class='ocrx_word' id='word_1_94' title='bbox 1057 1492 1352 1563; x_wconf 88' lang='lat' dir='ltr'><strong>permittite</strong></span> <span class='ocrx_word' id='word_1_95' title='bbox 1377 1492 1484 1547; x_wconf 90' lang='lat' dir='ltr'><strong>illis</strong></span> <span class='ocrx_word' id='word_1_96' title='bbox 1530 1501 1769 1564; x_wconf 85' lang='lat' dir='ltr'><strong>potesta-</strong></span> 
     </span>
    </p>
   </div>
   <div class='ocr_carea' id='block_1_14' title="bbox 208 1586 1770 1657">
    <p class='ocr_par' dir='ltr' id='par_1_14' title="bbox 208 1586 1770 1657">
     <span class='ocr_line' id='line_1_14' title="bbox 208 1586 1770 1657; baseline 0 -16"><span class='ocrx_word' id='word_1_97' title='bbox 208 1597 293 1643; x_wconf 89' lang='lat' dir='ltr'><strong>tem</strong></span> <span class='ocrx_word' id='word_1_98' title='bbox 332 1590 435 1656; x_wconf 89' lang='lat' dir='ltr'><strong>sui,</strong></span> <span class='ocrx_word' id='word_1_99' title='bbox 466 1587 761 1645; x_wconf 74' lang='lat' dir='ltr'><strong>defendant</strong></span> <span class='ocrx_word' id='word_1_100' title='bbox 788 1602 851 1644; x_wconf 92' lang='lat' dir='ltr'><strong>se</strong></span> <span class='ocrx_word' id='word_1_101' title='bbox 888 1587 1027 1657; x_wconf 91' lang='lat' dir='ltr'><strong>ipsi,</strong></span> <span class='ocrx_word' id='word_1_102' title='bbox 1059 1594 1220 1657; x_wconf 89' lang='lat' dir='ltr'><strong>atque</strong></span> <span class='ocrx_word' id='word_1_103' title='bbox 1261 1587 1313 1641; x_wconf 92' lang='lat' dir='ltr'><strong>in</strong></span> <span class='ocrx_word' id='word_1_104' title='bbox 1345 1586 1606 1642; x_wconf 81' lang='lat' dir='ltr'><strong>ultionem</strong></span> <span class='ocrx_word' id='word_1_105' title='bbox 1652 1602 1770 1641; x_wconf 87' lang='lat' dir='ltr'><strong>ma-</strong></span> 
     </span>
    </p>
   </div>
   <div class='ocr_carea' id='block_1_15' title="bbox 203 1678 1772 1751">
    <p class='ocr_par' dir='ltr' id='par_1_15' title="bbox 203 1678 1772 1751">
     <span class='ocr_line' id='line_1_15' title="bbox 203 1678 1772 1751; baseline 0 -16"><span class='ocrx_word' id='word_1_106' title='bbox 203 1680 386 1749; x_wconf 88' lang='lat' dir='ltr'><strong>jestatis</strong></span> <span class='ocrx_word' id='word_1_107' title='bbox 432 1682 653 1738; x_wconf 71' lang='lat' dir='ltr'><strong>offensae</strong></span> <span class='ocrx_word' id='word_1_108' title='bbox 707 1681 993 1737; x_wconf 90' lang='lat' dir='ltr'><strong>intestinas</strong></span> <span class='ocrx_word' id='word_1_109' title='bbox 1035 1687 1263 1736; x_wconf 86' lang='lat' dir='ltr'><strong>exerant</strong></span> <span class='ocrx_word' id='word_1_110' title='bbox 1312 1678 1772 1751; x_wconf 89' lang='lat' dir='ltr'><strong>experianturque</strong></span> 
     </span>
    </p>
   </div>
   <div class='ocr_carea' id='block_1_16' title="bbox 205 1772 470 1828">
    <p class='ocr_par' dir='ltr' id='par_1_16' title="bbox 205 1772 470 1828">
     <span class='ocr_line' id='line_1_16' title="bbox 205 1772 470 1828; baseline 0.004 -4"><span class='ocrx_word' id='word_1_111' title='bbox 205 1772 416 1828; x_wconf 76' lang='lat' dir='ltr'><strong>virtutes.</strong></span> <span class='ocrx_word' id='word_1_112' title='bbox 452 1792 470 1825; x_wconf 72' lang='grc' dir='ltr'><strong><em>ι</em></strong></span> 
     </span>
    </p>
   </div>
   <div class='ocr_carea' id='block_1_17' title="bbox 264 1866 1771 1939">
    <p class='ocr_par' dir='ltr' id='par_1_17' title="bbox 264 1866 1771 1939">
     <span class='ocr_line' id='line_1_17' title="bbox 264 1866 1771 1939; baseline 0.001 -18"><span class='ocrx_word' id='word_1_113' title='bbox 264 1867 443 1924; x_wconf 77' lang='lat' dir='ltr'><strong>Verum</strong></span> <span class='ocrx_word' id='word_1_114' title='bbox 497 1867 766 1924; x_wconf 84' lang='lat' dir='ltr'><strong>ﬂeraldus</strong></span> <span class='ocrx_word' id='word_1_115' title='bbox 802 1868 942 1923; x_wconf 89' lang='lat' dir='ltr'><strong>hanc</strong></span> <span class='ocrx_word' id='word_1_116' title='bbox 990 1866 1514 1939; x_wconf 80' lang='lat' dir='ltr'><strong>argumentationem</strong></span> <span class='ocrx_word' id='word_1_117' title='bbox 1558 1867 1771 1923; x_wconf 88' lang='lat' dir='ltr'><strong>levissi-</strong></span> 
     </span>
    </p>
   </div>
   <div class='ocr_carea' id='block_1_18' title="bbox 1875 648 3480 719">
    <p class='ocr_par' dir='ltr' id='par_1_18' title="bbox 1875 648 3480 719">
     <span class='ocr_line' id='line_1_18' title="bbox 1875 648 3480 719; baseline -0.002 -11"><span class='ocrx_word' id='word_1_118' title='bbox 1875 653 2202 719; x_wconf 78' lang='lat' dir='ltr'><strong>excruciari,</strong></span> <span class='ocrx_word' id='word_1_119' title='bbox 2249 664 2303 707; x_wconf 91' lang='lat' dir='ltr'><strong>et</strong></span> <span class='ocrx_word' id='word_1_120' title='bbox 2353 649 2584 706; x_wconf 83' lang='lat' dir='ltr'><strong>interfici</strong></span> <span class='ocrx_word' id='word_1_121' title='bbox 2638 648 2957 719; x_wconf 88' lang='lat' dir='ltr'><strong>patiebatur.</strong></span> <span class='ocrx_word' id='word_1_122' title='bbox 3014 648 3131 704; x_wconf 93' lang='lat' dir='ltr'><strong>Non</strong></span> <span class='ocrx_word' id='word_1_123' title='bbox 3187 650 3331 706; x_wconf 88' lang='lat' dir='ltr'><strong>enim</strong></span> <span class='ocrx_word' id='word_1_124' title='bbox 3383 665 3480 705; x_wconf 86' lang='lat' dir='ltr'><strong>ea-</strong></span> 
     </span>
    </p>
   </div>
   <div class='ocr_carea' id='block_1_19' title="bbox 1876 743 3482 815">
    <p class='ocr_par' dir='ltr' id='par_1_19' title="bbox 1876 743 3482 815">
     <span class='ocr_line' id='line_1_19' title="bbox 1876 743 3482 815; baseline -0.002 -13"><span class='ocrx_word' id='word_1_125' title='bbox 1876 746 1998 802; x_wconf 87' lang='lat' dir='ltr'><strong>dem</strong></span> <span class='ocrx_word' id='word_1_126' title='bbox 2026 755 2147 801; x_wconf 92' lang='lat' dir='ltr'><strong>erat</strong></span> <span class='ocrx_word' id='word_1_127' title='bbox 2188 744 2609 800; x_wconf 76' lang='lat' dir='ltr'><strong>christianorum</strong></span> <span class='ocrx_word' id='word_1_128' title='bbox 2650 755 2809 814; x_wconf 91' lang='lat' dir='ltr'><strong>atque</strong></span> <span class='ocrx_word' id='word_1_129' title='bbox 2837 743 3122 815; x_wconf 75' lang='lat' dir='ltr'><strong>gentilium</strong></span> <span class='ocrx_word' id='word_1_130' title='bbox 3162 744 3231 799; x_wconf 90' lang='lat' dir='ltr'><strong>de</strong></span> <span class='ocrx_word' id='word_1_131' title='bbox 3277 743 3356 799; x_wconf 90' lang='lat' dir='ltr'><strong>ira</strong></span> <span class='ocrx_word' id='word_1_132' title='bbox 3385 744 3482 800; x_wconf 96' lang='lat' dir='ltr'><strong>Dei</strong></span> 
     </span>
    </p>
   </div>
   <div class='ocr_carea' id='block_1_20' title="bbox 1874 836 3483 910">
    <p class='ocr_par' dir='ltr' id='par_1_20' title="bbox 1874 836 3483 910">
     <span class='ocr_line' id='line_1_20' title="bbox 1874 836 3483 910; baseline -0.001 -16"><span class='ocrx_word' id='word_1_133' title='bbox 1874 839 2081 909; x_wconf 91' lang='lat' dir='ltr'><strong>opinio.</strong></span> <span class='ocrx_word' id='word_1_134' title='bbox 2136 838 2340 894; x_wconf 88' lang='lat' dir='ltr'><strong>Deinde</strong></span> <span class='ocrx_word' id='word_1_135' title='bbox 2383 853 2514 893; x_wconf 87' lang='lat' dir='ltr'><strong>vero</strong></span> <span class='ocrx_word' id='word_1_136' title='bbox 2543 836 2776 893; x_wconf 87' lang='lat' dir='ltr'><strong>ethnicis</strong></span> <span class='ocrx_word' id='word_1_137' title='bbox 2826 838 2983 907; x_wconf 84' lang='lat' dir='ltr'><strong>longe</strong></span> <span class='ocrx_word' id='word_1_138' title='bbox 3028 837 3275 910; x_wconf 87' lang='lat' dir='ltr'><strong>dispares</strong></span> <span class='ocrx_word' id='word_1_139' title='bbox 3322 844 3483 893; x_wconf 87' lang='lat' dir='ltr'><strong>erant</strong></span> 
     </span>
    </p>
   </div>
   <div class='ocr_carea' id='block_1_21' title="bbox 1874 928 3481 1001">
    <p class='ocr_par' dir='ltr' id='par_1_21' title="bbox 1874 928 3481 1001">
     <span class='ocr_line' id='line_1_21' title="bbox 1874 928 3481 1001; baseline 0.001 -15"><span class='ocrx_word' id='word_1_140' title='bbox 1874 930 2191 997; x_wconf 90' lang='lat' dir='ltr'><strong>christiani,</strong></span> <span class='ocrx_word' id='word_1_141' title='bbox 2222 931 2313 1001; x_wconf 90' lang='lat' dir='ltr'><strong>qui</strong></span> <span class='ocrx_word' id='word_1_142' title='bbox 2344 929 2653 985; x_wconf 84' lang='lat' dir='ltr'><strong>fatebantur</strong></span> <span class='ocrx_word' id='word_1_143' title='bbox 2680 928 2814 985; x_wconf 88' lang='lat' dir='ltr'><strong>nihil</strong></span> <span class='ocrx_word' id='word_1_144' title='bbox 2854 930 2958 985; x_wconf 88' lang='lat' dir='ltr'><strong>sibi</strong></span> <span class='ocrx_word' id='word_1_145' title='bbox 3006 928 3073 985; x_wconf 91' lang='lat' dir='ltr'><strong>ad</strong></span> <span class='ocrx_word' id='word_1_146' title='bbox 3131 930 3272 985; x_wconf 90' lang='lat' dir='ltr'><strong>hanc</strong></span> <span class='ocrx_word' id='word_1_147' title='bbox 3314 932 3481 987; x_wconf 87' lang='lat' dir='ltr'><strong>vitam</strong></span> 
     </span>
    </p>
   </div>
   <div class='ocr_carea' id='block_1_22' title="bbox 1878 1022 3480 1096">
    <p class='ocr_par' dir='ltr' id='par_1_22' title="bbox 1878 1022 3480 1096">
     <span class='ocr_line' id='line_1_22' title="bbox 1878 1022 3480 1096; baseline -0.001 -16"><span class='ocrx_word' id='word_1_148' title='bbox 1878 1025 2199 1096; x_wconf 88' lang='lat' dir='ltr'><strong>promissum</strong></span> <span class='ocrx_word' id='word_1_149' title='bbox 2227 1041 2239 1079; x_wconf 92' lang='lat'><strong>:</strong></span> <span class='ocrx_word' id='word_1_150' title='bbox 2277 1045 2295 1075; x_wconf 76' lang='grc' dir='ltr'>ι</span> <span class='ocrx_word' id='word_1_151' title='bbox 2323 1022 2468 1078; x_wconf 85' lang='lat' dir='ltr'><strong>Nihil</strong></span> <span class='ocrx_word' id='word_1_152' title='bbox 2488 1024 2635 1079; x_wconf 77' lang='lat' dir='ltr'><strong>enim</strong></span> <span class='ocrx_word' id='word_1_153' title='bbox 2655 1066 2670 1091; x_wconf 94' lang='lat'><strong>,</strong></span> <span class='ocrx_word' id='word_1_154' title='bbox 2696 1043 2715 1076; x_wconf 71' lang='grc' dir='ltr'><strong><em>ι</em></strong></span> <span class='ocrx_word' id='word_1_155' title='bbox 2758 1024 2931 1094; x_wconf 89' lang='lat' dir='ltr'><strong>inquit</strong></span> <span class='ocrx_word' id='word_1_156' title='bbox 2957 1024 3230 1080; x_wconf 86' lang='lat' dir='ltr'><strong>Arnobius</strong></span> <span class='ocrx_word' id='word_1_157' title='bbox 3261 1023 3377 1096; x_wconf 82' lang='lat' dir='ltr'><strong>(lib.</strong></span> <span class='ocrx_word' id='word_1_158' title='bbox 3409 1040 3480 1090; x_wconf 86' lang='lat' dir='ltr'><strong>tt,</strong></span> 
     </span>
    </p>
   </div>
   <div class='ocr_carea' id='block_1_23' title="bbox 1875 1115 3478 1189">
    <p class='ocr_par' dir='ltr' id='par_1_23' title="bbox 1875 1115 3478 1189">
     <span class='ocr_line' id='line_1_23' title="bbox 1875 1115 3478 1189; baseline 0 -19"><span class='ocrx_word' id='word_1_159' title='bbox 1875 1134 1996 1189; x_wconf 83' lang='lat' dir='ltr'><strong>pag.</strong></span> <span class='ocrx_word' id='word_1_160' title='bbox 2031 1117 2158 1189; x_wconf 87' lang='lat'><strong>98),</strong></span> <span class='ocrx_word' id='word_1_161' title='bbox 2211 1134 2229 1167; x_wconf 87' lang='grc'><strong><em>‹</em></strong></span> <span class='ocrx_word' id='word_1_162' title='bbox 2270 1127 2355 1173; x_wconf 90' lang='lat' dir='ltr'><strong>est</strong></span> <span class='ocrx_word' id='word_1_163' title='bbox 2385 1117 2540 1172; x_wconf 87' lang='lat' dir='ltr'><strong>nobis</strong></span> <span class='ocrx_word' id='word_1_164' title='bbox 2581 1116 2909 1188; x_wconf 90' lang='lat' dir='ltr'><strong>promissum</strong></span> <span class='ocrx_word' id='word_1_165' title='bbox 2948 1116 3015 1171; x_wconf 91' lang='lat' dir='ltr'><strong>ad</strong></span> <span class='ocrx_word' id='word_1_166' title='bbox 3046 1115 3186 1173; x_wconf 91' lang='lat' dir='ltr'><strong>hanc</strong></span> <span class='ocrx_word' id='word_1_167' title='bbox 3216 1118 3381 1173; x_wconf 90' lang='lat' dir='ltr'><strong>vitam</strong></span> <span class='ocrx_word' id='word_1_168' title='bbox 3404 1160 3420 1184; x_wconf 95' lang='lat'><strong>,</strong></span> <span class='ocrx_word' id='word_1_169' title='bbox 3457 1137 3478 1170; x_wconf 72' lang='grc' dir='ltr'><strong><em>ι</em></strong></span> 
     </span>
    </p>
   </div>
   <div class='ocr_carea' id='block_1_24' title="bbox 1873 1211 3483 1284">
    <p class='ocr_par' dir='ltr' id='par_1_24' title="bbox 1873 1211 3483 1284">
     <span class='ocr_line' id='line_1_24' title="bbox 1873 1211 3483 1284; baseline 0.001 -17"><span class='ocrx_word' id='word_1_170' title='bbox 1873 1212 1968 1267; x_wconf 90' lang='lat' dir='ltr'><strong>sed</strong></span> <span class='ocrx_word' id='word_1_171' title='bbox 1996 1211 2065 1265; x_wconf 90' lang='lat' dir='ltr'><strong>ad</strong></span> <span class='ocrx_word' id='word_1_172' title='bbox 2104 1211 2337 1266; x_wconf 89' lang='lat' dir='ltr'><strong>futuram</strong></span> <span class='ocrx_word' id='word_1_173' title='bbox 2361 1253 2376 1277; x_wconf 94' lang='lat'><strong>,</strong></span> <span class='ocrx_word' id='word_1_174' title='bbox 2423 1226 2586 1284; x_wconf 88' lang='lat' dir='ltr'><strong>quam</strong></span> <span class='ocrx_word' id='word_1_175' title='bbox 2626 1211 2841 1267; x_wconf 89' lang='lat' dir='ltr'><strong>beatam</strong></span> <span class='ocrx_word' id='word_1_176' title='bbox 2884 1221 3257 1282; x_wconf 84' lang='lat' dir='ltr'><strong>expectamus.</strong></span> <span class='ocrx_word' id='word_1_177' title='bbox 3304 1211 3483 1284; x_wconf 81' lang='lat' dir='ltr'><strong>Atque</strong></span> 
     </span>
    </p>
   </div>
   <div class='ocr_carea' id='block_1_25' title="bbox 1872 1304 3471 1377">
    <p class='ocr_par' dir='ltr' id='par_1_25' title="bbox 1872 1304 3471 1377">
     <span class='ocr_line' id='line_1_25' title="bbox 1872 1304 3471 1377; baseline 0.001 -17"><span class='ocrx_word' id='word_1_178' title='bbox 1872 1305 1997 1361; x_wconf 91' lang='lat' dir='ltr'><strong>inde</strong></span> <span class='ocrx_word' id='word_1_179' title='bbox 2024 1305 2297 1362; x_wconf 91' lang='lat' dir='ltr'><strong>concludit</strong></span> <span class='ocrx_word' id='word_1_180' title='bbox 2328 1323 2343 1359; x_wconf 88' lang='lat'><strong>:</strong></span> <span class='ocrx_word' id='word_1_181' title='bbox 2379 1324 2398 1357; x_wconf 78' lang='grc' dir='ltr'>ι</span> <span class='ocrx_word' id='word_1_182' title='bbox 2434 1304 2619 1377; x_wconf 90' lang='lat' dir='ltr'><strong>itaque</strong></span> <span class='ocrx_word' id='word_1_183' title='bbox 2658 1307 2789 1372; x_wconf 90' lang='lat' dir='ltr'><strong>ista,</strong></span> <span class='ocrx_word' id='word_1_184' title='bbox 2818 1321 2977 1377; x_wconf 90' lang='lat' dir='ltr'><strong>quam</strong></span> <span class='ocrx_word' id='word_1_185' title='bbox 3009 1304 3190 1363; x_wconf 91' lang='lat' dir='ltr'><strong>dicitis</strong></span> <span class='ocrx_word' id='word_1_186' title='bbox 3214 1348 3230 1375; x_wconf 95' lang='lat'><strong>,</strong></span> <span class='ocrx_word' id='word_1_187' title='bbox 3280 1322 3471 1377; x_wconf 83' lang='lat' dir='ltr'><strong>perse—</strong></span> 
     </span>
    </p>
   </div>
   <div class='ocr_carea' id='block_1_26' title="bbox 1874 1399 3486 1472">
    <p class='ocr_par' dir='ltr' id='par_1_26' title="bbox 1874 1399 3486 1472">
     <span class='ocr_line' id='line_1_26' title="bbox 1874 1399 3486 1472; baseline 0.001 -16"><span class='ocrx_word' id='word_1_188' title='bbox 1874 1399 2108 1456; x_wconf 91' lang='lat' dir='ltr'><strong>cutionis</strong></span> <span class='ocrx_word' id='word_1_189' title='bbox 2129 1400 2429 1471; x_wconf 86' lang='lat' dir='ltr'><strong>asperitas.</strong></span> <span class='ocrx_word' id='word_1_190' title='bbox 2473 1400 2727 1456; x_wconf 89' lang='lat' dir='ltr'><strong>liberatio</strong></span> <span class='ocrx_word' id='word_1_191' title='bbox 2771 1408 2958 1455; x_wconf 92' lang='lat' dir='ltr'><strong>nostra</strong></span> <span class='ocrx_word' id='word_1_192' title='bbox 2992 1408 3109 1465; x_wconf 88' lang='lat' dir='ltr'><strong>est,</strong></span> <span class='ocrx_word' id='word_1_193' title='bbox 3155 1416 3263 1456; x_wconf 92' lang='lat' dir='ltr'><strong>non</strong></span> <span class='ocrx_word' id='word_1_194' title='bbox 3296 1415 3486 1472; x_wconf 87' lang='lat' dir='ltr'><strong>perse-</strong></span> 
     </span>
    </p>
   </div>
   <div class='ocr_carea' id='block_1_27' title="bbox 1872 1492 3483 1564">
    <p class='ocr_par' dir='ltr' id='par_1_27' title="bbox 1872 1492 3483 1564">
     <span class='ocr_line' id='line_1_27' title="bbox 1872 1492 3483 1564; baseline -0.001 -13"><span class='ocrx_word' id='word_1_195' title='bbox 1872 1495 2054 1551; x_wconf 91' lang='lat' dir='ltr'><strong>cutio:</strong></span> <span class='ocrx_word' id='word_1_196' title='bbox 2107 1510 2209 1549; x_wconf 90' lang='lat' dir='ltr'><strong>nec</strong></span> <span class='ocrx_word' id='word_1_197' title='bbox 2252 1508 2469 1564; x_wconf 62' lang='lat' dir='ltr'><strong>poenam</strong></span> <span class='ocrx_word' id='word_1_198' title='bbox 2523 1495 2740 1550; x_wconf 86' lang='lat' dir='ltr'><strong>vexatio</strong></span> <span class='ocrx_word' id='word_1_199' title='bbox 2783 1493 3011 1562; x_wconf 78' lang='lat' dir='ltr'><strong>inferet,</strong></span> <span class='ocrx_word' id='word_1_200' title='bbox 3056 1493 3154 1551; x_wconf 88' lang='lat' dir='ltr'><strong>sed</strong></span> <span class='ocrx_word' id='word_1_201' title='bbox 3199 1493 3265 1549; x_wconf 91' lang='lat' dir='ltr'><strong>ad</strong></span> <span class='ocrx_word' id='word_1_202' title='bbox 3307 1492 3483 1551; x_wconf 91' lang='lat' dir='ltr'><strong>lucem</strong></span> 
     </span>
    </p>
   </div>
   <div class='ocr_carea' id='block_1_28' title="bbox 1873 1585 3486 1660">
    <p class='ocr_par' dir='ltr' id='par_1_28' title="bbox 1873 1585 3486 1660">
     <span class='ocr_line' id='line_1_28' title="bbox 1873 1585 3486 1660; baseline 0.001 -19"><span class='ocrx_word' id='word_1_203' title='bbox 1873 1586 2136 1643; x_wconf 88' lang='lat' dir='ltr'><strong>libertatis</strong></span> <span class='ocrx_word' id='word_1_204' title='bbox 2179 1585 2390 1643; x_wconf 88' lang='lat' dir='ltr'><strong>educet.</strong></span> <span class='ocrx_word' id='word_1_205' title='bbox 2448 1604 2467 1638; x_wconf 76' lang='grc' dir='ltr'><strong><em>ι</em></strong></span> <span class='ocrx_word' id='word_1_206' title='bbox 2516 1586 2719 1644; x_wconf 85' lang='lat' dir='ltr'><strong>Eadem</strong></span> <span class='ocrx_word' id='word_1_207' title='bbox 2767 1603 2986 1660; x_wconf 91' lang='lat' dir='ltr'><strong>quoque</strong></span> <span class='ocrx_word' id='word_1_208' title='bbox 3033 1598 3119 1644; x_wconf 89' lang='lat' dir='ltr'><strong>est</strong></span> <span class='ocrx_word' id='word_1_209' title='bbox 3164 1585 3486 1644; x_wconf 76' lang='lat' dir='ltr'><strong>Tertulliani</strong></span> 
     </span>
    </p>
   </div>
   <div class='ocr_carea' id='block_1_29' title="bbox 1872 1680 3486 1754">
    <p class='ocr_par' dir='ltr' id='par_1_29' title="bbox 1872 1680 3486 1754">
     <span class='ocr_line' id='line_1_29' title="bbox 1872 1680 3486 1754; baseline 0 -19"><span class='ocrx_word' id='word_1_210' title='bbox 1872 1682 2195 1752; x_wconf 90' lang='lat' dir='ltr'><strong>responsio,</strong></span> <span class='ocrx_word' id='word_1_211' title='bbox 2247 1690 2304 1736; x_wconf 93' lang='lat' dir='ltr'><strong>ut</strong></span> <span class='ocrx_word' id='word_1_212' title='bbox 2368 1696 2469 1737; x_wconf 91' lang='lat' dir='ltr'><strong>suo</strong></span> <span class='ocrx_word' id='word_1_213' title='bbox 2536 1681 2657 1737; x_wconf 88' lang='lat' dir='ltr'><strong>loco</strong></span> <span class='ocrx_word' id='word_1_214' title='bbox 2722 1681 3072 1738; x_wconf 87' lang='lat' dir='ltr'><strong>ostendemus</strong></span> <span class='ocrx_word' id='word_1_215' title='bbox 3126 1680 3381 1754; x_wconf 75' lang='lat' dir='ltr'><strong>(Diuert.</strong></span> <span class='ocrx_word' id='word_1_216' title='bbox 3430 1680 3486 1735; x_wconf 79' lang='lat' dir='ltr'><strong>in</strong></span> 
     </span>
    </p>
   </div>
   <div class='ocr_carea' id='block_1_30' title="bbox 1874 1772 3485 1847">
    <p class='ocr_par' dir='ltr' id='par_1_30' title="bbox 1874 1772 3485 1847">
     <span class='ocr_line' id='line_1_30' title="bbox 1874 1772 3485 1847; baseline 0.001 -19"><span class='ocrx_word' id='word_1_217' title='bbox 1874 1772 2220 1842; x_wconf 81' lang='lat' dir='ltr'><strong>Tertullian.,</strong></span> <span class='ocrx_word' id='word_1_218' title='bbox 2268 1790 2385 1845; x_wconf 88' lang='lat' dir='ltr'><strong>cap.</strong></span> <span class='ocrx_word' id='word_1_219' title='bbox 2443 1773 2545 1842; x_wconf 82' lang='grc'><strong>16,</strong></span> <span class='ocrx_word' id='word_1_220' title='bbox 2595 1785 2699 1830; x_wconf 84' lang='lat' dir='ltr'><strong>art.</strong></span> <span class='ocrx_word' id='word_1_221' title='bbox 2743 1773 2822 1846; x_wconf 80' lang='grc'><strong>3).</strong></span> <span class='ocrx_word' id='word_1_222' title='bbox 2856 1774 3001 1831; x_wconf 82' lang='lat' dir='ltr'><strong>Nihil</strong></span> <span class='ocrx_word' id='word_1_223' title='bbox 3041 1790 3172 1847; x_wconf 89' lang='lat' dir='ltr'><strong>ergo</strong></span> <span class='ocrx_word' id='word_1_224' title='bbox 3218 1774 3485 1831; x_wconf 86' lang='lat' dir='ltr'><strong>adversus</strong></span> 
     </span>
    </p>
   </div>
   <div class='ocr_carea' id='block_1_31' title="bbox 1873 1867 3486 1939">
    <p class='ocr_par' dir='ltr' id='par_1_31' title="bbox 1873 1867 3486 1939">
     <span class='ocr_line' id='line_1_31' title="bbox 1873 1867 3486 1939; baseline -0.001 -15"><span class='ocrx_word' id='word_1_225' title='bbox 1873 1867 2198 1925; x_wconf 87' lang='lat' dir='ltr'><strong>christianos</strong></span> <span class='ocrx_word' id='word_1_226' title='bbox 2240 1868 2452 1939; x_wconf 89' lang='lat' dir='ltr'><strong>objecta</strong></span> <span class='ocrx_word' id='word_1_227' title='bbox 2503 1868 2571 1925; x_wconf 89' lang='lat' dir='ltr'><strong>ab</strong></span> <span class='ocrx_word' id='word_1_228' title='bbox 2613 1868 2845 1926; x_wconf 86' lang='lat' dir='ltr'><strong>ethnicis</strong></span> <span class='ocrx_word' id='word_1_229' title='bbox 2897 1869 2974 1924; x_wconf 91' lang='lat' dir='ltr'><strong>ira</strong></span> <span class='ocrx_word' id='word_1_230' title='bbox 3026 1868 3252 1924; x_wconf 88' lang='lat' dir='ltr'><strong>deorum</strong></span> <span class='ocrx_word' id='word_1_231' title='bbox 3306 1867 3486 1924; x_wconf 89' lang='lat' dir='ltr'><strong>facere</strong></span> 
     </span>
    </p>
   </div>
   <div class='ocr_carea' id='block_1_32' title="bbox 201 1960 2109 2031">
    <p class='ocr_par' dir='ltr' id='par_1_32' title="bbox 201 1960 2109 2031">
     <span class='ocr_line' id='line_1_32' title="bbox 201 1960 2109 2031; baseline 0.001 -18"><span class='ocrx_word' id='word_1_232' title='bbox 201 1973 319 2013; x_wconf 84' lang='lat' dir='ltr'><strong>mam</strong></span> <span class='ocrx_word' id='word_1_233' title='bbox 343 1969 393 2015; x_wconf 87' lang='lat' dir='ltr'><strong>et</strong></span> <span class='ocrx_word' id='word_1_234' title='bbox 419 1960 619 2015; x_wconf 87' lang='lat' dir='ltr'><strong>nullius</strong></span> <span class='ocrx_word' id='word_1_235' title='bbox 650 1960 911 2015; x_wconf 88' lang='lat' dir='ltr'><strong>momenti</strong></span> <span class='ocrx_word' id='word_1_236' title='bbox 937 1974 1061 2016; x_wconf 89' lang='lat' dir='ltr'><strong>esse</strong></span> <span class='ocrx_word' id='word_1_237' title='bbox 1088 1968 1311 2028; x_wconf 90' lang='lat' dir='ltr'><strong>censet,</strong></span> <span class='ocrx_word' id='word_1_238' title='bbox 1332 1960 1662 2031; x_wconf 91' lang='lat' dir='ltr'><strong>omninoque</strong></span> <span class='ocrx_word' id='word_1_239' title='bbox 1690 1976 1768 2017; x_wconf 56' lang='lat' dir='ltr'><strong>as.</strong></span> <span class='ocrx_word' id='word_1_240' title='bbox 1806 1972 1847 2031; x_wconf 79' lang='grc' dir='ltr'><strong>Β</strong></span> <span class='ocrx_word' id='word_1_241' title='bbox 1876 1971 2109 2031; x_wconf 89' lang='lat' dir='ltr'><strong>poterat.</strong></span> 
     </span>
    </p>
   </div>
   <div class='ocr_carea' id='block_1_33' title="bbox 202 2050 1768 2124">
    <p class='ocr_par' dir='ltr' id='par_1_33' title="bbox 202 2050 1768 2124">
     <span class='ocr_line' id='line_1_33' title="bbox 202 2050 1768 2124; baseline 0.004 -20"><span class='ocrx_word' id='word_1_242' title='bbox 202 2060 441 2118; x_wconf 89' lang='lat' dir='ltr'><strong>pernatur.</strong></span> <span class='ocrx_word' id='word_1_243' title='bbox 483 2050 594 2108; x_wconf 89' lang='lat' dir='ltr'><strong>Sed</strong></span> <span class='ocrx_word' id='word_1_244' title='bbox 621 2067 760 2123; x_wconf 86' lang='lat' dir='ltr'><strong>qua,</strong></span> <span class='ocrx_word' id='word_1_245' title='bbox 793 2061 982 2124; x_wconf 87' lang='lat' dir='ltr'><strong>putas,</strong></span> <span class='ocrx_word' id='word_1_246' title='bbox 1025 2052 1274 2108; x_wconf 81' lang='lat' dir='ltr'><strong>ratione?</strong></span> <span class='ocrx_word' id='word_1_247' title='bbox 1320 2052 1452 2120; x_wconf 86' lang='lat' dir='ltr'><strong>Quia</strong></span> <span class='ocrx_word' id='word_1_248' title='bbox 1495 2053 1638 2109; x_wconf 87' lang='lat' dir='ltr'><strong>Deus</strong></span> <span class='ocrx_word' id='word_1_249' title='bbox 1681 2070 1768 2111; x_wconf 84' lang='lat' dir='ltr'><strong>re-</strong></span> 
     </span>
    </p>
   </div>
   <div class='ocr_carea' id='block_1_34' title="bbox 198 2146 1767 2219">
    <p class='ocr_par' dir='ltr' id='par_1_34' title="bbox 198 2146 1767 2219">
     <span class='ocr_line' id='line_1_34' title="bbox 198 2146 1767 2219; baseline 0.003 -20"><span class='ocrx_word' id='word_1_250' title='bbox 198 2156 413 2215; x_wconf 86' lang='lat' dir='ltr'><strong>servata,</strong></span> <span class='ocrx_word' id='word_1_251' title='bbox 441 2146 651 2218; x_wconf 91' lang='lat' dir='ltr'><strong>inquit,</strong></span> <span class='ocrx_word' id='word_1_252' title='bbox 684 2146 788 2202; x_wconf 89' lang='lat' dir='ltr'><strong>sibi</strong></span> <span class='ocrx_word' id='word_1_253' title='bbox 817 2146 1036 2219; x_wconf 87' lang='lat' dir='ltr'><strong>perjnrii</strong></span> <span class='ocrx_word' id='word_1_254' title='bbox 1067 2161 1219 2217; x_wconf 85' lang='lat' dir='ltr'><strong>paena</strong></span> <span class='ocrx_word' id='word_1_255' title='bbox 1245 2189 1261 2215; x_wconf 95' lang='lat'><strong>,</strong></span> <span class='ocrx_word' id='word_1_256' title='bbox 1294 2146 1409 2202; x_wconf 86' lang='lat' dir='ltr'><strong>vult</strong></span> <span class='ocrx_word' id='word_1_257' title='bbox 1436 2147 1767 2217; x_wconf 86' lang='lat' dir='ltr'><strong>impietatem</strong></span> 
     </span>
    </p>
   </div>
   <div class='ocr_carea' id='block_1_35' title="bbox 201 2236 1769 2313">
    <p class='ocr_par' dir='ltr' id='par_1_35' title="bbox 201 2236 1769 2313">
     <span class='ocr_line' id='line_1_35' title="bbox 201 2236 1769 2313; baseline 0.006 -23"><span class='ocrx_word' id='word_1_258' title='bbox 201 2236 441 2295; x_wconf 89' lang='lat' dir='ltr'><strong>hominum</strong></span> <span class='ocrx_word' id='word_1_259' title='bbox 466 2242 535 2296; x_wconf 87' lang='lat' dir='ltr'><strong>ab</strong></span> <span class='ocrx_word' id='word_1_260' title='bbox 563 2241 810 2311; x_wconf 88' lang='lat' dir='ltr'><strong>ipsismet</strong></span> <span class='ocrx_word' id='word_1_261' title='bbox 849 2240 1154 2296; x_wconf 87' lang='lat' dir='ltr'><strong>hominibus</strong></span> <span class='ocrx_word' id='word_1_262' title='bbox 1197 2242 1396 2313; x_wconf 88' lang='lat' dir='ltr'><strong>puniri.</strong></span> <span class='ocrx_word' id='word_1_263' title='bbox 1430 2240 1502 2297; x_wconf 81' lang='lat' dir='ltr'><strong>At</strong></span> <span class='ocrx_word' id='word_1_264' title='bbox 1527 2242 1573 2295; x_wconf 89' lang='lat' dir='ltr'><strong>si</strong></span> <span class='ocrx_word' id='word_1_265' title='bbox 1612 2242 1769 2312; x_wconf 90' lang='lat' dir='ltr'><strong>plane</strong></span> 
     </span>
    </p>
   </div>
   <div class='ocr_carea' id='block_1_36' title="bbox 203 2331 1763 2407">
    <p class='ocr_par' dir='ltr' id='par_1_36' title="bbox 203 2331 1763 2407">
     <span class='ocr_line' id='line_1_36' title="bbox 203 2331 1763 2407; baseline 0.004 -21"><span class='ocrx_word' id='word_1_266' title='bbox 203 2331 387 2389; x_wconf 82' lang='lat' dir='ltr'><strong>infirma</strong></span> <span class='ocrx_word' id='word_1_267' title='bbox 411 2376 424 2399; x_wconf 91' lang='lat'><strong>,</strong></span> <span class='ocrx_word' id='word_1_268' title='bbox 455 2335 769 2407; x_wconf 89' lang='lat' dir='ltr'><strong>nulliusque</strong></span> <span class='ocrx_word' id='word_1_269' title='bbox 796 2335 1053 2406; x_wconf 86' lang='lat' dir='ltr'><strong>ponderis</strong></span> <span class='ocrx_word' id='word_1_270' title='bbox 1079 2337 1153 2391; x_wconf 89' lang='lat' dir='ltr'><strong>sit</strong></span> <span class='ocrx_word' id='word_1_271' title='bbox 1182 2336 1299 2391; x_wconf 70' lang='lat' dir='ltr'><strong>haec</strong></span> <span class='ocrx_word' id='word_1_272' title='bbox 1328 2336 1727 2406; x_wconf 78' lang='lat' dir='ltr'><strong>argumentatio</strong></span> <span class='ocrx_word' id='word_1_273' title='bbox 1750 2379 1763 2403; x_wconf 94' lang='lat'><strong>,</strong></span> 
     </span>
    </p>
   </div>
   <div class='ocr_carea' id='block_1_37' title="bbox 198 2426 1769 2502">
    <p class='ocr_par' dir='ltr' id='par_1_37' title="bbox 198 2426 1769 2502">
     <span class='ocr_line' id='line_1_37' title="bbox 198 2426 1769 2502; baseline 0.004 -23"><span class='ocrx_word' id='word_1_274' title='bbox 198 2426 574 2499; x_wconf 88' lang='lat' dir='ltr'><strong>redarguendus</strong></span> <span class='ocrx_word' id='word_1_275' title='bbox 605 2440 689 2485; x_wconf 88' lang='lat' dir='ltr'><strong>est</strong></span> <span class='ocrx_word' id='word_1_276' title='bbox 720 2430 1055 2502; x_wconf 84' lang='lat' dir='ltr'><strong>Cyprianus,</strong></span> <span class='ocrx_word' id='word_1_277' title='bbox 1106 2431 1197 2501; x_wconf 92' lang='lat' dir='ltr'><strong>qui</strong></span> <span class='ocrx_word' id='word_1_278' title='bbox 1244 2430 1438 2486; x_wconf 89' lang='lat' dir='ltr'><strong>eodem</strong></span> <span class='ocrx_word' id='word_1_279' title='bbox 1502 2432 1660 2501; x_wconf 87' lang='lat' dir='ltr'><strong>plane</strong></span> <span class='ocrx_word' id='word_1_280' title='bbox 1716 2440 1769 2487; x_wconf 91' lang='lat' dir='ltr'><strong>et</strong></span> 
     </span>
    </p>
   </div>
   <div class='ocr_carea' id='block_1_38' title="bbox 194 2519 1768 2595">
    <p class='ocr_par' dir='ltr' id='par_1_38' title="bbox 194 2519 1768 2595">
     <span class='ocr_line' id='line_1_38' title="bbox 194 2519 1768 2595; baseline 0.004 -23"><span class='ocrx_word' id='word_1_281' title='bbox 194 2519 363 2575; x_wconf 90' lang='lat' dir='ltr'><strong>acriori</strong></span> <span class='ocrx_word' id='word_1_282' title='bbox 401 2522 566 2577; x_wconf 88' lang='lat' dir='ltr'><strong>modo</strong></span> <span class='ocrx_word' id='word_1_283' title='bbox 593 2522 1000 2578; x_wconf 89' lang='lat' dir='ltr'><strong>Demetrianum</strong></span> <span class='ocrx_word' id='word_1_284' title='bbox 1031 2524 1278 2593; x_wconf 90' lang='lat' dir='ltr'><strong>aliosque</strong></span> <span class='ocrx_word' id='word_1_285' title='bbox 1324 2523 1556 2595; x_wconf 88' lang='lat' dir='ltr'><strong>gentiles</strong></span> <span class='ocrx_word' id='word_1_286' title='bbox 1586 2525 1768 2579; x_wconf 82' lang='lat' dir='ltr'><strong>insec-</strong></span> 
     </span>
    </p>
   </div>
   <div class='ocr_carea' id='block_1_39' title="bbox 206 2615 1769 2687">
    <p class='ocr_par' dir='ltr' id='par_1_39' title="bbox 206 2615 1769 2687">
     <span class='ocr_line' id='line_1_39' title="bbox 206 2615 1769 2687; baseline 0.004 -22"><span class='ocrx_word' id='word_1_287' title='bbox 206 2623 324 2668; x_wconf 86' lang='lat' dir='ltr'><strong>tatur</strong></span> <span class='ocrx_word' id='word_1_288' title='bbox 350 2632 364 2666; x_wconf 88' lang='lat'><strong>:</strong></span> <span class='ocrx_word' id='word_1_289' title='bbox 396 2634 413 2667; x_wconf 76' lang='grc' dir='ltr'>ι</span> <span class='ocrx_word' id='word_1_290' title='bbox 436 2615 491 2671; x_wconf 86' lang='lat' dir='ltr'><strong>Si</strong></span> <span class='ocrx_word' id='word_1_291' title='bbox 518 2615 680 2687; x_wconf 90' lang='lat' dir='ltr'><strong>quid,</strong></span> <span class='ocrx_word' id='word_1_292' title='bbox 721 2634 741 2667; x_wconf 75' lang='grc' dir='ltr'><strong><em>ι</em></strong></span> <span class='ocrx_word' id='word_1_293' title='bbox 770 2615 844 2670; x_wconf 90' lang='lat' dir='ltr'><strong>ait</strong></span> <span class='ocrx_word' id='word_1_294' title='bbox 865 2615 954 2670; x_wconf 92' lang='lat' dir='ltr'><strong>ille</strong></span> <span class='ocrx_word' id='word_1_295' title='bbox 973 2658 988 2680; x_wconf 93' lang='lat'><strong>,</strong></span> <span class='ocrx_word' id='word_1_296' title='bbox 1010 2633 1029 2667; x_wconf 80' lang='lat' dir='ltr'><strong>t</strong></span> <span class='ocrx_word' id='word_1_297' title='bbox 1059 2615 1161 2671; x_wconf 90' lang='lat' dir='ltr'><strong>diis</strong></span> <span class='ocrx_word' id='word_1_298' title='bbox 1194 2615 1300 2670; x_wconf 90' lang='lat' dir='ltr'><strong>tuis</strong></span> <span class='ocrx_word' id='word_1_299' title='bbox 1328 2616 1567 2673; x_wconf 88' lang='lat' dir='ltr'><strong>numinis</strong></span> <span class='ocrx_word' id='word_1_300' title='bbox 1596 2626 1651 2672; x_wconf 87' lang='lat' dir='ltr'><strong>et</strong></span> <span class='ocrx_word' id='word_1_301' title='bbox 1673 2632 1769 2687; x_wconf 89' lang='lat' dir='ltr'><strong>po-</strong></span> 
     </span>
    </p>
   </div>
   <div class='ocr_carea' id='block_1_40' title="bbox 191 2709 1770 2782">
    <p class='ocr_par' dir='ltr' id='par_1_40' title="bbox 191 2709 1770 2782">
     <span class='ocr_line' id='line_1_40' title="bbox 191 2709 1770 2782; baseline 0.004 -23"><span class='ocrx_word' id='word_1_302' title='bbox 191 2709 373 2764; x_wconf 86' lang='lat' dir='ltr'><strong>testatis</strong></span> <span class='ocrx_word' id='word_1_303' title='bbox 406 2720 522 2776; x_wconf 91' lang='lat' dir='ltr'><strong>est,</strong></span> <span class='ocrx_word' id='word_1_304' title='bbox 547 2710 653 2781; x_wconf 90' lang='lat' dir='ltr'><strong>ipsi</strong></span> <span class='ocrx_word' id='word_1_305' title='bbox 696 2712 751 2765; x_wconf 91' lang='lat' dir='ltr'><strong>in</strong></span> <span class='ocrx_word' id='word_1_306' title='bbox 796 2710 1057 2766; x_wconf 90' lang='lat' dir='ltr'><strong>ultionem</strong></span> <span class='ocrx_word' id='word_1_307' title='bbox 1087 2725 1239 2765; x_wconf 87' lang='lat' dir='ltr'><strong>suam</strong></span> <span class='ocrx_word' id='word_1_308' title='bbox 1272 2720 1533 2781; x_wconf 83' lang='lat' dir='ltr'><strong>surgant,</strong></span> <span class='ocrx_word' id='word_1_309' title='bbox 1579 2711 1770 2782; x_wconf 79' lang='lat' dir='ltr'><strong>ipsi&#39;se</strong></span> 
     </span>
    </p>
   </div>
   <div class='ocr_carea' id='block_1_41' title="bbox 188 2804 1767 2877">
    <p class='ocr_par' dir='ltr' id='par_1_41' title="bbox 188 2804 1767 2877">
     <span class='ocr_line' id='line_1_41' title="bbox 188 2804 1767 2877; baseline 0.002 -20"><span class='ocrx_word' id='word_1_310' title='bbox 188 2818 267 2857; x_wconf 83' lang='lat' dir='ltr'><strong>sua</strong></span> <span class='ocrx_word' id='word_1_311' title='bbox 284 2804 554 2875; x_wconf 86' lang='lat' dir='ltr'><strong>majestate</strong></span> <span class='ocrx_word' id='word_1_312' title='bbox 576 2804 889 2861; x_wconf 77' lang='lat' dir='ltr'><strong>defendant.</strong></span> <span class='ocrx_word' id='word_1_313' title='bbox 911 2807 1019 2860; x_wconf 86' lang='lat' dir='ltr'><strong>Aut</strong></span> <span class='ocrx_word' id='word_1_314' title='bbox 1039 2805 1167 2877; x_wconf 92' lang='lat' dir='ltr'><strong>quid</strong></span> <span class='ocrx_word' id='word_1_315' title='bbox 1188 2814 1448 2877; x_wconf 70' lang='lat' dir='ltr'><strong>praestare</strong></span> <span class='ocrx_word' id='word_1_316' title='bbox 1462 2805 1767 2861; x_wconf 81' lang='lat' dir='ltr'><strong>colentibus</strong></span> 
     </span>
    </p>
   </div>
   <div class='ocr_carea' id='block_1_42' title="bbox 191 2899 1767 2971">
    <p class='ocr_par' dir='ltr' id='par_1_42' title="bbox 191 2899 1767 2971">
     <span class='ocr_line' id='line_1_42' title="bbox 191 2899 1767 2971; baseline 0.003 -20"><span class='ocrx_word' id='word_1_317' title='bbox 191 2908 417 2964; x_wconf 83' lang='lat' dir='ltr'><strong>possunt,</strong></span> <span class='ocrx_word' id='word_1_318' title='bbox 467 2899 559 2971; x_wconf 88' lang='lat' dir='ltr'><strong>qui</strong></span> <span class='ocrx_word' id='word_1_319' title='bbox 612 2916 675 2957; x_wconf 92' lang='lat' dir='ltr'><strong>se</strong></span> <span class='ocrx_word' id='word_1_320' title='bbox 724 2900 793 2956; x_wconf 90' lang='lat' dir='ltr'><strong>de</strong></span> <span class='ocrx_word' id='word_1_321' title='bbox 839 2915 947 2956; x_wconf 90' lang='lat' dir='ltr'><strong>non</strong></span> <span class='ocrx_word' id='word_1_322' title='bbox 994 2900 1306 2956; x_wconf 89' lang='lat' dir='ltr'><strong>colentibus</strong></span> <span class='ocrx_word' id='word_1_323' title='bbox 1356 2901 1628 2957; x_wconf 87' lang='lat' dir='ltr'><strong>vindicare</strong></span> <span class='ocrx_word' id='word_1_324' title='bbox 1660 2916 1767 2957; x_wconf 91' lang='lat' dir='ltr'><strong>non</strong></span> 
     </span>
    </p>
   </div>
   <div class='ocr_carea' id='block_1_43' title="bbox 189 2990 1763 3063">
    <p class='ocr_par' dir='ltr' id='par_1_43' title="bbox 189 2990 1763 3063">
     <span class='ocr_line' id='line_1_43' title="bbox 189 2990 1763 3063; baseline 0.005 -21"><span class='ocrx_word' id='word_1_325' title='bbox 189 2992 423 3054; x_wconf 84' lang='lat' dir='ltr'><strong>possunt?</strong></span> <span class='ocrx_word' id='word_1_326' title='bbox 450 2990 593 3047; x_wconf 89' lang='lat' dir='ltr'><strong>Nam</strong></span> <span class='ocrx_word' id='word_1_327' title='bbox 621 2992 669 3048; x_wconf 91' lang='lat' dir='ltr'><strong>si</strong></span> <span class='ocrx_word' id='word_1_328' title='bbox 700 3008 800 3060; x_wconf 91' lang='lat' dir='ltr'><strong>eo,</strong></span> <span class='ocrx_word' id='word_1_329' title='bbox 845 2993 934 3063; x_wconf 87' lang='lat' dir='ltr'><strong>qui</strong></span> <span class='ocrx_word' id='word_1_330' title='bbox 962 2993 1285 3056; x_wconf 86' lang='lat' dir='ltr'><strong>vindicatur,</strong></span> <span class='ocrx_word' id='word_1_331' title='bbox 1318 2994 1486 3063; x_wconf 90' lang='lat' dir='ltr'><strong>pluris</strong></span> <span class='ocrx_word' id='word_1_332' title='bbox 1525 3005 1609 3051; x_wconf 92' lang='lat' dir='ltr'><strong>est</strong></span> <span class='ocrx_word' id='word_1_333' title='bbox 1637 2994 1763 3061; x_wconf 91' lang='lat' dir='ltr'><strong>ille,</strong></span> 
     </span>
    </p>
   </div>
   <div class='ocr_carea' id='block_1_44' title="bbox 187 3081 1766 3156">
    <p class='ocr_par' dir='ltr' id='par_1_44' title="bbox 187 3081 1766 3156">
     <span class='ocr_line' id='line_1_44' title="bbox 187 3081 1766 3156; baseline 0.005 -23"><span class='ocrx_word' id='word_1_334' title='bbox 187 3081 261 3147; x_wconf 86' lang='lat' dir='ltr'><strong>qui</strong></span> <span class='ocrx_word' id='word_1_335' title='bbox 289 3081 547 3153; x_wconf 89' lang='lat' dir='ltr'><strong>vindieat,</strong></span> <span class='ocrx_word' id='word_1_336' title='bbox 583 3096 639 3139; x_wconf 93' lang='lat' dir='ltr'><strong>tu</strong></span> <span class='ocrx_word' id='word_1_337' title='bbox 672 3084 776 3141; x_wconf 91' lang='lat' dir='ltr'><strong>diis</strong></span> <span class='ocrx_word' id='word_1_338' title='bbox 806 3085 910 3141; x_wconf 90' lang='lat' dir='ltr'><strong>tuis</strong></span> <span class='ocrx_word' id='word_1_339' title='bbox 939 3087 1113 3155; x_wconf 89' lang='lat' dir='ltr'><strong>major</strong></span> <span class='ocrx_word' id='word_1_340' title='bbox 1133 3100 1216 3143; x_wconf 88' lang='lat' dir='ltr'><strong>es.</strong></span> <span class='ocrx_word' id='word_1_341' title='bbox 1243 3084 1301 3142; x_wconf 88' lang='lat' dir='ltr'><strong>Si</strong></span> <span class='ocrx_word' id='word_1_342' title='bbox 1330 3094 1508 3141; x_wconf 91' lang='lat' dir='ltr'><strong>autem</strong></span> <span class='ocrx_word' id='word_1_343' title='bbox 1540 3086 1604 3141; x_wconf 88' lang='lat' dir='ltr'><strong>iis</strong></span> <span class='ocrx_word' id='word_1_344' title='bbox 1631 3102 1766 3156; x_wconf 91' lang='lat' dir='ltr'><strong>quos</strong></span> 
     </span>
    </p>
   </div>
   <div class='ocr_carea' id='block_1_45' title="bbox 185 3173 1767 3250">
    <p class='ocr_par' dir='ltr' id='par_1_45' title="bbox 185 3173 1767 3250">
     <span class='ocr_line' id='line_1_45' title="bbox 185 3173 1767 3250; baseline 0.006 -25"><span class='ocrx_word' id='word_1_345' title='bbox 185 3173 333 3242; x_wconf 87' lang='lat' dir='ltr'><strong>colis,</strong></span> <span class='ocrx_word' id='word_1_346' title='bbox 380 3178 557 3246; x_wconf 88' lang='lat' dir='ltr'><strong>major</strong></span> <span class='ocrx_word' id='word_1_347' title='bbox 585 3193 677 3244; x_wconf 91' lang='lat' dir='ltr'><strong>es,</strong></span> <span class='ocrx_word' id='word_1_348' title='bbox 710 3194 819 3235; x_wconf 94' lang='lat' dir='ltr'><strong>non</strong></span> <span class='ocrx_word' id='word_1_349' title='bbox 849 3186 907 3233; x_wconf 90' lang='lat' dir='ltr'><strong>tu</strong></span> <span class='ocrx_word' id='word_1_350' title='bbox 949 3178 1073 3234; x_wconf 92' lang='lat' dir='ltr'><strong>illos</strong></span> <span class='ocrx_word' id='word_1_351' title='bbox 1123 3178 1340 3248; x_wconf 89' lang='lat' dir='ltr'><strong>colere,</strong></span> <span class='ocrx_word' id='word_1_352' title='bbox 1374 3180 1469 3235; x_wconf 90' lang='lat' dir='ltr'><strong>sed</strong></span> <span class='ocrx_word' id='word_1_353' title='bbox 1517 3180 1586 3236; x_wconf 91' lang='lat' dir='ltr'><strong>ab</strong></span> <span class='ocrx_word' id='word_1_354' title='bbox 1633 3181 1767 3250; x_wconf 88' lang='lat' dir='ltr'><strong>ipsis</strong></span> 
     </span>
    </p>
   </div>
   <div class='ocr_carea' id='block_1_46' title="bbox 182 3268 1767 3342">
    <p class='ocr_par' dir='ltr' id='par_1_46' title="bbox 182 3268 1767 3342">
     <span class='ocr_line' id='line_1_46' title="bbox 182 3268 1767 3342; baseline 0.005 -19"><span class='ocrx_word' id='word_1_355' title='bbox 182 3268 341 3336; x_wconf 84' lang='lat' dir='ltr'><strong>potius</strong></span> <span class='ocrx_word' id='word_1_356' title='bbox 362 3270 465 3326; x_wconf 89' lang='lat' dir='ltr'><strong>coli</strong></span> <span class='ocrx_word' id='word_1_357' title='bbox 493 3270 667 3329; x_wconf 85' lang='lat' dir='ltr'><strong>debes</strong></span> <span class='ocrx_word' id='word_1_358' title='bbox 685 3281 742 3327; x_wconf 89' lang='lat' dir='ltr'><strong>et</strong></span> <span class='ocrx_word' id='word_1_359' title='bbox 771 3272 949 3329; x_wconf 90' lang='lat' dir='ltr'><strong>timeri</strong></span> <span class='ocrx_word' id='word_1_360' title='bbox 969 3314 985 3342; x_wconf 92' lang='lat'><strong>,</strong></span> <span class='ocrx_word' id='word_1_361' title='bbox 1009 3283 1068 3328; x_wconf 91' lang='lat' dir='ltr'><strong>ut</strong></span> <span class='ocrx_word' id='word_1_362' title='bbox 1097 3272 1372 3329; x_wconf 90' lang='lat' dir='ltr'><strong>dominus.</strong></span> <span class='ocrx_word' id='word_1_363' title='bbox 1389 3274 1443 3331; x_wconf 91' lang='lat' dir='ltr'><strong>Si</strong></span> <span class='ocrx_word' id='word_1_364' title='bbox 1467 3273 1591 3330; x_wconf 89' lang='lat' dir='ltr'><strong>illos</strong></span> <span class='ocrx_word' id='word_1_365' title='bbox 1607 3274 1767 3331; x_wconf 58' lang='lat' dir='ltr'><strong>laesos</strong></span> 
     </span>
    </p>
   </div>
   <div class='ocr_carea' id='block_1_47' title="bbox 1943 2077 3476 2150">
    <p class='ocr_par' dir='ltr' id='par_1_47' title="bbox 1943 2077 3476 2150">
     <span class='ocr_line' id='line_1_47' title="bbox 1943 2077 3476 2150; baseline -0.001 -18"><span class='ocrx_word' id='word_1_366' title='bbox 1943 2077 2180 2148; x_wconf 82' lang='lat' dir='ltr'><strong>Denique</strong></span> <span class='ocrx_word' id='word_1_367' title='bbox 2208 2088 2399 2134; x_wconf 90' lang='lat' dir='ltr'><strong>auctor</strong></span> <span class='ocrx_word' id='word_1_368' title='bbox 2428 2086 2617 2136; x_wconf 91' lang='lat' dir='ltr'><strong>noster</strong></span> <span class='ocrx_word' id='word_1_369' title='bbox 2653 2078 2829 2149; x_wconf 91' lang='lat' dir='ltr'><strong>palam</strong></span> <span class='ocrx_word' id='word_1_370' title='bbox 2860 2089 3159 2150; x_wconf 89' lang='lat' dir='ltr'><strong>aperteque</strong></span> <span class='ocrx_word' id='word_1_371' title='bbox 3189 2085 3476 2134; x_wconf 83' lang='lat' dir='ltr'><strong>asseverat</strong></span> 
     </span>
    </p>
   </div>
   <div class='ocr_carea' id='block_1_48' title="bbox 1870 2171 3486 2242">
    <p class='ocr_par' dir='ltr' id='par_1_48' title="bbox 1870 2171 3486 2242">
     <span class='ocr_line' id='line_1_48' title="bbox 1870 2171 3486 2242; baseline 0.002 -16"><span class='ocrx_word' id='word_1_372' title='bbox 1870 2171 2018 2227; x_wconf 91' lang='lat' dir='ltr'><strong>dictu</strong></span> <span class='ocrx_word' id='word_1_373' title='bbox 2056 2172 2277 2227; x_wconf 92' lang='lat' dir='ltr'><strong>omnino</strong></span> <span class='ocrx_word' id='word_1_374' title='bbox 2308 2187 2431 2229; x_wconf 90' lang='lat' dir='ltr'><strong>esse</strong></span> <span class='ocrx_word' id='word_1_375' title='bbox 2461 2171 2760 2229; x_wconf 90' lang='lat' dir='ltr'><strong>absurdum</strong></span> <span class='ocrx_word' id='word_1_376' title='bbox 2809 2174 2943 2231; x_wconf 92' lang='lat' dir='ltr'><strong>deos</strong></span> <span class='ocrx_word' id='word_1_377' title='bbox 2968 2216 2984 2242; x_wconf 96' lang='lat'><strong>,</strong></span> <span class='ocrx_word' id='word_1_378' title='bbox 3035 2175 3109 2229; x_wconf 93' lang='lat' dir='ltr'><strong>uti</strong></span> <span class='ocrx_word' id='word_1_379' title='bbox 3153 2174 3319 2231; x_wconf 89' lang='lat' dir='ltr'><strong>iidem</strong></span> <span class='ocrx_word' id='word_1_380' title='bbox 3364 2173 3486 2229; x_wconf 90' lang='lat' dir='ltr'><strong>eth-</strong></span> 
     </span>
    </p>
   </div>
   <div class='ocr_carea' id='block_1_49' title="bbox 1868 2265 3482 2341">
    <p class='ocr_par' dir='ltr' id='par_1_49' title="bbox 1868 2265 3482 2341">
     <span class='ocr_line' id='line_1_49' title="bbox 1868 2265 3482 2341; baseline 0.002 -22"><span class='ocrx_word' id='word_1_381' title='bbox 1868 2265 1974 2320; x_wconf 91' lang='lat' dir='ltr'><strong>nici</strong></span> <span class='ocrx_word' id='word_1_382' title='bbox 2004 2265 2315 2335; x_wconf 88' lang='lat' dir='ltr'><strong>garriebant</strong></span> <span class='ocrx_word' id='word_1_383' title='bbox 2336 2308 2352 2332; x_wconf 94' lang='lat'><strong>,</strong></span> <span class='ocrx_word' id='word_1_384' title='bbox 2382 2281 2578 2323; x_wconf 86' lang='lat' dir='ltr'><strong>revera</strong></span> <span class='ocrx_word' id='word_1_385' title='bbox 2604 2267 2763 2322; x_wconf 91' lang='lat' dir='ltr'><strong>irasci</strong></span> <span class='ocrx_word' id='word_1_386' title='bbox 2789 2266 3007 2341; x_wconf 83' lang='lat' dir='ltr'><strong>(Arnob.</strong></span> <span class='ocrx_word' id='word_1_387' title='bbox 3034 2310 3049 2334; x_wconf 92' lang='lat'><strong>,</strong></span> <span class='ocrx_word' id='word_1_388' title='bbox 3078 2268 3167 2323; x_wconf 84' lang='lat' dir='ltr'><strong>lib.</strong></span> <span class='ocrx_word' id='word_1_389' title='bbox 3203 2284 3253 2334; x_wconf 85' lang='grc' dir='ltr'><strong>ι,</strong></span> <span class='ocrx_word' id='word_1_390' title='bbox 3284 2266 3482 2338; x_wconf 65' lang='lat' dir='ltr'><strong>p.11).</strong></span> 
     </span>
    </p>
   </div>
   <div class='ocr_carea' id='block_1_50' title="bbox 1872 2358 3485 2428">
    <p class='ocr_par' dir='ltr' id='par_1_50' title="bbox 1872 2358 3485 2428">
     <span class='ocr_line' id='line_1_50' title="bbox 1872 2358 3485 2428; baseline 0.006 -16"><span class='ocrx_word' id='word_1_391' title='bbox 1872 2358 2158 2415; x_wconf 89' lang='lat' dir='ltr'><strong>lndecoros</strong></span> <span class='ocrx_word' id='word_1_392' title='bbox 2188 2361 2468 2417; x_wconf 92' lang='lat' dir='ltr'><strong>enimvero</strong></span> <span class='ocrx_word' id='word_1_393' title='bbox 2501 2362 2846 2428; x_wconf 86' lang='lat' dir='ltr'><strong>tribuebant,</strong></span> <span class='ocrx_word' id='word_1_394' title='bbox 2882 2364 2988 2419; x_wconf 91' lang='lat' dir='ltr'><strong>diis</strong></span> <span class='ocrx_word' id='word_1_395' title='bbox 3030 2365 3144 2419; x_wconf 90' lang='lat' dir='ltr'><strong>suis</strong></span> <span class='ocrx_word' id='word_1_396' title='bbox 3188 2364 3485 2421; x_wconf 71' lang='lat' dir='ltr'><strong>iracundiae</strong></span> 
     </span>
    </p>
   </div>
   <div class='ocr_carea' id='block_1_51' title="bbox 1873 2454 3486 2531">
    <p class='ocr_par' dir='ltr' id='par_1_51' title="bbox 1873 2454 3486 2531">
     <span class='ocr_line' id='line_1_51' title="bbox 1873 2454 3486 2531; baseline 0.005 -25"><span class='ocrx_word' id='word_1_397' title='bbox 1873 2462 2088 2520; x_wconf 89' lang='lat' dir='ltr'><strong>motus,</strong></span> <span class='ocrx_word' id='word_1_398' title='bbox 2124 2454 2340 2524; x_wconf 89' lang='lat' dir='ltr'><strong>iniquos</strong></span> <span class='ocrx_word' id='word_1_399' title='bbox 2367 2471 2431 2512; x_wconf 91' lang='lat' dir='ltr'><strong>ac</strong></span> <span class='ocrx_word' id='word_1_400' title='bbox 2479 2456 2735 2512; x_wconf 91' lang='lat' dir='ltr'><strong>belluinis</strong></span> <span class='ocrx_word' id='word_1_401' title='bbox 2767 2457 2927 2529; x_wconf 82' lang='lat' dir='ltr'><strong>plane</strong></span> <span class='ocrx_word' id='word_1_402' title='bbox 2970 2458 3199 2513; x_wconf 87' lang='lat' dir='ltr'><strong>similes.</strong></span> <span class='ocrx_word' id='word_1_403' title='bbox 3232 2458 3395 2531; x_wconf 82' lang='lat' dir='ltr'><strong>Atqui</strong></span> <span class='ocrx_word' id='word_1_404' title='bbox 3438 2459 3486 2516; x_wconf 89' lang='lat' dir='ltr'><strong>si</strong></span> 
     </span>
    </p>
   </div>
   <div class='ocr_carea' id='block_1_52' title="bbox 1870 2544 3485 2623">
    <p class='ocr_par' dir='ltr' id='par_1_52' title="bbox 1870 2544 3485 2623">
     <span class='ocr_line' id='line_1_52' title="bbox 1870 2544 3485 2623; baseline 0.006 -24"><span class='ocrx_word' id='word_1_405' title='bbox 1870 2544 1942 2600; x_wconf 92' lang='lat' dir='ltr'><strong>dii</strong></span> <span class='ocrx_word' id='word_1_406' title='bbox 1974 2545 2204 2603; x_wconf 81' lang='lat' dir='ltr'><strong>fuissent</strong></span> <span class='ocrx_word' id='word_1_407' title='bbox 2244 2549 2385 2605; x_wconf 91' lang='lat' dir='ltr'><strong>beati</strong></span> <span class='ocrx_word' id='word_1_408' title='bbox 2436 2558 2491 2605; x_wconf 87' lang='lat' dir='ltr'><strong>et</strong></span> <span class='ocrx_word' id='word_1_409' title='bbox 2536 2551 2873 2608; x_wconf 89' lang='lat' dir='ltr'><strong>immortales</strong></span> <span class='ocrx_word' id='word_1_410' title='bbox 2896 2594 2910 2618; x_wconf 94' lang='lat'><strong>,</strong></span> <span class='ocrx_word' id='word_1_411' title='bbox 2956 2566 3063 2607; x_wconf 93' lang='lat' dir='ltr'><strong>non</strong></span> <span class='ocrx_word' id='word_1_412' title='bbox 3096 2562 3350 2623; x_wconf 88' lang='lat' dir='ltr'><strong>poterant</strong></span> <span class='ocrx_word' id='word_1_413' title='bbox 3374 2554 3485 2609; x_wconf 89' lang='lat' dir='ltr'><strong>uti-</strong></span> 
     </span>
    </p>
   </div>
   <div class='ocr_carea' id='block_1_53' title="bbox 1871 2639 3483 2714">
    <p class='ocr_par' dir='ltr' id='par_1_53' title="bbox 1871 2639 3483 2714">
     <span class='ocr_line' id='line_1_53' title="bbox 1871 2639 3483 2714; baseline 0.005 -21"><span class='ocrx_word' id='word_1_414' title='bbox 1871 2654 1975 2708; x_wconf 90' lang='lat' dir='ltr'><strong>que</strong></span> <span class='ocrx_word' id='word_1_415' title='bbox 2004 2639 2087 2694; x_wconf 91' lang='lat' dir='ltr'><strong>his</strong></span> <span class='ocrx_word' id='word_1_416' title='bbox 2116 2656 2338 2710; x_wconf 87' lang='lat' dir='ltr'><strong>prorsus</strong></span> <span class='ocrx_word' id='word_1_417' title='bbox 2383 2642 2668 2714; x_wconf 89' lang='lat' dir='ltr'><strong>culpandis</strong></span> <span class='ocrx_word' id='word_1_418' title='bbox 2712 2648 2809 2699; x_wconf 80' lang='lat' dir='ltr'><strong>irae</strong></span> <span class='ocrx_word' id='word_1_419' title='bbox 2850 2645 3090 2702; x_wconf 89' lang='lat' dir='ltr'><strong>motibus</strong></span> <span class='ocrx_word' id='word_1_420' title='bbox 3130 2645 3483 2703; x_wconf 88' lang='lat' dir='ltr'><strong>inflammari.</strong></span> 
     </span>
    </p>
   </div>
   <div class='ocr_carea' id='block_1_54' title="bbox 1870 2733 3482 2811">
    <p class='ocr_par' dir='ltr' id='par_1_54' title="bbox 1870 2733 3482 2811">
     <span class='ocr_line' id='line_1_54' title="bbox 1870 2733 3482 2811; baseline 0.006 -23"><span class='ocrx_word' id='word_1_421' title='bbox 1870 2733 1971 2801; x_wconf 83' lang='lat' dir='ltr'><strong>Qui</strong></span> <span class='ocrx_word' id='word_1_422' title='bbox 1996 2736 2138 2790; x_wconf 92' lang='lat' dir='ltr'><strong>enim</strong></span> <span class='ocrx_word' id='word_1_423' title='bbox 2174 2735 2484 2807; x_wconf 92' lang='lat' dir='ltr'><strong>hujusmodi</strong></span> <span class='ocrx_word' id='word_1_424' title='bbox 2513 2738 2797 2795; x_wconf 86' lang='lat' dir='ltr'><strong>affectibus</strong></span> <span class='ocrx_word' id='word_1_425' title='bbox 2824 2741 3117 2811; x_wconf 86' lang='lat' dir='ltr'><strong>agitantur,</strong></span> <span class='ocrx_word' id='word_1_426' title='bbox 3151 2740 3298 2797; x_wconf 88' lang='lat' dir='ltr'><strong>leves</strong></span> <span class='ocrx_word' id='word_1_427' title='bbox 3325 2750 3482 2809; x_wconf 87' lang='lat' dir='ltr'><strong>sunt,</strong></span> 
     </span>
    </p>
   </div>
   <div class='ocr_carea' id='block_1_55' title="bbox 1871 2828 3486 2905">
    <p class='ocr_par' dir='ltr' id='par_1_55' title="bbox 1871 2828 3486 2905">
     <span class='ocr_line' id='line_1_55' title="bbox 1871 2828 3486 2905; baseline 0.006 -24"><span class='ocrx_word' id='word_1_428' title='bbox 1871 2841 1933 2883; x_wconf 89' lang='lat' dir='ltr'><strong>ac</strong></span> <span class='ocrx_word' id='word_1_429' title='bbox 1972 2828 2132 2883; x_wconf 89' lang='lat' dir='ltr'><strong>modo</strong></span> <span class='ocrx_word' id='word_1_430' title='bbox 2179 2830 2383 2901; x_wconf 87' lang='lat' dir='ltr'><strong>quieti,</strong></span> <span class='ocrx_word' id='word_1_431' title='bbox 2436 2830 2597 2887; x_wconf 92' lang='lat' dir='ltr'><strong>modo</strong></span> <span class='ocrx_word' id='word_1_432' title='bbox 2647 2833 2806 2898; x_wconf 90' lang='lat' dir='ltr'><strong>irati,</strong></span> <span class='ocrx_word' id='word_1_433' title='bbox 2852 2834 3051 2904; x_wconf 67' lang='lat' dir='ltr'><strong>saepius</strong></span> <span class='ocrx_word' id='word_1_434' title='bbox 3110 2848 3243 2890; x_wconf 89' lang='lat' dir='ltr'><strong>vero</strong></span> <span class='ocrx_word' id='word_1_435' title='bbox 3296 2834 3486 2905; x_wconf 88' lang='lat' dir='ltr'><strong>injusti</strong></span> 
     </span>
    </p>
   </div>
   <div class='ocr_carea' id='block_1_56' title="bbox 1870 2920 3483 2997">
    <p class='ocr_par' dir='ltr' id='par_1_56' title="bbox 1870 2920 3483 2997">
     <span class='ocr_line' id='line_1_56' title="bbox 1870 2920 3483 2997; baseline 0.007 -24"><span class='ocrx_word' id='word_1_436' title='bbox 1870 2920 2085 2990; x_wconf 90' lang='lat' dir='ltr'><strong>quando</strong></span> <span class='ocrx_word' id='word_1_437' title='bbox 2129 2922 2266 2976; x_wconf 90' lang='lat' dir='ltr'><strong>alios</strong></span> <span class='ocrx_word' id='word_1_438' title='bbox 2320 2923 2566 2979; x_wconf 89' lang='lat' dir='ltr'><strong>insontes</strong></span> <span class='ocrx_word' id='word_1_439' title='bbox 2612 2925 2844 2994; x_wconf 64' lang='lat' dir='ltr'><strong>laedunt,</strong></span> <span class='ocrx_word' id='word_1_440' title='bbox 2898 2935 3140 2997; x_wconf 88' lang='lat' dir='ltr'><strong>tuncque</strong></span> <span class='ocrx_word' id='word_1_441' title='bbox 3182 2927 3308 2984; x_wconf 87' lang='lat' dir='ltr'><strong>aliis</strong></span> <span class='ocrx_word' id='word_1_442' title='bbox 3348 2943 3483 2985; x_wconf 81' lang='lat' dir='ltr'><strong>son-</strong></span> 
     </span>
    </p>
   </div>
   <div class='ocr_carea' id='block_1_57' title="bbox 1872 3013 3483 3095">
    <p class='ocr_par' dir='ltr' id='par_1_57' title="bbox 1872 3013 3483 3095">
     <span class='ocr_line' id='line_1_57' title="bbox 1872 3013 3483 3095; baseline 0.008 -28"><span class='ocrx_word' id='word_1_443' title='bbox 1872 3013 2014 3069; x_wconf 88' lang='lat' dir='ltr'><strong>tibus</strong></span> <span class='ocrx_word' id='word_1_444' title='bbox 2058 3016 2220 3071; x_wconf 88' lang='lat' dir='ltr'><strong>etiam</strong></span> <span class='ocrx_word' id='word_1_445' title='bbox 2273 3017 2605 3073; x_wconf 88' lang='lat' dir='ltr'><strong>irascuntur.</strong></span> <span class='ocrx_word' id='word_1_446' title='bbox 2659 3020 2855 3075; x_wconf 89' lang='lat' dir='ltr'><strong>Totum</strong></span> <span class='ocrx_word' id='word_1_447' title='bbox 2900 3036 3063 3091; x_wconf 92' lang='lat' dir='ltr'><strong>porro</strong></span> <span class='ocrx_word' id='word_1_448' title='bbox 3110 3022 3272 3094; x_wconf 90' lang='lat' dir='ltr'><strong>hujus</strong></span> <span class='ocrx_word' id='word_1_449' title='bbox 3318 3040 3483 3095; x_wconf 90' lang='lat' dir='ltr'><strong>argu-</strong></span> 
     </span>
    </p>
   </div>
   <div class='ocr_carea' id='block_1_58' title="bbox 1873 3109 3487 3185">
    <p class='ocr_par' dir='ltr' id='par_1_58' title="bbox 1873 3109 3487 3185">
     <span class='ocr_line' id='line_1_58' title="bbox 1873 3109 3487 3185; baseline 0.007 -24"><span class='ocrx_word' id='word_1_450' title='bbox 1873 3109 2219 3164; x_wconf 89' lang='lat' dir='ltr'><strong>mentationis</strong></span> <span class='ocrx_word' id='word_1_451' title='bbox 2245 3111 2413 3165; x_wconf 91' lang='lat' dir='ltr'><strong>robur</strong></span> <span class='ocrx_word' id='word_1_452' title='bbox 2440 3122 2496 3167; x_wconf 92' lang='lat' dir='ltr'><strong>et</strong></span> <span class='ocrx_word' id='word_1_453' title='bbox 2526 3113 2736 3182; x_wconf 92' lang='lat' dir='ltr'><strong>pondus</strong></span> <span class='ocrx_word' id='word_1_454' title='bbox 2763 3128 2873 3168; x_wconf 90' lang='lat' dir='ltr'><strong>non</strong></span> <span class='ocrx_word' id='word_1_455' title='bbox 2916 3115 2968 3169; x_wconf 93' lang='lat' dir='ltr'><strong>in</strong></span> <span class='ocrx_word' id='word_1_456' title='bbox 3000 3130 3068 3171; x_wconf 93' lang='lat' dir='ltr'><strong>eo</strong></span> <span class='ocrx_word' id='word_1_457' title='bbox 3117 3117 3353 3185; x_wconf 90' lang='lat' dir='ltr'><strong>positum</strong></span> <span class='ocrx_word' id='word_1_458' title='bbox 3400 3128 3487 3173; x_wconf 88' lang='lat' dir='ltr'><strong>est</strong></span> 
     </span>
    </p>
   </div>
   <div class='ocr_carea' id='block_1_59' title="bbox 1872 3200 3482 3283">
    <p class='ocr_par' dir='ltr' id='par_1_59' title="bbox 1872 3200 3482 3283">
     <span class='ocr_line' id='line_1_59' title="bbox 1872 3200 3482 3283; baseline 0.007 -29"><span class='ocrx_word' id='word_1_459' title='bbox 1872 3200 2015 3271; x_wconf 90' lang='lat' dir='ltr'><strong>quod</strong></span> <span class='ocrx_word' id='word_1_460' title='bbox 2062 3201 2180 3272; x_wconf 87' lang='lat' dir='ltr'><strong>ipse</strong></span> <span class='ocrx_word' id='word_1_461' title='bbox 2225 3202 2295 3257; x_wconf 90' lang='lat' dir='ltr'><strong>de</strong></span> <span class='ocrx_word' id='word_1_462' title='bbox 2344 3202 2441 3257; x_wconf 92' lang='lat' dir='ltr'><strong>Dei</strong></span> <span class='ocrx_word' id='word_1_463' title='bbox 2486 3204 2636 3271; x_wconf 90' lang='lat' dir='ltr'><strong>veri,</strong></span> <span class='ocrx_word' id='word_1_464' title='bbox 2673 3204 2742 3260; x_wconf 90' lang='lat' dir='ltr'><strong>de</strong></span> <span class='ocrx_word' id='word_1_465' title='bbox 2790 3220 2899 3276; x_wconf 93' lang='lat' dir='ltr'><strong>quo</strong></span> <span class='ocrx_word' id='word_1_466' title='bbox 2952 3206 3090 3262; x_wconf 88' lang='lat' dir='ltr'><strong>infra</strong></span> <span class='ocrx_word' id='word_1_467' title='bbox 3136 3208 3279 3279; x_wconf 86' lang='lat' dir='ltr'><strong>(cap.</strong></span> <span class='ocrx_word' id='word_1_468' title='bbox 3337 3226 3482 3283; x_wconf 81' lang='lat' dir='ltr'><strong>seq.,</strong></span> 
     </span>
    </p>
   </div>
   <div class='ocr_carea' id='block_1_60' title="bbox 1872 3293 3483 3367">
    <p class='ocr_par' dir='ltr' id='par_1_60' title="bbox 1872 3293 3483 3367">
     <span class='ocr_line' id='line_1_60' title="bbox 1872 3293 3483 3367; baseline 0.007 -19"><span class='ocrx_word' id='word_1_469' title='bbox 1872 3302 1971 3348; x_wconf 79' lang='lat' dir='ltr'><strong>art.</strong></span> <span class='ocrx_word' id='word_1_470' title='bbox 2015 3293 2070 3364; x_wconf 81' lang='grc'><strong>5)</strong></span> <span class='ocrx_word' id='word_1_471' title='bbox 2100 3335 2115 3358; x_wconf 92' lang='grc'><em>,</em></span> <span class='ocrx_word' id='word_1_472' title='bbox 2160 3294 2257 3350; x_wconf 92' lang='lat' dir='ltr'><strong>sed</strong></span> <span class='ocrx_word' id='word_1_473' title='bbox 2285 3296 2429 3367; x_wconf 91' lang='lat' dir='ltr'><strong>quod</strong></span> <span class='ocrx_word' id='word_1_474' title='bbox 2460 3296 2664 3352; x_wconf 90' lang='lat' dir='ltr'><strong>ethnici</strong></span> <span class='ocrx_word' id='word_1_475' title='bbox 2713 3296 2784 3353; x_wconf 91' lang='lat' dir='ltr'><strong>de</strong></span> <span class='ocrx_word' id='word_1_476' title='bbox 2839 3298 3066 3355; x_wconf 90' lang='lat' dir='ltr'><strong>deorum</strong></span> <span class='ocrx_word' id='word_1_477' title='bbox 3123 3316 3348 3359; x_wconf 90' lang='lat' dir='ltr'><strong>suorum</strong></span> <span class='ocrx_word' id='word_1_478' title='bbox 3402 3305 3483 3360; x_wconf 91' lang='lat' dir='ltr'><strong>ira</strong></span> 
     </span>
    </p>
   </div>
   <div class='ocr_carea' id='block_1_61' title="bbox 186 3361 1765 3458">
    <p class='ocr_par' dir='ltr' id='par_1_61' title="bbox 186 3361 1765 3439">
     <span class='ocr_line' id='line_1_61' title="bbox 186 3361 1765 3439; baseline 0.007 -25"><span class='ocrx_word' id='word_1_479' title='bbox 186 3361 303 3417; x_wconf 90' lang='lat' dir='ltr'><strong>ultio</strong></span> <span class='ocrx_word' id='word_1_480' title='bbox 328 3375 503 3421; x_wconf 86' lang='lat' dir='ltr'><strong>vestra</strong></span> <span class='ocrx_word' id='word_1_481' title='bbox 533 3365 818 3434; x_wconf 89' lang='lat' dir='ltr'><strong>defendit,</strong></span> <span class='ocrx_word' id='word_1_482' title='bbox 869 3368 1143 3439; x_wconf 91' lang='lat' dir='ltr'><strong>quomodo</strong></span> <span class='ocrx_word' id='word_1_483' title='bbox 1189 3377 1245 3425; x_wconf 91' lang='lat' dir='ltr'><strong>et</strong></span> <span class='ocrx_word' id='word_1_484' title='bbox 1280 3368 1517 3435; x_wconf 85' lang='lat' dir='ltr'><strong>clausos,</strong></span> <span class='ocrx_word' id='word_1_485' title='bbox 1549 3383 1616 3424; x_wconf 93' lang='lat' dir='ltr'><strong>ne</strong></span> <span class='ocrx_word' id='word_1_486' title='bbox 1670 3382 1765 3439; x_wconf 88' lang='lat' dir='ltr'><strong>pe-</strong></span> 
     </span>
    </p>
   </div>
   <div class='ocr_carea' id='block_1_62' title="bbox 1874 3361 2329 3458">
    <p class='ocr_par' dir='ltr' id='par_1_62' title="bbox 1876 3361 2329 3458">
     <span class='ocr_line' id='line_1_62' title="bbox 1876 3361 2329 3458; baseline 0.004 -16"><span class='ocrx_word' id='word_1_487' title='bbox 1876 3361 2329 3458; x_wconf 63' lang='lat' dir='ltr'><strong>prtedieabantur.</strong></span> 
     </span>
    </p>
   </div>
   <div class='ocr_carea' id='block_1_63' title="bbox 184 3458 1772 3532">
    <p class='ocr_par' dir='ltr' id='par_1_63' title="bbox 184 3458 1772 3532">
     <span class='ocr_line' id='line_1_63' title="bbox 184 3458 1772 3532; baseline 0.008 -26"><span class='ocrx_word' id='word_1_488' title='bbox 184 3465 345 3523; x_wconf 88' lang='lat' dir='ltr'><strong>reant,</strong></span> <span class='ocrx_word' id='word_1_489' title='bbox 397 3458 566 3514; x_wconf 86' lang='lat' dir='ltr'><strong>tutela</strong></span> <span class='ocrx_word' id='word_1_490' title='bbox 616 3459 875 3515; x_wconf 87' lang='lat' dir='ltr'><strong>custodit.</strong></span> <span class='ocrx_word' id='word_1_491' title='bbox 925 3459 1130 3517; x_wconf 85' lang='lat' dir='ltr'><strong>Pudeat</strong></span> <span class='ocrx_word' id='word_1_492' title='bbox 1197 3462 1343 3531; x_wconf 90' lang='lat' dir='ltr'><strong>ipsos</strong></span> <span class='ocrx_word' id='word_1_493' title='bbox 1391 3462 1572 3517; x_wconf 90' lang='lat' dir='ltr'><strong>colere</strong></span> <span class='ocrx_word' id='word_1_494' title='bbox 1634 3477 1772 3532; x_wconf 90' lang='lat' dir='ltr'><strong>quos</strong></span> 
     </span>
    </p>
   </div>
   <div class='ocr_carea' id='block_1_64' title="bbox 191 3548 1770 3626">
    <p class='ocr_par' dir='ltr' id='par_1_64' title="bbox 191 3548 1770 3626">
     <span class='ocr_line' id='line_1_64' title="bbox 191 3548 1770 3626; baseline 0.006 -24"><span class='ocrx_word' id='word_1_495' title='bbox 191 3548 450 3619; x_wconf 86' lang='lat' dir='ltr'><strong>defendis;</strong></span> <span class='ocrx_word' id='word_1_496' title='bbox 496 3553 699 3625; x_wconf 86' lang='lat' dir='ltr'><strong>pudeat</strong></span> <span class='ocrx_word' id='word_1_497' title='bbox 747 3554 969 3611; x_wconf 83' lang='lat' dir='ltr'><strong>tutelam</strong></span> <span class='ocrx_word' id='word_1_498' title='bbox 1014 3556 1083 3611; x_wconf 91' lang='lat' dir='ltr'><strong>de</strong></span> <span class='ocrx_word' id='word_1_499' title='bbox 1128 3555 1193 3611; x_wconf 90' lang='lat' dir='ltr'><strong>iis</strong></span> <span class='ocrx_word' id='word_1_500' title='bbox 1242 3571 1501 3626; x_wconf 87' lang='lat' dir='ltr'><strong>sperare,</strong></span> <span class='ocrx_word' id='word_1_501' title='bbox 1553 3570 1688 3626; x_wconf 92' lang='lat' dir='ltr'><strong>quos</strong></span> <span class='ocrx_word' id='word_1_502' title='bbox 1714 3565 1770 3611; x_wconf 89' lang='lat' dir='ltr'><strong>tu</strong></span> 
     </span>
    </p>
   </div>
   <div class='ocr_carea' id='block_1_65' title="bbox 182 3641 1601 3720">
    <p class='ocr_par' dir='ltr' id='par_1_65' title="bbox 182 3641 1601 3720">
     <span class='ocr_line' id='line_1_65' title="bbox 182 3641 1601 3720; baseline 0.004 -23"><span class='ocrx_word' id='word_1_503' title='bbox 182 3641 282 3712; x_wconf 77' lang='lat' dir='ltr'><strong>ipse</strong></span> <span class='ocrx_word' id='word_1_504' title='bbox 310 3648 477 3702; x_wconf 86' lang='lat' dir='ltr'><strong>tueris</strong></span> <span class='ocrx_word' id='word_1_505' title='bbox 529 3667 549 3701; x_wconf 70' lang='grc' dir='ltr'><strong><em>ι</em></strong></span> <span class='ocrx_word' id='word_1_506' title='bbox 581 3647 853 3719; x_wconf 76' lang='lat' dir='ltr'><strong>(Cyprian.</strong></span> <span class='ocrx_word' id='word_1_507' title='bbox 894 3648 964 3703; x_wconf 81' lang='lat' dir='ltr'><strong>ad</strong></span> <span class='ocrx_word' id='word_1_508' title='bbox 1004 3648 1254 3715; x_wconf 82' lang='lat' dir='ltr'><strong>Demetr.,</strong></span> <span class='ocrx_word' id='word_1_509' title='bbox 1285 3667 1407 3720; x_wconf 83' lang='lat' dir='ltr'><strong>pag.</strong></span> <span class='ocrx_word' id='word_1_510' title='bbox 1450 3647 1601 3720; x_wconf 74' lang='grc'><strong>191).</strong></span> 
     </span>
    </p>
   </div>
   <div class='ocr_carea' id='block_1_66' title="bbox 260 3736 1769 3812">
    <p class='ocr_par' dir='ltr' id='par_1_66' title="bbox 260 3736 1769 3812">
     <span class='ocr_line' id='line_1_66' title="bbox 260 3736 1769 3812; baseline 0.006 -22"><span class='ocrx_word' id='word_1_511' title='bbox 260 3736 709 3795; x_wconf 85' lang='lat' dir='ltr'><strong>Condemnandus</strong></span> <span class='ocrx_word' id='word_1_512' title='bbox 758 3749 845 3796; x_wconf 89' lang='lat' dir='ltr'><strong>est</strong></span> <span class='ocrx_word' id='word_1_513' title='bbox 895 3755 1108 3812; x_wconf 89' lang='lat' dir='ltr'><strong>quoque</strong></span> <span class='ocrx_word' id='word_1_514' title='bbox 1146 3740 1492 3809; x_wconf 87' lang='lat' dir='ltr'><strong>Lactantius,</strong></span> <span class='ocrx_word' id='word_1_515' title='bbox 1541 3742 1769 3799; x_wconf 87' lang='lat' dir='ltr'><strong>Arnobii</strong></span> 
     </span>
    </p>
   </div>
   <div class='ocr_carea' id='block_1_67' title="bbox 183 3827 1768 3907">
    <p class='ocr_par' dir='ltr' id='par_1_67' title="bbox 183 3827 1768 3907">
     <span class='ocr_line' id='line_1_67' title="bbox 183 3827 1768 3907; baseline 0.008 -27"><span class='ocrx_word' id='word_1_516' title='bbox 183 3827 455 3900; x_wconf 82' lang='lat' dir='ltr'><strong>discipulus</strong></span> <span class='ocrx_word' id='word_1_517' title='bbox 479 3873 495 3897; x_wconf 93' lang='lat'><strong>,</strong></span> <span class='ocrx_word' id='word_1_518' title='bbox 528 3832 624 3904; x_wconf 87' lang='lat' dir='ltr'><strong>qui</strong></span> <span class='ocrx_word' id='word_1_519' title='bbox 648 3832 843 3889; x_wconf 90' lang='lat' dir='ltr'><strong>eodem</strong></span> <span class='ocrx_word' id='word_1_520' title='bbox 870 3834 1033 3890; x_wconf 91' lang='lat' dir='ltr'><strong>modo</strong></span> <span class='ocrx_word' id='word_1_521' title='bbox 1074 3835 1337 3907; x_wconf 89' lang='lat' dir='ltr'><strong>arguebat</strong></span> <span class='ocrx_word' id='word_1_522' title='bbox 1363 3836 1560 3892; x_wconf 87' lang='lat' dir='ltr'><strong>frustra</strong></span> <span class='ocrx_word' id='word_1_523' title='bbox 1590 3838 1768 3893; x_wconf 85' lang='lat' dir='ltr'><strong>ethni-</strong></span> 
     </span>
    </p>
   </div>
   <div class='ocr_carea' id='block_1_68' title="bbox 179 3924 1765 4002">
    <p class='ocr_par' dir='ltr' id='par_1_68' title="bbox 179 3924 1765 4002">
     <span class='ocr_line' id='line_1_68' title="bbox 179 3924 1765 4002; baseline 0.009 -28"><span class='ocrx_word' id='word_1_524' title='bbox 179 3937 256 3976; x_wconf 88' lang='lat' dir='ltr'><strong>cos</strong></span> <span class='ocrx_word' id='word_1_525' title='bbox 290 3939 319 3977; x_wconf 92' lang='lat' dir='ltr'><strong>a</strong></span> <span class='ocrx_word' id='word_1_526' title='bbox 355 3924 604 3997; x_wconf 70' lang='lat' dir='ltr'><strong>diis:suis</strong></span> <span class='ocrx_word' id='word_1_527' title='bbox 645 3936 939 3997; x_wconf 88' lang='lat' dir='ltr'><strong>expectare</strong></span> <span class='ocrx_word' id='word_1_528' title='bbox 961 3928 1217 3995; x_wconf 86' lang='lat' dir='ltr'><strong>tutelam,</strong></span> <span class='ocrx_word' id='word_1_529' title='bbox 1246 3930 1338 4001; x_wconf 88' lang='lat' dir='ltr'><strong>qui</strong></span> <span class='ocrx_word' id='word_1_530' title='bbox 1368 3931 1581 4002; x_wconf 86' lang='lat' dir='ltr'><strong>seipsos</strong></span> <span class='ocrx_word' id='word_1_531' title='bbox 1624 3934 1765 3989; x_wconf 91' lang='lat' dir='ltr'><strong>tueri</strong></span> 
     </span>
    </p>
   </div>
   <div class='ocr_carea' id='block_1_69' title="bbox 180 4016 1759 4096">
    <p class='ocr_par' dir='ltr' id='par_1_69' title="bbox 180 4016 1759 4096">
     <span class='ocr_line' id='line_1_69' title="bbox 180 4016 1759 4096; baseline 0.011 -32"><span class='ocrx_word' id='word_1_532' title='bbox 180 4026 269 4067; x_wconf 84' lang='lat' dir='ltr'><strong>non</strong></span> <span class='ocrx_word' id='word_1_533' title='bbox 295 4016 496 4073; x_wconf 86' lang='lat' dir='ltr'><strong>valent.</strong></span> <span class='ocrx_word' id='word_1_534' title='bbox 553 4017 622 4073; x_wconf 87' lang='lat' dir='ltr'><strong>Et</strong></span> <span class='ocrx_word' id='word_1_535' title='bbox 665 4018 824 4087; x_wconf 90' lang='lat' dir='ltr'><strong>paulo</strong></span> <span class='ocrx_word' id='word_1_536' title='bbox 874 4029 1040 4091; x_wconf 88' lang='lat' dir='ltr'><strong>post:</strong></span> <span class='ocrx_word' id='word_1_537' title='bbox 1068 4022 1205 4077; x_wconf 80' lang='lat' dir='ltr'><strong>Cum</strong></span> <span class='ocrx_word' id='word_1_538' title='bbox 1246 4022 1491 4089; x_wconf 90' lang='lat' dir='ltr'><strong>ethnici,</strong></span> <span class='ocrx_word' id='word_1_539' title='bbox 1545 4025 1759 4096; x_wconf 92' lang='lat' dir='ltr'><strong>inquit,</strong></span> 
     </span>
    </p>
   </div>
   <div class='ocr_carea' id='block_1_70' title="bbox 183 4109 1766 4185">
    <p class='ocr_par' dir='ltr' id='par_1_70' title="bbox 183 4109 1766 4185">
     <span class='ocr_line' id='line_1_70' title="bbox 183 4109 1766 4185; baseline 0.009 -26"><span class='ocrx_word' id='word_1_540' title='bbox 183 4110 447 4175; x_wconf 72' lang='lat' dir='ltr'><strong>«puniunt</strong></span> <span class='ocrx_word' id='word_1_541' title='bbox 488 4109 866 4180; x_wconf 90' lang='lat' dir='ltr'><strong>deprehensos</strong></span> <span class='ocrx_word' id='word_1_542' title='bbox 895 4112 951 4167; x_wconf 89' lang='lat' dir='ltr'><strong>in</strong></span> <span class='ocrx_word' id='word_1_543' title='bbox 1004 4114 1325 4185; x_wconf 88' lang='lat' dir='ltr'><strong>sacrilegio,</strong></span> <span class='ocrx_word' id='word_1_544' title='bbox 1368 4115 1469 4185; x_wconf 88' lang='lat' dir='ltr'><strong>ipsi</strong></span> <span class='ocrx_word' id='word_1_545' title='bbox 1512 4116 1580 4173; x_wconf 89' lang='lat' dir='ltr'><strong>de</strong></span> <span class='ocrx_word' id='word_1_546' title='bbox 1632 4116 1766 4173; x_wconf 78' lang='lat' dir='ltr'><strong>deo~</strong></span> 
     </span>
    </p>
   </div>
   <div class='ocr_carea' id='block_1_71' title="bbox 176 4206 1764 4277">
    <p class='ocr_par' dir='ltr' id='par_1_71' title="bbox 176 4206 1764 4277">
     <span class='ocr_line' id='line_1_71' title="bbox 176 4206 1764 4277; baseline 0.006 -20"><span class='ocrx_word' id='word_1_547' title='bbox 176 4215 279 4257; x_wconf 85' lang='lat' dir='ltr'><strong>nun</strong></span> <span class='ocrx_word' id='word_1_548' title='bbox 335 4220 559 4263; x_wconf 84' lang='lat' dir='ltr'><strong>suorum</strong></span> <span class='ocrx_word' id='word_1_549' title='bbox 633 4214 903 4277; x_wconf 84' lang='lat' dir='ltr'><strong>potestate</strong></span> <span class='ocrx_word' id='word_1_550' title='bbox 957 4206 1226 4264; x_wconf 79' lang='lat' dir='ltr'><strong>diffidunt.</strong></span> <span class='ocrx_word' id='word_1_551' title='bbox 1295 4208 1403 4264; x_wconf 89' lang='lat' dir='ltr'><strong>Cur</strong></span> <span class='ocrx_word' id='word_1_552' title='bbox 1455 4212 1600 4266; x_wconf 93' lang='lat' dir='ltr'><strong>enim</strong></span> <span class='ocrx_word' id='word_1_553' title='bbox 1656 4211 1764 4267; x_wconf 90' lang='lat' dir='ltr'><strong>illis</strong></span> 
     </span>
    </p>
   </div>
   <div class='ocr_carea' id='block_1_72' title="bbox 177 4297 1757 4373">
    <p class='ocr_par' dir='ltr' id='par_1_72' title="bbox 177 4297 1757 4373">
     <span class='ocr_line' id='line_1_72' title="bbox 177 4297 1757 4373; baseline 0.008 -24"><span class='ocrx_word' id='word_1_554' title='bbox 177 4297 497 4362; x_wconf 82' lang='lat' dir='ltr'><strong>petissimum</strong></span> <span class='ocrx_word' id='word_1_555' title='bbox 552 4314 662 4355; x_wconf 88' lang='lat' dir='ltr'><strong>non</strong></span> <span class='ocrx_word' id='word_1_556' title='bbox 708 4300 1022 4371; x_wconf 88' lang='lat' dir='ltr'><strong>relinquunt</strong></span> <span class='ocrx_word' id='word_1_557' title='bbox 1084 4302 1377 4358; x_wconf 86' lang='lat' dir='ltr'><strong>ulciscendi</strong></span> <span class='ocrx_word' id='word_1_558' title='bbox 1406 4304 1487 4359; x_wconf 88' lang='lat' dir='ltr'><strong>sui</strong></span> <span class='ocrx_word' id='word_1_559' title='bbox 1533 4306 1711 4361; x_wconf 90' lang='lat' dir='ltr'><strong>locum</strong></span> <span class='ocrx_word' id='word_1_560' title='bbox 1741 4348 1757 4373; x_wconf 94' lang='lat'><strong>,</strong></span> 
     </span>
    </p>
   </div>
   <div class='ocr_carea' id='block_1_73' title="bbox 175 4390 1759 4468">
    <p class='ocr_par' dir='ltr' id='par_1_73' title="bbox 175 4390 1759 4468">
     <span class='ocr_line' id='line_1_73' title="bbox 175 4390 1759 4468; baseline 0.009 -28"><span class='ocrx_word' id='word_1_561' title='bbox 175 4390 213 4441; x_wconf 87' lang='lat' dir='ltr'><strong>si</strong></span> <span class='ocrx_word' id='word_1_562' title='bbox 243 4406 329 4447; x_wconf 87' lang='lat' dir='ltr'><strong>eos</strong></span> <span class='ocrx_word' id='word_1_563' title='bbox 372 4408 540 4463; x_wconf 87' lang='lat' dir='ltr'><strong>posse</strong></span> <span class='ocrx_word' id='word_1_564' title='bbox 580 4394 783 4464; x_wconf 90' lang='lat' dir='ltr'><strong>aliquid</strong></span> <span class='ocrx_word' id='word_1_565' title='bbox 820 4396 1192 4450; x_wconf 85' lang='lat' dir='ltr'><strong>arbitrantur?</strong></span> <span class='ocrx_word' id='word_1_566' title='bbox 1230 4415 1249 4448; x_wconf 74' lang='grc' dir='ltr'><strong><em>ι</em></strong></span> <span class='ocrx_word' id='word_1_567' title='bbox 1288 4395 1494 4468; x_wconf 61' lang='lat' dir='ltr'><strong>(Lach,</strong></span> <span class='ocrx_word' id='word_1_568' title='bbox 1548 4399 1637 4454; x_wconf 84' lang='lat' dir='ltr'><strong>lib.</strong></span> <span class='ocrx_word' id='word_1_569' title='bbox 1690 4401 1759 4463; x_wconf 66' lang='lat'><strong>4,</strong></span> 
     </span>
    </p>
   </div>
   <div class='ocr_carea' id='block_1_74' title="bbox 174 4486 1762 4560">
    <p class='ocr_par' dir='ltr' id='par_1_74' title="bbox 174 4486 1762 4560">
     <span class='ocr_line' id='line_1_74' title="bbox 174 4486 1762 4560; baseline 0.008 -23"><span class='ocrx_word' id='word_1_570' title='bbox 174 4500 275 4555; x_wconf 82' lang='lat' dir='ltr'><strong>pag.</strong></span> <span class='ocrx_word' id='word_1_571' title='bbox 312 4486 414 4542; x_wconf 76' lang='grc'><strong>154</strong></span> <span class='ocrx_word' id='word_1_572' title='bbox 436 4498 487 4541; x_wconf 82' lang='lat' dir='ltr'><strong>et</strong></span> <span class='ocrx_word' id='word_1_573' title='bbox 516 4487 669 4556; x_wconf 74' lang='grc'><strong>158.)</strong></span> <span class='ocrx_word' id='word_1_574' title='bbox 710 4486 978 4559; x_wconf 90' lang='lat' dir='ltr'><strong>Numquid</strong></span> <span class='ocrx_word' id='word_1_575' title='bbox 1005 4504 1135 4560; x_wconf 90' lang='lat' dir='ltr'><strong>ergo</strong></span> <span class='ocrx_word' id='word_1_576' title='bbox 1162 4489 1426 4546; x_wconf 85' lang='lat' dir='ltr'><strong>Heraldns</strong></span> <span class='ocrx_word' id='word_1_577' title='bbox 1459 4491 1558 4546; x_wconf 90' lang='lat' dir='ltr'><strong>hos</strong></span> <span class='ocrx_word' id='word_1_578' title='bbox 1597 4493 1762 4549; x_wconf 84' lang='lat' dir='ltr'><strong>alios—</strong></span> 
     </span>
    </p>
   </div>
   <div class='ocr_carea' id='block_1_75' title="bbox 173 4579 1761 4655">
    <p class='ocr_par' dir='ltr' id='par_1_75' title="bbox 173 4579 1761 4655">
     <span class='ocr_line' id='line_1_75' title="bbox 173 4579 1761 4655; baseline 0.007 -24"><span class='ocrx_word' id='word_1_579' title='bbox 173 4592 263 4647; x_wconf 87' lang='lat' dir='ltr'><strong>que</strong></span> <span class='ocrx_word' id='word_1_580' title='bbox 296 4579 649 4637; x_wconf 84' lang='lat' dir='ltr'><strong>doctissimos</strong></span> <span class='ocrx_word' id='word_1_581' title='bbox 692 4581 950 4637; x_wconf 67' lang='lat' dir='ltr'><strong>Ecclesia:</strong></span> <span class='ocrx_word' id='word_1_582' title='bbox 988 4581 1177 4638; x_wconf 85' lang='lat' dir='ltr'><strong>Patres</strong></span> <span class='ocrx_word' id='word_1_583' title='bbox 1202 4625 1218 4651; x_wconf 94' lang='lat'><strong>,</strong></span> <span class='ocrx_word' id='word_1_584' title='bbox 1265 4592 1427 4638; x_wconf 74' lang='lat' dir='ltr'><strong>tanta:</strong></span> <span class='ocrx_word' id='word_1_585' title='bbox 1477 4584 1761 4655; x_wconf 72' lang='lat' dir='ltr'><strong>imperitia:</strong></span> 
     </span>
    </p>
   </div>
   <div class='ocr_carea' id='block_1_76' title="bbox 172 4676 1760 4751">
    <p class='ocr_par' dir='ltr' id='par_1_76' title="bbox 172 4676 1760 4751">
     <span class='ocr_line' id='line_1_76' title="bbox 172 4676 1760 4751; baseline 0.008 -27"><span class='ocrx_word' id='word_1_586' title='bbox 172 4684 248 4727; x_wconf 90' lang='lat' dir='ltr'><strong>aut</strong></span> <span class='ocrx_word' id='word_1_587' title='bbox 270 4676 529 4733; x_wconf 69' lang='lat' dir='ltr'><strong>caecitatis</strong></span> <span class='ocrx_word' id='word_1_588' title='bbox 577 4676 879 4743; x_wconf 90' lang='lat' dir='ltr'><strong>incusabit,</strong></span> <span class='ocrx_word' id='word_1_589' title='bbox 927 4686 988 4733; x_wconf 94' lang='lat' dir='ltr'><strong>ut</strong></span> <span class='ocrx_word' id='word_1_590' title='bbox 1041 4679 1224 4748; x_wconf 83' lang='lat' dir='ltr'><strong>quanti</strong></span> <span class='ocrx_word' id='word_1_591' title='bbox 1270 4677 1387 4735; x_wconf 63' lang='lat' dir='ltr'><strong>haec</strong></span> <span class='ocrx_word' id='word_1_592' title='bbox 1415 4693 1760 4751; x_wconf 89' lang='lat' dir='ltr'><strong>argumenta-</strong></span> 
     </span>
    </p>
   </div>
   <div class='ocr_carea' id='block_1_77' title="bbox 174 4764 1843 4842">
    <p class='ocr_par' dir='ltr' id='par_1_77' title="bbox 174 4764 1843 4842">
     <span class='ocr_line' id='line_1_77' title="bbox 174 4764 1843 4842; baseline 0.008 -26"><span class='ocrx_word' id='word_1_593' title='bbox 174 4764 236 4819; x_wconf 91' lang='lat' dir='ltr'><strong>tio</strong></span> <span class='ocrx_word' id='word_1_594' title='bbox 262 4768 329 4823; x_wconf 89' lang='lat' dir='ltr'><strong>sit</strong></span> <span class='ocrx_word' id='word_1_595' title='bbox 382 4770 684 4841; x_wconf 89' lang='lat' dir='ltr'><strong>ponderis,</strong></span> <span class='ocrx_word' id='word_1_596' title='bbox 718 4785 826 4826; x_wconf 89' lang='lat' dir='ltr'><strong>non</strong></span> <span class='ocrx_word' id='word_1_597' title='bbox 853 4770 1128 4827; x_wconf 88' lang='lat' dir='ltr'><strong>viderint?</strong></span> <span class='ocrx_word' id='word_1_598' title='bbox 1168 4770 1436 4842; x_wconf 84' lang='lat' dir='ltr'><strong>Numquid</strong></span> <span class='ocrx_word' id='word_1_599' title='bbox 1483 4788 1613 4829; x_wconf 87' lang='lat' dir='ltr'><strong>vero</strong></span> <span class='ocrx_word' id='word_1_600' title='bbox 1664 4774 1763 4831; x_wconf 82' lang='lat' dir='ltr'><strong>He-</strong></span> <span class='ocrx_word' id='word_1_601' title='bbox 1790 4768 1843 4829; x_wconf 91' lang='lat' dir='ltr'><strong>D</strong></span> 
     </span>
    </p>
   </div>
   <div class='ocr_carea' id='block_1_78' title="bbox 170 4861 1759 4937">
    <p class='ocr_par' dir='ltr' id='par_1_78' title="bbox 170 4861 1759 4937">
     <span class='ocr_line' id='line_1_78' title="bbox 170 4861 1759 4937; baseline 0.006 -25"><span class='ocrx_word' id='word_1_602' title='bbox 170 4861 333 4918; x_wconf 81' lang='lat' dir='ltr'><strong>raldus</strong></span> <span class='ocrx_word' id='word_1_603' title='bbox 358 4863 483 4935; x_wconf 81' lang='lat' dir='ltr'><strong>ipse</strong></span> <span class='ocrx_word' id='word_1_604' title='bbox 512 4880 621 4920; x_wconf 92' lang='lat' dir='ltr'><strong>non</strong></span> <span class='ocrx_word' id='word_1_605' title='bbox 665 4864 802 4919; x_wconf 84' lang='lat' dir='ltr'><strong>vidit</strong></span> <span class='ocrx_word' id='word_1_606' title='bbox 853 4864 975 4920; x_wconf 91' lang='lat' dir='ltr'><strong>illos</strong></span> <span class='ocrx_word' id='word_1_607' title='bbox 1026 4867 1427 4937; x_wconf 87' lang='lat' dir='ltr'><strong>argumentari,</strong></span> <span class='ocrx_word' id='word_1_608' title='bbox 1469 4877 1526 4921; x_wconf 93' lang='lat' dir='ltr'><strong>ut</strong></span> <span class='ocrx_word' id='word_1_609' title='bbox 1574 4868 1759 4935; x_wconf 88' lang='lat' dir='ltr'><strong>aiunt,</strong></span> 
     </span>
    </p>
   </div>
   <div class='ocr_carea' id='block_1_79' title="bbox 171 4954 1760 5032">
    <p class='ocr_par' dir='ltr' id='par_1_79' title="bbox 171 4954 1760 5032">
     <span class='ocr_line' id='line_1_79' title="bbox 171 4954 1760 5032; baseline 0.006 -24"><span class='ocrx_word' id='word_1_610' title='bbox 171 4954 226 5008; x_wconf 76' lang='lat' dir='ltr'><strong>ad</strong></span> <span class='ocrx_word' id='word_1_611' title='bbox 279 4957 599 5025; x_wconf 88' lang='lat' dir='ltr'><strong>hominem,</strong></span> <span class='ocrx_word' id='word_1_612' title='bbox 645 4970 810 5030; x_wconf 88' lang='lat' dir='ltr'><strong>atque</strong></span> <span class='ocrx_word' id='word_1_613' title='bbox 854 4975 918 5015; x_wconf 91' lang='lat' dir='ltr'><strong>ex</strong></span> <span class='ocrx_word' id='word_1_614' title='bbox 968 4960 1087 5031; x_wconf 87' lang='lat' dir='ltr'><strong>ipsa</strong></span> <span class='ocrx_word' id='word_1_615' title='bbox 1136 4961 1417 5032; x_wconf 89' lang='lat' dir='ltr'><strong>gentilium</strong></span> <span class='ocrx_word' id='word_1_616' title='bbox 1468 4961 1760 5032; x_wconf 91' lang='lat' dir='ltr'><strong>opinione,</strong></span> 
     </span>
    </p>
   </div>
   <div class='ocr_carea' id='block_1_80' title="bbox 166 5053 1765 5124">
    <p class='ocr_par' dir='ltr' id='par_1_80' title="bbox 166 5053 1765 5124">
     <span class='ocr_line' id='line_1_80' title="bbox 166 5053 1765 5124; baseline 0.004 -21"><span class='ocrx_word' id='word_1_617' title='bbox 166 5064 257 5116; x_wconf 82' lang='lat' dir='ltr'><strong>qua</strong></span> <span class='ocrx_word' id='word_1_618' title='bbox 300 5053 581 5109; x_wconf 85' lang='lat' dir='ltr'><strong>docebant</strong></span> <span class='ocrx_word' id='word_1_619' title='bbox 617 5053 751 5109; x_wconf 90' lang='lat' dir='ltr'><strong>deos</strong></span> <span class='ocrx_word' id='word_1_620' title='bbox 788 5068 917 5109; x_wconf 90' lang='lat' dir='ltr'><strong>suos</strong></span> <span class='ocrx_word' id='word_1_621' title='bbox 948 5054 1059 5119; x_wconf 90' lang='lat' dir='ltr'><strong>ira,</strong></span> <span class='ocrx_word' id='word_1_622' title='bbox 1107 5069 1228 5124; x_wconf 77' lang='lat' dir='ltr'><strong>quae</strong></span> <span class='ocrx_word' id='word_1_623' title='bbox 1264 5069 1322 5109; x_wconf 88' lang='lat' dir='ltr'><strong>se</strong></span> <span class='ocrx_word' id='word_1_624' title='bbox 1361 5054 1659 5112; x_wconf 87' lang='lat' dir='ltr'><strong>ulciscendi</strong></span> <span class='ocrx_word' id='word_1_625' title='bbox 1701 5057 1765 5110; x_wconf 92' lang='lat' dir='ltr'><strong>li-</strong></span> 
     </span>
    </p>
   </div>
   <div class='ocr_carea' id='block_1_81' title="bbox 171 5142 1763 5216">
    <p class='ocr_par' dir='ltr' id='par_1_81' title="bbox 171 5142 1763 5216">
     <span class='ocr_line' id='line_1_81' title="bbox 171 5142 1763 5216; baseline 0.008 -22"><span class='ocrx_word' id='word_1_626' title='bbox 171 5142 280 5199; x_wconf 84' lang='lat' dir='ltr'><strong>bido</strong></span> <span class='ocrx_word' id='word_1_627' title='bbox 324 5157 448 5216; x_wconf 87' lang='lat' dir='ltr'><strong>est,</strong></span> <span class='ocrx_word' id='word_1_628' title='bbox 478 5149 529 5203; x_wconf 93' lang='lat' dir='ltr'><strong>in</strong></span> <span class='ocrx_word' id='word_1_629' title='bbox 561 5148 891 5205; x_wconf 86' lang='lat' dir='ltr'><strong>christianos</strong></span> <span class='ocrx_word' id='word_1_630' title='bbox 930 5147 1011 5203; x_wconf 89' lang='lat' dir='ltr'><strong>sic</strong></span> <span class='ocrx_word' id='word_1_631' title='bbox 1052 5162 1240 5203; x_wconf 90' lang='lat' dir='ltr'><strong>revera</strong></span> <span class='ocrx_word' id='word_1_632' title='bbox 1270 5148 1527 5215; x_wconf 90' lang='lat' dir='ltr'><strong>accendi,</strong></span> <span class='ocrx_word' id='word_1_633' title='bbox 1561 5159 1619 5205; x_wconf 92' lang='lat' dir='ltr'><strong>ut</strong></span> <span class='ocrx_word' id='word_1_634' title='bbox 1668 5165 1763 5207; x_wconf 90' lang='lat' dir='ltr'><strong>eo-</strong></span> 
     </span>
    </p>
   </div>
   <div class='ocr_carea' id='block_1_82' title="bbox 164 5240 1763 5314">
    <p class='ocr_par' dir='ltr' id='par_1_82' title="bbox 164 5240 1763 5314">
     <span class='ocr_line' id='line_1_82' title="bbox 164 5240 1763 5314; baseline 0.007 -26"><span class='ocrx_word' id='word_1_635' title='bbox 164 5250 269 5293; x_wconf 84' lang='lat' dir='ltr'><strong>rum</strong></span> <span class='ocrx_word' id='word_1_636' title='bbox 299 5254 474 5296; x_wconf 82' lang='lat' dir='ltr'><strong>causa</strong></span> <span class='ocrx_word' id='word_1_637' title='bbox 527 5241 779 5297; x_wconf 81' lang='lat' dir='ltr'><strong>maximis</strong></span> <span class='ocrx_word' id='word_1_638' title='bbox 828 5240 1223 5298; x_wconf 87' lang='lat' dir='ltr'><strong>calamitatibus</strong></span> <span class='ocrx_word' id='word_1_639' title='bbox 1265 5250 1321 5296; x_wconf 91' lang='lat' dir='ltr'><strong>et</strong></span> <span class='ocrx_word' id='word_1_640' title='bbox 1354 5257 1480 5309; x_wconf 87' lang='lat' dir='ltr'><strong>eos,</strong></span> <span class='ocrx_word' id='word_1_641' title='bbox 1513 5254 1567 5299; x_wconf 93' lang='lat' dir='ltr'><strong>et</strong></span> <span class='ocrx_word' id='word_1_642' title='bbox 1593 5245 1763 5314; x_wconf 68' lang='lat' dir='ltr'><strong>ipsoso</strong></span> 
     </span>
    </p>
   </div>
   <div class='ocr_carea' id='block_1_83' title="bbox 167 5332 1762 5406">
    <p class='ocr_par' dir='ltr' id='par_1_83' title="bbox 167 5332 1762 5406">
     <span class='ocr_line' id='line_1_83' title="bbox 167 5332 1762 5406; baseline 0.006 -24"><span class='ocrx_word' id='word_1_643' title='bbox 167 5342 264 5385; x_wconf 86' lang='lat' dir='ltr'><strong>met</strong></span> <span class='ocrx_word' id='word_1_644' title='bbox 302 5332 542 5402; x_wconf 87' lang='lat' dir='ltr'><strong>gentiles</strong></span> <span class='ocrx_word' id='word_1_645' title='bbox 591 5333 753 5388; x_wconf 86' lang='lat' dir='ltr'><strong>simul</strong></span> <span class='ocrx_word' id='word_1_646' title='bbox 807 5332 1151 5406; x_wconf 85' lang='lat' dir='ltr'><strong>al‘fligerent?</strong></span> <span class='ocrx_word' id='word_1_647' title='bbox 1200 5334 1390 5390; x_wconf 91' lang='lat' dir='ltr'><strong>Nonne</strong></span> <span class='ocrx_word' id='word_1_648' title='bbox 1442 5336 1569 5392; x_wconf 91' lang='lat' dir='ltr'><strong>inde</strong></span> <span class='ocrx_word' id='word_1_649' title='bbox 1612 5344 1762 5392; x_wconf 85' lang='lat' dir='ltr'><strong>recte</strong></span> 
     </span>
    </p>
   </div>
   <div class='ocr_carea' id='block_1_84' title="bbox 162 5426 1763 5495">
    <p class='ocr_par' dir='ltr' id='par_1_84' title="bbox 162 5426 1763 5495">
     <span class='ocr_line' id='line_1_84' title="bbox 162 5426 1763 5495; baseline 0.006 -18"><span class='ocrx_word' id='word_1_650' title='bbox 162 5426 429 5481; x_wconf 85' lang='lat' dir='ltr'><strong>concludit</strong></span> <span class='ocrx_word' id='word_1_651' title='bbox 481 5426 753 5482; x_wconf 80' lang='lat' dir='ltr'><strong>Arnobius</strong></span> <span class='ocrx_word' id='word_1_652' title='bbox 792 5426 958 5491; x_wconf 88' lang='lat' dir='ltr'><strong>deos,</strong></span> <span class='ocrx_word' id='word_1_653' title='bbox 992 5428 1035 5482; x_wconf 90' lang='lat' dir='ltr'><strong>si</strong></span> <span class='ocrx_word' id='word_1_654' title='bbox 1064 5428 1133 5482; x_wconf 82' lang='lat' dir='ltr'><strong>ita</strong></span> <span class='ocrx_word' id='word_1_655' title='bbox 1171 5427 1290 5483; x_wconf 89' lang='lat' dir='ltr'><strong>irati</strong></span> <span class='ocrx_word' id='word_1_656' title='bbox 1324 5428 1464 5495; x_wconf 89' lang='lat' dir='ltr'><strong>sint,</strong></span> <span class='ocrx_word' id='word_1_657' title='bbox 1507 5428 1763 5486; x_wconf 88' lang='lat' dir='ltr'><strong>debuisse</strong></span> 
     </span>
    </p>
   </div>
   <div class='ocr_carea' id='block_1_85' title="bbox 171 5514 1765 5591">
    <p class='ocr_par' dir='ltr' id='par_1_85' title="bbox 171 5514 1765 5591">
     <span class='ocr_line' id='line_1_85' title="bbox 171 5514 1765 5591; baseline 0.004 -21"><span class='ocrx_word' id='word_1_658' title='bbox 171 5514 262 5571; x_wconf 86' lang='lat' dir='ltr'><strong>hoc</strong></span> <span class='ocrx_word' id='word_1_659' title='bbox 285 5520 545 5575; x_wconf 70' lang='lat' dir='ltr'><strong>maxima:</strong></span> <span class='ocrx_word' id='word_1_660' title='bbox 584 5518 879 5576; x_wconf 72' lang='lat' dir='ltr'><strong>iracundia:</strong></span> <span class='ocrx_word' id='word_1_661' title='bbox 918 5520 1120 5591; x_wconf 87' lang='lat' dir='ltr'><strong>impetu</strong></span> <span class='ocrx_word' id='word_1_662' title='bbox 1148 5536 1337 5591; x_wconf 65' lang='lat' dir='ltr'><strong>poenas</strong></span> <span class='ocrx_word' id='word_1_663' title='bbox 1362 5521 1431 5577; x_wconf 91' lang='lat' dir='ltr'><strong>de</strong></span> <span class='ocrx_word' id='word_1_664' title='bbox 1456 5523 1585 5579; x_wconf 90' lang='lat' dir='ltr'><strong>solis</strong></span> <span class='ocrx_word' id='word_1_665' title='bbox 1620 5522 1765 5579; x_wconf 90' lang='lat' dir='ltr'><strong>chri-</strong></span> 
     </span>
    </p>
   </div>
   <div class='ocr_carea' id='block_1_86' title="bbox 163 5611 1762 5685">
    <p class='ocr_par' dir='ltr' id='par_1_86' title="bbox 163 5611 1762 5685">
     <span class='ocr_line' id='line_1_86' title="bbox 163 5611 1762 5685; baseline 0.006 -24"><span class='ocrx_word' id='word_1_666' title='bbox 163 5611 377 5680; x_wconf 81' lang='lat' dir='ltr'><strong>stianis,</strong></span> <span class='ocrx_word' id='word_1_667' title='bbox 411 5628 526 5669; x_wconf 76' lang='lat' dir='ltr'><strong>eos</strong></span> <span class='ocrx_word' id='word_1_668' title='bbox 554 5614 1004 5683; x_wconf 85' lang='lat' dir='ltr'><strong>aspernantibus,</strong></span> <span class='ocrx_word' id='word_1_669' title='bbox 1034 5614 1213 5669; x_wconf 90' lang='lat' dir='ltr'><strong>divina</strong></span> <span class='ocrx_word' id='word_1_670' title='bbox 1259 5631 1356 5671; x_wconf 87' lang='lat' dir='ltr'><strong>sua</strong></span> <span class='ocrx_word' id='word_1_671' title='bbox 1398 5617 1630 5685; x_wconf 87' lang='lat' dir='ltr'><strong>potentia</strong></span> <span class='ocrx_word' id='word_1_672' title='bbox 1670 5632 1762 5673; x_wconf 89' lang='lat' dir='ltr'><strong>su-</strong></span> 
     </span>
    </p>
   </div>
   <div class='ocr_carea' id='block_1_87' title="bbox 165 5706 1765 5777">
    <p class='ocr_par' dir='ltr' id='par_1_87' title="bbox 165 5706 1765 5777">
     <span class='ocr_line' id='line_1_87' title="bbox 165 5706 1765 5777; baseline 0.003 -18"><span class='ocrx_word' id='word_1_673' title='bbox 165 5716 322 5771; x_wconf 82' lang='lat' dir='ltr'><strong>mere,</strong></span> <span class='ocrx_word' id='word_1_674' title='bbox 356 5721 540 5777; x_wconf 82' lang='lat' dir='ltr'><strong>neque</strong></span> <span class='ocrx_word' id='word_1_675' title='bbox 571 5721 694 5764; x_wconf 90' lang='lat' dir='ltr'><strong>sese</strong></span> <span class='ocrx_word' id='word_1_676' title='bbox 737 5706 1034 5765; x_wconf 89' lang='lat' dir='ltr'><strong>ulciscendi</strong></span> <span class='ocrx_word' id='word_1_677' title='bbox 1072 5706 1217 5763; x_wconf 90' lang='lat' dir='ltr'><strong>vices</strong></span> <span class='ocrx_word' id='word_1_678' title='bbox 1247 5707 1475 5764; x_wconf 83' lang='lat' dir='ltr'><strong>inﬁrmis</strong></span> <span class='ocrx_word' id='word_1_679' title='bbox 1517 5709 1765 5765; x_wconf 88' lang='lat' dir='ltr'><strong>commit-</strong></span> 
     </span>
    </p>
   </div>
   <div class='ocr_carea' id='block_1_88' title="bbox 161 5799 675 5858">
    <p class='ocr_par' dir='ltr' id='par_1_88' title="bbox 161 5799 675 5858">
     <span class='ocr_line' id='line_1_88' title="bbox 161 5799 675 5858; baseline 0.016 -10"><span class='ocrx_word' id='word_1_680' title='bbox 161 5806 266 5853; x_wconf 86' lang='lat' dir='ltr'><strong>tere</strong></span> <span class='ocrx_word' id='word_1_681' title='bbox 317 5799 675 5858; x_wconf 79' lang='lat' dir='ltr'><strong>hominibus?</strong></span> 
     </span>
    </p>
   </div>
   <div class='ocr_carea' id='block_1_89' title="bbox 225 5892 1762 5972">
    <p class='ocr_par' dir='ltr' id='par_1_89' title="bbox 225 5892 1762 5972">
     <span class='ocr_line' id='line_1_89' title="bbox 225 5892 1762 5972; baseline 0.006 -25"><span class='ocrx_word' id='word_1_682' title='bbox 225 5892 332 5951; x_wconf 76' lang='lat' dir='ltr'><strong>Nec</strong></span> <span class='ocrx_word' id='word_1_683' title='bbox 360 5897 615 5968; x_wconf 81' lang='lat' dir='ltr'><strong>estquod</strong></span> <span class='ocrx_word' id='word_1_684' title='bbox 660 5898 781 5971; x_wconf 89' lang='lat' dir='ltr'><strong>quis</strong></span> <span class='ocrx_word' id='word_1_685' title='bbox 823 5897 1049 5971; x_wconf 73' lang='lat' dir='ltr'><strong>objiciet</strong></span> <span class='ocrx_word' id='word_1_686' title='bbox 1094 5898 1197 5955; x_wconf 92' lang='lat' dir='ltr'><strong>hoc</strong></span> <span class='ocrx_word' id='word_1_687' title='bbox 1244 5906 1622 5972; x_wconf 85' lang='lat' dir='ltr'><strong>argumentum</strong></span> <span class='ocrx_word' id='word_1_688' title='bbox 1667 5912 1762 5970; x_wconf 88' lang='lat' dir='ltr'><strong>po-</strong></span> 
     </span>
    </p>
   </div>
   <div class='ocr_carea' id='block_1_90' title="bbox 156 5988 1760 6065">
    <p class='ocr_par' dir='ltr' id='par_1_90' title="bbox 156 5988 1760 6065">
     <span class='ocr_line' id='line_1_90' title="bbox 156 5988 1760 6065; baseline 0.002 -18"><span class='ocrx_word' id='word_1_689' title='bbox 156 5988 317 6047; x_wconf 78' lang='lat' dir='ltr'><strong>tuisse</strong></span> <span class='ocrx_word' id='word_1_690' title='bbox 365 5992 670 6064; x_wconf 77' lang='lat' dir='ltr'><strong>retorqueri</strong></span> <span class='ocrx_word' id='word_1_691' title='bbox 696 5992 754 6055; x_wconf 85' lang='lat' dir='ltr'><strong>in</strong></span> <span class='ocrx_word' id='word_1_692' title='bbox 790 5992 1131 6056; x_wconf 86' lang='lat' dir='ltr'><strong>christianos</strong></span> <span class='ocrx_word' id='word_1_693' title='bbox 1154 6033 1171 6063; x_wconf 92' lang='lat'><strong>,</strong></span> <span class='ocrx_word' id='word_1_694' title='bbox 1200 6007 1338 6065; x_wconf 88' lang='lat' dir='ltr'><strong>quos</strong></span> <span class='ocrx_word' id='word_1_695' title='bbox 1364 5992 1507 6051; x_wconf 88' lang='lat' dir='ltr'><strong>Deus</strong></span> <span class='ocrx_word' id='word_1_696' title='bbox 1534 6007 1644 6053; x_wconf 77' lang='lat' dir='ltr'><strong>non</strong></span> <span class='ocrx_word' id='word_1_697' title='bbox 1670 6006 1760 6050; x_wconf 81' lang='lat' dir='ltr'><strong>so-</strong></span> 
     </span>
    </p>
   </div>
   <div class='ocr_carea' id='block_1_91' title="bbox 1942 3504 3479 3585">
    <p class='ocr_par' dir='ltr' id='par_1_91' title="bbox 1942 3504 3479 3585">
     <span class='ocr_line' id='line_1_91' title="bbox 1942 3504 3479 3585; baseline 0.007 -25"><span class='ocrx_word' id='word_1_698' title='bbox 1942 3504 2285 3577; x_wconf 85' lang='lat' dir='ltr'><strong>Quapropter</strong></span> <span class='ocrx_word' id='word_1_699' title='bbox 2304 3506 2393 3562; x_wconf 78' lang='lat' dir='ltr'><strong>vix</strong></span> <span class='ocrx_word' id='word_1_700' title='bbox 2415 3524 2443 3561; x_wconf 90' lang='lat' dir='ltr'><strong>a</strong></span> <span class='ocrx_word' id='word_1_701' title='bbox 2475 3522 2535 3563; x_wconf 91' lang='lat' dir='ltr'><strong>se</strong></span> <span class='ocrx_word' id='word_1_702' title='bbox 2564 3508 2859 3579; x_wconf 90' lang='lat' dir='ltr'><strong>impetrare</strong></span> <span class='ocrx_word' id='word_1_703' title='bbox 2904 3525 3066 3582; x_wconf 90' lang='lat' dir='ltr'><strong>posse</strong></span> <span class='ocrx_word' id='word_1_704' title='bbox 3092 3511 3390 3585; x_wconf 83' lang='lat' dir='ltr'><strong>significat,</strong></span> <span class='ocrx_word' id='word_1_705' title='bbox 3423 3524 3479 3571; x_wconf 89' lang='lat' dir='ltr'><strong>ut</strong></span> 
     </span>
    </p>
   </div>
   <div class='ocr_carea' id='block_1_92' title="bbox 1873 3598 3486 3672">
    <p class='ocr_par' dir='ltr' id='par_1_92' title="bbox 1873 3598 3486 3672">
     <span class='ocr_line' id='line_1_92' title="bbox 1873 3598 3486 3672; baseline 0.004 -17"><span class='ocrx_word' id='word_1_706' title='bbox 1873 3598 2062 3655; x_wconf 89' lang='lat' dir='ltr'><strong>credat</strong></span> <span class='ocrx_word' id='word_1_707' title='bbox 2090 3598 2233 3657; x_wconf 91' lang='lat' dir='ltr'><strong>hanc</strong></span> <span class='ocrx_word' id='word_1_708' title='bbox 2258 3599 2428 3657; x_wconf 88' lang='lat' dir='ltr'><strong>fuisse</strong></span> <span class='ocrx_word' id='word_1_709' title='bbox 2478 3602 2891 3672; x_wconf 88' lang='lat' dir='ltr'><strong>prudentiorum</strong></span> <span class='ocrx_word' id='word_1_710' title='bbox 2932 3604 3274 3662; x_wconf 89' lang='lat' dir='ltr'><strong>ethnicorum</strong></span> <span class='ocrx_word' id='word_1_711' title='bbox 3306 3606 3486 3663; x_wconf 81' lang='lat' dir='ltr'><strong>homi-</strong></span> 
     </span>
    </p>
   </div>
   <div class='ocr_carea' id='block_1_93' title="bbox 1872 3694 3487 3774">
    <p class='ocr_par' dir='ltr' id='par_1_93' title="bbox 1872 3694 3487 3774">
     <span class='ocr_line' id='line_1_93' title="bbox 1872 3694 3487 3774; baseline 0.006 -25"><span class='ocrx_word' id='word_1_712' title='bbox 1872 3709 2001 3750; x_wconf 91' lang='lat' dir='ltr'><strong>num</strong></span> <span class='ocrx_word' id='word_1_713' title='bbox 2030 3695 2343 3765; x_wconf 89' lang='lat' dir='ltr'><strong>opinionem</strong></span> <span class='ocrx_word' id='word_1_714' title='bbox 2375 3694 2523 3767; x_wconf 80' lang='lat' dir='ltr'><strong>(ibid.</strong></span> <span class='ocrx_word' id='word_1_715' title='bbox 2558 3714 2611 3767; x_wconf 90' lang='lat' dir='ltr'><strong>p.</strong></span> <span class='ocrx_word' id='word_1_716' title='bbox 2646 3698 2761 3768; x_wconf 80' lang='lat' dir='ltr'><strong>l5).</strong></span> <span class='ocrx_word' id='word_1_717' title='bbox 2787 3699 3039 3755; x_wconf 89' lang='lat' dir='ltr'><strong>Putidum</strong></span> <span class='ocrx_word' id='word_1_718' title='bbox 3088 3700 3272 3774; x_wconf 88' lang='lat' dir='ltr'><strong>itaque</strong></span> <span class='ocrx_word' id='word_1_719' title='bbox 3304 3704 3487 3774; x_wconf 90' lang='lat' dir='ltr'><strong>potius</strong></span> 
     </span>
    </p>
   </div>
   <div class='ocr_carea' id='block_1_94' title="bbox 1870 3786 3483 3866">
    <p class='ocr_par' dir='ltr' id='par_1_94' title="bbox 1870 3786 3483 3866">
     <span class='ocr_line' id='line_1_94' title="bbox 1870 3786 3483 3866; baseline 0.007 -25"><span class='ocrx_word' id='word_1_720' title='bbox 1870 3786 2146 3841; x_wconf 85' lang='lat' dir='ltr'><strong>existimat</strong></span> <span class='ocrx_word' id='word_1_721' title='bbox 2167 3803 2293 3845; x_wconf 88' lang='lat' dir='ltr'><strong>esse</strong></span> <span class='ocrx_word' id='word_1_722' title='bbox 2320 3788 2665 3844; x_wconf 88' lang='lat' dir='ltr'><strong>mendacium</strong></span> <span class='ocrx_word' id='word_1_723' title='bbox 2696 3789 2763 3845; x_wconf 91' lang='lat' dir='ltr'><strong>ab</strong></span> <span class='ocrx_word' id='word_1_724' title='bbox 2791 3789 3190 3861; x_wconf 88' lang='lat' dir='ltr'><strong>haruspicibus,</strong></span> <span class='ocrx_word' id='word_1_725' title='bbox 3224 3793 3483 3866; x_wconf 87' lang='lat' dir='ltr'><strong>fatidicis,</strong></span> 
     </span>
    </p>
   </div>
   <div class='ocr_carea' id='block_1_95' title="bbox 1870 3879 3485 3954">
    <p class='ocr_par' dir='ltr' id='par_1_95' title="bbox 1870 3879 3485 3954">
     <span class='ocr_line' id='line_1_95' title="bbox 1870 3879 3485 3954; baseline 0.007 -20"><span class='ocrx_word' id='word_1_726' title='bbox 1870 3879 2076 3946; x_wconf 91' lang='lat' dir='ltr'><strong>ariolis,</strong></span> <span class='ocrx_word' id='word_1_727' title='bbox 2110 3880 2324 3935; x_wconf 89' lang='lat' dir='ltr'><strong>vatibus</strong></span> <span class='ocrx_word' id='word_1_728' title='bbox 2358 3892 2412 3937; x_wconf 90' lang='lat' dir='ltr'><strong>et</strong></span> <span class='ocrx_word' id='word_1_729' title='bbox 2461 3882 2710 3938; x_wconf 90' lang='lat' dir='ltr'><strong>fanaticis</strong></span> <span class='ocrx_word' id='word_1_730' title='bbox 2741 3882 2865 3939; x_wconf 90' lang='lat' dir='ltr'><strong>ideo</strong></span> <span class='ocrx_word' id='word_1_731' title='bbox 2894 3886 3215 3954; x_wconf 88' lang='lat' dir='ltr'><strong>confictum,</strong></span> <span class='ocrx_word' id='word_1_732' title='bbox 3247 3904 3315 3945; x_wconf 93' lang='lat' dir='ltr'><strong>ne</strong></span> <span class='ocrx_word' id='word_1_733' title='bbox 3342 3898 3485 3945; x_wconf 83' lang='lat' dir='ltr'><strong>tem-</strong></span> 
     </span>
    </p>
   </div>
   <div class='ocr_carea' id='block_1_96' title="bbox 1870 3976 3487 4053">
    <p class='ocr_par' dir='ltr' id='par_1_96' title="bbox 1870 3976 3487 4053">
     <span class='ocr_line' id='line_1_96' title="bbox 1870 3976 3487 4053; baseline 0.004 -22"><span class='ocrx_word' id='word_1_734' title='bbox 1870 3977 1976 4047; x_wconf 91' lang='lat' dir='ltr'><strong>plis</strong></span> <span class='ocrx_word' id='word_1_735' title='bbox 2002 3976 2116 4031; x_wconf 91' lang='lat' dir='ltr'><strong>suis</strong></span> <span class='ocrx_word' id='word_1_736' title='bbox 2137 3980 2421 4048; x_wconf 86' lang='lat' dir='ltr'><strong>sacrisque</strong></span> <span class='ocrx_word' id='word_1_737' title='bbox 2448 3976 2701 4042; x_wconf 90' lang='lat' dir='ltr'><strong>desertis,</strong></span> <span class='ocrx_word' id='word_1_738' title='bbox 2736 3979 2906 4048; x_wconf 90' lang='lat' dir='ltr'><strong>stipes</strong></span> <span class='ocrx_word' id='word_1_739' title='bbox 2930 3981 3265 4048; x_wconf 91' lang='lat' dir='ltr'><strong>amitterent,</strong></span> <span class='ocrx_word' id='word_1_740' title='bbox 3296 3998 3430 4053; x_wconf 87' lang='lat' dir='ltr'><strong>quas</strong></span> <span class='ocrx_word' id='word_1_741' title='bbox 3454 3998 3487 4038; x_wconf 87' lang='lat' dir='ltr'><strong>a</strong></span> 
     </span>
    </p>
   </div>
   <div class='ocr_carea' id='block_1_97' title="bbox 1868 4070 3483 4148">
    <p class='ocr_par' dir='ltr' id='par_1_97' title="bbox 1868 4070 3483 4148">
     <span class='ocr_line' id='line_1_97' title="bbox 1868 4070 3483 4148; baseline 0.004 -23"><span class='ocrx_word' id='word_1_742' title='bbox 1868 4070 2271 4126; x_wconf 87' lang='lat' dir='ltr'><strong>consultoribus</strong></span> <span class='ocrx_word' id='word_1_743' title='bbox 2302 4071 2415 4126; x_wconf 91' lang='lat' dir='ltr'><strong>suis</strong></span> <span class='ocrx_word' id='word_1_744' title='bbox 2444 4072 2528 4127; x_wconf 91' lang='lat' dir='ltr'><strong>vel</strong></span> <span class='ocrx_word' id='word_1_745' title='bbox 2558 4070 2682 4126; x_wconf 90' lang='lat' dir='ltr'><strong>aliis</strong></span> <span class='ocrx_word' id='word_1_746' title='bbox 2703 4086 2901 4140; x_wconf 87' lang='lat' dir='ltr'><strong>cogere</strong></span> <span class='ocrx_word' id='word_1_747' title='bbox 2950 4073 3203 4130; x_wconf 88' lang='lat' dir='ltr'><strong>solebant</strong></span> <span class='ocrx_word' id='word_1_748' title='bbox 3233 4074 3483 4148; x_wconf 80' lang='lat' dir='ltr'><strong>(Arnob.,</strong></span> 
     </span>
    </p>
   </div>
   <div class='ocr_carea' id='block_1_98' title="bbox 1868 4162 3489 4236">
    <p class='ocr_par' dir='ltr' id='par_1_98' title="bbox 1868 4162 3489 4236">
     <span class='ocr_line' id='line_1_98' title="bbox 1868 4162 3489 4236; baseline 0.005 -19"><span class='ocrx_word' id='word_1_749' title='bbox 1868 4162 1958 4219; x_wconf 83' lang='lat' dir='ltr'><strong>lib.</strong></span> <span class='ocrx_word' id='word_1_750' title='bbox 1983 4179 2022 4228; x_wconf 89' lang='grc' dir='ltr'><strong>ι,</strong></span> <span class='ocrx_word' id='word_1_751' title='bbox 2052 4180 2171 4234; x_wconf 83' lang='lat' dir='ltr'><strong>pag.</strong></span> <span class='ocrx_word' id='word_1_752' title='bbox 2207 4162 2319 4234; x_wconf 77' lang='lat' dir='ltr'><strong>l3).</strong></span> <span class='ocrx_word' id='word_1_753' title='bbox 2345 4163 2509 4219; x_wconf 82' lang='lat' dir='ltr'><strong>Minui</strong></span> <span class='ocrx_word' id='word_1_754' title='bbox 2544 4164 2689 4218; x_wconf 90' lang='lat' dir='ltr'><strong>enim</strong></span> <span class='ocrx_word' id='word_1_755' title='bbox 2718 4175 3023 4234; x_wconf 73' lang='lat' dir='ltr'><strong>coeperant,</strong></span> <span class='ocrx_word' id='word_1_756' title='bbox 3052 4173 3109 4222; x_wconf 94' lang='lat' dir='ltr'><strong>et</strong></span> <span class='ocrx_word' id='word_1_757' title='bbox 3154 4183 3185 4221; x_wconf 91' lang='lat' dir='ltr'><strong>a</strong></span> <span class='ocrx_word' id='word_1_758' title='bbox 3235 4168 3489 4236; x_wconf 85' lang='lat' dir='ltr'><strong>paucissi-</strong></span> 
     </span>
    </p>
   </div>
   <div class='ocr_carea' id='block_1_99' title="bbox 1868 4255 3487 4328">
    <p class='ocr_par' dir='ltr' id='par_1_99' title="bbox 1868 4255 3487 4328">
     <span class='ocr_line' id='line_1_99' title="bbox 1868 4255 3487 4328; baseline 0.004 -18"><span class='ocrx_word' id='word_1_759' title='bbox 1868 4258 1972 4311; x_wconf 88' lang='lat' dir='ltr'><strong>mis</strong></span> <span class='ocrx_word' id='word_1_760' title='bbox 1998 4255 2290 4326; x_wconf 82' lang='lat' dir='ltr'><strong>gentilibus</strong></span> <span class='ocrx_word' id='word_1_761' title='bbox 2320 4256 2706 4328; x_wconf 87' lang='lat' dir='ltr'><strong>erogabantur,</strong></span> <span class='ocrx_word' id='word_1_762' title='bbox 2740 4265 3028 4327; x_wconf 88' lang='lat' dir='ltr'><strong>postquam</strong></span> <span class='ocrx_word' id='word_1_763' title='bbox 3074 4258 3128 4313; x_wconf 90' lang='lat' dir='ltr'><strong>in</strong></span> <span class='ocrx_word' id='word_1_764' title='bbox 3158 4257 3487 4317; x_wconf 85' lang='lat' dir='ltr'><strong>immensum</strong></span> 
     </span>
    </p>
   </div>
   <div class='ocr_carea' id='block_1_100' title="bbox 1866 4349 3489 4409">
    <p class='ocr_par' dir='ltr' id='par_1_100' title="bbox 1866 4349 3489 4409">
     <span class='ocr_line' id='line_1_100' title="bbox 1866 4349 3489 4409; baseline 0.001 -2"><span class='ocrx_word' id='word_1_765' title='bbox 1866 4351 2041 4407; x_wconf 90' lang='lat' dir='ltr'><strong>crevit</strong></span> <span class='ocrx_word' id='word_1_766' title='bbox 2064 4350 2493 4407; x_wconf 77' lang='lat' dir='ltr'><strong>Christianorum</strong></span> <span class='ocrx_word' id='word_1_767' title='bbox 2511 4366 2789 4405; x_wconf 88' lang='lat' dir='ltr'><strong>numerus.</strong></span> <span class='ocrx_word' id='word_1_768' title='bbox 2816 4349 2890 4406; x_wconf 91' lang='lat' dir='ltr'><strong>De</strong></span> <span class='ocrx_word' id='word_1_769' title='bbox 2912 4350 3017 4409; x_wconf 84' lang='lat' dir='ltr'><strong>hoc</strong></span> <span class='ocrx_word' id='word_1_770' title='bbox 3048 4363 3231 4407; x_wconf 91' lang='lat' dir='ltr'><strong>autem</strong></span> <span class='ocrx_word' id='word_1_771' title='bbox 3250 4353 3489 4409; x_wconf 84' lang='lat' dir='ltr'><strong>maximo</strong></span> 
     </span>
    </p>
   </div>
   <div class='ocr_carea' id='block_1_101' title="bbox 1866 4442 3487 4516">
    <p class='ocr_par' dir='ltr' id='par_1_101' title="bbox 1866 4442 3487 4516">
     <span class='ocr_line' id='line_1_101' title="bbox 1866 4442 3487 4516; baseline 0 -15"><span class='ocrx_word' id='word_1_772' title='bbox 1866 4461 1966 4501; x_wconf 91' lang='lat' dir='ltr'><strong>suo</strong></span> <span class='ocrx_word' id='word_1_773' title='bbox 1992 4446 2193 4500; x_wconf 84' lang='lat' dir='ltr'><strong>damno</strong></span> <span class='ocrx_word' id='word_1_774' title='bbox 2223 4442 2703 4516; x_wconf 87' lang='lat' dir='ltr'><strong>conquerebantur</strong></span> <span class='ocrx_word' id='word_1_775' title='bbox 2738 4444 2791 4498; x_wconf 91' lang='lat' dir='ltr'><strong>in</strong></span> <span class='ocrx_word' id='word_1_776' title='bbox 2831 4443 3022 4516; x_wconf 90' lang='lat' dir='ltr'><strong>primis</strong></span> <span class='ocrx_word' id='word_1_777' title='bbox 3050 4443 3301 4512; x_wconf 88' lang='lat' dir='ltr'><strong>lenones,</strong></span> <span class='ocrx_word' id='word_1_778' title='bbox 3329 4445 3487 4502; x_wconf 88' lang='lat' dir='ltr'><strong>sicuti</strong></span> 
     </span>
    </p>
   </div>
   <div class='ocr_carea' id='block_1_102' title="bbox 1867 4536 3485 4610">
    <p class='ocr_par' dir='ltr' id='par_1_102' title="bbox 1867 4536 3485 4610">
     <span class='ocr_line' id='line_1_102' title="bbox 1867 4536 3485 4610; baseline 0.001 -17"><span class='ocrx_word' id='word_1_779' title='bbox 1867 4540 1942 4593; x_wconf 91' lang='lat' dir='ltr'><strong>ait</strong></span> <span class='ocrx_word' id='word_1_780' title='bbox 1961 4539 2332 4595; x_wconf 88' lang='lat' dir='ltr'><strong>Tertullianus</strong></span> <span class='ocrx_word' id='word_1_781' title='bbox 2356 4537 2627 4608; x_wconf 81' lang='lat' dir='ltr'><strong>(TertulL,</strong></span> <span class='ocrx_word' id='word_1_782' title='bbox 2658 4538 2879 4610; x_wconf 81' lang='lat' dir='ltr'><strong>Apolog.</strong></span> <span class='ocrx_word' id='word_1_783' title='bbox 2901 4553 3021 4608; x_wconf 85' lang='lat' dir='ltr'><strong>cap.</strong></span> <span class='ocrx_word' id='word_1_784' title='bbox 3045 4536 3162 4608; x_wconf 73' lang='grc'><strong>45),</strong></span> <span class='ocrx_word' id='word_1_785' title='bbox 3192 4539 3485 4610; x_wconf 88' lang='lat' dir='ltr'><strong>aquarioli,</strong></span> 
     </span>
    </p>
   </div>
   <div class='ocr_carea' id='block_1_103' title="bbox 1868 4630 3484 4704">
    <p class='ocr_par' dir='ltr' id='par_1_103' title="bbox 1868 4630 3484 4704">
     <span class='ocr_line' id='line_1_103' title="bbox 1868 4630 3484 4704; baseline 0.001 -17"><span class='ocrx_word' id='word_1_786' title='bbox 1868 4630 2244 4701; x_wconf 90' lang='lat' dir='ltr'><strong>perductores,</strong></span> <span class='ocrx_word' id='word_1_787' title='bbox 2300 4631 2504 4697; x_wconf 87' lang='lat' dir='ltr'><strong>sicarii,</strong></span> <span class='ocrx_word' id='word_1_788' title='bbox 2562 4630 2864 4697; x_wconf 90' lang='lat' dir='ltr'><strong>venenarii,</strong></span> <span class='ocrx_word' id='word_1_789' title='bbox 2917 4631 3083 4702; x_wconf 85' lang='lat' dir='ltr'><strong>magi,</strong></span> <span class='ocrx_word' id='word_1_790' title='bbox 3144 4630 3484 4704; x_wconf 87' lang='lat' dir='ltr'><strong>haruspices,</strong></span> 
     </span>
    </p>
   </div>
   <div class='ocr_carea' id='block_1_104' title="bbox 1867 4722 3487 4796">
    <p class='ocr_par' dir='ltr' id='par_1_104' title="bbox 1867 4722 3487 4796">
     <span class='ocr_line' id='line_1_104' title="bbox 1867 4722 3487 4796; baseline 0.003 -19"><span class='ocrx_word' id='word_1_791' title='bbox 1867 4723 2045 4790; x_wconf 90' lang='lat' dir='ltr'><strong>arioli,</strong></span> <span class='ocrx_word' id='word_1_792' title='bbox 2081 4722 2474 4788; x_wconf 89' lang='lat' dir='ltr'><strong>mathematici,</strong></span> <span class='ocrx_word' id='word_1_793' title='bbox 2504 4722 2573 4778; x_wconf 92' lang='lat' dir='ltr'><strong>de</strong></span> <span class='ocrx_word' id='word_1_794' title='bbox 2616 4722 2813 4795; x_wconf 86' lang='lat' dir='ltr'><strong>quibus</strong></span> <span class='ocrx_word' id='word_1_795' title='bbox 2865 4738 2965 4778; x_wconf 90' lang='lat' dir='ltr'><strong>suo</strong></span> <span class='ocrx_word' id='word_1_796' title='bbox 3013 4723 3139 4780; x_wconf 84' lang='lat' dir='ltr'><strong>loco</strong></span> <span class='ocrx_word' id='word_1_797' title='bbox 3179 4724 3487 4796; x_wconf 84' lang='lat' dir='ltr'><strong>disputabi-</strong></span> 
     </span>
    </p>
   </div>
   <div class='ocr_carea' id='block_1_105' title="bbox 1869 4816 3515 4888">
    <p class='ocr_par' dir='ltr' id='par_1_105' title="bbox 1869 4816 3515 4888">
     <span class='ocr_line' id='line_1_105' title="bbox 1869 4816 3515 4888; baseline 0.002 -16"><span class='ocrx_word' id='word_1_798' title='bbox 1869 4833 2009 4874; x_wconf 88' lang='lat' dir='ltr'><strong>mus.</strong></span> <span class='ocrx_word' id='word_1_799' title='bbox 2036 4817 2206 4873; x_wconf 90' lang='lat' dir='ltr'><strong>Ncmo</strong></span> <span class='ocrx_word' id='word_1_800' title='bbox 2233 4829 2415 4873; x_wconf 90' lang='lat' dir='ltr'><strong>autem</strong></span> <span class='ocrx_word' id='word_1_801' title='bbox 2457 4816 2776 4874; x_wconf 85' lang='lat' dir='ltr'><strong>diffitebitnr</strong></span> <span class='ocrx_word' id='word_1_802' title='bbox 2801 4816 3055 4874; x_wconf 90' lang='lat' dir='ltr'><strong>ethnicos</strong></span> <span class='ocrx_word' id='word_1_803' title='bbox 3106 4820 3370 4888; x_wconf 89' lang='lat' dir='ltr'><strong>majorem</strong></span> <span class='ocrx_word' id='word_1_804' title='bbox 3402 4820 3487 4877; x_wconf 90' lang='lat' dir='ltr'><strong>his</strong></span> <span class='ocrx_word' id='word_1_805' title='bbox 3512 4854 3515 4859; x_wconf 63' lang='grc' dir='ltr'><strong><em>ι</em></strong></span> 
     </span>
    </p>
   </div>
   <div class='ocr_carea' id='block_1_106' title="bbox 1868 4911 3480 4983">
    <p class='ocr_par' dir='ltr' id='par_1_106' title="bbox 1868 4911 3480 4983">
     <span class='ocr_line' id='line_1_106' title="bbox 1868 4911 3480 4983; baseline 0.001 -16"><span class='ocrx_word' id='word_1_806' title='bbox 1868 4911 2259 4982; x_wconf 90' lang='lat' dir='ltr'><strong>posterioribus</strong></span> <span class='ocrx_word' id='word_1_807' title='bbox 2288 4911 2545 4968; x_wconf 90' lang='lat' dir='ltr'><strong>habuisse</strong></span> <span class='ocrx_word' id='word_1_808' title='bbox 2594 4912 2779 4977; x_wconf 89' lang='lat' dir='ltr'><strong>fidem,</strong></span> <span class='ocrx_word' id='word_1_809' title='bbox 2812 4912 2901 4982; x_wconf 91' lang='lat' dir='ltr'><strong>qui</strong></span> <span class='ocrx_word' id='word_1_810' title='bbox 2951 4912 3252 4983; x_wconf 62' lang='lat' dir='ltr'><strong>pradicare</strong></span> <span class='ocrx_word' id='word_1_811' title='bbox 3281 4913 3480 4981; x_wconf 83' lang='lat' dir='ltr'><strong>futura,</strong></span> 
     </span>
    </p>
   </div>
   <div class='ocr_carea' id='block_1_107' title="bbox 1868 5006 3483 5079">
    <p class='ocr_par' dir='ltr' id='par_1_107' title="bbox 1868 5006 3483 5079">
     <span class='ocr_line' id='line_1_107' title="bbox 1868 5006 3483 5079; baseline 0.001 -16"><span class='ocrx_word' id='word_1_812' title='bbox 1868 5019 1959 5063; x_wconf 89' lang='lat' dir='ltr'><strong>aut</strong></span> <span class='ocrx_word' id='word_1_813' title='bbox 1988 5023 2250 5079; x_wconf 88' lang='lat' dir='ltr'><strong>responsa</strong></span> <span class='ocrx_word' id='word_1_814' title='bbox 2272 5007 2498 5063; x_wconf 89' lang='lat' dir='ltr'><strong>deorum</strong></span> <span class='ocrx_word' id='word_1_815' title='bbox 2524 5023 2587 5064; x_wconf 89' lang='lat' dir='ltr'><strong>se</strong></span> <span class='ocrx_word' id='word_1_816' title='bbox 2608 5007 2737 5063; x_wconf 90' lang='lat' dir='ltr'><strong>dare</strong></span> <span class='ocrx_word' id='word_1_817' title='bbox 2753 5006 3483 5078; x_wconf 87' lang='lat' dir='ltr'><strong>jactitabant.Quamobrem</strong></span> 
     </span>
    </p>
   </div>
   <div class='ocr_carea' id='block_1_108' title="bbox 1866 5100 3484 5160">
    <p class='ocr_par' dir='ltr' id='par_1_108' title="bbox 1866 5100 3484 5160">
     <span class='ocr_line' id='line_1_108' title="bbox 1866 5100 3484 5160; baseline 0.002 -3"><span class='ocrx_word' id='word_1_818' title='bbox 1866 5102 1972 5157; x_wconf 91' lang='lat' dir='ltr'><strong>illis</strong></span> <span class='ocrx_word' id='word_1_819' title='bbox 2022 5103 2177 5159; x_wconf 81' lang='lat' dir='ltr'><strong>facile</strong></span> <span class='ocrx_word' id='word_1_820' title='bbox 2231 5101 2531 5158; x_wconf 91' lang='lat' dir='ltr'><strong>credebant</strong></span> <span class='ocrx_word' id='word_1_821' title='bbox 2605 5101 2996 5158; x_wconf 88' lang='lat' dir='ltr'><strong>mentientibus</strong></span> <span class='ocrx_word' id='word_1_822' title='bbox 3038 5100 3299 5156; x_wconf 88' lang='lat' dir='ltr'><strong>mundum</strong></span> <span class='ocrx_word' id='word_1_823' title='bbox 3360 5101 3484 5160; x_wconf 88' lang='lat' dir='ltr'><strong>ideo</strong></span> 
     </span>
    </p>
   </div>
   <div class='ocr_carea' id='block_1_109' title="bbox 1866 5193 3478 5267">
    <p class='ocr_par' dir='ltr' id='par_1_109' title="bbox 1866 5193 3478 5267">
     <span class='ocr_line' id='line_1_109' title="bbox 1866 5193 3478 5267; baseline 0.002 -18"><span class='ocrx_word' id='word_1_824' title='bbox 1866 5196 2115 5250; x_wconf 85' lang='lat' dir='ltr'><strong>maximis</strong></span> <span class='ocrx_word' id='word_1_825' title='bbox 2140 5194 2371 5265; x_wconf 89' lang='lat' dir='ltr'><strong>opprimi</strong></span> <span class='ocrx_word' id='word_1_826' title='bbox 2398 5194 2814 5260; x_wconf 86' lang='lat' dir='ltr'><strong>calamitatibus,</strong></span> <span class='ocrx_word' id='word_1_827' title='bbox 2844 5193 2967 5267; x_wconf 83' lang='lat' dir='ltr'><strong>quia</strong></span> <span class='ocrx_word' id='word_1_828' title='bbox 2998 5194 3279 5251; x_wconf 74' lang='lat' dir='ltr'><strong>chrisriani</strong></span> <span class='ocrx_word' id='word_1_829' title='bbox 3303 5197 3478 5261; x_wconf 90' lang='lat' dir='ltr'><strong>novis,</strong></span> 
     </span>
    </p>
   </div>
   <div class='ocr_carea' id='block_1_110' title="bbox 1865 5286 3482 5359">
    <p class='ocr_par' dir='ltr' id='par_1_110' title="bbox 1865 5286 3482 5359">
     <span class='ocr_line' id='line_1_110' title="bbox 1865 5286 3482 5359; baseline 0.002 -17"><span class='ocrx_word' id='word_1_830' title='bbox 1865 5286 2023 5343; x_wconf 90' lang='lat' dir='ltr'><strong>sicuti</strong></span> <span class='ocrx_word' id='word_1_831' title='bbox 2079 5287 2451 5353; x_wconf 85' lang='lat' dir='ltr'><strong>venditabant,</strong></span> <span class='ocrx_word' id='word_1_832' title='bbox 2504 5301 2617 5342; x_wconf 65' lang='lat' dir='ltr'><strong>sua:</strong></span> <span class='ocrx_word' id='word_1_833' title='bbox 2668 5286 2950 5359; x_wconf 88' lang='lat' dir='ltr'><strong>religionis</strong></span> <span class='ocrx_word' id='word_1_834' title='bbox 3004 5288 3482 5358; x_wconf 87' lang='lat' dir='ltr'><strong>superstitionibus</strong></span> 
     </span>
    </p>
   </div>
   <div class='ocr_carea' id='block_1_111' title="bbox 1866 5380 2707 5440">
    <p class='ocr_par' dir='ltr' id='par_1_111' title="bbox 1866 5380 2707 5440">
     <span class='ocr_line' id='line_1_111' title="bbox 1866 5380 2707 5440; baseline 0 -3"><span class='ocrx_word' id='word_1_835' title='bbox 1866 5382 2001 5438; x_wconf 90' lang='lat' dir='ltr'><strong>iram</strong></span> <span class='ocrx_word' id='word_1_836' title='bbox 2023 5382 2436 5440; x_wconf 89' lang='lat' dir='ltr'><strong>concitaverunt</strong></span> <span class='ocrx_word' id='word_1_837' title='bbox 2455 5380 2707 5438; x_wconf 90' lang='lat' dir='ltr'><strong>deorum.</strong></span> 
     </span>
    </p>
   </div>
   <div class='ocr_carea' id='block_1_112' title="bbox 1940 5494 3484 5571">
    <p class='ocr_par' dir='ltr' id='par_1_112' title="bbox 1940 5494 3484 5571">
     <span class='ocr_line' id='line_1_112' title="bbox 1940 5494 3484 5571; baseline -0.001 -16"><span class='ocrx_word' id='word_1_838' title='bbox 1940 5500 2111 5556; x_wconf 88' lang='lat' dir='ltr'><strong>Porro</strong></span> <span class='ocrx_word' id='word_1_839' title='bbox 2131 5509 2313 5554; x_wconf 89' lang='lat' dir='ltr'><strong>autem</strong></span> <span class='ocrx_word' id='word_1_840' title='bbox 2342 5498 2498 5566; x_wconf 89' lang='lat' dir='ltr'><strong>satis,</strong></span> <span class='ocrx_word' id='word_1_841' title='bbox 2517 5500 2593 5556; x_wconf 93' lang='lat' dir='ltr'><strong>uti</strong></span> <span class='ocrx_word' id='word_1_842' title='bbox 2625 5507 2902 5571; x_wconf 90' lang='lat' dir='ltr'><strong>putamus,</strong></span> <span class='ocrx_word' id='word_1_843' title='bbox 2932 5513 2998 5554; x_wconf 84' lang='lat' dir='ltr'><strong>ex</strong></span> <span class='ocrx_word' id='word_1_844' title='bbox 3030 5498 3296 5555; x_wconf 86' lang='lat' dir='ltr'><strong>hactenus</strong></span> <span class='ocrx_word' id='word_1_845' title='bbox 3323 5494 3484 5554; x_wconf 90' lang='lat' dir='ltr'><strong>dictis</strong></span> 
     </span>
    </p>
   </div>
   <div class='ocr_carea' id='block_1_113' title="bbox 1866 5589 3483 5661">
    <p class='ocr_par' dir='ltr' id='par_1_113' title="bbox 1866 5589 3483 5661">
     <span class='ocr_line' id='line_1_113' title="bbox 1866 5589 3483 5661; baseline -0.001 -14"><span class='ocrx_word' id='word_1_846' title='bbox 1866 5591 2087 5649; x_wconf 88' lang='lat' dir='ltr'><strong>cuilibet</strong></span> <span class='ocrx_word' id='word_1_847' title='bbox 2108 5590 2451 5646; x_wconf 89' lang='lat' dir='ltr'><strong>manifestum</strong></span> <span class='ocrx_word' id='word_1_848' title='bbox 2481 5606 2605 5648; x_wconf 80' lang='lat' dir='ltr'><strong>esse</strong></span> <span class='ocrx_word' id='word_1_849' title='bbox 2624 5591 2789 5647; x_wconf 89' lang='lat' dir='ltr'><strong>debet</strong></span> <span class='ocrx_word' id='word_1_850' title='bbox 2819 5590 3107 5661; x_wconf 88' lang='lat' dir='ltr'><strong>impudens</strong></span> <span class='ocrx_word' id='word_1_851' title='bbox 3133 5589 3273 5645; x_wconf 87' lang='lat' dir='ltr'><strong>illud</strong></span> <span class='ocrx_word' id='word_1_852' title='bbox 3302 5589 3483 5646; x_wconf 79' lang='lat' dir='ltr'><strong>ethni-</strong></span> 
     </span>
    </p>
   </div>
   <div class='ocr_carea' id='block_1_114' title="bbox 1868 5681 3482 5750">
    <p class='ocr_par' dir='ltr' id='par_1_114' title="bbox 1868 5681 3482 5750">
     <span class='ocr_line' id='line_1_114' title="bbox 1868 5681 3482 5750; baseline -0.001 -12"><span class='ocrx_word' id='word_1_853' title='bbox 1868 5698 2055 5739; x_wconf 89' lang='lat' dir='ltr'><strong>corum</strong></span> <span class='ocrx_word' id='word_1_854' title='bbox 2087 5682 2453 5750; x_wconf 87' lang='lat' dir='ltr'><strong>mendacium,</strong></span> <span class='ocrx_word' id='word_1_855' title='bbox 2486 5692 2543 5738; x_wconf 93' lang='lat' dir='ltr'><strong>et</strong></span> <span class='ocrx_word' id='word_1_856' title='bbox 2563 5682 2667 5737; x_wconf 89' lang='lat' dir='ltr'><strong>alia</strong></span> <span class='ocrx_word' id='word_1_857' title='bbox 2697 5682 2766 5738; x_wconf 90' lang='lat' dir='ltr'><strong>ab</strong></span> <span class='ocrx_word' id='word_1_858' title='bbox 2815 5682 2882 5737; x_wconf 88' lang='lat' dir='ltr'><strong>iis</strong></span> <span class='ocrx_word' id='word_1_859' title='bbox 2924 5683 3189 5737; x_wconf 89' lang='lat' dir='ltr'><strong>adversus</strong></span> <span class='ocrx_word' id='word_1_860' title='bbox 3223 5681 3482 5737; x_wconf 88' lang='lat' dir='ltr'><strong>christia-</strong></span> 
     </span>
    </p>
   </div>
   <div class='ocr_carea' id='block_1_115' title="bbox 1868 5773 3479 5847">
    <p class='ocr_par' dir='ltr' id='par_1_115' title="bbox 1868 5773 3479 5847">
     <span class='ocr_line' id='line_1_115' title="bbox 1868 5773 3479 5847; baseline -0.002 -14"><span class='ocrx_word' id='word_1_861' title='bbox 1868 5792 1992 5833; x_wconf 92' lang='lat' dir='ltr'><strong>nam</strong></span> <span class='ocrx_word' id='word_1_862' title='bbox 2025 5776 2344 5847; x_wconf 86' lang='lat' dir='ltr'><strong>religionem</strong></span> <span class='ocrx_word' id='word_1_863' title='bbox 2374 5774 2613 5846; x_wconf 89' lang='lat' dir='ltr'><strong>objecta,</strong></span> <span class='ocrx_word' id='word_1_864' title='bbox 2642 5776 2710 5832; x_wconf 90' lang='lat' dir='ltr'><strong>ab</strong></span> <span class='ocrx_word' id='word_1_865' title='bbox 2736 5774 2980 5831; x_wconf 83' lang='lat' dir='ltr'><strong>Arnobio</strong></span> <span class='ocrx_word' id='word_1_866' title='bbox 3010 5773 3255 5831; x_wconf 87' lang='lat' dir='ltr'><strong>funditus</strong></span> <span class='ocrx_word' id='word_1_867' title='bbox 3284 5774 3479 5843; x_wconf 88' lang='lat' dir='ltr'><strong>everti,</strong></span> 
     </span>
    </p>
   </div>
   <div class='ocr_carea' id='block_1_116' title="bbox 1870 5868 3483 5938">
    <p class='ocr_par' dir='ltr' id='par_1_116' title="bbox 1870 5868 3483 5938">
     <span class='ocr_line' id='line_1_116' title="bbox 1870 5868 3483 5938; baseline -0.003 -8"><span class='ocrx_word' id='word_1_868' title='bbox 1870 5882 1928 5930; x_wconf 91' lang='lat' dir='ltr'><strong>et</strong></span> <span class='ocrx_word' id='word_1_869' title='bbox 1955 5871 2327 5929; x_wconf 87' lang='lat' dir='ltr'><strong>invictissimis</strong></span> <span class='ocrx_word' id='word_1_870' title='bbox 2354 5870 2628 5926; x_wconf 84' lang='lat' dir='ltr'><strong>rationum</strong></span> <span class='ocrx_word' id='word_1_871' title='bbox 2655 5868 2949 5925; x_wconf 90' lang='lat' dir='ltr'><strong>momentis</strong></span> <span class='ocrx_word' id='word_1_872' title='bbox 2966 5868 3358 5938; x_wconf 48' lang='lat' dir='ltr'><strong>,demonstrari</strong></span> <span class='ocrx_word' id='word_1_873' title='bbox 3388 5884 3483 5925; x_wconf 81' lang='lat' dir='ltr'><strong>so-</strong></span> 
     </span>
    </p>
   </div>
   <div class='ocr_carea' id='block_1_117' title="bbox 1872 5961 3485 6036">
    <p class='ocr_par' dir='ltr' id='par_1_117' title="bbox 1872 5961 3485 6036">
     <span class='ocr_line' id='line_1_117' title="bbox 1872 5961 3485 6036; baseline -0.002 -13"><span class='ocrx_word' id='word_1_874' title='bbox 1872 5966 1977 6025; x_wconf 85' lang='lat' dir='ltr'><strong>Iam</strong></span> <span class='ocrx_word' id='word_1_875' title='bbox 2010 5966 2149 6024; x_wconf 90' lang='lat' dir='ltr'><strong>hanc</strong></span> <span class='ocrx_word' id='word_1_876' title='bbox 2172 5961 2595 6022; x_wconf 88' lang='lat' dir='ltr'><strong>christianorum</strong></span> <span class='ocrx_word' id='word_1_877' title='bbox 2624 5962 2947 6036; x_wconf 85' lang='lat' dir='ltr'><strong>religionem</strong></span> <span class='ocrx_word' id='word_1_878' title='bbox 2980 5977 3106 6022; x_wconf 85' lang='lat' dir='ltr'><strong>esse</strong></span> <span class='ocrx_word' id='word_1_879' title='bbox 3125 5978 3331 6023; x_wconf 82' lang='lat' dir='ltr'><strong>veram.</strong></span> <span class='ocrx_word' id='word_1_880' title='bbox 3350 5961 3485 6033; x_wconf 72' lang='lat' dir='ltr'><strong>Qua:</strong></span> 
     </span>
    </p>
   </div>
  </div>
