3918 6430
407 422 508 480 431

1703 424 2162 486 DlSSERTATlO
2198 430 2479 488 PRASV'IA

3603 437 3699 493 432

406 548 587 595 autem
614 538 758 596 illius
782 538 1128 606 documenta,
1155 550 1210 595 et
1231 540 1503 611 quomodo
1523 540 1591 597 ab
1612 554 1678 597 eo
1709 541 1924 610 tradita,
1948 557 2011 599 ac
2037 557 2091 616 Α
2117 561 2254 611 rum,
2294 555 2347 601 et
2390 546 2543 618 quasi
2592 559 2691 602 nos
2739 555 2962 616 cernat,
3010 548 3201 606 faciem
3247 549 3594 608 sublevamus
3638 553 3702 608 ad

408 642 741 703 propugnata
757 632 974 701 iuerint,
1001 631 1111 702 jam
1134 632 1432 688 videamus.

1011 784 1238 844 CAPUT
1282 786 1391 843 VII.

405 923 787 981 Examinantttr
821 934 1019 981 asserta
1053 926 1115 978 ab
1154 925 1378 978 Arnobio
1404 924 1697 979 christiamc
1744 923 2005 996 religionis

762 1021 1064 1075 documenta
1092 1035 1153 1072 ac
1179 1020 1400 1089 primum
1423 1020 1486 1073 de
1517 1017 1642 1075 Deo.

932 1166 1232 1207 ARTICULUS
1256 1166 1466 1207 PRIMUS.

402 1293 591 1353 Quibus
612 1293 857 1342 rationum
890 1299 1153 1341 momentis
1177 1290 1429 1341 Arnobius
1458 1290 1624 1340 Deum
1648 1290 1898 1341 exsistere
1917 1288 2007 1338 de-

460 1362 719 1411 monstret.
746 1355 925 1416 quidve
946 1356 1172 1404 statuerit
1196 1356 1261 1404 de
1280 1354 1413 1403 illius
1436 1361 1631 1413 natura,
1649 1362 1701 1402 et
1722 1367 1867 1416 quant
1891 1366 2006 1416 per-

460 1418 635 1481 Spieue
676 1429 786 1466 eam
831 1417 973 1481 jrlaue
1002 1420 1363 1481 incorporeum
1412 1430 1527 1481 esse
1571 1419 1898 1481 demonstret,
1951 1426 2008 1478 ac

459 1475 709 1591 immerito
723 1475 948 1543 quaedam
964 1480 1072 1541 ejus
1089 1475 1348 1542 responsio
1366 1494 1394 1529 a
1416 1478 1707 1544 quibusdam
1731 1475 2009 1540 reprehené

491 1556 519 1591 a
543 1555 621 1591 ur.

491 1550 621 1593 illi".

467 1671 707 1726 Primum
742 1671 1095 1739 proculdubio
1127 1687 1191 1725 ac
1223 1671 1579 1742 prmeipuum,
1614 1684 1720 1740 quo
1752 1667 2007 1724 fundatur

396 1772 507 1819 tota
535 1764 981 1831 Christianorum,
1033 1774 1089 1820 et
1134 1765 1413 1835 gentilium
1445 1763 1635 1832 religio
1675 1762 2000 1827 destruitur,

395 1859 775 1914 documentum
826 1869 947 1927 est,
1010 1876 1171 1913 unum
1234 1859 1509 1913 dumtaxat
1571 1856 2003 1925 omnipotentem

2109 639 2304 693 cmlum
2336 656 2355 692 ι
2393 639 2632 709 (Amob.,
2676 639 2768 695 lib.
2817 655 2878 699 tt.
2926 658 3050 714 pag.
3077 642 3194 715 43).
3243 645 3415 712 Quam
3448 661 3608 716 porro
3652 648 3701 704 id

2108 748 2295 788 verum
2323 733 2411 796 sit,
2446 744 2497 788 te
2526 732 2742 789 docebit
2764 735 2876 804 jam
2899 735 3100 791 citatus
3127 752 3156 790 a
3188 739 3344 794 nobis
3365 737 3582 808 Cicero,
3614 742 3703 812 qui

2108 826 2301 882 alicubi
2351 827 2569 896 scripsit
2600 844 2613 881 :
2649 844 2669 878 ι
2703 825 2905 884 Omnes
2948 843 3069 887 esse
3110 832 3219 886 vim
3251 842 3307 889 et
3334 843 3583 889 naturam
3623 834 3703 891 di-

2108 922 2287 977 vinam
2319 923 2673 978 arbitrantur.
2702 921 2813 980 Nec
2840 939 2972 979 vero
2998 924 3052 979 id
3076 927 3375 982 collocutio
3403 928 3699 996 hominum,

2108 1025 2200 1069 aut
2242 1028 2543 1070 consensus
2571 1014 2754 1081 efﬁcit,
2788 1030 2895 1071 non
2931 1015 3192 1074 institutis
3235 1018 3421 1089 opinio
3463 1029 3549 1076 est
3581 1036 3705 1076 con-

2109 1106 2348 1171 lirmata,
2402 1124 2508 1162 non
2551 1107 2782 1175 legibus.
2814 1108 2974 1164 Omni
2997 1120 3179 1166 autem
3214 1113 3266 1166 in
3311 1126 3375 1168 re
3412 1113 3699 1170 consensio

2108 1200 2348 1254 omnium
2402 1201 2640 1269 gentium
2672 1201 2755 1256 lex
2791 1211 2997 1258 natura:
3037 1203 3272 1273 putanda
3317 1215 3401 1260 est
3437 1224 3459 1259 ι
3498 1204 3703 1280 (Cicer.,

2110 1291 2237 1348 lib.t
2278 1291 2518 1360 Tutcul.,
2553 1311 2671 1365 pag.
2710 1294 2831 1361 119,
2869 1295 2961 1350 lin.
2996 1298 3191 1364 penult.
3222 1309 3269 1353 et
3294 1315 3459 1371 seqq,
3505 1308 3552 1354 et
3596 1301 3709 1367 lib.,

2110 1401 2144 1440 ιι
2170 1386 2233 1441 de
2255 1385 2458 1456 Legib.,
2489 1404 2609 1459 pag.
2639 1388 2765 1452 525,
2798 1388 2891 1443 lin.
2925 1388 3043 1460 22).
3087 1388 3274 1460 Neque
3320 1392 3372 1446 id
3399 1392 3470 1446 ab
3508 1408 3577 1447 eo
3608 1393 3705 1448 im-

2110 1479 2405 1550 prudenter
2441 1481 2644 1535 dictum
2692 1480 2991 1549 arbitreris,
3023 1483 3169 1553 quod
3202 1483 3271 1538 ab
3310 1484 3427 1554 ipso
3452 1484 3581 1540 alibi
3616 1501 3705 1541 re-

2110 1575 2335 1645 petitum
2359 1576 2623 1631 invenies.
2657 1574 3023 1643 Quamobrem
3050 1577 3323 1633 Arnobius
3341 1578 3543 1633 alicubi
3568 1578 3706 1635 haud

2109 1670 2419 1724 dubitanter
2447 1678 2725 1725 asseverat
2757 1685 2881 1725 eum
2912 1685 3035 1726 esse
3085 1682 3356 1727 amentem
3378 1713 3394 1739 ,
3438 1686 3503 1727 ac
3544 1673 3706 1729 stulte

2109 1762 2475 1833 dt-Speratum,
2503 1762 2594 1833 qui
2622 1762 2791 1817 Deum
2816 1763 3081 1819 exsistere
3106 1764 3342 1833 ambigat
3371 1780 3385 1819 :
3418 1764 3555 1820 satis
3582 1779 3704 1821 vero

2108 1873 2231 1913 esse
2273 1856 2497 1917 homini.
2532 1866 2587 1913 et
2612 1858 2656 1911 si
2688 1857 2790 1911 alia
2842 1859 3051 1929 ignoret
3092 1858 3245 1913 illum
3295 1873 3625 1929 agnoscere,
3652 1868 3708 1916 et

398 1950 569 2004 Deum
624 1954 908 2007 exsistere.
955 1954 1228 2006 Arnobius
1258 1962 1437 2007 autent
1492 1950 1545 2005 id
1596 1951 2003 2006 evidentissitne
2034 1964 2081 2023 Β
2111 1955 2248 2008 hanc
2292 1970 2556 2008 summam
2609 1967 2732 2008 esse
2758 1954 3038 2010 scientiam
3074 1971 3086 2007 :
3125 1972 3151 2006 ιη
3190 1954 3411 2020 Rebus,
3455 1974 3475 2009 ι
3514 1956 3703 2025 inquit,

392 2044 729 2100 demonstrat
764 2057 829 2101 ex
864 2046 1339 2115 ipsiusell‘ectibus
1370 2046 1614 2114 (Arnob,
1650 2047 1740 2101 lib.
1768 2062 1805 2107 ι,
1830 2063 1884 2115 p.
1914 2046 2000 2111 16,

395 2147 445 2190 et
467 2138 556 2191 lib.
591 2154 649 2205 ιι,
708 2156 830 2210 pag.
877 2140 991 2207 45),
1048 2142 1227 2194 innata
1278 2141 1486 2195 cunctis
1534 2139 1842 2194 hominibus
1886 2139 2004 2209 ejus

393 2232 535 2294 idea,
570 2242 623 2286 et
657 2234 955 2304 agnitir-ne,
1004 2249 1067 2289 ac
1120 2234 1304 2287 intima
1358 2232 1596 2287 omniunt
1646 2234 1999 2295 conscientia.

391 2322 738 2393 Singulorum
767 2325 910 2380 enim
944 2327 1139 2380 animis
1180 2326 1317 2381 adeo
1348 2325 1529 2387 insita,
1566 2326 1649 2380 vel
1710 2327 1886 2395 potius
1916 2325 2003 2378 in-

390 2428 514 2469 nata
541 2427 626 2471 est
654 2434 715 2472 ea
746 2422 917 2481 notio,
952 2430 1005 2473 ιιι
1036 2420 1193 2474 facile
1227 2432 1525 2490 agnoscant
1552 2434 1611 2473 se
1658 2435 1689 2472 a
1730 2421 1838 2473 Deo
1872 2432 2003 2473 vero

389 2512 667 2579 accepisse
716 2528 822 2565 non
872 2513 1045 2565 solum
1088 2512 1231 2581 quod
1283 2511 1390 2567 sint
1433 2512 1701 2576 homines,
1759 2508 1903 2579 quod
1936 2511 2004 2564 vi-

393 2618 559 2670 vant,
618 2608 867 2677 spirent,
924 2616 1264 2669 moveantur,
1316 2607 1409 2661 sed
1461 2607 1602 2675 quod
1653 2616 1793 2661 totus
1837 2606 2001 2661 etiam

392 2703 646 2767 mundus,
675 2704 780 2767 sol,
817 2704 966 2767 luna,
1011 2704 1303 2765 elementa,
1340 2712 1505 2763 terra,
1541 2713 1845 2771 calet-aque
1888 2717 2004 2755 om-

392 2802 479 2853 nia
507 2801 574 2855 ab
604 2802 695 2855 illo
719 2811 903 2855 creata
934 2801 1060 2859 sint,
1105 2800 1328 2868 ejusque
1365 2799 1702 2868 providentia
1750 2808 2003 2868 regantur

389 2894 929 2948 etadtninistrentur.
982 2894 1038 2947 lu
1090 2896 1248 2961 hujus
1297 2909 1423 2947 vero
1455 2893 1754 2961 argumenti
1800 2892 2003 2946 cuttﬁr-

391 2982 685 3042 mulionem
714 2988 849 3042 scite
879 2988 1173 3057 subjnngit,
1214 2988 1316 3041 hoc
1360 2988 1489 3041 nulli
1520 3004 1585 3042 ex
1615 2986 1998 3041 commentitiis

389 3080 667 3148 gentizium
694 3080 796 3134 diis
826 3095 984 3147 posse
1027 3081 1268 3135 attribui.
1295 3079 1430 3133 Nam
1472 3082 1648 3134 cuncti
1690 3080 1789 3134 hos
1811 3094 2000 3133 omnes

392 3173 548 3236 deOs,
582 3175 738 3228 sicuti
767 3182 823 3227 et
846 3173 1103 3227 mundum
1130 3182 1281 3227 certo
1308 3172 1542 3241 quodam
1573 3184 1819 3244 tempore
1850 3180 1999 3227 ortos

388 3280 511 3320 esse
533 3265 948 3335 proﬁtebantur.

2115 2065 2133 2097 ι
2172 2064 2237 2102 ex
2259 2047 2532 2110 omnibus,
2567 2062 2686 2117 qum
2730 2055 2971 2116 augusta:
3012 2047 3253 2101 continet
3279 2047 3575 2102 divinitatis
3606 2048 3705 2101 ob-

2107 2141 2356 2207 scuritas,
2400 2142 2572 2196 solum
2612 2142 2779 2195 Deum
2808 2155 2928 2196 esse
2970 2140 3321 2198 indubitalem
3346 2185 3360 2208 ,
3395 2142 3570 2196 solum
3612 2157 3705 2198 ve-

2106 2250 2251 2301 rum,
2281 2244 2335 2289 et
2364 2235 2431 2289 de
2453 2249 2560 2304 quo
2590 2236 2769 2291 nullus
2804 2236 3078 2308 ambigere
3109 2237 3213 2292 nisi
3242 2250 3431 2291 amens
3460 2236 3628 2305 possit
3652 2245 3708 2289 et

2107 2326 2500 2398 desperationis
2548 2330 2770 2396 insanae,
2815 2346 2973 2401 quem
3016 2332 3147 2386 satis
3185 2331 3254 2386 sit
3284 2326 3461 2396 scire,
3492 2340 3549 2385 ut
3575 2330 3709 2385 nihil

2106 2422 2249 2475 aliud
2283 2421 2520 2483 noveris,
2554 2424 2736 2494 sisque
2778 2439 2960 2479 veram
3002 2436 3057 2480 et
3087 2428 3373 2481 maximam
3421 2425 3701 2480 scientiam

2107 2524 2449 2578 consecutus,
2464 2517 2515 2570 in
2537 2518 2644 2572 Deo
2659 2532 2841 2572 rerum
2857 2520 3031 2589 capite
3045 2530 3097 2574 et
3114 2519 3422 2589 cognitione
3452 2519 3660 2576 deﬁxus
3680 2538 3699 2572 ι

2106 2607 2209 2662 Sed
2239 2607 2354 2661 hanc
2382 2608 2634 2675 superius
2664 2624 2690 2661 a
2725 2610 2883 2664 nobis
2914 2610 3134 2680 probata
3155 2653 3170 2677 ,
3210 2626 3350 2667 nunc
3384 2609 3554 2666 fusius
3578 2626 3707 2681 pro-

2105 2700 2254 2769 sequi
2285 2714 2508 2755 necesse
2536 2716 2642 2754 non
2688 2701 2901 2755 videtur
2943 2702 3183 2772 (Arnob.,
3234 2702 3320 2757 lib.
3355 2719 3413 2766 ιι,
3459 2720 3579 2773 pag.
3612 2704 3704 2769 86,

2105 2804 2228 2846 (om.
2264 2809 2278 2845 ι
2326 2794 2604 2862 Apparal.,
2650 2810 2769 2864 pag.
2800 2794 2939 2861 688,
2984 2806 3032 2850 et
3074 2796 3355 2863 diamlal.,
3380 2798 3434 2850 in
3476 2796 3705 2865 Minuc.,

2103 2901 2220 2956 Cap.
2256 2888 2309 2949 5,
2336 2900 2437 2941 art.
2468 2889 2546 2957 5).

2174 2981 2242 3034 At
2275 2980 2424 3035 vides
2448 2991 2595 3036 certe
2616 2998 2775 3052 quam
2806 2984 3083 3054 perspicue
3108 2985 3247 3040 Deus
3271 2985 3341 3041 ibi
3370 2984 3439 3039 ab
3461 2984 3707 3040 Arnobio

2101 3074 2311 3130 dicatur
2353 3092 2533 3131 rerum
2562 3078 2800 3132 omnium
2830 3087 3008 3147 caput,
3039 3080 3189 3133 solus
3221 3093 3379 3133 verus
3405 3076 3547 3132 Dens
3583 3077 3707 3148 (Ar-

2101 3168 2246 3235 nob.,
2291 3169 2381 3225 lib.
2417 3186 2453 3236 ι,
2498 3189 2618 3242 pag.
2655 3171 2768 3242 15).
2804 3172 2945 3226 Alibi
2981 3187 3112 3228 vero
3160 3187 3267 3227 non
3298 3172 3475 3226 minus
3501 3173 3711 3226 diserte

2102 3264 2169 3317 ab
2210 3264 2302 3318 illo
2343 3266 2645 3335 appellatur
2686 3267 2986 3337 ingenitus,
3034 3267 3387 3332 immortalis,
3441 3275 3707 3335 aeternus,

460 3357 690 3411 Tantum
718 3371 897 3411 au'em
930 3358 980 3410 in
1012 3358 1111 3411 hac
1135 3358 1605 3427 argumentatione
1632 3358 1863 3422 roboris,
1888 3359 1994 3411 evi-
2027 3361 2071 3423 ρ
2106 3357 2474 3427 incorporeus,
2525 3360 2798 3429 qualitatis
2846 3370 2899 3415 et
2928 3362 3242 3431 quantitatis
3285 3374 3501 3431 expers.
3534 3361 3705 3415 incir-

388 3452 607 3516 dcntue,
640 3462 695 3506 et
726 3452 1130 3524 perspicuitatis
1158 3468 1279 3506 esse
1305 3462 1525 3515 censet;
1587 3460 1643 3506 ut
1694 3454 1938 3522 quamvis
1965 3468 1991 3504 a

388 3548 599 3602 cunctis
621 3548 928 3601 numinibus
960 3548 1240 3615 ignoretur
1272 3546 1411 3616 quis,
1435 3545 1631 3614 qualis,
1654 3553 1995 3615 quantusque

385 3642 456 3694 sit
487 3640 662 3705 Deus;
709 3638 768 3695 in
814 3639 1035 3693 dubium
1086 3650 1289 3705 tamen,
1324 3654 1389 3690 an
1439 3638 1532 3691 ille
1580 3639 1670 3704 sit,
1715 3654 1742 3690 a
1780 3639 1993 3693 nemine

384 3750 533 3789 same
558 3745 755 3789 mentis
784 3734 1002 3788 homine
1026 3736 1205 3787 vocari
1226 3733 1410 3803 possit.
1438 3732 1555 3786 .lam
1586 3748 1736 3797 vero,
1763 3734 1815 3787 in
1834 3748 1993 3802 supc-

385 3830 512 3883 riori
550 3840 730 3882 nostra
762 3830 827 3882 de
878 3828 1089 3883 Minucii
1122 3828 1320 3882 Felicis
1350 3827 1576 3882 Octavio
1608 3828 1991 3884 dissertatione

390 3921 530 3993 (cap.
565 3924 619 3987 5,
652 3932 751 3977 arl.
780 3922 857 3992 5),
883 3922 1220 3976 ostendimus
1244 3939 1351 3975 non
1377 3924 1537 3977 modo
1561 3922 1735 3990 illiilli,
1762 3924 1856 3978 sed
1881 3922 1990 3995 Cy-

385 4016 633 4083 prianum
686 4018 871 4081 etiam,
931 4014 1359 4077 Tertullianum,
1410 4014 1770 4081 Lactantium,
1825 4017 1991 4071 immo

380 4106 655 4161 ethnicum
702 4122 913 4177 quoque
972 4106 1289 4162 Ciceronem
1353 4108 1541 4163 eadem
1598 4110 1807 4165 ratione
1875 4121 1983 4165 tam

380 4210 530 4255 certo
550 4242 567 4267 ,
601 4214 761 4271 quam
786 4199 1068 4255 evidenter
1094 4201 1500 4258 demonstrasse
1533 4220 1695 4258 unum
1727 4205 1992 4260 duntaxat

380 4309 500 4351 esse
524 4294 713 4356 Deum,
734 4292 891 4363 cujus
916 4292 1121 4349 inﬁnita
1148 4305 1415 4364 pmestate
1434 4297 1611 4351 omnia
1636 4308 1815 4353 creata
1841 4307 1987 4367 sunt,

381 4404 446 4443 ac
472 4387 808 4457 providentia
838 4387 1073 4443 mirabili
1104 4388 1493 4456 gubernantur.
1522 4392 1591 4444 At
1620 4392 1685 4447 de
1708 4391 1991 4448 Lactantio

381 4493 436 4538 et
462 4481 803 4541 Tertulliauo
831 4482 1035 4554 aliquid
1066 4482 1245 4538 adhuc
1276 4482 1416 4539 infra
1464 4485 1775 4542 dicendum.
1806 4486 1987 4557 Praep-

384 4588 529 4633 terea
563 4578 835 4631 Arnobius
874 4576 1071 4632 alicubi
1120 4578 1261 4633 haud
1290 4577 1608 4633 dubitanter
1655 4581 1984 4649 pronuntiat,

381 4669 523 4740 quod
554 4670 599 4723 si
640 4670 757 4724 ﬁeri
803 4679 1005 4740 posset,
1041 4679 1117 4729 ut.
1147 4671 1444 4725 animantia
1514 4671 1751 4741 ipsasque
1798 4686 1990 4726 sensus

2099 3454 2460 3521 cumscriptns
2484 3494 2499 3518 ,
2533 3455 2851 3516 immensus,
2896 3456 3011 3512 sine
3039 3456 3163 3518 situ,
3206 3466 3378 3521 motu,
3406 3468 3461 3511 et
3492 3456 3705 3522 habitu,

2098 3546 2335 3598 omnium
2370 3562 2547 3600 rerum
2580 3548 2728 3603 locus
2755 3559 2809 3604 et
2839 3550 3093 3619 spatium,
3139 3550 3306 3620 prima
3346 3565 3531 3616 causa,
3581 3550 3706 3607 lous

2097 3655 2299 3705 rerum,
2330 3652 2478 3694 sator
2502 3644 2829 3699 stecutorum
2857 3660 2920 3699 ac
2953 3653 3277 3716 temporum,
3319 3658 3495 3716 pater,
3527 3646 3710 3701 domi-

2097 3746 2217 3791 nus.
2247 3743 2461 3788 creator
2490 3736 2754 3801 omnium,
2800 3747 2851 3790 et
2885 3737 3249 3807 omnipotens,
3299 3738 3388 3808 qui
3414 3737 3483 3792 ab
3525 3738 3708 3793 homi-

2096 3827 2251 3881 nibus
2285 3842 2383 3882 nec
2426 3828 2593 3882 videri
2618 3838 2794 3898 potest
2824 3845 2923 3885 nec
2949 3832 3205 3901 explicari
3240 3830 3427 3903 (lbid.,
3458 3847 3583 3902 pag.
3610 3832 3705 3898 17,

2097 3919 2193 3981 l9;
2226 3922 2313 3974 lib.
2344 3936 2397 3983 ιι,
2432 3938 2553 3989 pag.
2582 3921 2675 3986 45,
2703 3922 2794 3987 67,
2818 3922 2909 3989 74,
2934 3923 3022 3989 75,
3046 3923 3145 3988 95;
3169 3923 3261 3979 lib.
3290 3938 3371 3986 ιιι,
3398 3940 3521 3994 pag.
3550 3921 3711 3993 101).

2095 4013 2224 4081 Quis
2267 4026 2483 4081 autem,
2541 4016 2696 4071 nobis
2742 4017 3073 4083 tacentibus,
3115 4019 3240 4073 inde
3295 4034 3403 4073 non
3453 4018 3712 4089 agnoscit

2094 4120 2249 4175 quam
2298 4116 2444 4162 recte
2470 4107 2561 4164 ille
2588 4108 2817 4164 divinam
2851 4110 3197 4180 explicaverit
3224 4119 3493 4175 naturam,
3524 4127 3708 4181 quan-

2094 4206 2253 4270 taque
2281 4201 2579 4272 diligentia,
2613 4213 2667 4259 et
2698 4212 2900 4273 quanto
2928 4204 3107 4260 smdio
3128 4204 3307 4260 omnia
3329 4202 3467 4269 fere,
3497 4212 3558 4260 et
3586 4204 3705 4260 sin-

2091 4293 2214 4363 gula
2246 4294 2337 4349 Dei
2362 4295 2615 4348 attributa
2642 4296 2965 4351 recenseat?

2166 4388 2240 4443 De
2268 4388 2332 4443 iis
2366 4402 2527 4457 porro
2553 4389 2676 4459 quia
2703 4390 2830 4445 alibi
2858 4389 2998 4446 haud
3045 4389 3217 4447 semel
3270 4390 3707 4461 disputavimus,

2091 4480 2317 4537 sufﬁciat
2345 4482 2583 4535 animum
2613 4481 2681 4536 ad
2708 4482 2838 4537 illud
2870 4484 3095 4539 rationis
3133 4490 3469 4539 momentum
3502 4485 3709 4541 adver-

2092 4586 2226 4643 tere,
2276 4590 2383 4647 quo
2411 4574 2616 4631 Auctor
2660 4588 2847 4633 noster
2887 4578 3205 4635 catholicam
3256 4578 3324 4635 de
3372 4578 3710 4652 incorporea

2090 4669 2207 4724 sive
2241 4667 2503 4737 spirituali
2546 4667 2644 4723 Dei
2674 4680 2863 4725 natura
2895 4672 3217 4726 sententiam
3256 4678 3438 4726 tuetur
3473 4686 3539 4727 ac
3568 4688 3709 4744 pro-

378 4774 630 4836 cxpertes
655 4773 915 4821 creatura:
965 4765 1250 4834 quemdam
1282 4765 1509 4822 ederent
1551 4767 1701 4821 vocis
1727 4767 1986 4831 sonitum,
2016 4758 2069 4824 Β
2097 4769 2297 4831 pugnat
2326 4778 2339 4815 :
2374 4780 2393 4813 ι
2423 4760 2867 4833 Nostraninquit
2894 4762 3137 4835 (Arnob.,
3168 4763 3257 4817 lib.
3284 4776 3364 4827 nt,
3391 4779 3514 4834 pag.
3544 4764 3708 4835 107),

380 4868 492 4911 ιιιιιι
525 4856 667 4911 illico
689 4858 940 4927 magistra
968 4872 1031 4909 ac
1057 4856 1194 4911 duce
1234 4867 1423 4912 natura
1465 4874 1632 4913 unum
1665 4858 1855 4923 Dei-im,
1901 4872 1991 4911 so-

379 4950 597 5019 lumque
625 4966 805 5004 rerum
847 4950 1086 5004 ninnium
1139 4960 1439 5008 creatorem
1472 4951 1733 5007 exsistere
1788 4950 1991 5005 elauta—

378 5051 503 5099 rent
536 5042 774 5116 (Arnob.
810 5044 899 5098 lib.
930 5059 970 5112 ι,
996 5060 1116 5115 pag.
1138 5034 1261 5112 18).
1289 5042 1426 5111 Quin
1453 5044 1615 5099 etiam
1644 5042 1691 5099 si
1722 5043 1986 5099 Clementi

378 5135 745 5192 Alexandrino
789 5135 1100 5205 credamus,
1154 5135 1491 5191 Xenocrates
1522 5148 1575 5192 et
1620 5136 1983 5205 Democritus,

377 5230 829 5301 quemadmodum
856 5230 986 5285 alibi
1023 5246 1052 5284 a
1083 5230 1244 5287 nobis
1269 5230 1613 5285 observatum
1647 5239 1749 5299 est,
1783 5230 1983 5287 docue-

378 5334 506 5379 runt
530 5338 651 5379 esse
678 5324 914 5394 aliquam
944 5327 997 5378 in
1029 5324 1191 5379 mutis
1217 5323 1580 5379 animantibus
1611 5322 1704 5379 Dei
1734 5324 1983 5379 notitiam

377 5434 441 5474 ac
468 5419 829 5489 c0gnitionem
866 5416 1040 5484 (Tom.
1075 5434 1109 5474 ιι
1136 5418 1420 5491 Apparal.,
1452 5418 1540 5473 lib.
1572 5434 1649 5485 ιιι,
1689 5419 1891 5475 dissert.
1923 5420 1979 5487 2,

376 5528 494 5585 cap.
525 5510 579 5579 6,
610 5520 711 5565 art.
735 5511 787 5579 1,
818 5529 940 5587 pag.
967 5510 1118 5582 848).

448 5603 671 5660 Cunctis
701 5613 880 5661 autem
909 5604 1223 5663 hominibus
1251 5605 1363 5673 illa,
1389 5605 1466 5663 ait
1485 5605 1774 5677 Arnobius,
1802 5607 1873 5664 ita
1901 5607 1985 5664 in-

378 5707 504 5753 nata
533 5709 636 5767 est,
671 5710 727 5754 ιιι
757 5713 949 5756 omnes
975 5701 1293 5757 naturaliter
1322 5700 1492 5759 Deum
1522 5701 1793 5771 invocent,
1826 5718 1981 5759 eum-

378 5806 484 5861 que
508 5800 702 5848 testem
732 5790 1107 5849 constituant:
1141 5810 1161 5843 ‹
1195 5793 1367 5861 Quem
1404 5808 1617 5862 omnes,
1650 5794 1844 5866 inquit,
1886 5808 1983 5850 na-

382 5883 624 5939 turaliter
670 5883 892 5951 scimus,
940 5883 1058 5941 sive
1104 5900 1227 5941 cum
1274 5884 1686 5942 exclamamus:
1729 5885 1775 5943 0
1803 5887 1979 5943 Deus!

382 5976 493 6032 sive
518 5989 644 6032 cum
673 5974 822 6033 illum
856 5986 1051 6035 testem
1093 5974 1264 6035 Deum
1304 5977 1680 6037 constituimus
1708 5979 1986 6055 improbo-

2096 4871 2115 4905 ι
2152 4852 2219 4907 de
2249 4852 2351 4907 hoc
2382 4854 2645 4909 sententia
2685 4854 2808 4908 talis
2839 4864 2943 4909 est.
2990 4854 3252 4910 Naturam
3288 4868 3508 4909 omnem
3550 4855 3704 4911 divi-

2092 4960 2236 5012 nam,
2268 4959 2389 5016 quae
2412 4960 2584 5017 neque
2604 4960 2727 5002 esse
2754 4947 2982 5017 cmperit
3008 4947 3320 5019 aliquando,
3348 4964 3449 5005 nec
3468 4948 3709 5006 vitalem

2091 5039 2156 5095 ad
2186 5041 2475 5096 terminum
2506 5041 2577 5095 sit
2604 5041 2896 5110 aliquando
2927 5051 3152 5097 ventura
3176 5084 3191 5109 ,
3224 5041 3570 5099 lineamentis
3602 5057 3711 5099 ca-

2090 5149 2213 5190 rere
2237 5134 2552 5207 corporeis,
2585 5150 2761 5204 neque
2783 5135 2920 5191 ullas
2948 5134 3245 5191 formarum
3282 5134 3488 5208 efﬁgies
3518 5136 3716 5207 possi-

2087 5227 2238 5295 dere,
2258 5227 2453 5299 quibus
2472 5230 2676 5283 extima
2704 5228 3139 5299 circumscriptio
3164 5229 3530 5286 membrorum
3552 5231 3720 5289 solet.

2089 5334 2402 5393 coagmenta
2450 5321 2625 5379 ﬁnire.
2660 5323 2935 5394 Quidquid
2980 5325 3125 5380 enim
3157 5325 3265 5381 tale
3313 5333 3429 5392 est,
3462 5326 3717 5384 mortale

2086 5431 2209 5471 esse
2234 5415 2579 5482 arbitramur,
2612 5424 2666 5473 et
2692 5417 2891 5485 labile;
2940 5432 3040 5474 nec
3084 5418 3335 5476 obtinere
3371 5426 3713 5489 perpetuam

2086 5508 2359 5565 credimus
2386 5511 2681 5574 mvitatem,
2712 5510 2855 5582 quod
2881 5512 3142 5569 extremis
3170 5512 3467 5568 coercitum
3490 5508 3718 5568 ﬁnibus

2088 5603 2390 5660 necessaria
2421 5601 2803 5660 circumdedit
2836 5607 3174 5662 extremitas.
3214 5625 3235 5659 ι
3265 5604 3411 5662 Nihil
3448 5605 3717 5677 profecto

2088 5711 2149 5753 ea
2174 5697 2590 5753 ratiocinatione
2636 5698 2703 5754 ad
2748 5697 3132 5755 stabiliendam
3173 5699 3551 5770 incorpoream
3591 5699 3713 5758 Dei

2089 5801 2333 5848 naturam
2376 5790 2584 5846 ﬁrmius
2623 5801 2677 5849 et
2702 5791 3046 5849 loculentius.
3090 5791 3261 5849 Recte
3300 5790 3444 5848 enim
3467 5790 3564 5848 ille
3590 5806 3713 5863 pro

2088 5896 2241 5943 certo
2264 5896 2320 5942 et
2348 5886 2457 5942 ﬁxo
2485 5887 2658 5957 ponit.
2689 5886 2954 5959 quidquid
2971 5901 3294 5958 corporeum
3319 5895 3424 5955 est,
3453 5887 3542 5942 vel
3565 5901 3713 5944 cor-

2090 5980 2239 6052 poris
2286 5979 2630 6038 lineamentis
2666 5992 2730 6038 ac
2769 5980 2940 6039 forma
2986 5979 3353 6054 «inponitur,
3397 5977 3534 6038 illud
3566 5994 3714 6043 essu
