3918 6390
243 444 330 501 855
1097 441 1101 445 ’
1451 439 1518 497 ιΝ
1561 437 1787 496 ARNOB

1897 440 1938 507 t,
1977 439 2135 496 CAP.
2179 427 2291 498 vn".

3397 444 3506 501 454

244 572 506 625 extensum,
531 557 756 630 suisque
786 557 1009 629 proinde
1046 557 1240 615 ﬁnibus
1265 563 1320 615 et
1348 557 1607 614 extremis
1633 561 1796 629 pztrli-
1824 572 1877 632 Α
1903 566 2006 622 est,
2035 559 2123 628 qui
2165 573 2271 614 non
2317 556 2573 615 facillime
2601 559 2893 630 perspiciat
2922 559 3113 616 iisdem
3143 561 3371 619 Aruobii
3415 581 3503 621 rc-

240 654 322 707 bus
345 654 564 708 clausum
598 668 662 707 ac
689 653 1178 723 circumscriptum.
1204 653 1274 708 At
1301 651 1559 722 quidquid
1592 652 1661 706 ita
1686 655 1793 708 cir-

241 746 573 811 cumcluditur,
594 761 661 802 eo
689 747 807 816 ipso
830 746 1054 802 mortale
1071 745 1162 810 sit,
1185 754 1419 814 oportet.
1447 745 1588 800 Deus
1609 753 1789 802 autem

237 854 326 894 non
355 839 514 894 solum
543 840 867 894 immortalis
892 848 994 900 est,
1019 839 1115 895 sed
1143 839 1304 894 etiam
1333 848 1601 907 aeternus,
1629 851 1792 911 atque

238 934 412 988 idcirco
438 936 804 1002 incorporeus.
838 945 895 990 et
919 943 1124 989 natura:
1150 934 1464 1004 spiritualis.

292 1027 444 1095 Quam
482 1042 793 1098 persuasum
822 1037 999 1083 autem
1029 1027 1270 1083 Arnobio
1294 1026 1426 1082 illud
1450 1025 1632 1092 fuerit,
1664 1025 1791 1083 inde

234 1120 382 1175 adhuc
403 1121 694 1184 coniicitur,
723 1122 865 1186 quod
902 1120 1134 1176 ethnicis
1161 1119 1294 1176 deos
1333 1134 1460 1175 suos
1497 1134 1791 1189 corporeus

231 1212 384 1283 aliquo
415 1212 721 1269 Judteorum
748 1213 1280 1284 Sadducmorumque
1321 1213 1634 1268 testimonio
1658 1228 1792 1268 cou-

233 1305 418 1361 tirmare
458 1306 805 1373 conantibus,
853 1305 998 1361 hunc
1046 1304 1389 1375 responderit
1429 1304 1483 1359 in
1525 1304 1786 1360 modum:

234 1398 441 1470 «Neque
480 1399 762 1469 quisquam
806 1397 1062 1454 Judaicas
1098 1398 1151 1453 in
1184 1397 1287 1452 hoc
1331 1397 1454 1452 loco
1498 1396 1656 1452 nobis
1694 1411 1790 1467 op—

228 1501 401 1560 ponat,
427 1502 476 1548 et
504 1491 782 1548 Sadduczei
810 1490 1028 1560 generis
1057 1490 1284 1559 fabulas,
1309 1498 1563 1562 tanquam
1588 1489 1791 1546 formas

227 1587 432 1642 tribuant
459 1597 617 1658 atque
647 1601 708 1642 os
737 1587 870 1643 Deo.
917 1586 1030 1642 Hoc
1074 1586 1218 1642 enim
1262 1595 1478 1657 putatur
1513 1585 1568 1640 iu
1600 1601 1789 1642 eorum

225 1679 353 1735 libris
377 1680 496 1746 dici,
525 1690 580 1738 et
602 1681 754 1736 utvel
777 1696 835 1736 re
856 1691 1003 1735 certa
1033 1688 1192 1752 atque
1212 1680 1534 1736 auctoritate
1563 1680 1788 1744 firmari,

223 1792 323 1846 qua:
360 1789 444 1831 aut
483 1777 612 1831 nihil
641 1775 707 1833 ad
742 1792 838 1832 nos
887 1777 1150 1843 attinent,
1185 1790 1284 1830 nec
1314 1776 1492 1846 aliqua
1536 1774 1790 1846 portione

222 1854 475 1940 quidquam
509 1869 708 1926 habent
750 1885 1038 1925 commune
1081 1869 1358 1924 nobiscum
1400 1888 1414 1923 :
1445 1879 1536 1922 aut
1563 1868 1607 1922 si
1638 1877 1786 1934 sunt,

223 1972 268 2016 ut
309 1962 561 2029 creditur,
615 1963 802 2026 sociae.
847 1963 1125 2032 quaerendi
1173 1973 1296 2017 sunt
1341 1961 1494 2017 vobis
1547 1961 1782 2027 ethnicis,
1819 1976 1866 2036 Β

222 2053 405 2110 altioris
430 2054 798 2126 intelligentiae.
826 2055 1086 2113 doctores
1107 2096 1120 2118 ,
1163 2071 1260 2125 per
1287 2071 1426 2127 quos
1457 2055 1671 2121 possitis
1695 2054 1792 2107 ad-

220 2147 421 2216 discere,
457 2153 650 2218 quibus
701 2149 877 2205 modis
906 2149 1190 2204 conveniet
1239 2150 1537 2204 litterarum
1578 2148 1790 2202 illarum

220 2243 364 2298 nubes
406 2254 564 2314 atque
610 2244 886 2298 involucra
927 2243 1172 2296 relaxare
1216 2261 1233 2295 ι
1275 2239 1438 2313 (Ibid.
1474 2259 1594 2312 pag.
1640 2240 1787 2300 106).

217 2332 303 2390 Sed
328 2337 468 2405 plura
498 2336 571 2391 ibi
601 2352 628 2389 a
659 2335 1054 2391 recentioribus
1079 2334 1401 2405 quibusdam
1428 2335 1631 2389 criticis
1659 2350 1788 2389 cen-

217 2428 353 2482 soria:
401 2428 701 2485 severitatis
757 2439 884 2483 nota
936 2429 1243 2482 inttruntur.
1286 2427 1470 2481 Primo
1520 2428 1789 2497 siquidem

213 2523 458 2578 Arnobius
481 2524 548 2578 ab
576 2523 686 2579 illis
706 2524 948 2594 arguitur
969 2523 1123 2592 quasi
1152 2523 1313 2576 nimis
1349 2523 1593 2587 confuse,
1627 2531 1791 2592 atque

214 2616 352 2669 etiam
380 2618 680 2686 periculose
720 2618 990 2686 loquatur.
1020 2615 1153 2670 Nam
1184 2619 1226 2670 si
1259 2615 1326 2670 de
1362 2617 1566 2672 veteris
1599 2615 1788 2671 Testa-

213 2711 355 2764 menti
398 2709 546 2764 libris
579 2710 743 2766 verba
779 2711 926 2776 facit,
973 2709 1074 2764 hoc
1106 2708 1478 2779 proculdubio,
1515 2709 1786 2776 inquiunt,

212 2814 280 2858 est
302 2807 512 2873 impium
537 2814 591 2859 et
617 2805 942 2860 horrendum
970 2823 981 2857 :
1008 2803 1136 2859 side
1154 2804 1523 2859 Rabbinorum
1547 2804 1786 2874 scriptis,

209 2895 253 2948 id
279 2912 486 2964 prorsus
528 2897 719 2952 inutile
754 2908 858 2952 est.
901 2898 1102 2952 Omnes
1147 2898 1424 2951 enimvero
1450 2896 1685 2952 fatentur
1726 2912 1789 2951 ea

209 3001 393 3044 scatere
411 2991 630 3046 fabulis.
653 2990 906 3047 Secundo
934 3006 1198 3044 summam
1220 2990 1309 3045 ille
1335 2992 1680 3061 imperitiam,
1715 2992 1790 3045 uti

204 3084 350 3146 aiunt,
384 3087 615 3155 prodere
644 3087 882 3150 videtur,
929 3100 1048 3138 cum
1079 3087 1267 3140 asserit
1305 3086 1472 3140 Deum
1516 3102 1544 3139 a
1589 3084 1791 3140 Judteis

204 3189 500 3245 corporeum
531 3177 685 3233 credi
708 3188 762 3232 et
790 3177 1091 3247 praedicari.
1145 3176 1308 3232 Celso
1336 3179 1532 3248 quippe
1565 3193 1791 3248 respon-

203 3266 277 3323 det
295 3271 547 3340 Origenes
566 3271 787 3326 JtlthOS
807 3286 836 3324 a
860 3270 1123 3326 Numestio
1148 3270 1488 3342 Pythagoreo
1518 3271 1570 3325 in
1598 3286 1788 3325 eorum

1896 651 2110 719 sponsis
2140 693 2153 716 ,
2212 651 2438 722 aliisque
2466 669 2584 722 quae
2637 654 2923 709 retulimus
2965 657 3296 728 argumentis
3344 659 3507 730 spiri-

1899 744 2098 800 lualem
2129 756 2182 800 et
2210 744 2588 816 incorporeum
2629 747 2721 803 Dei
2773 758 3020 804 naturam
3054 749 3211 820 plane
3241 753 3411 809 asseri
3441 767 3506 809 ac

1895 836 2181 893 vindicari.

2488 950 2781 993 ARTICULUS
2795 953 2854 993 ll.

1895 1045 2048 1118 Quam
2069 1052 2210 1118 recte
2233 1045 2484 1118 Arnobius
2505 1057 2692 1118 asserat
2728 1047 2931 1118 formam
2978 1050 3074 1118 Dei
3098 1064 3195 1102 non
3237 1067 3385 1118 posse
3411 1069 3505 1107 cx-

1957 1108 2146 1182 plicari,
2171 1122 2228 1182 ac
2249 1110 2501 1182 quemme
2514 1112 2708 1182 doceat,
2735 1115 2935 1182 quaausit
2959 1108 3432 1182 ejus__im_ménsitas,
3452 1127 3508 1170 ct

1957 1173 2168 1221 scientia
2201 1171 2409 1232 iutinita,
2436 1173 2655 1237 nihilque
2677 1171 2955 1226 hominibus
2979 1171 3142 1228 simile
3166 1179 3365 1231 habeat.

1965 1293 2158 1350 Mirum
2221 1294 2452 1352 fortasse
2509 1297 2673 1353 alicui
2749 1300 3019 1360 videbitur
3079 1317 3178 1358 cur
3229 1304 3504 1362 Arnobius

1893 1388 2149 1454 ethnicis,
2179 1390 2249 1444 ab
2281 1393 2397 1460 ipso
2419 1407 2540 1462 qua:
2575 1392 2667 1447 Dei
2691 1391 2864 1449 forma
2896 1398 2964 1449 sit
2994 1396 3322 1467 petentibus,
3357 1397 3508 1470 inge-

1894 1500 2000 1539 nue
2047 1484 2378 1555 respondeat
2416 1503 2429 1538 :
2464 1505 2482 1538 ι
2527 1485 2583 1542 Si
2613 1503 2795 1542 veram
2843 1490 3007 1544 vultis
3052 1490 3241 1546 audire
3286 1504 3506 1548 senten-

1894 1575 2020 1630 tiam
2046 1595 2059 1632 :
2085 1587 2178 1631 aut
2204 1579 2404 1632 nullam
2422 1578 2588 1634 habet
2613 1580 2750 1634 Deus
2775 1580 3027 1649 formam,
3057 1596 3143 1636 aut
3166 1584 3212 1640 si
3242 1585 3506 1641 informa-

1892 1677 1980 1724 tus
1994 1681 2072 1724 est
2089 1670 2288 1742 aliqua.
2307 1687 2369 1725 ea
2387 1687 2506 1741 quae
2527 1671 2620 1737 sit,
2640 1673 3170 1743 profectonescimus
3205 1697 3225 1730 ι
3256 1679 3503 1748 (Arnob.,

1892 1763 1984 1816 lib.
2007 1779 2082 1819 nt.
2111 1781 2230 1836 pag.
2257 1764 2720 1837 H0).Qutdergo,
2743 1769 2948 1839 inquiet
2979 1772 3168 1827 nescio
3189 1774 3508 1842 quidnum-

1892 1855 2016 1926 quid
2043 1856 2132 1910 ille
2152 1858 2427 1913 nesciebat
2463 1860 2553 1913 Dei
2589 1872 2836 1916 naturam
2867 1877 2974 1916 non
3005 1877 3131 1919 esse
3162 1879 3506 1934 corpoream,

1892 1949 1986 2004 sed
2007 1966 2154 2005 mere
2168 1951 2528 2020 spiritualem?
2541 1953 2756 2020 Optime
2770 1955 3011 2022 quidem,
3030 1957 3165 2011 sicut
3180 1971 3242 2012 ex
3264 1958 3510 2028 proxime

1892 2045 2050 2098 dictis
2078 2053 2242 2111 patet,
2262 2044 2392 2100 illud
2411 2055 2666 2112 noverat;
2694 2048 2789 2103 sed
2815 2049 2986 2104 libere
3011 2051 3292 2106 etsincere
3313 2052 3511 2107 fatetur

1894 2144 2094 2190 tantam
2110 2152 2230 2191 esse
2244 2136 2441 2192 divina:
2458 2151 2686 2208 naturai,
2708 2141 3059 2210 omniumque
3075 2143 3192 2213 ejus
3209 2146 3511 2215 proprieta-

1894 2241 2007 2286 tum
2033 2244 2083 2287 et
2108 2235 2488 2290 attrilmtorum
2517 2237 2904 2308 perfectionem
2924 2280 2940 2306 ,
2966 2249 3024 2293 ut
3045 2241 3132 2295 illa
3165 2256 3266 2296 nec
3293 2243 3510 2298 inlirmo

1895 2324 2128 2379 hominis
2161 2326 2376 2396 ingenio
2403 2330 2817 2398 comprehendi,
2850 2347 2950 2386 nec
2981 2333 3104 2387 ullis
3132 2335 3302 2405 ipsius
3330 2337 3512 2392 verbis

1892 2420 2149 2488 explicari
2206 2423 2396 2490 possit.
2446 2423 2611 2493 Cujus
2672 2425 2891 2493 quidem
2952 2427 3091 2482 hanc
3136 2427 3267 2482 dicit
3327 2445 3511 2484 veram

1892 2525 2206 2584 certamque
2234 2531 2354 2570 esse
2403 2518 2704 2581 rationem;
2746 2517 2871 2587 quia
2913 2534 3036 2574 cum
3064 2536 3128 2575 ea
3159 2525 3230 2574 sit
3257 2520 3510 2579 humanae

1893 2608 2090 2661 mentis
2120 2607 2423 2675 infirmitas,
2475 2619 2530 2664 ut
2579 2611 2838 2682 quidquid
2872 2614 3134 2684 percipit,
3171 2630 3272 2671 suo
3304 2625 3510 2672 tantum

1894 2701 2212 2770 imperfecto
2241 2715 2291 2758 et
2330 2704 2480 2759 linito
2508 2707 2669 2760 modo
2698 2709 2989 2774 concipiat,
3024 2709 3226 2764 idcirco
3265 2727 3371 2766 non
3406 2728 3507 2782 po-

1894 2804 2000 2850 test
2057 2796 2346 2865 perfectam
2408 2801 2734 2869 concipere,
2783 2809 2875 2855 aut.
2921 2803 3227 2872 eXprimere
3288 2805 3512 2860 infinita:

1897 2891 1990 2944 Dei
2032 2902 2236 2945 natura:
2294 2893 2494 2947 idenm.
2551 2895 2730 2961 Audi,
2775 2913 2996 2963 qun-St),
3052 2899 3312 2965 pra‘clttra
3362 2900 3511 2956 illius

1894 2984 2054 3038 verba
2093 3003 2104 3036 :
2147 3004 2164 3037 (
2203 2986 2472 3055 Quidquid
2507 2989 2572 3040 de
2604 2990 2712 3042 Deo
2742 2990 2966 3054 dixeris,
3021 2993 3284 3061 quidquid
3332 2995 3510 3049 tacita:

1900 3078 2099 3130 mentis
2127 3079 2454 3148 agitatione
2485 3084 2821 3149 conceperis.
2857 3085 2905 3137 in
2945 3088 3238 3139 humanum
3274 3089 3510 3144 transilit

1894 3178 1948 3223 et
1992 3172 2361 3241 eorruntpitur
2394 3189 2649 3238 sensum;
2684 3191 2782 3230 nec
2827 3176 2991 3232 habet
3034 3183 3266 3250 prepriae
3297 3183 3510 3252 signiﬁo

1893 3263 2122 3316 nationis
2151 3276 2354 3330 notam,
2384 3267 2526 3336 quod
2560 3270 2758 3323 nostris
2785 3271 2986 3325 dicitur
3017 3274 3222 3340 verbis,
3251 3283 3412 3345 atque
3441 3278 3505 3331 ad

202 3381 339 3436 grege
365 3367 744 3430 annumerari,
792 3367 881 3435 qui
927 3368 1095 3420 Deum
1139 3368 1360 3421 omnino
1404 3367 1786 3434 incorporeum

1897 3357 2107 3425 negotia
2141 3359 2374 3412 humana
2402 3360 2738 3429 compositis.
2790 3361 2941 3419 Unus
2972 3374 3054 3419 est
3088 3366 3321 3422 hominis
3352 3369 3507 3425 intel-

201 3473 304 3516 esse
330 3442 718 3517 existimabant
745 3459 943 3531 (0rig.,
969 3460 1056 3515 lib.
1088 3477 1105 3514 ι
1132 3469 1296 3514 contr.
1329 3458 1491 3523 Cels.,
1519 3476 1636 3529 pag.
1676 3458 1788 3528 13).

256 3557 351 3611 Sed
374 3558 460 3613 his
479 3555 724 3611 auctoris
744 3555 914 3610 nostri
936 3553 1420 3623 reprehensoribus
1441 3555 1603 3623 paulo
1624 3561 1791 3606 atten-

199 3647 287 3702 tius
314 3649 860 3704 animadvertendum
889 3658 1005 3702 erat
1037 3648 1108 3702 ibi
1153 3663 1308 3712 eum,
1359 3647 1500 3699 sicut
1529 3644 1785 3709 diximus,

194 3746 507 3811 respondere
539 3742 798 3805 etltnicis,
828 3743 916 3811 qui
949 3755 1266 3810 corpoream
1302 3740 1526 3793 deorum
1566 3752 1788 3792 suorum

192 3847 414 3891 naturam
430 3834 798 3892 auctoritateJ
809 3835 1084 3890 udazorum
1097 3845 1149 3887 et
1164 3833 1583 3889 Sadducaeorum
1599 3842 1787 3886 contra

189 3929 499 3987 christianos
543 3929 791 3986 stabilire
839 3929 1172 3984 nitebantur.
1208 3927 1374 3982 Docet
1403 3936 1580 3982 autem
1615 3925 1790 3995 dupli-

192 4024 254 4077 cis
276 4029 490 4094 generis
531 4040 660 4083 esse
691 4026 905 4080 illorum
946 4023 1145 4093 scripta
1174 4037 1227 4079 et
1253 4023 1482 4078 litteras.
1527 4021 1788 4090 Quae-timo

189 4120 343 4182 enim,
385 4121 586 4190 quales
621 4118 976 4189 proculdubio
1006 4126 1163 4180 erant
1193 4116 1640 4180 Sadduczeorum,
1671 4116 1785 4184 qui,

189 4212 300 4266 utin
325 4213 556 4268 Actibus
601 4211 970 4282 apostolorum
999 4210 1230 4283 legimus
1262 4231 1276 4264 :
1309 4209 1499 4262 Dicunt
1537 4225 1639 4262 non
1682 4224 1789 4262 esse

183 4309 616 4370 resurrectionem,
653 4322 814 4372 neque
840 4304 1113 4376 angelum,
1151 4319 1308 4373 neque
1349 4302 1588 4371 spiritum
1621 4301 1788 4377 (Λα,

186 4415 318 4460 uin.
334 4403 415 4470 8),
435 4414 612 4473 atque
630 4400 834 4457 idcirco
851 4399 1053 4461 omnia,
1086 4414 1152 4452 ne
1168 4397 1276 4452 Deo
1293 4397 1508 4468 quidem
1534 4407 1783 4465 excepto,

182 4507 286 4548 esse
310 4511 580 4566 coporea.
613 4491 720 4548 Sed
751 4494 944 4553 horum
967 4493 1166 4562 scripta
1205 4489 1336 4546 nihil
1366 4487 1636 4545 habebant
1663 4505 1786 4544 cum

181 4586 598 4644 christianorum
639 4586 847 4658 placitis
891 4600 1212 4648 commune,
1255 4599 1316 4640 ac
1366 4582 1591 4654 proinde
1636 4581 1786 4638 chri-

176 4678 348 4735 stianis
401 4680 583 4751 objici
635 4696 739 4734 non
794 4687 1064 4749 poterant.
1121 4676 1241 4747 Alia
1294 4692 1426 4732 vero
1480 4686 1639 4733 erant
1687 4676 1783 4732 Ju-

1896 3449 2068 3504 lectus
2095 3451 2161 3504 de
2198 3453 2288 3506 Dci
2323 3462 2512 3508 natura
2550 3457 2908 3522 Certissitnus,
2947 3459 2990 3510 si
3031 3461 3193 3525 scias,
3226 3469 3281 3515 et
3303 3464 3509 3518 sentias

1894 3542 2026 3594 nihil
2062 3541 2130 3597 de
2170 3543 2258 3597 illo
2289 3559 2448 3614 posse
2477 3548 2697 3615 mortali
2725 3552 2971 3605 statione
3001 3551 3248 3621 depromi
3282 3572 3302 3605 ι
3343 3553 3507 3624 (Ibid.

1895 3651 2016 3708 pag.
2047 3638 2194 3708 ill).
2229 3638 2572 3711 Quapropter
2602 3643 2743 3698 haud
2774 3645 3084 3701 dubitanter
3127 3649 3322 3703 ibidem
3355 3665 3508 3706 asse-

1891 3742 2047 3787 verat
2085 3743 2290 3788 tantum
2318 3736 2530 3801 abesse,
2561 3748 2618 3792 ut
2660 3739 2771 3794 Deo
2800 3739 2906 3793 ulla
2941 3741 3234 3812 cujuslibet
3263 3745 3510 3812 corporis

1894 3824 2219 3881 lineamenta
2249 3828 2567 3897 tribuamus,
2592 3832 2718 3899 quin
2743 3834 2921 3900 potius
2944 3833 3018 3886 illi
3045 3835 3312 3892 humanas
3340 3837 3506 3890 animi

1893 3923 2064 3974 nostri
2089 3921 2333 3989 virtutes,
2360 3924 2663 3990 scientiam,
2692 3926 3127 3997 intelligentiam,
3156 3931 3503 3999 sapientiam,

1892 4015 2266 4079 sobrietatem,
2298 4016 2620 4085 probitatem
2641 4058 2658 4084 ,
2683 4020 3066 4086 constantiam,
3093 4032 3147 4076 et
3167 4022 3305 4076 alias
3332 4026 3506 4078 ascri-

1891 4106 2020 4162 bere
2066 4124 2372 4164 vereamur.
2434 4109 2567 4166 Nam
2612 4111 2695 4165 hie
2732 4113 2995 4177 virtutes,
3052 4124 3108 4170 et
3155 4115 3272 4171 haec
3327 4117 3508 4175 homi-

1892 4218 2019 4257 num
2047 4203 2186 4257 bona
2214 4219 2282 4259 ex
2310 4205 2577 4274 appositis
2603 4215 2811 4261 tantum
2846 4223 3035 4263 eorum
3067 4210 3234 4277 vitiis,
3258 4214 3406 4283 quod
3437 4214 3506 4268 de

1892 4296 2005 4351 Deo
2049 4297 2154 4353 dici
2202 4302 2406 4371 nequit,
2438 4300 2506 4355 ab
2533 4301 2615 4358 eis
2647 4317 2745 4372 pro
2773 4301 3065 4362 imbecilla:
3107 4309 3311 4367 mentis
3339 4319 3506 4381 captu

1891 4401 2247 4447 wsttntantur.

1961 4484 2103 4539 Nihil
2134 4497 2216 4542 est
2261 4497 2440 4546 autem
2480 4490 2534 4545 in
2578 4490 2687 4547 hac
2722 4493 2948 4552 Arnobii
2994 4497 3164 4552 nostri
3213 4496 3497 4568 doctrina,

1890 4578 1992 4634 nisi
2028 4581 2185 4649 plane
2215 4595 2406 4637 sanum
2449 4593 2504 4639 et
2540 4586 2928 4644 orthodosum.
2952 4588 3095 4645 Nam
3130 4607 3161 4646 a
3198 4591 3502 4664 TheOphilo

1889 4673 2306 4743 Antltiocheno,
2341 4679 2801 4748 (ptemadtnodum
2841 4685 2912 4738 ab
2952 4685 3082 4751 illo,
3122 4687 3382 4758 scripturn
3426 4689 3505 4744 le-

178 4771 402 4829 dmOrum
431 4778 672 4844 scripta,
714 4790 833 4845 quae
873 4773 1074 4829 nostris
1112 4772 1258 4827 socia
1284 4771 1670 4834 credebantur,
1715 4785 1778 4825 ac
1805 4773 1861 4840 Β
1883 4768 2059 4838 gitnus
2111 4770 2445 4842 (Thmphil.,
2494 4775 2584 4829 lib.
2617 4793 2634 4831 ι
2679 4778 3044 4850 addemus"
3089 4799 3211 4850 pag.
3247 4783 3351 4852 7t)
3385 4800 3399 4837 :
3435 4785 3502 4838 Τὸ

176 4866 296 4922 tales
329 4872 590 4937 profecto
631 4876 757 4922 sunt
789 4866 1009 4940 Veteris!
1031 4864 1364 4924 Testantenti
1396 4865 1538 4920 libri.
1567 4866 1636 4920 At
1665 4865 1788 4936 quia

177 4955 222 5009 in
271 4961 386 5015 istis
427 4959 688 5017 membra
745 4959 856 5016 Deo
907 4960 1238 5027 tribuuntur,
1269 4959 1394 5015 inde
1437 4959 1674 5030 ethnici,
1733 4969 1792 5016 ut

175 5054 572 5110 confirmarent
601 5051 735 5108 deos
757 5068 883 5108 suos
911 5067 1032 5134 esse
1052 5067 1378 5130 corporeus,
1406 5062 1787 5125 argumentum

177 5142 456 5203 ducebant.
496 5145 614 5204 Sed
660 5147 952 5216 respondet
988 5147 1260 5210 Arnobius
1299 5147 1625 5219 quaerendos
1662 5163 1786 5205 esse

174 5237 233 5291 ab
257 5240 384 5305 illis,
420 5241 640 5296 altioris
665 5241 1015 5314 intelligentia
1043 5241 1296 5308 doctam,
1321 5241 1573 5300 omnibus
1603 5244 1784 5300 statim

173 5332 372 5402 obvios,
421 5350 531 5392 nec
579 5335 712 5403 ipsis
751 5338 982 5392 ethnicis
1034 5335 1266 5408 ignotos,
1309 5336 1400 5407 qui
1435 5336 1527 5392 illa
1571 5335 1784 5394 Veteris

172 5419 505 5485 Testamenti
543 5429 732 5496 verba,
757 5429 937 5497 quibus
965 5429 1133 5488 modis
1159 5429 1412 5496 convenit,
1444 5428 1548 5485 hoc
1573 5439 1677 5494 est,
1706 5429 1784 5485 al-

174 5514 442 5588 legorica,
520 5521 936 5591 metaphorico,
988 5537 1050 5578 ac
1094 5522 1356 5594 mystico,
1406 5537 1513 5576 non
1565 5522 1782 5579 litterali

175 5622 322 5667 sensu
367 5614 733 5686 intelligenda
773 5629 897 5671 esse
944 5615 1100 5683 plane
1146 5615 1612 5676 demonstrabant.
1644 5616 1784 5687 Quid

179 5714 342 5760 autem
362 5708 418 5762 in
449 5707 539 5762 his
559 5707 784 5764 Arnobii
810 5706 1087 5778 responsis
1105 5717 1162 5763 et
1180 5708 1336 5764 dictis
1359 5710 1785 5779 reprehensione

181 5793 385 5868 dignum
409 5843 426 5866 ,
480 5811 575 5861 aut
626 5817 800 5860 sacra:
839 5798 1052 5867 Veteris
1102 5799 1434 5863 Testamenti
1476 5804 1788 5860 auctoritati

185 5897 233 5942 et
254 5891 505 5966 dignitati
541 5896 905 5962 contrarium,
939 5894 1191 5969 quodque
1212 5896 1280 5952 ab
1316 5897 1436 5956 aliis
1471 5897 1787 5960 orthodoxis

189 5975 432 6044 Ecclesiae
459 5989 700 6061 patribus
724 5998 999 6048 assertum
1019 6004 1126 6049 non
1155 5991 1352 6053 merit?
1368 5995 1440 6053 At
1473 6010 1636 6055 nemo
1654 6009 1788 6054 sane

1891 4866 1982 4934 μὲν
2007 4859 2139 4927 εἶδος
2167 4873 2260 4921 τοῦ
2281 4874 2410 4925 Θεοῦ
2432 4863 2677 4944 apparo»,
2708 4875 2796 4929 atati
2817 4874 3187 4951 ἀνέιφραστιον.
3216 4878 3304 4930 καὶ
3327 4879 3399 4947 μή
3420 4874 3504 4930 δυ-

1889 4957 2415 5032 νάμενον’ὀφθωλμοῖς
2460 4967 2724 5036 σαρκίνοις
2775 4965 3058 5040 ὁρισθῆναι
3094 4985 3107 5022 :
3155 4965 3252 5022 Dei
3295 4966 3503 5036 quidem

1890 5046 2059 5118 forma
2111 5053 2255 5107 nobis
2305 5054 2508 5108 Occulta
2553 5057 2810 5128 emplicari
2841 5062 3054 5130 nequit,
3101 5077 3194 5120 tum
3242 5063 3505 5131 corporeis

1889 5143 2054 5198 oculis
2093 5144 2310 5199 videtur.
2343 5146 2571 5202 Plurimi
2616 5165 2747 5206 vero
2776 5153 2988 5222 antiqui
3020 5153 3282 5212 Ecclesiae
3319 5165 3503 5226 patres

1887 5248 2076 5305 aperte
2109 5248 2308 5308 negant
2352 5241 2563 5304 manu,
2610 5243 2728 5298 sive
2776 5254 2837 5302 ut
2879 5247 3064 5314 aiunt,
3108 5250 3404 5304 essentiam
3449 5257 3505 5304 et

1887 5328 2247 5390 substantiam
2283 5332 2396 5390 Deo
2423 5336 2753 5400 convenire,
2784 5338 2878 5395 sed
2921 5340 3072 5397 illum
3109 5355 3274 5412 super
3311 5355 3503 5398 omnes

1888 5425 2168 5490 assentiar,
2197 5433 2253 5480 et
2294 5425 2686 5502 intelligendas
2723 5431 2802 5492 ita
2838 5433 3122 5501 eminere,
3154 5444 3212 5490 ut
3239 5435 3503 5507 quidquid

1887 5516 2125 5575 humana
2156 5530 2338 5576 mente
2375 5522 2730 5597 intelligitur,
2759 5528 2829 5585 ab
2857 5544 2925 5587 eo
2956 5529 3024 5587 iis
3060 5531 3318 5588 omnibus
3340 5531 3504 5604 longe

1887 5615 2271 5684 priestantiore
2317 5617 2431 5672 toll-.i
2473 5618 2694 5678 debent.
2731 5621 2842 5678 Nos
2868 5639 2998 5679 vero
3042 5624 3096 5680 id
3139 5641 3168 5680 a
3211 5623 3503 5685 Clemente

1892 5711 2260 5768 Alexandrino
2289 5724 2345 5770 et
2371 5715 2493 5770 libri
2526 5715 2816 5776 chivinic
2842 5723 3152 5791 nominibus,
3187 5725 3278 5794 qui
3301 5725 3502 5797 Diony-

1889 5805 1973 5860 sio
2008 5804 2368 5880 Areopagitae;
2388 5809 2701 5880 sset-ibitur,
2731 5826 2956 5874 auctore
2987 5816 3300 5878 luculmtee
3324 5821 3502 5893 expli-

1891 5908 2072 5958 catum
2102 5899 2354 5959 vidimus.
2389 5902 2548 5958 Plura
2579 5905 2801 5976 quidem
2828 5909 3060 5968 aliorum
3103 5910 3368 5973 Ecclesiae
3395 5911 3502 5970 Pa-

1892 6004 2036 6054 trum
2069 5995 2376 6053 tcstimonio
2430 5998 2536 6057 huc
2562 6004 2907 6063 accumulare
2936 6017 3248 6080 promptum
3299 6008 3442 6068 foret
3486 6027 3501 6067 :
