3918 6326
377 410 483 468 435

1660 372 2108 440 DISSERTATIO
2145 367 2425 428 PlUEVlA

3578 356 3677 408 ίῖιϋ

379 530 476 588 sed
503 528 624 601 quia
655 522 789 580 illud
817 535 848 577 a
875 515 1131 582 Patavio,
1160 506 1523 571 Thomassino
1544 547 1559 573 ,
1598 513 1654 561 et
1679 503 1799 558 aliis
1827 499 1970 555 anli-
2000 505 2053 564 A
2076 499 2162 548 εει
2185 533 2200 557 ο
2232 504 2294 546 Se
2323 481 2715 601 .cosngscendo
2744 480 2936 584 omnia.
2954 489 3044 601 “CA
3066 474 3312 601 δξηςηξν
3359 470 3635 601 "me?"
3660 510 3678 538 ’

2399 593 2458 601 --
2505 585 2656 601 -...._-
2688 581 2958 601 Mum...
3061 580 3076 601 .
3202 585 3253 601 ...
3284 581 3368 601 ...η
3393 580 3515 601 ,ηρ
3583 578 3678 601 αηη

380 626 615 695 cipatum
645 626 748 686 est,
782 614 852 671 ab
880 613 946 669 iis
978 605 1320 682 proferendis
1348 601 1602 658 duximus
1634 611 1758 653 esse
1786 606 1977 662 super-

380 684 680 773 sedendum
724 684 874 780 (tom.
899 722 917 762 1
942 706 1217 777 Apparat.,
1236 697 1325 751 lib.
1351 711 1390 760 ι,
1424 692 1628 748 dissert.
1657 690 1746 754 10,
1773 703 1892 755 cap.
1921 684 1975 749 1,

381 809 410 881 §
437 810 492 873 5,
519 817 565 862 et
598 805 688 862 lib.
728 819 808 869 ιιι,
838 801 1096 855 dissertat.
1130 794 1184 860 2,
1215 808 1336 862 cap.
1364 791 1419 855 6,
1449 797 1553 881 art.
1587 787 1646 881 1,
1679 800 1800 854 pag.
1837 779 1976 844 948;

385 878 594 968 Petam,
626 899 717 954 lib.
757 913 775 952 ι
817 893 1066 962 Theolog.
1100 889 1298 960 dogm.,
1339 900 1458 955 cap.
1483 880 1539 948 6,
1580 879 1609 950 ᾗ
1641 878 1710 934 10
1736 886 1784 930 ει
1816 890 1977 944 seqq.,

385 1013 508 1068 pag.
540 994 614 1050 45
637 1002 686 1048 ει
712 986 900 1061 seqq.).

459 1063 761 1146 Dbservare
790 1093 970 1138 tamen
1003 1077 1160 1136 nobis
1183 1074 1361 1131 adhuc
1384 1072 1569 1136 liceat,
1609 1064 1755 1139 quod
1785 1063 1853 1120 ab
1885 1064 1983 1118 Ar-

390 1185 552 1242 nobio
580 1178 870 1244 asseritur,
915 1176 1107 1241 Deum,
1143 1169 1358 1228 tametsi
1389 1166 1540 1223 nullo
1569 1163 1678 1219 line
1719 1171 1814 1217 aut
1859 1159 1983 1214 loco

389 1276 830 1345 circumscriptus
855 1281 907 1328 et
933 1271 1234 1326 immensus
1260 1265 1362 1333 sit,
1391 1261 1634 1318 omnium
1664 1268 1842 1314 tamen
1894 1269 1985 1310 re-

390 1389 509 1430 rum
540 1381 596 1430 et
623 1371 800 1426 locum
838 1379 961 1423 esse
1002 1371 1060 1419 et
1088 1361 1322 1432 spatium
1345 1399 1359 1424 ,
1398 1356 1485 1412 his
1521 1352 1746 1426 pulchre
1787 1345 1988 1404 contir-

393 1468 526 1524 mari
547 1460 869 1524 Tertulliani
896 1458 1077 1516 verbis
1102 1475 1116 1512 :
1156 1475 1175 1508 ι
1206 1451 1305 1510 Est’
1334 1452 1476 1509 Deus
1499 1448 1868 1517 omnipotens,
1894 1440 1988 1513 qui

393 1573 563 1619 totum
610 1559 799 1617 orbem
848 1569 1013 1612 manu
1052 1546 1413 1624 apprehendit
1456 1543 1605 1601 velut
1634 1540 1858 1604 nidum,
1900 1535 1990 1591 cui

393 1656 590 1712 cmlum
620 1652 870 1717 thronus,
897 1657 953 1704 et
979 1656 1125 1703 terra
1152 1639 1473 1706 scabellum,
1498 1637 1552 1692 in
1582 1649 1689 1705 quo
1709 1631 1888 1688 omnis
1908 1628 1990 1685 lo-

394 1762 514 1816 cus,
538 1762 645 1801 non
669 1747 784 1815 ipse
810 1743 863 1797 in
891 1740 1035 1806 loco,
1066 1736 1160 1809 qui
1186 1729 1560 1791 universitatis
1583 1735 1825 1784 extrema
1850 1722 1990 1777 linea

395 1812 527 1896 cst.»
562 1812 919 1908 (Tcrtullian.,
968 1830 1089 1884 adv.
1130 1827 1333 1891 Prax.,
1373 1840 1492 1894 cap.
1533 1819 1632 1885 16,
1672 1835 1794 1890 pag.
1836 1812 1988 1886 648).

2082 581 2370 653 praesentia
2398 593 2462 633 ac
2486 578 2659 632 futura
2686 571 2985 645 cognoscit.
3011 574 3081 625 At
3105 567 3369 625 infinitam
3393 580 3517 622 csse
3543 564 3683 618 hanc

2081 674 2448 746 cognitionem
2473 711 2488 739 ,
2521 667 2760 734 nullique
2787 665 2874 720 alii
2902 673 3214 735 competere
3237 702 3251 728 ,
3283 661 3404 726 quis
3437 669 3679 730 negave-

2082 769 2154 824 rit
2175 769 2198 823 Τ
2219 766 2358 835 Quin
2390 764 2557 819 immo
2578 762 2626 818 ei
2660 761 2739 816 sic
2766 758 2981 831 propria
3006 767 3123 824 est,
3154 765 3213 812 ut
3235 751 3543 810 doctissimi
3566 747 3686 819 qui-

2083 861 2207 918 dam
2241 858 2502 915 Ecclesiae
2544 865 2725 927 patres
2763 855 3004 910 divinum
3046 851 3192 906 illius
3214 848 3458 905 Verbum
3486 861 3555 900 ex
3587 844 3689 898 hac

2083 956 2220 1026 ipsa,
2252 951 2551 1024 procedere
2579 948 2910 1005 existiment.
2946 946 3061 1014 Qua
3091 943 3309 1014 quidem
3333 941 3404 997 de
3431 937 3693 1010 opinione

2084 1046 2222 1102 alius
2249 1044 2610 1118 opportunior
2637 1037 2946 1096 disserendi
2979 1038 3132 1094 locus
3161 1035 3401 1091 dabitur.

2685 1191 2984 1236 ARTIGULUS
3020 1191 3100 1232 111.

2277 1319 2448 1371 Utrum
2474 1329 2593 1369 sana
2608 1317 2675 1366 sit
2689 1315 2897 1367 Arnobii
2919 1313 2982 1364 de
3009 1315 3082 1363 ira
3101 1312 3201 1362 Dei
3225 1310 3494 1363 sententia.

2162 1446 2298 1503 Tota
2323 1446 2550 1503 Arnobii
2588 1445 2657 1501 de
2687 1445 2764 1500 ira
2800 1444 2896 1500 Dei
2934 1440 3234 1514 disputatio
3267 1456 3458 1512 parum
3506 1438 3701 1495 ortho-

2090 1540 2229 1598 doxa
2279 1541 2550 1598 nonnullis
2589 1539 2824 1594 videtur.
2859 1535 3059 1594 Contra
3105 1535 3336 1607 gentiles
3376 1534 3560 1596 enim,
3606 1532 3697 1601 qui

2091 1636 2222 1693 deos
2251 1651 2410 1700 suos,
2455 1633 2615 1690 sicuti
2658 1631 2894 1686 vidimus
2923 1631 3065 1700 (cap.
3110 1645 3315 1699 super.,
3348 1637 3450 1680 art.
3478 1624 3561 1698 ι),
3592 1625 3696 1678 im-

2094 1728 2343 1802 placabili
2389 1728 2442 1783 in
2489 1725 2824 1782 chriStianos
2863 1721 3142 1780 iracundia
3184 1719 3516 1776 inﬂammari
3565 1733 3705 1771 nun-

2093 1838 2255 1895 quam
2289 1835 2396 1876 non
2425 1820 2813 1886 clamitabant,
2857 1819 2936 1873 sic
2962 1823 3416 1888 argumentatur:
3451 1829 3471 1862 ι
3503 1809 3614 1866 Cur
3639 1817 3701 1865 ut

396 1932 553 1989 Prius
594 1944 726 1986 vero
767 1940 870 1982 nec
906 1924 1089 1979 minus
1114 1919 1396 1978 θηιιειεεῑε
1438 1911 1776 1984 Theophilus
1804 1907 1994 1965 Αηῐῖα-
2022 1921 2072 1982 Β
2099 1915 2259 1972 irasci
2290 1913 2509 1985 pupulis
2533 1912 2844 1970 christianis
2878 1908 3292 1981 angustissimos
3318 1906 3446 1962 illos
3473 1904 3701 1961 adseve-

398 2025 606 2082 chenns
630 2064 646 2089 ,
700 2020 816 2076 haec
876 2016 942 2074 ad
995 2014 1318 2086 Autolycum
1367 2009 1663 2080 scripserat
1720 2004 1772 2058 in
1831 1999 1996 2056 verba

400 2119 660 2192 (Theoph.
683 2156 698 2181 ,
748 2115 838 2169 lib.
881 2128 918 2168 tt
956 2111 1025 2165 ad
1069 2109 1276 2173 Autol.,
1321 2121 1440 2176 pag.
1475 2100 1569 2192 81)
1601 2117 1616 2154 :
1645 2102 1776 2154 Θεοῦ
1812 2094 1868 2151 δὲ
1905 2098 1997 2150 τοῦ

402 2211 627 2284 ὑψίστου
655 2210 742 2264 καὶ
772 2205 1220 2277 παντοκράτορος,
1251 2200 1338 2253 καί
1365 2201 1459 2252 τοῦ
1488 2191 1632 2253 ὄντος
1661 2194 1790 2247 Θεοῦ
1811 2229 1826 2254 ,
1857 2186 1998 2243 τοῦτ’

405 2303 516 2359 ἔστι
551 2308 622 2373 μή
669 2302 820 2374 μόνον
867 2300 926 2354 τὸ
973 2297 1276 2366 παντάχοσε
1322 2286 1446 2346 εἶναι
1467 2331 1482 2356 ,
1533 2287 1657 2342 ἀλλά
1701 2286 1788 2338 καὶ
1833 2286 2002 2336 πάντα

404 2399 605 2472 ἐφορᾷν,
644 2397 731 2452 καὶ
759 2395 964 2449 πάντῶν
994 2391 1216 2452 ἀκούειν,
1248 2384 1326 2440 ὅτι
1365 2389 1461 2455 μὴν
1505 2379 1632 2452 μηδᾶ
1684 2379 1744 2434 τὸ
1772 2378 1822 2431 ἐν
1859 2375 2002 2445 τόπῳ

408 2471 710 2566 χωρεῐσϐαυ
758 2489 801 2542 si
840 2484 894 2540 δέ
932 2488 1001 2556 μή
1036 2504 1116 2556 γε,
1156 2482 1339 2554 μείζων
1366 2477 1392 2532 ὁ
1419 2481 1609 2552 χωρῶν
1653 2472 1811 2532 τόπος
1842 2471 2005 2524 αὐτοῦ

407 2564 749 2660 εὑρεθησεται,
788 2584 963 2654 μεῖζον
991 2579 1092 2654 γάρ
1120 2578 1232 2631 ἐστι
1267 2573 1327 2629 τὸ
1359 2576 1569 2647 χωροῦν
1607 2572 1699 2623 τοῦ
1728 2564 2004 2640 χωρουμέ-

407 2701 515 2734 nou.
548 2679 672 2740 Θεὸς
701 2678 803 2750 γὰρ
834 2675 893 2729 οὐ
921 2678 1196 2748 χωρεῑται,
1229 2666 1332 2723 ἀλλ’
1365 2666 1520 2726 αὐτὸς
1563 2665 1679 2719 ἐστι
1717 2661 1876 2720 τόπος
1907 2665 2008 2713 τῶν

408 2771 554 2828 ὢων.
587 2768 686 2824 Dei
715 2749 954 2824 altissimi
999 2773 1045 2818 et
1080 2757 1478 2830 omnipotentis,
1509 2765 1554 2810 et
1594 2750 1882 2809 exsistentis
1913 2749 2010 2803 hoc

408 2864 556 2933 quasi
595 2861 861 2933 praprium
892 2867 999 2924 est,
1041 2866 1097 2910 ut
1138 2871 1242 2910 non
1270 2851 1438 2908 solum
1466 2849 1651 2920 ubique
1695 2847 1794 2911 sit,
1838 2859 2012 2898 verum

412 2957 588 3011 omnia
624 2969 849 3026 prmsens
883 2949 1122 3019 inspiciat
1158 2956 1206 3002 et
1237 2945 1441 2999 audiat.
1481 2941 1744 2996 Praeterea
1779 2951 1872 2992 nec
1901 2935 2012 2990 loco

2098 2008 2232 2063 ratis
2261 2007 2431 2071 deos;
2477 2007 2547 2061 ita
2591 2022 2697 2060 non
2742 2003 3057 2070 advertitis,
3097 2017 3204 2058 non
3237 1999 3432 2056 videtis
3474 1997 3703 2055 allectus

2101 2117 2262 2174 quam
2298 2112 2502 2169 turpes,
2535 2116 2698 2172 quam
2732 2099 3016 2155 indecoras
3048 2094 3366 2152 numinibus
3393 2091 3706 2149 attribuatis

2103 2194 2382 2250 insanias?
2412 2193 2550 2262 Quid
2574 2204 2659 2248 est
2689 2192 2833 2248 enim
2859 2189 3005 2246 aliud
3035 2189 3217 2256 irasci,
3245 2203 3406 2258 quam
3441 2185 3704 2248 insanire.

2103 2303 2265 2358 quam
2296 2286 2508 2351 furere,
2539 2301 2699 2356 quam
2728 2286 2782 2340 in
2814 2283 3036 2339 ultionis
3070 2280 3349 2337 libidinem
3379 2277 3540 2345 ferri,
3567 2286 3623 2332 et
3649 2276 3706 2330 in

2104 2382 2327 2437 alterius
2355 2380 2558 2435 doloris
2587 2394 2827 2441 crucem,
2866 2398 2884 2430 ι
2922 2377 2974 2433 id
3001 2388 3116 2442 est,
3148 2375 3451 2431 crueiatum
3471 2413 3487 2436 ,
3525 2391 3545 2424 ι
3575 2369 3709 2426 ell'e-

2107 2472 2207 2527 rati
2242 2473 2473 2544 pectoris
2503 2471 2832 2526 alienatione
2874 2468 3291 2524 bacchari?.....
3322 2465 3422 2523 Ubi
3449 2464 3598 2521 enim
3628 2471 3714 2518 est

2109 2566 2273 2633 ullus,
2303 2568 2443 2621 sicut
2471 2566 2808 2636 sapientibus
2847 2564 3082 2631 videtur,
3113 2561 3362 2629 ali‘ectus,
3384 2559 3459 2615 ibi
3486 2573 3715 2615 necesse

2110 2675 2193 2719 est
2218 2678 2340 2719 esse
2373 2665 2700 2733 passionem.
2744 2663 2841 2720 Ubi
2874 2663 3055 2734 passio
3081 2663 3186 2717 sita
3212 2669 3317 2727 εει,
3347 2660 3718 2729 perturbatio-

2113 2771 2238 2812 nem
2275 2765 2706 2812 consentaneum
2755 2764 2841 2811 est
2895 2754 3176 2824 consequi.
3231 2753 3336 2810 Ubi
3381 2742 3722 2824 perturbatio

2113 2858 2218 2916 est,
2249 2848 2322 2904 ibi
2347 2849 2504 2905 dolor
2533 2860 2589 2906 ct
2613 2847 2881 2920 aegritudo
2912 2857 3016 2904 est.
3053 2846 3151 2903 Ubi
3183 2845 3340 2902 dolor
3367 2856 3421 2901 ει
3450 2843 3718 2917 aegritudo

2115 2953 2223 3007 est,
2255 2942 2618 2997 imminutioni
2649 2951 2705 2997 et
2728 2939 3064 3006 corruptioni
3103 2940 3214 3009 jam
3262 2939 3415 2994 locus
3454 2949 3558 2993 est.
3583 2937 3720 3005 Qua:

411 3051 636 3120 capitur,
667 3045 863 3117 alioqui
890 3046 1034 3100 locus
1061 3041 1150 3112 qui
1184 3041 1357 3111 ipsum
1385 3036 1554 3107 capit.
1594 3050 1652 3088 eo
1681 3032 1849 3102 major
1873 3030 2017 3084 ίηυε·
2118 3035 2226 3091 duo
2255 3035 2301 3090 si
2344 3044 2569 3100 vexant,
2601 3034 2757 3089 adest
2784 3033 2993 3088 vicinus
3023 3031 3306 3095 interitus,
3353 3045 3502 3085 mors
3533 3027 3720 3083 omnia

419 3143 635 3197 "iretur.
667 3138 809 3194 Nam
853 3137 909 3192 id
935 3136 1073 3206 quod
1107 3134 1248 3202 capit
1277 3148 1370 3199 eo,
1406 3127 1545 3201 quod
1571 3126 1807 3197 capitur,
1849 3122 2019 3192 majus
2121 3130 2314 3204 ilniens
2350 3149 2368 3183 ι
2403 3129 2646 3200 (Arnob.,
2676 3129 2766 3183 lib.
2793 3144 2830 3195 ι,
2855 3143 2975 3199 pag.
3003 3126 3115 3198 10).
3146 3125 3307 3197 Atqui
3337 3124 3453 3180 haec
3473 3124 3590 3194 ipsa
3616 3132 3726 3188 est,

413 3245 509 3291 est.
543 3233 676 3289 Deus
699 3232 836 3288 enim
866 3229 978 3284 loco
1009 3241 1331 3299 nequaquam
1360 3219 1816 3283 circumscribitur,
1845 3230 2018 3270 verum

2124 3224 2299 3296 inquit
2328 3222 2628 3290 Heraldus,
2663 3221 2967 3279 Stoicorum
3000 3220 3218 3292 opinio,
3251 3218 3404 3291 cujus
3434 3218 3729 3273 falsitatem

415 3335 526 3402 ipse
574 3339 649 3385 est
691 3325 922 3382 omnium
967 3325 1130 3379 locus.
1178 3317 1546 3388 Quamobrem
1583 3312 1854 3384 Autolyco
1882 3308 2012 3379 obji-

2123 3319 2204 3376 sic
2230 3317 2542 3374 Lactantius
2568 3317 2843 3388 patefecit,
2869 3326 2927 3371 ut
2957 3320 3095 3370 hanc
3117 3313 3342 3370 Arnobii
3367 3313 3727 3383 pmceptoris

417 3422 580 3478 cienti
612 3421 779 3477 Deum
800 3462 816 3485 ,
854 3418 930 3474 uti
969 3429 1124 3473 sacra
1155 3411 1433 3483 Scriptura
1468 3405 1810 3470 testiﬁcatur,
1840 3403 1893 3457 in
1922 3416 2017 3471 pa-

418 3515 601 3572 radiso
626 3511 954 3575 ambulasse,
986 3506 1283 3580 respondet
1304 3503 1356 3560 id
1383 3503 1488 3558 dici
1510 3500 1579 3556 de
1609 3498 1785 3556 Verbo
1811 3495 2018 3562 divino,

418 3626 449 3665 ει
496 3623 606 3679 quo
647 3616 704 3663 et
745 3619 976 3677 persona
1028 3600 1208 3657 Patris
1253 3607 1529 3667 assumpta
1570 3603 1689 3657 est,
1741 3600 1796 3647 et
1839 3586 2022 3645 omnia

417 3713 600 3762 creata
627 3712 772 3759 sunt.
799 3703 869 3756 Al.
888 3701 1033 3761 Θιὸς.
1065 3695 1258 3767 inquit,
1292 3697 1378 3750 καί
1403 3695 1575 3762 πατὴρ
1604 3695 1704 3744 τῶν
1725 3685 1848 3742 ὅλων
1871 3686 2022 3757 ἀχὼ-

420 3800 574 3876 ρητός
613 3801 758 3861 ἐστι,
799 3797 887 3850 καὶ
912 3796 962 3848 ἐν
998 3792 1142 3862 τόπῳ
1180 3791 1288 3860 οὐχ
1319 3787 1632 3862 εὑρίσκεται,
1669 3784 1727 3837 οὐ
1767 3781 1867 3854 γάρ
1908 3779 2024 3832 ian

421 3894 582 3953 τόπος
622 3900 714 3951 τῆς
756 3887 1137 3946 καταπαύσεως
1166 3883 1349 3938 αὐτοῦ.
1386 3880 1524 3933 Deus
1549 3878 1901 3931 universorum
1930 3886 2024 3941 pa-

423 3997 500 4042 ter
527 3986 640 4040 loco
684 3999 774 4038 nec
802 3979 1107 4046 includitur,
1150 3991 1309 4047 neque
1348 3973 1402 4027 in
1432 3971 1543 4026 loco
1587 3967 1875 4033 invenitur,
1921 3978 2023 4018 non

423 4081 559 4136 enim
582 4089 658 4134 est
688 4077 855 4140 locus,
882 4075 935 4128 in
960 4089 1061 4144 quo
1081 4071 1191 4142 ipse
1216 4068 1464 4135 quiescat.

494 4171 636 4241 Quid
660 4170 863 4227 clarius
892 4175 947 4222 et
990 4163 1168 4235 aptius
1196 4158 1501 4218 desiderari
1549 4163 1728 4228 potest
1755 4152 1820 4208 ad
1853 4149 2023 4207 stabi-

425 4266 666 4323 liendam
713 4277 902 4318 veram
947 4270 1110 4329 atque
1159 4253 1522 4320 orthodoxam
1574 4248 1799 4306 Arnobii
1854 4243 2028 4302 nostri

427 4360 756 4423 doctrinam,
777 4354 870 4425 qui
892 4352 1023 4408 alibi
1048 4349 1225 4406 adhuc
1246 4355 1563 4404 constanter
1591 4349 1890 4406 asseverat,
1915 4337 2030 4394 veri

431 4455 527 4512 Dei
560 4451 840 4526 proprium
871 4462 1024 4513 esse;
1075 4454 1134 4501 nt
1178 4445 1359 4501 omnia
1389 4441 1440 4496 vi
1473 4455 1571 4496 sua
1599 4436 1890 4507 compleat.
1928 4451 2032 4489 non

433 4546 688 4620 partiliter
715 4543 955 4615 uspiam,
989 4537 1196 4610 inquit,
1229 4536 1281 4592 id
1321 4546 1436 4602 est,
1469 4547 1744 4600 nunquam
1789 4527 1993 4584 divisus
2013 4569 2028 4593 ,

431 4641 517 4698 vel
540 4647 599 4696 ut
617 4637 746 4694 alibi
767 4636 905 4693 dixit
922 4632 1164 4708 (Arnob.,
1190 4631 1279 4686 lib.
1299 4647 1372 4696 vt,
1395 4647 1515 4701 pag.
1541 4626 1646 4683 192
1665 4636 1712 4680 et
1733 4643 1854 4697 pag.
1875 4622 2029 4695 204),

2123 3413 2207 3469 sui
2225 3412 2553 3468 sententiam
2585 3410 2972 3481 perstrinxisse
2995 3408 3266 3464 videatur.
3289 3405 3546 3474 Quamvis
3573 3405 3725 3461 enim

2126 3506 2219 3562 ille
2261 3505 2458 3560 alicubi
2504 3515 2716 3561 asserat
2759 3505 2893 3560 iram
2921 3518 3028 3559 non
3061 3501 3258 3560 decere
3291 3500 3568 3558 hominem
3596 3517 3729 3573 gra-

2123 3613 2244 3654 vem
2272 3613 2335 3654 ac
2358 3597 2685 3668 sapientem,
2707 3595 2840 3654 alibi
2869 3607 3049 3654 tamen
3073 3593 3313 3654 ostendit
3336 3592 3505 3651 Deum
3538 3608 3734 3651 revera

2123 3706 2307 3747 nasot.

2195 3784 2303 3841 Sed
2335 3785 2425 3840 illa
2460 3783 2677 3840 Heraldi
2722 3783 3032 3841 criminatio
3078 3781 3270 3840 frivola
3313 3781 3476 3855 plane
3515 3791 3641 3850 est,
3676 3791 3737 3840 et

2163 3878 2320 3934 uerili
2361 3877 2763 3949 amphibologia
2804 3875 3037 3933 laborat.
3080 3873 3165 3932 Ira
3211 3875 3479 3947 siquidem
3520 3873 3740 3931 duobus

2125 3971 2298 4029 modis
2323 3971 2623 4042 accipitur,
2672 3985 2740 4026 ac
2783 3970 3016 4041 primum
3063 3985 3092 4024 a
3137 3967 3402 4026 Cicerone
3430 3968 3690 4024 delinitur
3717 3984 3736 4023 :

2133 4085 2151 4119 ι
2181 4064 2375 4121 Libido
2401 4063 2658 4133 puniendi
2686 4063 2824 4133 ejus,
2849 4063 2941 4134 qui
2969 4061 3216 4118 videatur
3245 4061 3454 4118 laesisse
3475 4059 3677 4130 injuria
3713 4079 3732 4112 ι

2127 4157 2342 4232 (Cicer.,
2391 4157 2484 4213 lib.
2515 4173 2568 4213 tv
2614 4155 2867 4223 Tuscul.,
2901 4173 3022 4227 pag.
3056 4155 3197 4223 166,
3245 4155 3340 4209 lin.
3373 4151 3453 4224 8).
3500 4152 3641 4222 Quid
3673 4151 3748 4207 sit

2127 4265 2310 4308 autem
2335 4250 2506 4308 libido
2528 4253 2573 4308 si
2595 4253 2665 4308 ab
2688 4252 2808 4322 ipso
2827 4264 3076 4321 quaeras:
3112 4268 3131 4300 ι
3161 4247 3280 4312 Εει,
3311 4267 3330 4301 ι
3366 4247 3562 4318 inquit,
3595 4264 3615 4295 ι
3642 4246 3747 4301 im-

2131 4346 2408 4402 moderata
2438 4347 2702 4418 appetitio
2729 4343 2934 4415 Opinati
2973 4342 3154 4415 magni
3183 4342 3309 4397 boni
3331 4382 3347 4407 ,
3388 4341 3584 4398 rationi
3629 4357 3742 4397 non

2130 4442 2514 4513 obtemperans
2545 4459 2565 4494 ι
2615 4439 2825 4514 (Idem,
2875 4441 2968 4494 lib.
3013 4454 3102 4504 ιιι,
3153 4454 3274 4508 pag.
3321 4436 3454 4501 151,
3489 4435 3583 4489 lin.
3621 4433 3743 4506 40).

2129 4533 2494 4601 Quamobrem
2547 4549 2575 4586 a
2622 4532 2829 4588 Seneca
2879 4531 3076 4588 dicitur
3119 4529 3345 4585 allectus
3391 4528 3628 4584 maxime
3671 4542 3743 4582 ex

2132 4625 2384 4681 omnibus
2407 4635 2541 4681 teter
2566 4641 2630 4681 ac
2658 4625 2895 4691 rabidus,
2923 4623 3016 4695 qui
3045 4631 3191 4677 totus
3219 4621 3525 4677 concitatus
3557 4621 3608 4675 in
3637 4620 3733 4674 im-

435 4734 708 4805 partilitcr,
742 4740 892 4798 atque
918 4728 972 4784 in
1010 4725 1236 4781 membra
1266 4725 1477 4788 diuisus,
1509 4721 1603 4778 sed
1629 4721 1830 4792 ubique
1866 4728 2030 4785 totus,
2061 4716 2117 4779 Ι)
2141 4729 2267 4792 petu
2296 4717 2501 4774 doloris
2531 4731 2635 4785 est,
2661 4727 2718 4774 et
2743 4734 2902 4789 quem
2940 4737 2958 4769 ι
2989 4714 3234 4772 nonnulli
3275 4713 3551 4784 sapientes
3583 4713 3742 4771 dixe-

434 4829 508 4883 ita
537 4836 595 4882 ut
625 4839 727 4881 nec
770 4822 940 4889 adsit,
973 4836 1075 4876 nec
1116 4819 1248 4874 absit
1282 4834 1301 4872 :
1329 4831 1512 4873 verum
1543 4815 1868 4886 ubicumque
1900 4830 2038 4882 pra:-

2144 4822 2270 4868 runt
2295 4812 2515 4868 bl‘th‘m
2540 4811 2838 4890 insaniam»
2874 4810 3110 4881 (Serua,
3141 4809 3230 4863 lib.
3256 4823 3272 4863 ι
3295 4808 3359 4862 de
3379 4805 3495 4874 Ira,
3544 4824 3663 4878 cap.
3693 4808 3747 4874 1,

438 4936 568 4978 εειιε
588 4961 605 4985 ,
635 4931 830 4974 omnes
855 4931 923 4972 ex
955 4929 1300 4987 quacumque
1332 4911 1516 4967 mundi
1557 4918 1709 4980 parte
1756 4909 2041 4980 loquentes
2143 4909 2232 4963 lib.
2259 4924 2317 4975 ιι,
2350 4923 2467 4978 cap.
2490 4906 2582 4973 55,
2603 4916 2651 4960 et
2681 4906 2770 4961 lib.
2799 4923 2880 4972 ιιι,
2908 4923 3026 4976 cap.
3055 4905 3090 4960 '5
3116 4914 3162 4959 et
3193 4904 3272 4973 Δ).
3302 4901 3412 4959 Νεε
3433 4903 3605 4959 semel
3628 4902 3756 4974 qui-

438 5013 644 5081 audiat,
666 5020 829 5082 atque
853 5024 1040 5066 eorum
1072 5008 1260 5064 tacitas
1285 5004 1483 5061 mentis
1510 5002 1869 5072 cogitationes
1900 4999 2042 5055 auti-

437 5110 617 5181 cipata
643 5104 957 5177 cognitione
985 5101 1298 5174 prospiciat.

512 5201 781 5256 Praeterea
810 5201 973 5254 docet
1002 5203 1227 5257 rectam,
1260 5193 1481 5265 dignam
1514 5191 1646 5260 Deo,
1678 5198 1735 5247 et
1760 5203 1882 5261 qua:
1913 5187 2042 5243 reli-

441 5297 657 5369 gionem
686 5291 967 5350 constituit
998 5289 1138 5346 hanc
1162 5303 1286 5345 esse
1331 5284 1658 5343 sententiam
1680 5325 1695 5350 ,
1730 5298 1832 5355 qua
1860 5280 2043 5339 credi-

443 5407 566 5447 mus
594 5389 748 5444 illum
776 5386 912 5442 nihil
942 5385 1147 5441 habere
1175 5383 1382 5439 homini
1414 5380 1616 5448 simile,
1650 5378 1781 5435 nihil
1813 5391 2044 5448 exspec-

446 5493 563 5540 tare
604 5482 945 5540 extrinsecus
985 5479 1314 5544 adveniens,
1357 5477 1506 5533 nullo
1555 5475 1685 5541 iraa,
1719 5472 2044 5544 voluptatis,

450 5580 692 5647 honoris,
723 5576 1059 5640 ambitionis,
1093 5575 1361 5631 mercedis
1385 5572 1600 5638 affectu,
1631 5569 1714 5626 vel
1736 5569 1899 5624 animi
1924 5583 2050 5640 per-

449 5672 762 5730 turbatione
788 5670 996 5727 moveri
1024 5687 1037 5724 :
1071 5679 1126 5725 et
1145 5669 1290 5739 quod
1321 5668 1395 5724 illi
1427 5667 1707 5736 prOprium
1740 5673 1842 5727 est,
1873 5680 1967 5718 sua
1998 5678 2051 5717 se

451 5771 499 5824 vi
539 5783 721 5834 nosse,
767 5764 871 5822 hoc
893 5773 1013 5833 εει,
1061 5765 1301 5836 seipsum
1346 5770 1581 5832 quantus
1608 5757 1893 5831 qualisque
1933 5766 2050 5828 est,

2144 5004 2264 5060 dem
2300 5003 2567 5074 pessimos
2611 4999 3022 5072 horrendosque
3058 4998 3177 5067 ejus
3204 4997 3434 5054 etlectus
3463 4992 3755 5051 describit.

2148 5101 2486 5170 Augustinus
2530 5112 2661 5153 vero
2707 5095 2910 5165 aliquid
2942 5091 3208 5164 superiori
3247 5090 3529 5147 Ciceronis
3565 5087 3764 5144 delini-

2144 5193 2280 5251 tioni
2326 5194 2552 5264 insuper
2598 5189 2836 5262 adjecit:
2885 5208 2904 5240 ι
2938 5189 3114 5258 Ipsam
3162 5187 3320 5251 iram,
3353 5204 3371 5237 ι
3405 5185 3508 5248 ait,
3563 5203 3582 5234 ι
3613 5181 3758 5238 nihil

2147 5289 2296 5348 aliud
2335 5305 2486 5355 esse,
2536 5303 2697 5359 quam
2730 5281 3026 5343 ulciscendi
3071 5280 3352 5338 libidinem
3381 5290 3595 5335 veteres
3620 5277 3763 5333 deii-

2151 5389 2370 5444 nierunt
2391 5427 2407 5452 ,
2441 5383 2692 5456 quamvis
2727 5389 3112 5450 nonnunquam
3145 5376 3339 5441 homo,
3385 5373 3474 5428 ubi
3506 5370 3767 5426 vindictae

2153 5479 2334 5535 nullus
2374 5486 2456 5533 est
2494 5491 2687 5533 sensus
2709 5516 2725 5541 ,
2767 5475 2929 5530 etiam
2957 5471 3121 5527 rebus
3153 5467 3405 5524 inanimis
3439 5466 3709 5520 irascatur
3738 5481 3759 5516 ι

2154 5572 2423 5646 (August.,
2457 5571 2546 5626 lib.
2585 5583 2679 5624 XIV
2706 5567 2768 5622 de
2795 5567 2972 5627 Civit.,
2999 5580 3114 5639 cap.
3143 5562 3231 5626 15,
3257 5579 3376 5633 pag.
3403 5558 3553 5629 567).

2227 5663 2387 5721 Nulla
2433 5671 2614 5718 autem
2663 5657 2943 5716 dubitandi
2994 5657 3135 5712 ratio
3182 5661 3300 5718 est,
3345 5654 3473 5723 quin
3517 5652 3634 5707 lucc
3684 5650 3766 5707 ira

2160 5759 2302 5816 mala
2331 5758 2403 5815 sit
2428 5766 2485 5814 et
2511 5753 2886 5826 improbanda.
2915 5750 3049 5808 Nam
3081 5759 3138 5806 ut
3171 5756 3320 5804 recte
3341 5743 3499 5800 docet
3523 5743 3766 5800 Ambro-

452 5864 716 5936 perlecte,
747 5876 954 5934 suaque
996 5860 1051 5916 vi
1077 5871 1413 5931 cognoscere
1443 5855 1560 5932 (lib.
1588 5871 1686 5922 vn,
1721 5870 1844 5926 pag.
1876 5851 1986 5908 222
2008 5861 2057 5907 et
2159 5852 2313 5909 sius:
2350 5870 2370 5904 ι
2402 5848 2720 5908 Potentibus
2768 5847 2845 5902 ira
2890 5861 2986 5902 sua
3014 5843 3197 5917 gravis
3237 5848 3342 5908 est,
3372 5838 3634 5909 improbis
3667 5853 3769 5894 ne-

457 5957 611 6033 242).
637 5960 704 6018 Et
729 5930 883 6019 recte
893 5956 1111 6032 quidem
1130 5930 1295 6024 tuam
1323 5930 1485 6020 Deus,
1513 5952 1608 6025 qui
1627 5951 1871 6010 omnium
1893 5961 2060 6006 causa
2160 5945 2352 6021 quitia,
2393 5943 2554 6019 iustis
2575 5940 2900 6001 conditionis
2946 5936 3262 5996 inﬁrmitas»
3291 5932 3582 6007 (Ambros.,
3611 5930 3703 5987 tib.
3729 5945 3768 5992 ιι
