3918 6388
467 420 577 479 459

1747 406 2200 470 DISSERTATIO
2237 405 2518 466 PBxEVlA
3653 404 3738 464 ιω

465 531 887 607 distinguendo?
914 530 1050 602 Quis
1075 543 1310 602 namque
1346 528 1401 584 in
1441 527 1611 585 sacris
1638 527 1842 584 nostris
1873 527 2054 597 Scrip-
2085 539 2139 599 Α
2163 522 2309 579 Deus
2351 523 2533 595 itaque
2578 521 2719 578 sicut
2758 529 2812 576 et
2847 517 3094 576 Christus
3136 518 3410 577 neminem
3450 519 3619 591 cogit,
3659 522 3735 576 sed

469 632 603 687 turis
633 645 741 685 non
775 629 934 699 plane
962 627 1179 698 hospes,
1209 641 1274 682 ac
1305 624 1620 696 peregrinus
1640 665 1655 691 ,
1687 626 1898 680 nesciat
1935 621 2062 676 mali

465 725 671 794 culpat,
703 723 815 777 Deo
847 721 1212 792 permittente,
1242 717 1538 782 diabolum,
1570 715 1699 771 tnali
1734 730 1863 772 vero
1889 729 2064 786 pinnae

472 809 824 882 peccantibus
852 807 1090 874 inﬂictae,
1119 806 1406 876 ipsummet
1437 804 1628 869 Deum,
1657 811 1806 858 recto
1833 816 1962 856 sane
1983 801 2066 870 ju-

464 903 606 966 dicio
634 917 756 959 esse
781 899 1097 957 auctorem?
1125 897 1316 954 Nonne
1355 896 1518 952 etiam
1559 895 1689 950 illud
1721 894 1932 951 discere
1963 908 2061 964 po-

465 995 562 1062 tuit
590 1010 656 1051 ex
687 993 1041 1060 Tertulliano,
1065 990 1156 1062 qui
1180 989 1396 1062 quidem
1425 990 1515 1045 ubi
1543 988 1805 1044 adversus
1834 986 2063 1043 Marcio-

460 1090 546 1144 nis
575 1087 644 1144 de
671 1088 814 1144 malo
840 1086 942 1143 deo
969 1083 1236 1140 malorum
1279 1091 1501 1138 auctore
1524 1094 1766 1137 errorem
1796 1079 2055 1146 disputat,

455 1183 533 1239 ibi
564 1184 700 1239 scite
727 1193 1015 1249 utrumque
1041 1177 1179 1233 illud
1207 1176 1406 1232 malum
1437 1174 1756 1246 distinguit:
1793 1192 1812 1226 ι
1848 1171 1958 1228 Nos
1979 1212 1995 1238 ,
2029 1190 2050 1225 ι

455 1277 663 1347 inquit,
699 1293 718 1327 ι
754 1273 992 1330 adhibita
1021 1271 1366 1328 distinctione
1396 1271 1674 1340 utriusque
1713 1268 1932 1335 formae,
1965 1282 2056 1322 se-

455 1371 658 1442 paratis
688 1368 842 1424 malis
869 1367 1070 1434 delicti,
1102 1376 1157 1421 et
1189 1365 1344 1420 malis
1369 1364 1638 1435 supplicii,
1669 1363 1828 1417 malis
1850 1361 2048 1431 culpae,

453 1475 510 1521 et
548 1464 704 1519 malis
744 1476 943 1534 pinnat,
974 1475 1132 1516 suum
1163 1458 1360 1528 cuique
1389 1457 1525 1526 parti
1555 1455 1842 1511 deﬁnimus
1868 1465 2052 1508 aucto-

453 1573 571 1614 rem
607 1575 620 1610 :
652 1554 918 1611 malorum
947 1551 1167 1624 quidem
1209 1549 1413 1621 peccati
1449 1557 1505 1604 et
1530 1550 1699 1620 culp-.e
1736 1545 2049 1602 diabolum:

451 1651 718 1706 malorum
759 1663 888 1704 vero
918 1644 1163 1717 supplicii
1200 1653 1256 1698 et
1295 1658 1470 1712 poena:
1515 1641 1682 1697 Deum
1712 1647 2050 1702 creatorem;

453 1751 511 1796 ut
557 1741 644 1795 illa
695 1753 822 1810 pars
867 1736 1086 1792 malitiae
1132 1735 1451 1806 deputetur,
1489 1731 1866 1801 iatajustitiae,
1909 1730 2050 1785 mala

448 1835 732 1890 candentis
768 1832 968 1903 judicia
995 1830 1256 1885 adversus
1289 1828 1426 1882 mala
1454 1827 1657 1882 delicti.
1691 1827 1764 1881 De
1800 1827 1881 1879 his
1917 1840 2049 1895 ergo

2170 629 2361 673 omnes
2386 614 2668 687 aequaliter
2699 625 2876 682 vocat,
2911 624 2965 671 et
2990 617 3199 671 cunctis
3225 613 3290 670 ad
3317 629 3380 670 se
3405 614 3651 672 veniendi
3673 616 3738 670 fa-

2167 709 2243 763 cit
2276 716 2620 780 potestatem.
2661 708 2718 763 Si
2748 707 2869 778 quis
2898 721 3030 779 ergo
3065 723 3175 764 non
3216 708 3417 775 veniat,
3451 709 3599 763 illius
3628 721 3737 763 sane

2169 817 2277 858 non
2321 803 2414 858 Dei
2455 803 2612 872 culpa
2655 812 2758 860 est.
2793 803 2956 874 Atqui
2987 819 3054 859 ex
3081 803 3181 860 hac
3212 803 3621 860 ratiocinatione
3641 803 3737 859 evi-

2167 895 2360 952 denter
2408 895 2681 968 colligitur
2714 896 3012 952 Arnobium
3051 896 3349 953 credidisse
3389 897 3532 951 mala
3569 896 3735 968 culpae,

2165 989 2366 1055 delicti,
2399 999 2454 1043 et
2484 990 2721 1057 malitiae,
2751 1006 2854 1048 non
2888 1005 2955 1045 ex
2988 991 3117 1055 Deo,
3153 989 3250 1046 sed
3274 1004 3339 1045 ex
3372 989 3542 1045 libera
3570 1003 3737 1059 prava-

2163 1099 2268 1153 qne
2289 1083 2524 1139 hominis
2548 1083 2826 1140 voluntate
2851 1085 3118 1156 proﬁcisci
3145 1102 3159 1139 :
3191 1084 3328 1138 mala
3357 1095 3538 1140 autem
3569 1098 3738 1152 omnia,

2164 1175 2236 1230 uti
2269 1174 2470 1231 dictum
2496 1185 2601 1242 est,
2628 1175 2696 1232 ab
2723 1193 2788 1233 eo
2814 1177 3031 1248 quidem
3061 1175 3250 1247 inlligi,
3278 1178 3370 1233 sed
3395 1187 3617 1249 cogente
3638 1192 3740 1248 pec-

2161 1270 2395 1324 cantium
2449 1271 2683 1336 malitia,
2738 1286 2898 1340 quam
2954 1271 3271 1342 impunitam
3322 1269 3593 1327 dimittere
3645 1286 3735 1326 non

2159 1371 2355 1434 potest.

2229 1455 2430 1512 Contra
2459 1466 2636 1514 tamen
2657 1457 2878 1528 objiciet
2903 1458 3100 1530 aliquis
3125 1459 3421 1515 Arnobium
3451 1467 3740 1515 constanter

2157 1563 2386 1618 negasse
2410 1550 2574 1604 ullam
2599 1550 2924 1606 calamitatis
2952 1566 3168 1606 causam
3199 1545 3358 1622 posse
3387 1567 3634 1622 umquam
3656 1551 3738 1607 bo-

2160 1643 2397 1700 minibus
2437 1644 2505 1700 ab
2545 1645 2660 1714 ipso
2704 1644 2816 1700 Deo
2856 1644 3066 1701 inferri.
3115 1645 3324 1701 Diserte
3365 1645 3627 1717 siquidem
3665 1645 3740 1699 ille

2159 1736 2844 1809 pronuntiatuQuidquid
2882 1739 3026 1810 potis
3063 1751 3146 1794 est
3181 1754 3400 1795 causam
3440 1739 3742 1794 calamitatis

2157 1830 2382 1896 inferre,
2413 1831 2541 1903 quid
2571 1833 2642 1887 sit
2662 1833 2900 1902 primum
2929 1831 3220 1887 videndum
3245 1843 3348 1896 est,
3376 1810 3431 1886 et.
3452 1831 3522 1886 ab
3550 1830 3642 1886 Dei
3661 1845 3739 1885 uo-

445 1936 659 1982 creator
686 1924 969 1996 proﬁtetur
1008 1921 1194 1986 malis,
1224 1936 1344 1989 qua:
1369 1928 1678 1988 congruunt
1699 1917 1888 1989 judici.
1913 1917 2046 1986 Qua:

2170 1926 2297 1980 nine
2346 1926 2658 1997 longissima
2708 1926 2872 1982 debet
2916 1926 3210 1983 diﬁ‘eritatc
3259 1929 3469 1998 seponi.
3509 1947 3528 1980 ι
3564 1927 3738 2000 (Idem,

446 2023 663 2096 quidem
695 2021 834 2076 mala
880 2019 986 2074 illis
1027 2018 1166 2072 mala
1210 2027 1366 2082 sunt,
1395 2015 1591 2086 quibus
1635 2013 2047 2085 rependuntur:

441 2127 697 2170 caeterum
720 2128 823 2177 suo
847 2111 1067 2167 nomine
1091 2110 1254 2172 bona,
1279 2124 1382 2178 qua
1401 2107 1568 2177 justa,
1595 2115 1651 2162 et
1676 2105 1943 2161 bonorum
1965 2105 2054 2161 de-

444 2215 700 2280 fcnsoria,
732 2222 789 2270 et
813 2210 1135 2266 delictorum
1165 2207 1407 2273 inimica,
1437 2214 1599 2276 atque
1644 2206 1694 2259 in
1725 2203 1830 2259 hoc
1858 2205 2053 2270 ordine

443 2309 557 2362 Deo
600 2305 782 2376 digna.
816 2322 833 2356 ι
867 2300 1232 2373 (Tertullian.,
1261 2299 1350 2353 lib.
1383 2315 1442 2365 ll,
1471 2299 1589 2352 adv.
1621 2297 1908 2362 Marciam,
1929 2314 2049 2366 cap.

443 2401 531 2465 M,
567 2415 685 2469 pag.
718 2394 875 2466 464.)
905 2394 1001 2448 Cui
1030 2393 1248 2464 quidem
1296 2391 1412 2445 hate
1454 2391 1673 2446 uberius
1705 2389 2051 2460 prosequenti

442 2503 496 2548 ct
534 2492 798 2548 asserenti
839 2489 1199 2558 sull't'ag'antur
1247 2485 1542 2556 Origenes,
1605 2485 1938 2556 Augustinus
1996 2491 2052 2537 et

442 2588 533 2641 alii
557 2600 750 2656 magno
776 2597 1003 2638 numero
1025 2590 1078 2636 et
1100 2594 1369 2636 consensu
1387 2578 1579 2632 Patres
1604 2577 1886 2638 Ecclesiae,
1910 2590 2048 2646 quos

443 2681 495 2736 in
531 2697 608 2745 re,
641 2676 776 2734 nulli
806 2674 1098 2746 incognita,
1133 2673 1220 2727 hic
1249 2672 1523 2743 appellare
1551 2670 1683 2723 nihil
1716 2683 1938 2723 necesse
1963 2677 2048 2723 est

444 2777 618 2849 (Orig.
644 2817 658 2840 ,
693 2775 781 2828 lib.
825 2789 898 2838 vr,
943 2782 1110 2826 contr.
1155 2768 1291 2823 Cels.
1313 2809 1328 2832 ,
1361 2784 1480 2838 pag.
1513 2765 1653 2828 324;
1682 2765 1922 2834 Aagusl.,
1954 2763 2044 2816 lib.

442 2883 610 2927 contr.
642 2870 934 2932 Adimant.,
963 2882 1077 2933 cap.
1109 2863 1212 2929 26,
1241 2859 1392 2932 etc.).
1421 2858 1689 2929 Numquid
1719 2874 1849 2927 ergo
1876 2860 2052 2912 Aruo-

444 2966 564 3020 bius
591 2967 708 3017 haec
738 2959 1024 3032 ignoravit,
1052 2968 1143 3011 aut
1166 2956 1209 3010 si
1241 2963 1518 3022 comperta
1542 2950 1749 3016 habuit,
1781 2966 1875 3004 cur
1900 2947 2049 3002 brevi

443 3056 826 3128 explicatione,
859 3053 942 3107 vel
973 3049 1204 3119 duplicis
1231 3046 1356 3100 mali
1393 3043 1762 3104 distinctione,
1795 3057 1900 3095 non
1941 3041 2049 3094 sol-

441 3154 518 3207 vit
549 3150 773 3220 hujusce
803 3143 1136 3202 difticultatis
1162 3139 1404 3196 nodum?
1435 3135 1703 3206 Numquid
1731 3149 2049 3206 persuasum

445 3246 519 3300 illi
550 3256 685 3309 erat,
717 3240 859 3311 quod
887 3255 913 3290 a
942 3236 1189 3307 proxime
1227 3235 1392 3287 citato
1417 3230 1649 3298 Origene
1683 3227 1885 3282 dictum
1915 3225 2049 3295 legi-

2163 2018 2251 2073 lib.
2282 2033 2378 2084 vn,
2415 2036 2534 2090 pag.
2577 2018 2733 2089 228.)
2774 2019 2965 2076 Nonne
3006 2030 3186 2075 autem
3222 2019 3306 2074 his
3350 2020 3437 2076 ille
3481 2021 3658 2077 verbis
3699 2022 3742 2075 in

2159 2113 2488 2183 ipsissimum
2530 2113 2752 2170 oft‘emtit
2783 2113 3071 2169 Marcionis
3111 2129 3374 2180 errorem,
3409 2130 3516 2184 quo
3551 2115 3740 2185 garrio-

2160 2205 2252 2260 bat
2277 2205 2442 2260 Deum
2465 2205 2685 2275 quidem
2710 2205 2976 2262 bonorum
3001 2221 3120 2260 esse
3141 2218 3441 2273 auctorem,
3473 2205 3611 2262 mala
3633 2222 3744 2262 vero

2157 2299 2362 2365 omnia,
2401 2313 2757 2370 quaecumque
2791 2299 2920 2366 sint,
2963 2313 3032 2352 ex
3057 2299 3164 2353 alio
3190 2298 3422 2369 quodam
3453 2299 3596 2354 malo
3617 2299 3745 2370 priu-

2162 2395 2308 2464 cipio
2339 2393 2626 2448 manasse?

2230 2485 2433 2540 \‘erum
2465 2485 2559 2556 qui
2593 2486 2665 2539 ita
2699 2495 3130 2558 argumentatur,
3164 2485 3210 2540 is
3241 2486 3484 2556 profecto
3521 2487 3744 2541 animum

2158 2593 2264 2631 non
2297 2579 2430 2633 satis
2458 2579 2694 2633 advertit
2721 2580 3019 2634 Arnobium
3062 2579 3133 2633 tbi
3174 2580 3487 2649 opinionem
3517 2581 3745 2636 refellere

2155 2670 2460 2740 gentilium,
2492 2671 2583 2741 qui
2618 2672 2781 2726 stulte
2810 2671 3210 2726 contendebant
3239 2670 3375 2727 alios
3406 2672 3537 2727 deos
3573 2684 3744 2727 natura

2155 2779 2250 2818 sua
2280 2764 2450 2820 honos
2474 2780 2597 2820 esse
2623 2775 2680 2820 et
2711 2779 3021 2836 prosperos.
3055 2765 3190 2819 alios
3227 2780 3351 2819 vero
3381 2766 3556 2820 malos
3583 2775 3635 2820 et
3663 2763 3747 2818 ad-

2158 2871 2365 2920 versos,
2395 2865 2557 2927 atque
2606 2858 2706 2911 hos
2743 2858 3007 2912 malorum
3040 2857 3281 2911 omnium
3315 2866 3369 2912 et
3398 2857 3745 2913 calamitatum

2166 2965 2286 3016 qua:
2331 2965 2456 3004 vera
2493 2950 2630 3004 mala
2675 2950 2921 3005 Ethnicis
2951 2950 3289 3016 videbantur,
3324 2966 3446 3006 esse
3485 2963 3749 3014 anetores;

2170 3051 2224 3096 ta
2257 3052 2434 3098 tamen
2459 3052 2519 3098 ut
2545 3042 2757 3109 hostiis,
2787 3041 3091 3109 sacriﬁciis,
3119 3043 3347 3111 aliisque
3376 3043 3678 3114 superstitio
3691 3043 3756 3112 sis

2162 3136 2357 3190 ritibus
2398 3137 2618 3205 placati,
2649 3136 2718 3191 de
2751 3137 2906 3190 malis
2944 3134 3136 3192 ﬁerent
3165 3137 3315 3203 horti,
3348 3148 3442 3192 aut
3476 3147 3617 3193 certe
3654 3136 3756 3192 llo-

2157 3230 2290 3284 miui
2323 3245 2430 3285 non
2463 3241 2744 3285 nocerent.
2788 3230 3060 3302 Arnobius
3105 3244 3230 3284 vero
3269 3231 3486 3285 tametsi
3534 3230 3756 3284 fateatur

446 3350 532 3394 tur
558 3357 570 3394 :
600 3337 655 3392 Si
689 3337 811 3406 quis
839 3334 974 3388 alius
1014 3331 1164 3386 locus
1203 3339 1287 3384 est
1327 3327 1380 3380 in
1423 3325 1584 3380 rebus
1613 3323 1861 3377 humanis
1889 3336 2045 3374 scru-
2077 3329 2121 3391 ρ
2153 3322 2477 3378 christianos
2518 3322 2709 3378 iisdem
2740 3332 2904 3393 atque
2933 3322 3192 3377 Ethnicos
3223 3323 3459 3392 opprimi
3485 3322 3758 3377 calamita-

447 3444 559 3488 tntu
588 3429 825 3486 diflicilis
854 3437 1060 3480 ttatnrtB
1091 3431 1312 3484 nostra},
1344 3420 1488 3474 inter
1514 3418 1611 3471 hos
1640 3417 1832 3470 merito
1859 3428 2050 3468 nume~

451 3525 558 3579 rari
602 3532 778 3592 potest
817 3518 1079 3573 malorum
1124 3514 1295 3583 origo.
1333 3530 1350 3562 >
1387 3509 1579 3583 (0rig.,
1625 3509 1713 3562 lib.
1757 3523 1844 3571 ιν,
1877 3515 2044 3560 contr.

448 3617 620 3680 Cels,
665 3631 784 3684 pug.
831 3611 986 3681 9.07.)
1024 3609 1114 3664 Sic
1163 3615 1342 3660 autent
1391 3603 1483 3658 ille
1533 3616 1708 3672 grmce
1758 3600 1994 3669 loquitur
2032 3616 2044 3652 :

447 3711 602 3785 Εἴπερ
641 3711 726 3776 οςῦν
754 3705 900 3767 ἄλλος
936 3726 1011 3764 τις
1044 3702 1203 3761 τόπος
1232 3707 1332 3754 τῶν
1368 3700 1417 3752 ἐν
1459 3699 1740 3768 ἀνθρώποις
1769 3696 2052 3760 ἐξετάσεως

449 3803 703 3876 δεόμενος,
735 3797 1052 3874 δυσθήρατός
1076 3797 1188 3849 ἐστι
1208 3801 1270 3864 τῇ
1293 3796 1441 3864 φίσου
1469 3793 1632 3863 ἡμῶν,
1665 3794 1713 3845 ἐν
1740 3792 1941 3850 τούτοις
1966 3790 2052 3842 καὶ

449 3900 479 3953 ἡ
510 3904 610 3951 τῶν
639 3901 806 3946 κακῶν
834 3891 1046 3960 ταχθείν
1069 3881 1342 3957 ἆνγένεσις.
1368 3882 1482 3936 Non
1508 3897 1725 3952 prorsus
1756 3881 1933 3949 inepta
1960 3879 2053 3934 tibi

453 3992 681 4045 fortasse
706 3984 973 4039 videbitur
999 3981 1113 4035 haec
1143 3980 1300 4042 ratio,
1329 3977 1372 4030 si
1406 3991 1694 4046 parumper
1715 3974 2054 4029 animadver-

456 4095 536 4139 tas
584 4081 722 4135 hanc
766 4077 834 4132 de
875 4075 1000 4129 mali
1049 4072 1256 4142 origine
1302 4069 1654 4140 qumstiouem
1693 4084 1851 4121 unam
1883 4084 1946 4121 ex
1989 4069 2056 4121 iis

456 4183 496 4232 Α
508 4174 698 4232 ruohio
727 4172 916 4236 videri,
941 4170 1008 4224 de
1030 4184 1132 4240 qua
1158 4168 1297 4221 inter
1319 4181 1376 4219 se
1398 4163 1760 4235 digladiantur
1783 4161 2051 4225 homines,

460 4271 704 4341 nihilque
728 4267 859 4322 certi
887 4281 916 4318 a
946 4280 1004 4320 se
1030 4262 1191 4317 statui
1219 4274 1383 4332 posse
1409 4257 1761 4314 conﬁtentur.
1788 4257 2060 4326 Quaprop-

465 4377 548 4422 ter
589 4379 656 4420 ne
684 4362 895 4431 longius
935 4356 1314 4426 disputationis
1349 4352 1496 4407 ﬁlum
1531 4351 1764 4412 ducere,
1809 4359 1863 4404 et
1900 4359 2057 4403 extra

467 4459 794 4530 propositum
822 4471 851 4508 a
877 4469 936 4509 se
962 4453 1031 4506 ibi
1059 4453 1126 4506 de
1154 4450 1330 4504 anima
1359 4448 1715 4517 quiestionem
1746 4445 1942 4498 diutius
1970 4459 2062 4498 va-

463 4554 576 4624 gari
606 4559 908 4620 cogeretur,
933 4546 1062 4600 satis
1090 4544 1189 4598 sibi
1226 4558 1345 4598 esse
1380 4541 1583 4610 putavit
1617 4539 1792 4608 palum
1822 4537 2062 4592 Ethnicis

467 4647 714 4702 omnibus
731 4641 1008 4697 declarare
1038 4638 1140 4693 hoc
1168 4651 1328 4691 unum
1355 4650 1384 4690 a
1405 4635 1720 4690 Christianis
1741 4643 1892 4686 certo
1913 4632 2062 4693 sciri,

2156 3419 2317 3482 tibus,
2349 3434 2410 3474 ac
2447 3420 2554 3474 Deo
2583 3419 2951 3489 permittente,
2990 3421 3351 3475 atrocissimis
3380 3420 3655 3491 suppliciis
3697 3420 3759 3474 ob

2155 3511 2300 3566 illius
2337 3510 2739 3568 confessionem
2779 3512 2845 3568 ab
2878 3513 3124 3567 Ethnicis
3164 3515 3344 3568 vexari
3383 3523 3439 3569 et
3476 3513 3756 3578 trucidari;

2158 3602 2273 3657 hcce
2302 3613 2501 3668 tamen,
2530 3606 2605 3659 uti
2639 3606 2889 3675 superius
2920 3605 3174 3670 vidimus,
3203 3621 3308 3660 non
3337 3605 3476 3660 mala
3505 3604 3755 3676 profecto,

2157 3700 2253 3753 sed
2303 3699 2440 3752 bona
2484 3715 2607 3754 esse
2649 3703 2861 3764 asserit,
2907 3699 3101 3770 quibus
3131 3700 3199 3755 ad
3240 3701 3508 3757 libertatis
3549 3712 3760 3756 :eternae

2158 3789 2332 3847 lucem
2354 3793 2676 3848 educantur.
2706 3793 2901 3864 (Idem,
2925 3794 3040 3848 libr.
3071 3811 3128 3860 ll,
3159 3811 3280 3864 pag.
3308 3794 3400 3861 98,
3425 3811 3544 3865 cap.
3569 3810 3758 3866 sepem,

2160 3903 2258 3942 art.
2289 3888 2370 3956 4.)

2231 3979 2401 4034 lieete
2445 3980 2688 4050 quidem,
2722 3981 2956 4052 inquies,
3005 3983 3048 4037 si
3107 3984 3377 4038 Arnobius
3415 3967 3762 4041 Ethnicorum

2162 4090 2406 4129 errorem
2432 4076 2755 4141 refellendo,
2785 4077 2920 4130 intra
2947 4079 3189 4131 Veritatis
3211 4080 3477 4134 terminos
3499 4093 3618 4134 sese
3641 4093 3765 4132 con-

2164 4165 2436 4220 tinuisset.
2483 4167 2586 4222 Sed
2633 4168 2719 4223 ille
2757 4170 3068 4239 generalem
3118 4171 3254 4225 hanc
3300 4171 3559 4242 nulloque
3600 4170 3764 4226 limite

2163 4259 2625 4330 circnn'tscriplam
2662 4261 2864 4329 profert
2889 4262 3246 4318 assertionem
3271 4281 3282 4315 :
3307 4281 3324 4314 ι
3353 4263 3618 4334 Quidquid
3640 4265 3767 4318 mite

2166 4363 2268 4417 est,
2304 4353 2681 4426 placidumque
2711 4366 2923 4422 natura,
2959 4357 3026 4411 ab
3059 4357 3290 4413 nocendi
3322 4360 3511 4429 procul
3538 4368 3620 4414 est
3645 4373 3762 4424 usu,

2163 4457 2218 4500 et
2243 4450 2570 4518 Cogitatione
2591 4450 2911 4505 discretum.
2940 4471 2958 4502 ι
2986 4452 3228 4524 (Ανηοὺ.,
3254 4452 3342 4506 lib.
3368 4469 3467 4522 vn,
3495 4472 3614 4525 pag.
3636 4451 3764 4516 228,

2168 4553 2211 4596 et
2253 4545 2420 4616 seqq.)
2462 4544 2600 4612 Quin
2643 4561 2771 4600 vero
2815 4545 3010 4601 ibidem
3054 4527 3254 4616 adjecit
3299 4565 3404 4603 non
3446 4549 3616 4619 magis
3655 4545 3770 4602 ﬁeri

2171 4652 2363 4706 posse;
2399 4641 2566 4710 utqui
2599 4652 2789 4694 natura
2821 4657 2918 4697 sua
2951 4643 3124 4696 bonus
3157 4653 3256 4708 est,
3290 4644 3445 4698 alteri
3479 4654 3688 4708 noceat,
3719 4649 3772 4697 et

471 4742 638 4796 Deum
668 4736 792 4792 mali
821 4750 921 4790 nec
945 4747 1164 4788 causam
1201 4745 1341 4794 esse,
1381 4745 1481 4784 nec
1506 4739 1806 4783 auctorem.
1839 4725 2062 4780 Difliteri
2090 4727 2145 4789 D
2173 4733 2376 4803 aliquid
2401 4732 2589 4789 aﬂ'crat
2628 4737 2777 4801 muli,
2803 4752 2963 4807 quam
2990 4746 3044 4789 ut
3077 4738 3212 4808 ignis
3236 4740 3286 4791 ln
3313 4738 3480 4808 frigus
3512 4744 3765 4792 mutetur.

469 4846 647 4890 tamen
677 4848 781 4886 non
826 4842 1107 4901 possumus
1140 4826 1278 4879 hanc
1304 4824 1371 4878 de
1402 4824 1526 4878 mali
1559 4832 1778 4878 auctore
1805 4820 2065 4891 disquisi-

469 4929 669 4983 tionem
700 4923 768 4978 ibi
797 4923 863 4975 ah
891 4922 1006 4989 ipso
1053 4918 1294 4988 potuisse
1330 4917 1527 4970 clarius
1568 4914 1862 4983 explicari;
1897 4927 2068 4980 quan-

472 5015 759 5089 doquidem
789 5014 880 5070 ille
910 5016 958 5067 in
992 5013 1094 5066 hoc
1128 5009 1319 5065 eodem
1347 5009 1488 5075 loco,
1512 5007 1565 5062 in
1593 5008 1695 5062 alia
1723 5009 1860 5062 scitu
1889 5007 2067 5061 minus

472 5113 650 5184 digna,
688 5124 784 5163 nec
811 5107 876 5161 ad
910 5106 1208 5159 institutum
1237 5103 1303 5157 de
1343 5101 1522 5156 anima
1550 5116 1857 5156 sermonem
1897 5100 2066 5170 magis

471 5203 848 5268 conducentia,
880 5199 1034 5268 longe
1061 5197 1318 5252 excurrit.

541 5301 725 5369 Neque
753 5305 930 5350 tamen
962 5293 1275 5348 inanimum
1305 5290 1532 5346 inducas
1565 5289 1693 5345 illud
1729 5293 1950 5346 omnino
1981 5292 2065 5346 in-

468 5407 672 5455 tactum
723 5394 789 5447 ab
827 5407 893 5446 co
934 5388 1191 5457 relinqui.
1235 5388 1429 5443 Postea
1470 5387 1614 5440 cnint
1650 5397 1834 5457 aperte
1874 5388 2070 5442 asserit

471 5494 661 5554 Deum,
699 5486 912 5543 tametsi
949 5483 1290 5550 omnipotens
1323 5483 1413 5548 sit,
1444 5481 1643 5536 nemini
1677 5497 1925 5551 umquam
1958 5481 2066 5534 vim

469 5587 535 5641 ad
568 5580 894 5640 credendum
932 5584 1025 5630 aut
1061 5575 1326 5644 agendum
1369 5575 1566 5630 inferre
1605 5574 1846 5646 (Aruob.,
1875 5575 1967 5629 lib.
2001 5589 2060 5638 ll,

470 5695 590 5747 pag.
639 5674 730 5737 88,
775 5683 822 5726 et
865 5664 1053 5739 aram).
1101 5665 1154 5720 Si
1199 5683 1356 5737 quem
1409 5668 1553 5722 enim
1596 5667 1817 5720 invitum
1862 5665 2063 5735 aliquid

465 5785 628 5842 agere
663 5776 900 5836 cogeret,
933 5777 1039 5816 non
1071 5760 1241 5828 gratia
1279 5759 1636 5828 proculdubio
1667 5759 1825 5822 foret,
1856 5761 1948 5813 scd
1984 5760 2066 5814 vis

467 5877 519 5920 et
563 5861 848 5933 injustitia,
885 5872 991 5926 qua
1021 5853 1283 5907 voluntati
1328 5853 1531 5921 liberte,
1564 5853 1632 5907 ad
1675 5853 1726 5907 id
1769 5853 1908 5922 quod
1954 5871 2059 5908 non

410 6006 443 6020 ,,
468 5959 601 6028 vult,
642 5973 706 6014 ac
745 5953 964 6025 refugit,
1006 5945 1272 6018 agendum
1323 5946 1619 6002 necessitas
1667 5946 2056 6016 imponeretur.

2175 4829 2316 4898 Ergo
2358 4830 2446 4884 ille
2482 4845 2667 4884 revera
2711 4831 2922 4886 censuit
2961 4833 3154 4898 Deum,
3197 4842 3385 4887 natura
3424 4849 3517 4887 sua
3551 4832 3771 4891 bonum,

2176 4921 2304 4974 nulli
2355 4937 2516 4991 posse
2557 4923 2724 4977 ullum
2771 4938 2974 4992 preme,
3017 4923 3362 4992 calamitatis,
3396 4934 3486 4979 aut
3527 4920 3774 4992 supplicii

2178 5014 2374 5068 malum
2413 5031 2618 5077 creare,
2651 5030 2748 5070 nec
2786 5017 2942 5086 hujus
2970 5032 3091 5071 esse
3122 5033 3336 5071 causam
3377 5027 3433 5072 et
3472 5025 3770 5073 auctorem.

2176 5104 2329 5172 Quod
2359 5121 2488 5161 sane
2518 5107 2571 5162 in
2601 5107 2890 5162 Marcionis
2919 5123 3158 5163 errorem
3193 5109 3408 5164 recidit.

2251 5200 2320 5254 At
2357 5209 2501 5255 certe
2535 5200 2930 5270 quantumlibet
2971 5200 3244 5271 generalis
3273 5200 3518 5257 videatur
3548 5201 3632 5256 illa
3662 5199 3775 5254 Ar-

2180 5293 2320 5347 nobii
2351 5294 2664 5363 pr0positio,
2692 5294 2756 5347 ad
2785 5293 3043 5348 Ethnicos
3068 5303 3297 5360 tantum,
3324 5305 3382 5350 et
3405 5310 3588 5350 eorum
3615 5307 3779 5362 spec-

2178 5398 2255 5442 tat
2282 5386 2445 5442 falsas
2469 5388 2772 5458 opiniones,
2806 5389 2894 5458 qui
2921 5404 3018 5458 pro
3046 5396 3197 5444 certo
3223 5389 3500 5459 ponebant
3532 5388 3660 5445 deos
3702 5389 3777 5442 ita

2177 5491 2366 5536 natura
2407 5498 2501 5536 sua
2537 5492 2630 5535 aut
2660 5481 2850 5548 bonos,
2886 5493 2976 5536 aut
3005 5482 3178 5537 malos
3217 5497 3372 5549 esse;
3405 5492 3463 5538 ut
3497 5497 3590 5552 pro
3619 5481 3778 5535 libito

2176 5592 2238 5630 ac
2267 5577 2372 5629 ulla
2397 5577 2514 5631 sine
2542 5592 2701 5632 causa
2734 5577 2852 5644 pios
2883 5575 3130 5630 homines
3160 5586 3214 5630 et
3246 5577 3464 5646 impios,
3493 5577 3689 5648 probos
3722 5583 3780 5629 et

2177 5671 2453 5741 improbos
2468 5670 2866 5726 calamitatibus
2878 5681 2930 5725 et
2950 5672 3186 5726 miseriis
3202 5671 3568 5729 indiﬁ‘erenter
3581 5673 3778 5726 obrue-

2174 5774 2314 5819 rcnt.
2350 5763 2430 5818 Ad
2464 5766 2579 5820 haec
2604 5779 2752 5831 vero,
2784 5763 2852 5819 de
2879 5766 3053 5836 pinnis
3089 5764 3253 5820 etiam
3293 5776 3348 5822 et
3383 5766 3633 5822 aerumnis
3663 5762 3778 5817 ille

2174 5859 2433 5927 loquitur,
2492 5873 2612 5929 qum
2665 5859 2823 5916 bonis
2873 5861 3084 5932 piisque
3136 5859 3450 5917 hominibus
3497 5857 3773 5919 accidunt,

2172 5965 2400 6021 quaeque
2443 5965 2550 6009 non
2581 5951 2726 6018 mali,
2762 5952 2857 6010 sed
2887 5967 3104 6025 semper
3129 5953 3256 6010 boni
3286 5953 3510 6025 aliquid,
3537 5951 3610 6011 uti
3639 5962 3776 6006 mox
