3918 6402
227 436 307 489 Mil
1464 427 1530 482 ΙΝ
1570 422 1927 482 ABNOBIUM
1965 424 2123 483 CAP.
2167 426 2280 488 Ἧι.

3360 434 3495 505 μοι

231 550 520 616 dicebamus,
558 561 760 605 secum
802 555 1105 617 apportant.
1144 545 1276 614 Quae
1334 545 1479 601 enim
1526 544 1705 614 impiis
1734 555 1789 600 et
1817 550 1868 610 Α
1895 543 2034 600 ﬁniri
2054 560 2379 602 nosomnem
2394 545 2524 600 citra
2543 545 3022 616 reprehensionem
3043 547 3289 618 ignorare
3310 565 3490 619 posse,

227 642 459 700 sceleratis
500 642 840 712 inlliguntur,
882 641 994 694 haec
1026 640 1224 694 divinae
1268 637 1494 708 iustitia:
1533 653 1630 693 eos
1679 652 1777 708 pu-

226 735 392 790 nientis
418 734 576 789 bonos
602 747 732 789 esse
762 731 985 788 eﬁ'ectus
1013 729 1217 786 inﬁcias
1245 745 1403 785 nemo
1434 729 1610 784 iverit.
1635 725 1775 794 Quid

223 837 373 882 autem
393 825 441 881 in
467 835 570 881 tota
599 825 692 879 illa
720 824 958 882 auctoris
988 823 1159 879 nostri
1184 823 1652 897 argumentatione
1677 836 1773 876 oc-

225 920 381 984 currit,
411 920 540 991 quod
575 935 682 974 non
715 920 785 975 sit
815 920 970 988 plane
995 933 1209 984 sanum,
1269 916 1630 972 orthodoxam
1663 925 1717 971 et
1747 929 1776 969 a

220 1011 466 1067 Marcionis
503 1012 779 1069 erroribus
810 1025 1030 1081 prorsus
1057 1011 1333 1066 alienum?
1365 1011 1420 1066 Si
1449 1011 1568 1083 quis
1597 1019 1777 1064 tamen

218 1104 510 1172 pertinacius
543 1103 858 1166 contendat,
891 1119 955 1159 ac
986 1104 1312 1174 probaverit,
1349 1103 1498 1158 illum
1530 1103 1774 1174 diSpnta-

216 1195 354 1249 tionis
384 1204 508 1250 asstu
545 1204 784 1267 raptum,
833 1205 926 1251 aut
968 1212 1074 1251 non
1112 1197 1245 1252 satis
1294 1205 1545 1251 accurate
1591 1211 1778 1250 verum

219 1286 360 1342 Deum
391 1303 418 1342 a
448 1288 589 1343 falsis
617 1289 897 1360 gentilium
931 1288 1035 1345 diis
1072 1289 1404 1354 distinxisse,
1449 1300 1539 1342 aut
1580 1289 1632 1343 in
1675 1287 1776 1342 ali—

213 1399 348 1452 quem
371 1395 604 1439 errorem
633 1399 821 1440 revera
851 1384 1159 1454 impegisse,
1190 1399 1314 1439 eum
1345 1383 1491 1439 illico
1519 1382 1779 1438 condem-

215 1473 451 1530 nabimus.
484 1474 588 1543 Sed
623 1475 708 1530 vix
741 1489 804 1530 ac
833 1491 903 1531 ne
933 1476 1022 1530 vix
1051 1474 1270 1545 quidem
1307 1474 1467 1530 nobis
1493 1475 1632 1529 ullus
1653 1490 1779 1545 per-

211 1566 432 1623 suadebit
477 1567 650 1636 illum,
692 1569 784 1639 qui
836 1578 945 1624 tam
995 1576 1164 1634 recte,
1207 1576 1268 1622 ut
1314 1567 1666 1632 ostendimus,
1712 1566 1781 1622 de

212 1673 435 1726 suprema
465 1661 625 1715 unius
653 1660 747 1716 Dei
777 1669 968 1715 natura
994 1660 1237 1728 disserit,
1266 1661 1321 1714 in
1359 1673 1624 1723 errorem,
1656 1660 1781 1714 huic

209 1752 500 1809 orthodoxae
539 1755 826 1811 sententiae
868 1755 1092 1811 omnino
1130 1755 1460 1827 oppositum,
1501 1753 1776 1812 incidisse.

787 1884 1080 1926 Αιιτιοῦιυε
1116 1886 1174 1927 ν.

208 1999 354 2068 Utrum
379 2005 625 2068 Arnpbius
647 2005 920 2056 crediderit
941 2006 1166 2068 quaedam
1205 2005 1434 2055 animalia
1477 2015 1643 2060 creata
1685 2019 1784 2056 non

257 2065 394 2116 fuisse
419 2081 442 2115 a
474 2066 603 2124 Deo.
639 2081 735 2118 nec
769 2065 1018 2118 hominem
1058 2069 1266 2118 naturali
1316 2068 1595 2119 inﬁrmitate
1643 2068 1785 2118 malis

255 2143 355 2179 csse
373 2131 661 2194 obnoxium,
689 2144 784 2182 nec
806 2143 1017 2194 peccare
1044 2144 1146 2181 suae
1169 2131 1418 2182 electione
1436 2133 1720 2182 voluntatis.

269 2231 419 2304 Urget
438 2234 728 2302 Heraldus,
755 2236 1161 2306 Arnobiumque
1184 2244 1424 2290 nostrum
1456 2235 1525 2289 ibi
1556 2237 1608 2292 in
1641 2251 1782 2289 mar-

201 2325 533 2384 cionistarum
577 2341 631 2384 et
668 2329 923 2396 aliorum,
953 2329 1044 2398 qui
1083 2330 1247 2385 Deum
1288 2338 1586 2386 creatorem
1621 2343 1782 2398 nega-

206 2419 335 2487 bant,
364 2438 609 2478 errorem
656 2423 950 2477 incurrisse
993 2430 1164 2490 putat,
1204 2421 1293 2476 ubi
1336 2420 1639 2477 animarum
1682 2435 1785 2474 no-

199 2523 414 2570 suarum
447 2518 742 2588 originem,
774 2526 829 2570 et
855 2531 884 2570 a
915 2529 1022 2586 quo
1053 2516 1181 2580 alio,
1209 2530 1370 2586 Quam
1396 2515 1624 2583 ipsomet
1656 2515 1783 2580 Deo,

202 2620 382 2666 creatae
419 2613 554 2676 sint,
591 2627 691 2667 nec
718 2611 870 2676 sciri,
902 2624 1002 2665 nec
1037 2609 1250 2665 deﬁniri
1281 2623 1438 2678 posse
1468 2607 1569 2665 hoc
1602 2608 1793 2677 probat

200 2715 507 2772 argumento
538 2721 553 2760 :
582 2723 600 2756 ι
634 2703 750 2758 Non
790 2705 932 2758 enim
973 2704 1020 2758 si
1053 2718 1309 2773 negemus
1344 2717 1580 2767 muscas,
1611 2717 1790 2757 scara-

196 2792 349 2858 bmos,
380 2806 434 2850 et
472 2797 724 2862 cimices,
770 2795 1062 2861 nitedulas,
1095 2795 1459 2862 curculiones,
1500 2806 1554 2850 et
1594 2795 1787 2862 tineas,

195 2888 584 2958 omnipotentis
602 2902 727 2944 csse
748 2903 882 2960 opus
905 2890 1070 2958 regis,
1090 2887 1393 2957 sequaciter
1415 2886 1791 2956 postulandum

195 2996 221 3034 a
240 2982 388 3036 nobis
409 2991 497 3038 est
527 2992 588 3038 ut
611 2983 733 3052 quis
752 2997 814 3037 ea
848 2981 1037 3038 fecerit
1059 2981 1458 3050 institueritque
1481 2981 1741 3036 dicamus.
1768 2999 1786 3032 ›

193 3072 421 3146 (Δηιοὺη
449 3077 545 3131 lib.
571 3092 632 3141 ιι,
659 3093 782 3147 pag.
816 3075 931 3146 75.)
958 3073 1146 3129 Nonne
1173 3085 1351 3129 autem
1383 3074 1469 3128 hic
1500 3073 1616 3142 ipse
1641 3087 1792 3127 error

194 3180 288 3233 est,
317 3171 407 3239 qui
437 3171 510 3225 ab
543 3170 876 3239 Hieronymo
905 3168 990 3221 his
1018 3167 1318 3236 exagitatur
1347 3166 1565 3219 verbis:
1592 3183 1611 3216 ι
1641 3164 1794 3230 Quod

189 3261 232 3316 si
266 3277 372 3317 non
416 3271 615 3332 putant
641 3276 829 3315 eorum
862 3257 983 3314 esas
1020 3273 1204 3327 parva,
1245 3272 1474 3326 quorum
1512 3266 1568 3310 et
1604 3271 1795 3325 magna

1887 640 2009 709 quis
2058 641 2141 695 his
2184 640 2464 696 inutilibus
2505 641 2747 696 bestiolis
2790 641 3053 711 originem
3093 643 3343 698 dederit:
3375 665 3392 697 ‹
3421 645 3493 700 Ει

1884 732 2130 791 obtinere
2151 750 2258 790 non
2282 749 2406 791 esse
2430 734 2542 790 Deo
2562 750 2593 790 a
2614 735 2892 805 superiore
2915 737 3168 806 prolatas.
3197 757 3216 790 ι
3243 737 3485 811 (Arnob.,

1886 826 1954 882 lib
1997 843 2054 894 ιι,
2106 844 2222 901 pag.
2272 829 2385 900 75.)
2429 828 2562 896 Quis
2603 839 2804 895 autem,
2849 829 3019 901 inquit
3062 830 3347 900 lleraldns,
3396 835 3492 890 ille

1887 922 2028 977 Deus
2054 923 2320 992 superior,
2359 923 2458 978 nisi
2495 923 2670 978 bonus
2707 922 2992 979 Marcionis
3018 924 3188 980 deus?
3216 929 3284 981 At
3324 942 3488 983 nemo

1885 1024 2050 1080 certe,
2082 1030 2150 1069 ne
2181 1016 2295 1084 ipse
2324 1015 2539 1086 quidem
2572 1015 2834 1071 Heraldus
2865 1016 3048 1074 dicere
3078 1034 3330 1088 umquam
3384 1035 3479 1088 po-

1885 1106 2002 1171 tuit,
2043 1105 2371 1161 Marcionem
2409 1117 2503 1162 aut
2547 1107 2844 1178 quemlibet
2873 1109 3038 1165 alium
3073 1109 3195 1165 ideo
3233 1126 3484 1179 errasse,

1884 1197 2008 1266 quia
2037 1197 2257 1265 hortum,
2291 1200 2388 1254 sed
2417 1201 2539 1269 quia
2570 1200 2772 1256 malum
2810 1203 3106 1258 asseruerit
3134 1218 3255 1259 esse
3287 1204 3482 1270 Deum,

1886 1287 2138 1360 huncque
2187 1307 2369 1346 rerum
2424 1307 2812 1362 corporearum
2857 1305 3178 1351 creatorem.
3218 1296 3290 1351 At
3341 1297 3484 1354 hunc

1886 1397 2126 1439 errorem
2172 1385 2241 1438 ab
2278 1385 2518 1442 Arnobio
2553 1400 2822 1445 assertum
2859 1391 3038 1446 nullus
3073 1407 3328 1462 umquam
3362 1409 3488 1464 pro-

1887 1474 2016 1530 bare
2057 1481 2275 1547 poterit.

1961 1565 2182 1637 Urgebit
2211 1570 2405 1641 aliquis
2444 1571 2612 1628 Deum
2643 1575 2978 1646 superiorem
3020 1578 3091 1636 ah
3134 1593 3201 1635 eo
3243 1579 3349 1636 dici
3379 1597 3488 1637 non

1886 1673 2070 1730 posse,
2114 1662 2242 1731 quin
2283 1663 2420 1718 alius
2463 1664 2686 1722 inferior
2725 1669 2957 1726 dicatur.
2989 1672 3151 1742 Atqui
3195 1673 3336 1731 Deus
3381 1675 3489 1730 alio

1888 1751 2114 1809 inferior
2145 1772 2250 1810 non
2272 1757 2421 1827 gravi
2447 1757 2564 1836 sine
2591 1775 2777 1818 errore
2801 1762 2907 1819 dici
2933 1774 3130 1833 potest.
3155 1764 3292 1832 Quid
3320 1767 3494 1838 ergo?

1888 1846 2079 1904 Nonne
2105 1851 2378 1907 Arnobius
2410 1852 2815 1912 evidentissime
2844 1857 3021 1926 docet,
3049 1860 3127 1914 uti
3152 1859 3408 1928 vidimus,
3437 1872 3496 1918 et

1815 1943 1863 2006 B
1892 1940 2024 1995 infra
2049 1942 2226 2000 adhuc
2247 1946 2616 2013 ostendemus,
2641 1966 2806 2005 unum
2833 1954 3208 2009 tantummodo
3230 1969 3350 2010 esse
3371 1972 3492 2011 om-

1890 2033 2229 2102 nipotentem
2259 2035 2452 2102 Deum,
2484 2038 2668 2094 mundi
2698 2055 2989 2112 rerumque
3016 2043 3258 2100 omnium
3287 2057 3496 2101 creato-

1890 2127 2041 2181 rem?
2087 2127 2168 2182 Eo
2213 2129 2396 2200 itaque
2441 2146 2603 2186 sensu
2651 2132 2798 2188 Deus
2841 2134 2909 2190 ab
2956 2137 3201 2209 Arnobiq
3246 2140 3498 2208 superior

1891 2233 2137 2291 vocatur,
2171 2238 2278 2294 quo
2310 2240 2492 2292 poscea
2536 2227 2797 2297 scriptum
2838 2228 3106 2297 legimus:
3136 2250 3155 2284 ι
3190 2233 3500 2290 Divinitatis

1889 2315 2080 2384 ipsius,
2112 2335 2131 2367 ι
2162 2317 2620 2386 quemadmodum
2654 2319 2744 2374 ille
2777 2321 3012 2389 loquitur
3038 2321 3245 2395 (Idem,
3275 2326 3365 2379 lib.
3418 2343 3503 2392 Ill,"

1893 2425 2013 2480 pag.
2049 2409 2200 2479 101),
2233 2428 2250 2460 ‹
2282 2420 2365 2464 est
2391 2421 2574 2482 caput,
2610 2429 2638 2465 a
2671 2428 2778 2482 quo
2817 2411 2931 2484 ipsa
2965 2415 3217 2470 divinitas
3249 2417 3499 2473 divorum

1892 2502 2134 2555 omnium
2164 2501 2397 2568 ducitur,
2432 2522 2450 2555 ›
2483 2520 2623 2574 quos
2650 2505 2860 2560 scilicet
2889 2507 3050 2561 stulta
3076 2509 3351 2578 gentilitas
3380 2526 3502 2581 per-

1894 2608 2080 2663 peram
2119 2593 2368 2649 ﬁnxerat.
2403 2594 2751 2666 Superiorem
2794 2613 2924 2670 ergo
2957 2601 3125 2655 Deum
3157 2618 3281 2658 cum
3312 2607 3506 2675 appel-i

1893 2685 2044 2750 lavit,
2069 2689 2343 2742 communi
2366 2688 2717 2744 Ethnicorum
2741 2691 2998 2762 loquendi
3019 2695 3181 2750 modo
3203 2710 3263 2751 se
3289 2712 3506 2754 accom-

1897 2779 2172 2844 modabat,
2217 2781 2456 2851 nihilque
2497 2781 2626 2838 inde
2669 2794 2856 2839 contra
2904 2799 3174 2843 assertum
3215 2791 3285 2845 ab
3327 2809 3392 2848 eo
3437 2793 3508 2850 de

1899 2888 2004 2928 uno
2033 2873 2322 2927 dumtaxat
2353 2874 2464 2930 Deo
2500 2874 2886 2934 documentum
2927 2889 3106 2948 potest
3147 2885 3270 2952 jure
3310 2888 3508 2943 merito

1899 2964 2170 3019 concludi.

1973 3059 2042 3111 At
2073 3060 2116 3112 si
2166 3058 2574 3116 Elmenhorstio
2610 3060 2771 3118 ﬁdem
2810 3064 3028 3133 habeas,
3076 3065 3289 3126 tainetsi
3327 3075 3508 3129 Arno-

1900 3151 2022 3206 bius
2049 3151 2366 3218 Marcionis,
2395 3169 2561 3208 unum
2593 3154 2762 3210 Deum
2793 3157 3018 3227 bonum,
3051 3171 3106 3215 et
3131 3163 3360 3220 alterum
3393 3183 3510 3222 ma-

1900 3242 2009 3296 lum
2037 3243 2271 3298 absurde
2294 3244 2658 3313 prwdicanlis,
2693 3263 2879 3306 errore
2907 3265 3015 3307 non
3048 3258 3220 3310 teneri
3253 3260 3508 3315 ostenda-

190 3366 339 3420 επις
382 3356 626 3415 alterum
668 3353 800 3408 mihi
844 3352 1204 3417 conditorem,
1242 3351 1394 3419 juxta
1423 3349 1792 3414 Valentinum,
1823 3335 1867 3397 C
1903 3343 2019 3400 tur,
2050 3337 2103 3390 in
2131 3337 2292 3390 aliam
2338 3337 2686 3394 nihilominus
2720 3342 3078 3412 impietatem,
3111 3352 3416 3424 sacrilegia,
3451 3368 3514 3411 ut

187 3447 540 3516 Marcionem,
575 3457 631 3504 et
665 3446 934 3516 Apellem,
972 3445 1231 3510 formicae,
1263 3444 1514 3502 culicum.
1561 3443 1798 3497 locusta-

187 3558 318 3608 rum,
351 3547 595 3599 alterum
624 3541 746 3597 caeli
778 3550 832 3594 et
859 3551 1037 3605 terrae,
1069 3539 1232 3593 maris
1264 3547 1318 3592 et
1356 3538 1670 3607 angelorum
1699 3535 1799 3592 de-

186 3634 306 3692 bent
329 3637 710 3692 introducere.
726 3655 743 3686 s
769 3631 1125 3706 (Hieronym.,
1147 3646 1361 3701 prooem.
1381 3629 1448 3681 ad
1471 3630 1620 3698 epist.
1641 3628 1795 3682 Paul.

186 3731 247 3781 ad
275 3727 540 3797 Philem.)
568 3727 758 3783 Utrum
789 3740 920 3781 vero
941 3738 1132 3793 reapse
1161 3723 1285 3776 talis
1312 3721 1475 3776 fuerit
1507 3720 1798 3785 Valentini,

185 3821 593 3892 Narcionisque
611 3837 787 3887 error,
813 3821 955 3876 scire
985 3834 1128 3874 nunc
1157 3833 1344 3888 parum
1376 3817 1622 3881 interest,
1653 3826 1706 3869 et
1733 3815 1802 3870 de

185 3916 282 3970 illis
322 3919 464 3973 satis
507 3917 567 3972 in
608 3914 876 3984 superiori
908 3912 1215 3982 Apparatus
1244 3908 1411 3964 nostri
1443 3917 1588 3962 tonio
1617 3907 1800 3976 dispu-

188 4011 416 4066 lavimUs
437 4009 597 4083 (tant.
623 4024 642 4062 ι
675 4008 955 4076 Apparat.,
979 4003 1069 4058 lib.
1094 4020 1153 4069 ιι,
1178 4003 1382 4056 dissert.
1408 4017 1446 4064 ι,
1472 4016 1588 4069 cap.
1609 3999 1664 4063 5,
1684 3999 1801 4069 §5).

251 4103 488 4158 Poterat
553 4109 738 4155 autem
803 4096 1070 4152 Heraldus
1126 4095 1456 4164 Hieronymo
1512 4092 1805 4161 adjungere

184 4192 504 4266 Origenem,
549 4191 920 4257 Ambrosium,
964 4189 1228 4258 aliosque,
1259 4200 1323 4240 ac
1365 4184 1630 4254 imprimis
1697 4189 1804 4238 Au-

179 4290 487 4356 gustinum,
523 4286 616 4358 qui
655 4296 802 4340 recte
843 4283 1152 4352 diserteque
1191 4288 1468 4335 asseverat
1511 4279 1708 4332 nullam
1752 4279 1803 4331 in

183 4382 385 4437 inﬁmis
415 4384 589 4436 etiam
611 4379 859 4436 bestiolis
875 4393 995 4434 esse
1018 4386 1284 4437 naturam,
1307 4390 1425 4446 qua:
1444 4388 1471 4426 a
1493 4373 1604 4427 Deo
1622 4383 1804 4428 creata

179 4491 285 4530 non
326 4475 548 4531 fuerit:
579 4492 597 4525 ι
622 4471 740 4528 Non
787 4480 892 4537 est,
925 4489 944 4522 ι
979 4471 1074 4536 ait,
1110 4488 1127 4516 ι
1155 4469 1262 4524 ulla
1311 4477 1498 4521 natura
1543 4469 1704 4520 etiam
1751 4467 1803 4519 in

181 4571 483 4634 extremis,
516 4566 824 4636 inﬁmisque
857 4563 1121 4629 bestiolis,
1154 4576 1311 4632 quam
1344 4575 1448 4614 non
1488 4559 1577 4612 ille
1607 4559 1808 4612 consti-

179 4664 300 4728 tuit,
344 4681 376 4716 a
425 4677 542 4732 quo
573 4669 657 4714 est
695 4659 873 4713 omnis
900 4656 1112 4723 modus,
1143 4655 1322 4710 omnis
1357 4655 1588 4724 species,
1627 4654 1804 4707 omnis

1905 3430 1994 3484 ille
2032 3431 2126 3494 ait,
2160 3431 2341 3485 omnia
2386 3445 2734 3500 superantem
2783 3436 2966 3507 lapsus
3006 3452 3110 3495 est.
3154 3441 3305 3500 Itane
3344 3455 3542 3504 νει-οἳ.

1906 3523 2101 3590 Etiam,
2138 3525 2311 3594 inquit
2339 3525 2788 3584 Elmenhorstius.
2827 3531 3011 3588 Palam
3044 3537 3186 3590 enim
3226 3543 3512 3610 perspicue

1903 3616 2019 3685 ipse
2046 3617 2318 3671 Arnobius
2345 3630 2622 3674 asseverat
2649 3621 2924 3679 hominem
2956 3642 3061 3682 non
3093 3644 3120 3681 a
3151 3630 3282 3694 Deo.
3314 3635 3410 3690 sed
3442 3637 3511 3691 ab

1905 3707 2256 3763 inferioribus
2300 3711 2484 3766 nescio
2522 3713 2718 3781 quibus
2756 3719 3114 3784 pmestatibus
3157 3722 3324 3780 fuisse
3356 3741 3512 3782 crea-

1905 3808 2040 3854 tum.
2067 3799 2146 3854 De
2175 3801 2475 3856 animarum
2498 3805 2776 3861 enimvero
2803 3808 2976 3863 salute
3004 3811 3095 3866 ubi
3123 3812 3362 3884 disserit,
3392 3819 3512 3876 hanc

1905 3893 1994 3946 ille
2038 3893 2259 3948 totidem
2301 3895 2478 3950 verbis
2518 3897 2772 3952 tradidit:
2804 3918 2822 3951 ‹
2853 3899 3087 3957 Tantum
3119 3914 3204 3960 est
3240 3908 3420 3981 longe,
3453 3922 3512 3967 ut

1907 3986 2048 4042 Deus
2086 3987 2311 4042 istarum
2352 4001 2539 4044 auctor
2566 4007 2746 4046 rerum
2779 4009 2899 4049 eSse
2931 3998 3214 4066 credatur;
3248 4013 3304 4059 ut
3336 4006 3388 4061 in
3416 4023 3508 4062 sa-

1905 4079 2122 4149 crilegae
2161 4083 2364 4136 crimen
2413 4085 2704 4153 impietatis
2752 4088 3016 4159 incurrat,
3061 4096 3305 4166 quisquis
3336 4101 3403 4156 ab
3444 4117 3510 4157 eo

1906 4176 2217 4245 conceperit
2252 4176 2526 4233 hominem
2559 4194 2679 4235 esse
2709 4195 3053 4255 prognatum,
3089 4205 3202 4246 rem
3235 4194 3508 4252 infelicem

1906 4277 1962 4320 et
2007 4268 2282 4329 miseram,
2329 4270 2599 4338 quiesse
2649 4289 2708 4327 se
2753 4275 2956 4344 doleat,
3002 4282 3092 4350 qui
3141 4286 3505 4345 conditionem

1908 4374 2058 4413 suam
2101 4360 2420 4426 detestetur,
2449 4372 2505 4417 et
2543 4364 2758 4434 lugeat;
2789 4369 2877 4438 qui
2909 4371 3054 4426 nulla
3099 4377 3203 4431 alia
3240 4378 3307 4434 de
3347 4397 3506 4440 causa

1908 4471 2027 4510 sese
2071 4457 2317 4526 intelligit
2358 4469 2723 4528 procreatum,
2759 4479 2917 4533 quam
2961 4482 3030 4522 ne
3075 4473 3355 4529 materiam
3398 4494 3506 4533 non

1910 4548 2191 4613 haberent,
2231 4565 2324 4619 per
2365 4567 2522 4619 quam
2554 4552 2917 4612 diﬁunderent
2952 4574 3011 4614 se
3041 4562 3200 4631 mala,
3235 4575 3290 4621 et
3325 4581 3512 4627 essent

1908 4645 2088 4697 miseri
2119 4659 2352 4713 semper,
2378 4663 2608 4715 quorum
2634 4651 2964 4708 cruciatibus
2983 4670 3298 4726 pasceretnr
3322 4668 3509 4722 nescio

180 4757 339 4821 ordo,
368 4730 503 4810 sine
527 4753 725 4824 quibus
758 4751 888 4806 nihil
915 4765 1096 4804 rerum
1119 4748 1372 4815 inveniri,
1397 4747 1482 4801 vel
1507 4744 1803 4816 excogitari
1829 4730 1882 4791 D
1907 4752 2010 4807 qua
2059 4737 2138 4791 vis
2179 4737 2350 4791 latens
2394 4747 2450 4792 et
2493 4739 2816 4798 humanitati
2858 4746 3083 4805 adversa
3136 4755 3446 4814 crudelitas,
3482 4781 3502 4814 ,

177 4859 422 4918 potest.s
470 4848 540 4902 Et
554 4848 715 4901 alibi:
750 4844 964 4914 «Neque
994 4844 1072 4898 fas
1101 4843 1358 4898 estullius
1386 4853 1587 4896 natura!
1610 4856 1800 4910 quam-

181 4942 314 4998 libet
345 4943 602 4997 minimze
632 4939 984 5008 mortalisque
1014 4947 1333 5003 creatorem,
1366 4936 1465 4990 nisi
1491 4937 1654 4990 Deum
1679 4951 1802 4990 cre-

173 5038 305 5092 dere
334 5049 400 5092 et
427 5035 636 5090 dicere.
671 5054 689 5085 ›
717 5031 889 5105 (Orig.
920 5033 1005 5088 lib.
1039 5049 1112 5096 tv,
1142 5042 1303 5085 contr.
1335 5030 1494 5097 Cels,
1527 5049 1642 5101 pug.
1669 5031 1806 5095 209.;

177 5131 438 5183 Ambros.
477 5173 490 5196 ,
525 5129 612 5182 lib.
652 5142 706 5181 vt
745 5125 992 5190 ﬂexam,
1021 5142 1138 5194 cap.
1175 5124 1225 5188 6,
1261 5123 1290 5196 §
1325 5122 1412 5187 38,
1453 5142 1571 5194 png.
1607 5124 1734 5185 12.3,
1769 5132 1814 5176 et

173 5225 266 5274 lib.
295 5239 355 5287 τ,
381 5239 515 5286 cap.
534 5220 590 5284 2,
611 5231 658 5272 ct
680 5217 1102 5288 seqq.;Astgust.,
1122 5217 1211 5270 lib.
1230 5216 1363 5282 n,de
1387 5215 1559 5278 Civit.,
1584 5233 1699 5285 cap.
1722 5215 1811 5281 15,

175 5335 301 5387 pag.
326 5317 495 5379 28.5;
530 5325 576 5369 et
605 5314 695 5367 lib.
726 5329 822 5381 xu,
855 5315 916 5366 de
946 5310 1080 5375 Civ.,
1108 5328 1224 5382 cup.
1255 5311 1345 5377 24,
1372 5327 1488 5381 pag.
1521 5309 1673 5379 522.)

251 5418 330 5467 At
384 5410 694 5466 Arnobinm
729 5423 906 5477 neque
948 5407 1001 5462 id
1043 5421 1289 5477 negasse,
1329 5420 1503 5472 neque
1549 5404 1716 5458 notati
1750 5403 1818 5459 ab

173 5507 544 5577 Hieronymo
565 5502 768 5559 erroris
795 5518 946 5557 reum
971 5517 1093 5557 esse
1116 5501 1241 5555 inde
1266 5499 1441 5568 colligi
1469 5507 1666 5567 potest,
1691 5498 1816 5567 quia

165 5613 474 5670 expresse
509 5612 611 5651 non
640 5597 777 5650 dixit
813 5595 1136 5658 scarabaaos,
1179 5602 1233 5647 et
1263 5592 1394 5647 alias
1439 5589 1814 5661 hujuscemodi

167 5693 474 5748 bestiolas
502 5688 669 5746 factas
692 5706 724 5743 a
758 5689 868 5744 Deo
909 5704 1017 5742 non
1049 5687 1254 5741 fuisse:
1286 5684 1381 5740 sed
1411 5685 1453 5738 si
1487 5685 1538 5738 id
1571 5692 1815 5753 negetur,

163 5802 289 5842 non
328 5784 555 5841 idcirco
592 5783 996 5856 postulandum,
1040 5789 1097 5835 ut
1131 5797 1161 5834 a
1193 5793 1298 5849 quo
1339 5777 1492 5832 {acute
1525 5778 1654 5844 sint,
1693 5792 1822 5830 con-

171 5881 386 5936 festim
428 5893 497 5931 ac
525 5877 833 5934 necessario
865 5874 1144 5945 probetur.

247 5975 472 6035 Instat
492 5971 750 6030 ﬂeraldus
769 5972 840 6029 ab
862 5968 1106 6028 Arnobio
1128 5966 1326 6026 ibidem
1351 5982 1461 6023 non
1487 5965 1716 6022 obscure
1738 5960 1832 6018 dc-

1908 4829 2101 4900 (ldem,
2135 4831 2223 4885 lib.
2260 4848 2314 4895 tl,
2345 4850 2464 4902 pag.
2496 4833 2612 4905 75.)

1986 4925 2098 4977 Duo
2124 4935 2302 4979 autem
2327 4925 2422 4988 ibi,
2449 4927 2524 4980 uti
2553 4929 2628 4982 ait
2661 4929 3110 5004 Elmenhorstius,
3145 4945 3285 5010 paris
3317 4946 3511 5017 impie.

1914 5017 2037 5070 tatis
2063 5032 2275 5070 errores
2300 5017 2368 5069 ab
2399 5018 2488 5070 illo
2514 5019 2874 5087 proferuntur.
2908 5026 3092 5085 Primo
3118 5037 3314 5090 etenim
3342 5037 3514 5096 homi‘

1918 5127 2040 5164 nem
2086 5128 2113 5163 a
2154 5111 2264 5165 Deo
2306 5122 2648 5181 procreatum
2684 5115 2841 5184 plane
2876 5122 3193 5195 penitusque
3236 5145 3518 5204 pernegat.

1918 5203 2166 5259 Secundo
2196 5204 2468 5259 lmininem
2500 5217 2605 5259 tam
2632 5209 2842 5264 miserae
2874 5213 3211 5290 inl'elicisque
3236 5240 3356 5280 esse
3384 5203 3521 5283 con-

1921 5302 2140 5356 ditionis
2160 5343 2174 5367 ,
2210 5313 2266 5355 ut
2296 5318 2402 5354 non
2429 5301 2530 5355 alia
2551 5303 2619 5357 de
2645 5319 2804 5360 causa
2835 5321 3074 5366 creatum
3110 5331 3168 5371 se
3195 5319 3359 5375 fuisse
3392 5340 3521 5380 sen-

1921 5396 2174 5462 tiat,'nisi
2213 5404 2268 5448 ut
2304 5395 2606 5464 importuna
2653 5400 2974 5458 crudelitate
3016 5410 3215 5464 morbis
3257 5416 3516 5487 malisque

1926 5490 2224 5544 innumeris
2257 5491 2345 5542 ﬁat
2374 5490 2658 5545 obnoxius.
2696 5494 2971 5565 Superiori
2998 5502 3193 5572 quippe
3217 5505 3265 5560 in
3298 5510 3432 5565 libro
3456 5515 3517 5570 de

1918 5584 2114 5640 Christi
2142 5584 2413 5637 miraculis
2434 5585 2778 5651 disputando,
2804 5591 3052 5648 similiter
3073 5595 3279 5655 dixerat
3305 5620 3317 5654 :
3350 5625 3366 5655 ι
3395 5607 3523 5662 Οιιι-

1923 5679 2008 5734 nia
2038 5677 2404 5732 valctudinum
2434 5692 2655 5748 genera,
2688 5697 2806 5751 qua:
2838 5683 3066 5740 humana
3097 5707 3324 5763 corpora
3365 5705 3527 5757 susti-

1927 5787 2058 5828 nere
2087 5771 2269 5826 nescio
2303 5787 2420 5839 quae
2460 5772 2630 5826 voluit
2670 5773 2972 5844 importuna
3014 5785 3326 5855 crudelitas,
3364 5799 3529 5853 verbo

1933 5867 2122 5921 solitus
2157 5864 2492 5936 imperioque
2531 5881 2741 5921 sanare.
2779 5887 2796 5918 ι
2826 5870 3018 5941 (Idem,
3056 5876 3142 5931 lib.
3182 5897 3217 5945 ι,
3255 5903 3373 5956 μου.
3412 5890 3532 5958 28.)

1938 5959 2006 6016 At
2046 5959 2319 6016 Arnobius
2365 5958 2471 6014 hoc
2510 5959 2944 6030 deliramentum,
2989 5969 3159 6039 inquit
3207 5975 3535 6040 Eln—.,:nhor.
