3918 6420
415 422 525 479 465

1688 413 2142 475 DlSSEllTA'l‘lO
2181 411 2460 473 PRAEVIA

3605 424 3705 480 ιω

412 540 568 603 stius,
593 551 697 592 non
718 551 783 592 ex
805 535 973 592 sacris
990 535 1192 591 nostris
1213 530 1704 603 scriptoribus,sed
1724 531 1793 586 ab
1817 529 2010 586 Ethni-
2038 543 2092 602 Α
2115 529 2171 584 ἰιι
2200 532 2355 598 mala,
2390 531 2517 586 dum
2549 531 2809 588 bonorum
2847 547 2910 588 ac
2934 534 3202 590 malorum
3232 534 3526 593 discrimen
3559 538 3708 610 igno-

421 629 500 686 cis
526 644 590 685 ac
615 629 931 683 nominatim
961 626 1138 682 Plinio
1163 634 1218 681 et
1245 622 1534 679 Plutarcho
1563 621 1838 688 delibavit,
1868 620 2010 690 quod

418 734 568 781 recte
593 739 625 779 a
657 722 936 778 Lactantio
972 721 1293 793 exagitatur.
1318 715 1655 773 Clementem
1685 715 2008 771 Alexandri-

418 834 546 873 num
587 817 666 874 eis
704 816 1058 889 proculdubio
1092 813 1418 884 subjungere
1455 820 1684 883 poterat,
1715 811 1805 882 qui
1842 809 2009 881 pluri-

418 927 538 967 mos
565 910 702 968 alios
727 907 1309 981 scriptoresetlmicos,
1339 907 1591 962 miseram
1621 903 1852 960 hominis
1879 917 2008 958 eon-

415 1002 674 1059 ditionem
732 1002 1111 1072 deplorantes,
1171 1000 1223 1054 in
1278 999 1548 1065 medium,
1608 998 1684 1050 uti
1739 996 2005 1063 vidimus,

407 1094 942 1170 protulit(Ptin.,tib.
962 1110 1031 1149 vn
1063 1092 1256 1148 Natur.
1291 1093 1692 1163 hiat.,prowm.;
1713 1088 2004 1158 Plutarch.,

409 1189 499 1244 lib.
541 1190 604 1243 de
645 1187 892 1254 Formm,
929 1204 1052 1258 pag.
1095 1187 1224 1252 927,
1255 1195 1378 1240 (om.
1421 1199 1493 1250 ιι;
1532 1183 1776 1249 Laetam,
1805 1181 1895 1238 tib.
1925 1196 2006 1249 ιιι,

404 1298 522 1352 cap.
561 1280 652 1346 28,
685 1291 733 1334 et
762 1281 825 1335 de
853 1278 1069 1350 Opi/56.,
1108 1295 1228 1350 cap.
1259 1280 1295 1334 3
1321 1288 1368 1332 et
1400 1279 1434 1333 4
1454 1319 1470 1346 ,
1500 1289 1622 1332 tom.
1672 1293 1690 1331 ι
1722 1276 2002 1348 Apparat.,

401 1375 492 1430 tib.
521 1391 601 1441 ιιι,
633 1376 834 1430 dissert.
865 1375 922 1440 2,
962 1391 1079 1447 cap.
1120 1373 1207 1441 ‘18,
1240 1382 1341 1428 art.
1375 1374 1428 1441 1,
1462 1390 1584 1444 pag.
1614 1372 1791 1438 1137;
1831 1387 2004 1441 supra,

403 1469 498 1525 hoc
525 1485 666 1540 cap.,
694 1481 795 1523 art.
831 1470 908 1540 1).

474 1559 666 1616 Utrum
697 1568 879 1616 autem
907 1568 1098 1616 auctor
1122 1567 1307 1616 noster
1335 1558 1420 1614 his
1445 1557 1695 1614 absurdis
1725 1555 2006 1612 erroribus

400 1669 592 1710 revera
632 1653 828 1710 ductus
857 1652 1040 1720 fuerit,
1084 1668 1192 1709 non
1232 1653 1487 1708 minimus
1531 1649 1808 1707 dubitandi
1853 1649 2006 1705 locus

399 1755 504 1802 est.
553 1745 673 1800 1am
725 1747 1010 1801 enimvero
1050 1744 1392 1800 manifestum
1441 1743 1665 1798 fecimus
1703 1740 2005 1796 Arnobium

392 1837 763 1893 disertissimis
806 1836 1041 1892 edixisse
1073 1836 1277 1901 verbis,
1312 1850 1417 1890 non
1459 1835 1632 1889 solum
1671 1833 1930 1889 mundum
1971 1847 2003 1887 a

2113 632 2254 678 rant.
2294 645 2313 676 ι
2343 622 2608 696 (Laetam,
2637 625 2726 682 lib.
2759 641 2814 681 v1
2852 625 3056 695 Instit.,
3090 645 3210 700 cap.
3245 631 3334 695 14,
3361 648 3482 704 pag.
3513 630 3670 703 595.)

2183 717 2255 770 At
2292 725 2468 770 utrum
2513 716 2630 773 haec
2668 716 2753 774 vel
2799 717 2905 773 alia
2960 720 3029 774 sit
3064 721 3292 777 Arnobii
3332 724 3503 779 nostri
3554 739 3708 781 meus

2111 817 2165 863 et
2194 811 2479 876 sententia,
2510 825 2577 866 eo
2597 811 2744 867 dictu
2770 810 3085 890 difﬁcilius,
3119 813 3265 884 quod
3297 813 3386 870 hic
3417 816 3570 871 locus
3601 832 3706 875 non

2111 901 2332 956 omnino
2360 901 2569 972 integer
2600 914 2703 970 est,
2732 904 2828 960 sed
2855 921 3047 976 magna
3083 905 3292 962 librarii
3316 947 3330 971 ,
3359 923 3480 979 qua;
3509 911 3709 979 passim

2112 993 2309 1064 ubique
2347 995 2795 1066 deprehenditur,
2833 997 3046 1054 inscitia
3086 1009 3375 1070 corruptus
3420 1016 3485 1056 ac
3513 1003 3708 1072 depra-

2109 1097 2283 1142 vatus.
2333 1087 2468 1143 Nam
2501 1104 2600 1160 pro
2635 1106 2725 1144 seu
2773 1091 2993 1163 scripsit
3031 1093 3152 1158 sed,
3183 1093 3262 1148 uti
3285 1094 3398 1164 jam
3423 1099 3706 1153 annotavi-

2110 1193 2247 1234 mus.
2291 1179 2490 1236 Verum
2521 1181 2636 1237 haec
2666 1183 2828 1239 lectio
2844 1185 3165 1256 quibusdam
3194 1186 3264 1243 ab
3283 1186 3508 1244 Arnobii
3538 1205 3706 1246 sensu

2108 1272 2187 1327 sic
2211 1271 2508 1330 abhorrere
2542 1276 2935 1343 existimatur;
2990 1288 3049 1334 ut
3094 1280 3146 1333 in
3183 1289 3334 1335 textu
3385 1296 3572 1338 vocem
3617 1299 3708 1338 seu

2107 1367 2324 1437 propria
2347 1369 2668 1428 auctoritate
2685 1372 3020 1428 substituere
3042 1389 3149 1429 non
3167 1373 3556 1432 dubitaverint.
3574 1378 3707 1447 Qui-

2106 1458 2231 1515 dam
2260 1477 2387 1518 vero
2414 1464 2529 1520 hare
2555 1464 2663 1522 duo
2687 1467 2876 1534 verba,
2907 1468 3160 1524 naturalia
3189 1470 3487 1540 inﬁrmitas,
3517 1473 3568 1528 in
3599 1485 3708 1530 tex-

2106 1560 2219 1607 tum
2247 1553 2454 1610 intrusa
2491 1566 2547 1612 et
2591 1558 2921 1629 amputanda
2967 1560 3324 1618 arbitrantur.
3354 1562 3464 1621 Sed
3503 1565 3708 1622 nullam

2104 1643 2336 1701 aﬁ‘erunt
2363 1648 2590 1718 hujusce
2631 1651 2990 1708 correctionis
3019 1655 3310 1710 rationem.

2175 1737 2284 1793 Nos
2323 1739 2505 1811 itaque
2533 1743 2624 1814 qui
2661 1743 2797 1798 nihil
2839 1745 2893 1799 in
2937 1745 3233 1803 Auctorum
3265 1757 3411 1804 textu
3440 1750 3561 1805 sine
3589 1766 3706 1806 ma-

2106 1831 2370 1902 nuscripti
2397 1834 2627 1904 alicujus
2655 1836 2785 1900 ﬁde,
2817 1847 2908 1892 aut
2936 1849 3082 1894 certa
3112 1841 3336 1895 omnino
3356 1842 3706 1913 evidentique

397 1932 509 1987 Deo
549 1930 846 1996 conditum,
892 1929 987 1985 sed
1025 1912 1200 2000 ipsum
1243 1930 1406 1985 etiam
1449 1928 1723 1983 hominem
1769 1928 1870 1998 ipsi
1912 1941 2000 1982 ac-
2033 1938 2080 1998 Β
2108 1924 2423 1994 probatione
2460 1930 2658 1983 mutari
2717 1930 2967 1986 volumus
2992 1973 3007 1997 ,
3058 1932 3283 2000 horum,
3311 1935 3356 1988 si
3397 1912 3710 2006 incorrupta

394 2033 611 2096 ceptum
642 2023 870 2090 referre,
909 2023 1054 2094 quod
1093 2023 1184 2089 sit,
1216 2023 1359 2095 quod
1399 2024 1562 2078 homo
1588 2022 1824 2089 dicatur,
1854 2021 1998 2093 quod

396 2117 569 2188 Spiret
592 2127 647 2172 et
668 2117 832 2172 vivat.
859 2115 993 2172 Cum
1015 2131 1144 2186 ergo
1167 2115 1464 2171 Arnobium
1486 2115 1590 2171 sibi
1616 2117 1842 2186 turpiter
1864 2115 2010 2171 con-'

391 2209 683 2266 tradixisse
724 2209 931 2266 nemini
970 2209 1231 2266 credibile
1274 2210 1387 2276 ﬁat,
1432 2226 1612 2267 nonne
1651 2212 1846 2266 merito
1892 2209 1998 2266 dici

389 2312 571 2373 potest
601 2303 752 2357 illum
782 2302 1073 2372 prioribus,
1106 2318 1226 2372 quae
1254 2301 1512 2369 citantur,
1546 2303 1724 2358 verbis
1751 2303 1997 2358 ethnicos

390 2411 499 2452 non
539 2396 668 2462 alio,
701 2411 862 2466 quam
905 2396 1262 2465 ipsorummet
1303 2394 1485 2466 gladio
1521 2394 1791 2467 jugulare,
1835 2405 1996 2464 atque

386 2505 455 2546 ex
488 2489 663 2556 falsis,
703 2487 896 2558 quibus
934 2487 1129 2542 imbuti
1173 2498 1352 2552 erant,
1383 2503 1695 2558 oppugnare
1724 2489 1995 2558 opinioni-

389 2582 534 2639 bus?
570 2581 846 2637 Doccbant
876 2580 1140 2651 siquidem
1185 2579 1395 2635 animas
1439 2591 1650 2636 nostras
1678 2581 1846 2636 divini
1875 2597 1997 2636 esse

388 2675 630 2748 generis,
660 2689 864 2746 easque
892 2675 960 2729 ab
988 2674 1083 2728 illo
1111 2673 1304 2728 missas
1333 2673 1384 2727 in
1419 2674 1559 2729 hunc
1589 2674 1871 2742 mundum,
1902 2675 1995 2730 ubi

392 2771 634 2842 pristinae
675 2783 1014 2839 summaeque
1052 2766 1329 2837 dignitatis
1367 2768 1583 2837 penitus
1620 2767 1990 2834 immemores,

393 2867 719 2940 quibuslibet
756 2864 1152 2922 calamitatibus
1197 2862 1508 2919 cruciantur
1560 2873 1616 2919 et
1667 2864 1990 2919 obruuntur.

392 2961 526 3029 Quis
555 2961 736 3031 itaque
765 2958 868 3014 sibi
895 2957 1040 3012 haud
1071 2972 1215 3027 aegre
1237 2955 1562 3026 persuadeat
1589 2956 1891 3012 Arnobium
1923 2957 1995 3012 ibi

389 3053 651 3108 adversus
683 3049 945 3105 Ethnicos
985 3064 1054 3104 ex
1098 3048 1228 3103 falsa
1270 3048 1487 3104 illorum
1535 3048 1792 3119 opinione
1831 3065 1994 3121 argu-

381 3148 616 3205 mentari
649 3164 663 3201 :
699 3147 794 3202 sed
825 3146 976 3212 alibi,
1021 3147 1164 3202 sicut
1203 3160 1329 3201 mox
1375 3146 1806 3212 observavimus,
1840 3162 1992 3202 suam

389 3247 692 3320 explicasse
728 3245 1079 3312 sententiam,
1113 3245 1400 3315 palamque
1427 3259 1775 3301 asseverasse
1816 3244 1995 3301 homi-

383 3354 510 3396 nem
540 3355 569 3394 a
604 3338 716 3393 Deo
747 3351 937 3392 revera
966 3333 1134 3390 fuisse
1162 3336 1445 3390 creatum?

453 3431 534 3487 Ad
568 3431 823 3486 miseram
846 3442 976 3483 vero
1007 3426 1243 3482 hominis
1268 3426 1637 3483 conditionem
1666 3428 1811 3498 quod
1863 3429 1990 3484 atti-

378 3534 498 3592 net,
527 3538 646 3580 eam
675 3536 914 3593 quoque,
971 3527 1158 3590 utpote
1188 3518 1255 3572 ad
1284 3527 1564 3589 peccatum
1597 3534 1695 3574 nos
1721 3519 1991 3576 inclinan-

381 3627 494 3673 tem
527 3655 542 3684 ,
600 3613 761 3670 deflet
804 3612 1120 3682 Apostolus.
1153 3609 1262 3666 Sed
1295 3609 1411 3666 haec
1455 3615 1746 3682 propensio
1785 3629 1891 3667 non
1921 3628 1990 3668 ex

390 3710 527 3776 Deo,
559 3707 656 3764 sed
686 3723 752 3762 ex
779 3705 937 3775 primi
985 3703 1220 3759 hominis
1253 3713 1476 3773 peccato
1508 3702 1784 3771 proﬂuxit.
1813 3704 1990 3760 Carte-

378 3820 507 3860 rum
540 3800 812 3858 Arnobius
842 3814 950 3854 non
980 3797 1110 3851 vitia
1134 3806 1188 3851 et
1219 3805 1440 3866 peccata
1467 3795 1540 3850 ibi
1569 3805 1857 3864 memorat,
1892 3797 1990 3852 sed

380 3910 654 3951 aerumnas
675 3903 730 3948 et
751 3891 1051 3954 molestias,
1074 3904 1195 3958 qua:
1224 3890 1327 3944 etsi
1354 3905 1383 3942 a
1413 3890 1588 3957 primo
1611 3890 1848 3945 hominis
1866 3906 1991 3960 pec-

384 3995 507 4044 cato
539 3983 956 4049 emanaverint;
991 3996 1120 4037 vera
1159 3990 1358 4045 tamen,
1389 3991 1447 4034 ut
1470 3996 1630 4051 supra
1656 3999 1728 4038 ex
1757 3984 1991 4053 ipsomet

386 4081 631 4138 Arnobio
660 4075 998 4134 ostendimus
1027 4073 1221 4145 (sapt,
1251 4089 1368 4142 cap.
1391 4071 1477 4144 4),
1510 4089 1616 4128 non
1646 4083 1771 4129 sunt
1802 4075 1941 4129 mala
1971 4115 1988 4142 ,

383 4174 481 4229 sed
501 4173 702 4230 bonum
723 4168 886 4225 etiam
907 4173 1168 4221 aeternum
1191 4163 1330 4220 bene
1352 4164 1630 4220 utentibus
1663 4180 1848 4222 creare
1866 4181 1990 4237 pos-

499 4275 536 4322 ι.

460 4283 536 4322 ιιι.

390 4283 700 4414 suRursum
727 4363 907 4410 tamen
942 4351 1228 4421 insurgunt
1256 4348 1693 4404 Elmenhorstius
1721 4359 1775 4405 et
1804 4349 1990 4404 lleral-

390 4454 514 4519 dus,
550 4451 813 4520 nobisque
839 4444 1112 4516 objectant
1156 4442 1453 4497 Arnobium
1481 4441 1784 4498 asseruisse
1812 4441 1988 4496 homi-

388 4564 513 4606 nem
548 4540 782 4601 naturali
809 4538 1120 4594 inﬁrmitate
1148 4550 1396 4606 peccare,
1431 4549 1536 4589 non
1569 4549 1698 4588 vero
1725 4535 1991 4590 electione

387 4637 706 4698 voluntatis.
735 4632 1009 4688 Christum
1037 4629 1313 4684 enimvero
1345 4627 1498 4681 bonis
1527 4627 1790 4697 malisque
1811 4629 1989 4697 opitu-

2105 2016 2247 2084 sint,
2299 2018 2526 2075 Arnobii
2551 2021 2852 2078 verborum
2889 2023 3059 2078 alium
3107 2027 3328 2081 omnino
3366 2029 3710 2098 suspicamur

2103 2124 2224 2165 esse
2244 2116 2486 2168 sensum.
2517 2113 2575 2169 In
2597 2129 2787 2170 eorum
2816 2117 3100 2173 enimvero
3140 2120 3455 2192 opinionem
3482 2123 3711 2192 pedibus

2101 2203 2333 2260 libenter
2355 2206 2571 2273 ibimus,
2599 2208 2690 2278 qui
2719 2209 3072 2278 probaverim
3097 2226 3294 2268 nomen
3319 2214 3452 2269 illud
3475 2227 3712 2286 peccato—

2099 2313 2205 2350 rem
2243 2299 2312 2354 ab
2339 2300 2584 2356 Arnobio
2631 2303 2796 2368 sumi,
2848 2319 2955 2359 non
2987 2304 3170 2376 utique
3200 2306 3268 2362 ad
3296 2308 3712 2378 signiﬁcandum

2100 2389 2376 2447 hominem
2399 2434 2414 2459 ,
2448 2394 2540 2464 qui
2572 2394 2774 2465 aliquid
2807 2407 2996 2452 contra
3025 2396 3263 2456 divinam
3290 2399 3402 2471 agit
3425 2400 3621 2472 legem,
3643 2416 3712 2456 ac

2101 2493 2380 2552 peccatum
2416 2488 2634 2558 proprie
2649 2487 2852 2544 dictum
2881 2489 3154 2558 admittit,
3180 2487 3278 2548 sed
3301 2493 3578 2551 hominem
3608 2497 3705 2568 qui

2099 2577 2328 2631 naturali
2353 2577 2666 2636 inﬁrmitate
2709 2582 2775 2636 ad
2824 2594 3107 2652 peccatum
3139 2596 3193 2640 et
3224 2585 3415 2642 vitium
3447 2591 3714 2661 proclivis

2094 2677 2197 2723 est.
2231 2668 2364 2724 Eam
2389 2686 2519 2726 vero
2546 2687 2669 2730 esse
2700 2674 2855 2729 illius.
2887 2678 3213 2733 sententiam
3242 2679 3367 2736 inde
3390 2683 3587 2737 conﬁci
3615 2699 3714 2752 po-

2097 2768 2218 2827 test,
2253 2763 2395 2832 quod
2424 2764 2535 2832 ille,
2560 2765 2717 2821 sicuti
2745 2769 2908 2836 paulo
2921 2780 3082 2825 antea
3107 2776 3709 2849 annotavimus(supr.,

2099 2851 2213 2908 hoc.
2239 2871 2357 2925 cap.
2385 2866 2487 2912 art.
2523 2857 2610 2930 ι),
2645 2859 3004 2918 disertissime
3057 2870 3456 2924 asseveraverit
3497 2871 3714 2928 nemini

2094 2946 2204 3001 vim
2234 2964 2262 3000 a
2293 2948 2403 3003 Deo
2430 2949 2638 3018 inferri,
2663 2967 2852 3009 omnes
2878 2970 3145 3024 prorsusa
3177 2958 3392 3014 Christo
3419 2963 3711 3033 mqualiter

2097 3043 2297 3110 vocari,
2325 3057 2390 3099 ac
2419 3043 2636 3100 liberari
2659 3087 2674 3112 ,
2707 3048 2982 3104 neminem
3009 3052 3077 3103 ab
3102 3051 3220 3120 ejus
3241 3052 3574 3124 indulgentia
3597 3072 3701 3112 ex-

2095 3137 2256 3204 cludi,
2286 3139 2575 3210 datamque
2600 3141 2850 3197 omnibus
2880 3142 3107 3199 liberam
3135 3146 3326 3216 agendi
3349 3157 3708 3218 potestatem.

2095 3229 2434 3302 Quapropter
2461 3244 2728 3290 errantem
2755 3235 3029 3293 hominem
3053 3237 3201 3294 hisce
3227 3243 3653 3313 corripitverbis
3686 3263 3708 3300 :

2015 3323 2060 3386 ρ
2099 3340 2118 3373 ‹
2157 3322 2236 3377 Tu
2257 3325 2344 3393 qui
2375 3335 2427 3378 te
2451 3327 2609 3392 verti,
2629 3335 2682 3382 et
2708 3327 2814 3383 vim
2833 3328 3107 3385 desideras
3138 3333 3366 3402 perpeti,
3393 3345 3452 3388 ut
3472 3334 3523 3389 id
3548 3338 3714 3406 quod

2093 3415 2232 3469 nolis
2270 3414 2474 3470 efﬁcias
2505 3461 2519 3483 ,
2550 3426 2710 3488 atque
2754 3419 2984 3490 arripias
3021 3433 3278 3490 coactus;
3327 3441 3422 3481 cur
3469 3430 3695 3499 respuis

2093 3525 2372 3567 assumere
2401 3512 2676 3570 voluntate
2701 3515 2776 3582 id,
2803 3517 2946 3586 quod
2989 3533 3178 3574 versus
3208 3520 3509 3590 desideras,
3534 3534 3715 3595 atque

2095 3604 2408 3661 immutatus
2432 3604 2695 3664 efllcere?
2723 3607 2878 3675 Nolo,
2900 3609 3074 3682 inquit
3093 3654 3108 3677 ,
3138 3622 3194 3668 ct
3225 3614 3557 3672 voluntatem
3591 3635 3712 3673 non

2095 3699 2286 3755 habeo.
2319 3700 2458 3769 Quid
2505 3717 2635 3773 ergo
2681 3704 2988 3760 criminaris
3036 3706 3224 3772 Deum,
3278 3718 3548 3779 tamquam
3603 3713 3712 3768 tibi

2094 3791 2276 3847 desit?
2304 3791 2475 3862 Opem
2505 3794 2784 3851 desideras
2820 3796 2916 3851 tibi
2943 3796 3108 3866 ferre,
3153 3801 3307 3870 cujus
3329 3802 3466 3857 dona
3494 3813 3552 3858 et
3581 3822 3716 3860 mu-

2095 3898 2222 3938 nera
2249 3899 2356 3938 non
2373 3893 2577 3939 tantum
2603 3891 2910 3957 asperneris
2937 3931 2954 3957 ,
2999 3905 3184 3946 verum
3214 3892 3388 3948 inania
3417 3895 3585 3952 verba
3609 3913 3718 3954 co-

2094 3977 2377 4045 gnomines
2402 3986 2457 4031 et
2483 3977 2817 4046 jocularibus
2857 3979 3070 4037 facetiis
3098 3986 3475 4056 prosequaris?
3513 4007 3534 4040 r
3571 3992 3712 4056 (Ar-

2094 4073 2212 4128 nob.
2238 4116 2253 4141 ,
2309 4076 2397 4131 lib.
2440 4092 2499 4142 ιι,
2531 4094 2652 4150 pag.
2695 4079 2809 4151 89.)
2839 4079 3109 4153 Numquid
3163 4084 3280 4140 haec
3325 4086 3470 4142 illius
3532 4092 3722 4149 verba

2093 4177 2238 4229 sunt.
2270 4170 2362 4239 qui
2390 4168 2663 4226 hominem
2693 4171 2920 4228 inﬁrma:
2968 4185 3172 4230 natura;
3206 4193 3318 4233 suae
3369 4184 3723 4243 necessitate

2091 4274 2319 4329 peccare
2376 4263 2627 4318 asserat?
2684 4264 2851 4321 immo
2899 4281 3032 4322 vero
3077 4269 3357 4338 scriptoris
3406 4273 3723 4335 orthodoxi

2092 4349 2233 4406 hunc
2253 4367 2498 4408 errorem
2530 4356 2719 4425 procul
2747 4357 2967 4413 omnino
3005 4361 3368 4419 amandantis.
3397 4364 3535 4422 Cum
3567 4385 3724 4443 ergo

2091 4446 2385 4503 verisimile
2413 4464 2520 4504 non
2562 4449 2634 4505 sit
2663 4452 2964 4509 Arnobium
2995 4456 3096 4511 sibi
3129 4459 3230 4528 ipsi
3258 4460 3478 4516 omnino
3503 4464 3725 4523 adver-

2091 4540 2220 4605 sari,
2257 4540 2466 4611 objecta
2492 4542 2560 4597 ab
2588 4543 2993 4603 Elmenhorstio
3023 4549 3165 4605 illius
3196 4552 3376 4621 verba,
3429 4554 3499 4610 ad
3542 4557 3721 4617 illum

2091 4633 2450 4702 proculdubio
2485 4651 2701 4694 sensum
2755 4642 3060 4697 revocanda
3089 4656 3244 4712 sunt,
3278 4663 3385 4717 quo
3413 4649 3721 4712 hominem

386 4735 488 4793 lari
519 4732 661 4788 hunc
686 4727 778 4783 ille
805 4722 998 4796 probat
1030 4722 1082 4775 in
1111 4719 1328 4774 modum
1364 4737 1376 4771 :
1409 4737 1428 4769 ι
1454 4716 1567 4772 Hoc
1596 4727 1681 4773 est
1704 4720 1984 4790 proprium
2013 4721 2068 4781 D
2092 4725 2156 4780 ad
2189 4736 2465 4795 peccatum
2496 4733 2727 4788 naturali
2759 4733 3070 4794 inﬁrmitate
3100 4755 3426 4812 propensum
3452 4758 3721 4814 peccato-

392 4831 490 4887 Dei
512 4826 650 4890 veri,
696 4818 1061 4892 potentiaeque
1115 4812 1310 4883 regalis
1341 4852 1358 4877 ,
1402 4811 1788 4882 benignitatem
1833 4828 1986 4868 suam

388 4936 590 4994 negare
631 4914 801 4979 nulli,
836 4926 936 4966 nec
970 4916 1225 4986 reputare
1251 4906 1370 4975 quis
1402 4915 1671 4961 mereatur
1693 4947 1709 4972 ,
1763 4917 1856 4961 aut
1885 4907 1989 4962 mi-

385 5017 564 5078 nime;
596 5023 718 5066 cum
744 5000 1005 5060 naturalis
1029 4997 1313 5053 infirmitas
1337 5006 1672 5066 peccatorem
1707 4998 1983 5054 hominem

389 5110 570 5173 faciat,
608 5117 712 5157 non
739 5094 1029 5153 voluntatis
1055 5134 1070 5159 ,
1099 5106 1192 5146 seu
1218 5089 1512 5163 (manuscr.
1544 5093 1666 5147 cod.
1701 5110 1814 5165 reg.
1870 5095 1982 5165 sed)

385 5196 723 5259 iudicationis
777 5190 994 5247 electio.
1037 5207 1054 5238 ι
1087 5186 1332 5258 (Arnob.,
1365 5186 1456 5239 lib.
1489 5201 1524 5249 ι,
1555 5205 1673 5258 pag.
1699 5189 1820 5260 29.)
1841 5192 1978 5260 Qui-

382 5300 484 5354 bus
508 5308 639 5350 sane
667 5287 842 5343 verbis
874 5292 1023 5354 putat
1051 5280 1313 5335 Heraldus
1351 5281 1420 5334 ab
1442 5280 1533 5334 illo
1564 5281 1850 5352 signiﬁcari
1881 5284 1978 5339 ho-

379 5394 582 5450 minem
617 5399 717 5441 nec
755 5379 895 5435 velle
926 5377 1124 5433 malum
1158 5417 1174 5442 ,
1227 5391 1325 5429 nec
1365 5374 1595 5444 eligere,
1622 5377 1714 5431 sed
1744 5381 1975 5435 naturali

379 5485 618 5542 caecitate
650 5477 702 5532 id
728 5473 969 5545 judicare
1000 5469 1224 5532 bonum,
1247 5466 1388 5537 quod
1423 5483 1617 5525 revera
1646 5471 1843 5525 malum
1867 5483 1971 5526 est.

377 5578 566 5634 Nonne
606 5586 736 5642 ergo
781 5564 1052 5622 Arnobius
1090 5569 1238 5616 recte
1273 5559 1513 5630 arguitur
1557 5561 1608 5612 in
1655 5559 1794 5617 hunc
1832 5579 1969 5634 quo-

376 5669 623 5728 rumdam
653 5672 894 5720 veterum
927 5645 1376 5729 philosophorum
1408 5669 1647 5709 errorem
1681 5655 1967 5726 incidisse,

376 5780 536 5839 quem
564 5757 877 5816 Lactantius
905 5753 988 5807 his
1011 5749 1192 5805 verbis
1227 5748 1431 5802 notavit
1458 5750 1481 5800 ?
1543 5767 1560 5798 ι
1604 5746 1793 5803 Dicunt
1824 5767 1918 5806 eos
1948 5793 1963 5815 ,

375 5864 463 5931 qui
492 5859 616 5916 mali
637 5853 941 5910 videantur,
967 5861 1071 5900 non
1103 5856 1196 5898 sua
1221 5849 1413 5910 sponte
1429 5854 1674 5909 peccare,
1708 5857 1806 5896 nec
1825 5844 1962 5898 mala

376 5953 551 6036 potius
575 5949 776 6025 eligere
805 5985 821 6014 ,
855 5939 949 6000 sed
985 5939 1247 5996 bonorum
1279 5933 1457 6006 specie
1485 5933 1667 6005 lapsos
1687 5973 1702 6003 ,
1721 5932 1958 5992 incidere

2093 4836 2198 4874 rem
2229 4823 2577 4892 nuncupavit.

2681 4965 2912 5024 CAPUT
2943 4967 3080 5026 VIII.

2185 5069 2261 5125 De
2279 5089 2479 5128 summa
2508 5073 2701 5132 Christi
2727 5079 2992 5136 divinitate
3014 5093 3062 5137 et
3099 5085 3472 5145 incarnationis
3499 5095 3631 5165 ejus

2740 5177 2999 5245 mysterio.

2615 5307 2914 5349 ARTICULUS
2943 5311 3154 5353 PRIMUS.

2080 5395 2233 5454 Quam
2261 5398 2430 5452 validis
2453 5409 2758 5482 argumentis
2779 5407 3024 5482 Arnobius
3045 5426 3325 5482 supremam
3350 5416 3534 5471 Christi
3561 5425 3722 5482 divi-

2497 5470 2702 5519 nitatem
2726 5481 2915 5523 asserat
2949 5481 3000 5524 et
3025 5470 3256 5526 vindicet.

2147 5569 2316 5624 Tanta
2352 5573 2625 5630 Arnobius
2676 5580 3060 5650 perspicuitate
3090 5594 3146 5639 et
3185 5587 3457 5643 evidentia
3489 5607 3716 5664 supre—

2078 5677 2217 5716 mam
2251 5665 2451 5723 ﬁliiDei
2480 5667 2684 5724 Christi
2718 5671 2922 5728 domini
2954 5675 3292 5733 divinitatem
3342 5685 3543 5737 asserit
3577 5729 3596 5750 ,
3642 5705 3719 5748 υι

2071 5755 2200 5810 illud
2229 5768 2261 5810 a
2286 5761 2521 5828 nemine,
2553 5762 2654 5818 nisi
2672 5775 2855 5820 mente
2877 5777 3056 5837 capto,
3081 5769 3163 5824 vel
3191 5771 3495 5829 incredibili
3517 5793 3714 5845 pror-

2069 5863 2161 5902 sus
2220 5853 2517 5918 pervicacia
2575 5855 2851 5914 obcmcato
2900 5862 3069 5930 possit
3136 5880 3384 5934 umquam
3459 5880 3713 5941 negari.

2066 5938 2226 5997 Menti
2255 5953 2435 6002 autem
2460 5947 2577 6018 ejus
2605 5964 2763 6020 quam
2785 5951 2890 6009 alte
2916 5951 3140 6011 inﬁxum
3161 5954 3324 6015 fuerit
3333 5938 3715 6033 prmeipiaum
