3918 6346
236 395 327 451 tsr;
1411 389 1476 445 IN
1516 386 1886 456 ARNOBIUM,
1927 386 2080 445 CAP.
2124 386 2256 444 Vill.

3409 392 3518 450 466

234 509 344 566 illud
370 507 686 564 christianae
736 508 1013 579 religionis
1040 506 1417 562 documentum
1442 550 1457 573 ,
1491 505 1616 560 inde
1648 505 1805 575 plane
1834 507 1884 565 Α
1911 505 2073 559 velim
2110 522 2125 561 :
2165 523 2183 556 ι
2205 504 2451 571 Etiamsi,
2484 522 2504 558 ι
2533 506 2725 577 inquit,
2765 524 2783 558 ι
2813 514 2960 564 esset
2988 506 3039 563 id
3065 521 3273 573 verum,
3298 507 3431 563 locis
3458 517 3518 562 ut

236 600 424 672 colliges
453 642 467 665 ,
509 600 659 672 quod
695 600 747 656 id
778 616 880 656 nec
906 598 1242 663 Christianis,
1277 613 1375 653 nec
1406 596 1650 653 Ethnicis
1679 597 1810 667 ipsis

232 712 282 753 se
321 712 565 767 umquam
596 696 731 752 satis
770 695 975 752 dixisse
1018 705 1072 751 et
1124 693 1423 749 inculcasse
1475 692 1577 747 sibi
1626 690 1809 747 videa-

232 799 320 843 tur.
349 787 587 845 Gentiles
618 790 901 843 enimvero
928 786 1202 853 audacter,
1229 786 1304 839 uti
1340 785 1430 840 ille
1460 783 1601 838 haud
1634 782 1808 838 semel

232 885 394 951 edixit,
438 884 777 955 objiciebant
819 883 952 938 deos
1000 897 1127 938 suos
1176 896 1283 935 non
1335 879 1457 936 ideo
1497 877 1808 934 christianis

228 992 332 1033 esse
359 976 601 1043 infestos,
642 995 660 1029 ι
690 976 832 1047 quod
864 978 1287 1047 omnipotentem
1321 974 1488 1028 Deum
1520 972 1806 1037 colerent,

228 1070 326 1135 sed,
349 1071 486 1141 quod
521 1071 792 1126 hominem
820 1082 1027 1136 natum,
1060 1070 1345 1139 crucisque
1373 1066 1637 1137 supplicio
1668 1067 1808 1121 inte-

226 1174 492 1232 remptum,
517 1172 571 1217 et
586 1163 749 1217 Deum
766 1161 954 1227 fuisse,
975 1174 1026 1217 et
1045 1162 1218 1216 adhuc
1236 1175 1553 1230 superesse»
1568 1158 1801 1232 (Arnob.,

228 1255 303 1309 lib.
352 1270 387 1322 ι,
422 1272 545 1326 pag.
588 1252 681 1327 19)
724 1256 1041 1321 crederent,
1090 1270 1153 1309 ac
1202 1254 1443 1324 quotidie
1492 1253 1802 1308 adorarent.

225 1347 385 1419 Neque
414 1348 465 1403 id
498 1348 606 1402 illis
633 1348 766 1403 vitio
808 1359 1014 1403 tantum
1066 1347 1350 1402 vertebant
1376 1388 1392 1411 ,
1443 1344 1538 1401 sed
1564 1346 1634 1400 ob
1663 1345 1805 1399 hanc

226 1456 413 1512 quoque
441 1441 841 1496 confessionem
869 1442 1016 1513 ipsos
1053 1439 1382 1511 quibuslibet
1407 1437 1687 1508 suppliciis
1709 1453 1805 1493 ex-

226 1534 591 1590 carniﬁcabant
620 1535 1087 1605 trucidabantque.
1122 1534 1375 1590 Animum
1405 1534 1587 1605 itaque
1612 1534 1802 1588 nobis-

224 1643 328 1682 cum
360 1629 500 1683 serio
528 1628 751 1684 adverte
782 1628 909 1699 quid
937 1628 1209 1684 Arnobius
1237 1627 1354 1681 haec
1369 1642 1663 1698 numquam
1696 1643 1802 1680 non

233 1721 513 1774 tabularum
545 1735 698 1776 more
725 1720 1147 1777 vociferantibus
1192 1721 1547 1790 respondeat,
1581 1730 1636 1776 ct
1674 1736 1804 1775 con-

222 1811 379 1867 festim
408 1813 676 1884 intelliges
703 1830 865 1885 quam
911 1823 1100 1884 aperte
1130 1825 1185 1869 et
1209 1824 1357 1870 certo
1388 1829 1571 1869 veram
1602 1812 1803 1870 Christi

1913 595 1966 650 in
1997 596 2370 665 superioribus
2399 597 2603 653 dictum
2636 607 2738 663 est,
2772 607 2949 654 tamen
2974 614 3071 669 pro
3099 600 3299 663 multis,
3322 608 3379 657 et
3407 610 3513 655 tam

1910 689 2224 745 liberalibus
2251 690 2428 759 donis,
2461 707 2580 761 quae
2608 692 2674 748 ab
2701 707 2767 748 eo
2798 692 3040 763 profecta
3072 694 3124 748 in
3162 694 3316 749 nobis
3344 704 3467 749 sunt
3495 732 3514 760 ,

1912 781 2056 837 Deus
2085 782 2447 838 dicideberet.
2481 783 2615 839 Cum
2642 802 2773 840 vero
2802 786 2942 842 Deus
2964 788 3035 841 sit
3061 802 3119 842 re
3133 796 3371 855 certa,et
3392 789 3513 842 sine

1910 875 2071 929 ullius
2093 874 2169 930 rei
2200 876 2547 932 dubitationis
2567 876 2662 951 (ita
2684 879 2737 933 in
2766 881 3133 950 niauuscripto
3162 880 3349 935 codice
3366 880 3515 951 regio

1909 965 2129 1040 legitur)
2158 969 2411 1041 ambiguo
2432 1012 2447 1036 ,
2479 971 2817 1027 inliciaturos
2846 972 3185 1028 arbitramini
3209 989 3307 1027 nos
3335 989 3458 1029 esse
3487 1016 3503 1037 ,

1909 1078 2069 1133 quam
2098 1066 2333 1121 maxime
2363 1066 2513 1120 illum
2536 1082 2565 1121 a
2596 1066 2752 1121 nobis
2782 1068 2909 1134 coli,
2941 1078 2994 1123 et
3026 1068 3311 1139 praesidem
3344 1069 3515 1124 nostri

1911 1161 2156 1229 corporis
2199 1163 2538 1230 nuncupari?
2564 1162 2801 1233 Ergone,
2845 1164 3047 1234 inquiet
3074 1164 3264 1232 aliquis
3292 1162 3475 1218 furens
3500 1205 3517 1231 ,

1911 1254 2079 1309 iratus
2121 1264 2176 1309 et
2218 1257 2477 1325 percitus,
2536 1256 2678 1311 Deus
2709 1257 2799 1311 ille
2821 1267 2905 1312 est
2931 1256 3212 1311 Christus?
3239 1257 3381 1311 Deus
3402 1271 3518 1311 res-

1911 1348 2294 1419 pondebimus,
2343 1362 2395 1405 et
2463 1351 2784 1407 interiorum
2841 1353 3203 1421 potentiarum
3248 1352 3389 1407 Deus
3421 1368 3436 1405 :
3468 1360 3523 1406 et

1910 1442 2053 1510 quod
2082 1444 2254 1513 magis
2281 1443 2478 1498 inﬁdos
2517 1444 2885 1501 acerbissimis
2912 1445 3195 1501 doloribus
3220 1454 3469 1515 torqueat
3500 1489 3513 1509 ,

1909 1535 1987 1588 rei
2038 1536 2285 1590 maxima:
2333 1552 2493 1591 causa
2547 1552 2579 1592 a
2626 1552 2838 1592 summo
2872 1553 2999 1608 rege
3036 1538 3251 1592 missus.
3290 1555 3310 1588 ι
3357 1536 3519 1591 Vides

1911 1624 2155 1694 profecto
2180 1628 2454 1698 quomodo
2486 1630 2577 1685 ille
2608 1630 2688 1685 bis
2727 1639 2915 1699 terque
2946 1641 3178 1700 repetat,
3208 1639 3262 1684 et
3282 1630 3517 1685 inculcet

1911 1717 2188 1774 Christum
2244 1736 2349 1776 non
2399 1723 2617 1777 nomine
2647 1732 2803 1777 tenus
2834 1722 3294 1794 etappellatione,
3329 1722 3423 1778 sed
3458 1738 3517 1776 re

1911 1820 2081 1877 certa,
2140 1821 2297 1883 atque
2328 1814 2433 1867 ulla
2461 1813 2666 1884 absque
2695 1813 3029 1869 dubitatione
3057 1815 3139 1869 vel
3168 1814 3515 1885 ambiguitate.

221 1904 533 1961 divinitatem
569 1906 966 1978 praedicaverit.
998 1908 1137 1975 Quid
1164 1908 1331 1971 enim,
1365 1909 1593 1964 obsecro
1620 1917 1695 1975 te,
1727 1908 1804 1963 fa-
1836 1895 1884 1953 B
1914 1920 2100 1960 verum
2147 1922 2269 1961 esse
2319 1908 2489 1962 Deum
2516 1910 2760 1979 corporis
2791 1908 2961 1963 nostri
2992 1908 3273 1978 praesidem
3295 1952 3308 1974 ,
3354 1917 3409 1962 et
3430 1909 3513 1961 in-

222 1996 360 2051 cilius
377 2000 789 2070 promptiusque
817 2001 893 2056 illi
920 2012 1057 2069 erat,
1078 2017 1236 2072 quam
1260 2002 1590 2071 reSpondere
1609 2002 1801 2058 Chris-

218 2098 312 2143 tum
338 2108 438 2146 non
471 2109 599 2148 vere
627 2109 692 2148 ac
726 2097 943 2167 proprie
974 2139 988 2163 ,
1049 2095 1144 2150 sed
1171 2099 1560 2168 metonymice,
1616 2106 1671 2152 et
1696 2098 1799 2152 im-

217 2186 411 2252 proprie
442 2185 610 2240 Deum
637 2202 667 2239 a
691 2188 999 2242 Christianis
1024 2188 1175 2242 credi
1207 2198 1261 2242 et
1288 2190 1593 2259 appellari?
1621 2190 1698 2244 Ea
1725 2192 1803 2245 si-

217 2276 409 2346 quidem
450 2278 672 2334 cuilibet
696 2280 851 2334 obvia
879 2282 1233 2350 responsione
1264 2281 1470 2336 Ethicis
1494 2297 1556 2337 os
1580 2284 1798 2354 penitus

217 2371 527 2427 occlusisset.
557 2372 664 2429 Sed
694 2382 897 2427 tantum
926 2374 1100 2440 abest,
1132 2386 1189 2429 ut
1219 2391 1337 2430 eam
1376 2377 1648 2444 adhibeat,
1669 2379 1799 2449 quin

214 2460 366 2531 ipsum
412 2463 688 2519 Christum
720 2480 904 2519 verum
938 2466 1105 2521 Deum
1135 2482 1256 2522 esse
1304 2468 1430 2522 inde
1458 2469 1799 2526 demonstrat

219 2551 387 2622 (Ibid.,
415 2573 536 2627 pag.
570 2556 687 2628 21).
728 2557 871 2627 quod
894 2572 1101 2612 summa
1130 2571 1184 2613 et
1211 2560 1492 2615 innumera
1537 2561 1798 2617 beneficia

215 2650 446 2703 omnibus
470 2650 755 2719 aequaliter
794 2652 1101 2706 hominibus
1150 2654 1441 2708 contulerit
1470 2671 1483 2707 :
1524 2673 1541 2705 ι
1574 2655 1686 2711 Hoc
1716 2665 1801 2711 est

214 2742 361 2808 enim,
400 2762 418 2795 ι
454 2744 625 2814 inquit
660 2744 848 2815 (Ibid.,
879 2764 999 2816 pag.
1036 2747 1149 2817 29),
1181 2766 1200 2798 ι
1239 2749 1513 2818 proprium
1546 2750 1635 2805 Dei
1661 2753 1793 2818 veri,

214 2838 557 2908 potentiaeque
587 2842 807 2910 regalis,
839 2841 1220 2911 benignitatem
1249 2857 1400 2895 suam
1425 2856 1624 2913 negare
1641 2843 1793 2910 nulli,

212 2943 300 2985 nec
328 2944 574 3003 reputare
605 2935 727 3005 quis
767 2944 1061 2999 mereatur,
1092 2946 1184 2990 aut
1212 2936 1455 2991 minime.
1497 2959 1515 2988 ι
1549 2938 1678 3006 Quae
1701 2954 1796 2994 au-

212 3032 305 3079 tem
349 3041 409 3081 ea
454 3028 561 3082 sint
606 3029 843 3084 breviter
870 3030 1104 3100 attingit,
1139 3040 1300 3100 atque
1359 3030 1490 3085 illud
1527 3032 1796 3101 imprimis

213 3129 500 3183 memorat,
554 3120 699 3188 quod
746 3119 995 3176 Christus
1048 3123 1297 3178 homines
1330 3128 1398 3177 ab
1434 3126 1712 3179 erroribus
1742 3138 1797 3182 et

212 3209 329 3267 falsa
357 3214 613 3284 religione
642 3215 709 3269 ad
756 3230 936 3269 veram
971 3217 1292 3281 traduxerit,
1325 3232 1530 3289 eosque
1550 3219 1799 3276 docuerit

214 3317 239 3355 a
264 3320 362 3374 quo
385 3306 635 3371 mundus,
661 3316 716 3360 et
740 3305 793 3360 hi
823 3308 1037 3377 ipsimet
1077 3309 1325 3364 homines
1355 3310 1521 3365 creati
1552 3310 1693 3379 sint,
1734 3328 1797 3368 ac

213 3397 319 3465 quis
347 3408 461 3468 post
490 3408 722 3453 mortem
753 3407 921 3454 status
950 3415 1045 3455 eos
1084 3411 1319 3457 maneat.
1346 3402 1485 3457 Tum
1512 3419 1643 3458 vero
1667 3419 1797 3459 con-

213 3488 429 3544 tinenter
469 3490 608 3546 hanc
662 3490 752 3546 ille
800 3491 977 3546 elicuit
1018 3494 1467 3550 conclusionem:
1508 3514 1526 3547 ι
1561 3496 1637 3550 Ita
1668 3512 1797 3568 ergo

214 3579 439 3639 Christus
492 3602 599 3640 non
650 3586 912 3641 habeatur
948 3602 975 3640 a
1025 3587 1181 3641 nobis
1206 3588 1392 3644 Deus?
1419 3588 1530 3645 Nec
1557 3592 1646 3659 qui
1675 3605 1795 3645 om-

214 3676 347 3730 nium
383 3679 616 3750 alioquin
647 3681 912 3735 maximus
942 3690 1121 3750 potest
1155 3683 1469 3753 excogitari,
1501 3683 1799 3740 divinitatis

217 3768 460 3826 afficiatur
487 3775 653 3840 cultu,
684 3790 714 3828 a
736 3791 844 3845 quo
866 3776 1180 3845 jamdudum
1206 3786 1375 3842 tanta,
1418 3790 1469 3832 et
1491 3780 1798 3849 accepimus

214 3862 341 3919 dona
360 3866 621 3933 viventes,
652 3877 707 3924 et
736 3881 1132 3939 exspectamus,
1151 3886 1270 3925 cum
1290 3870 1404 3925 dies
1425 3872 1656 3937 venerit,
1681 3888 1798 3926 am-

217 3958 391 4025 pliora.
429 3980 447 4012 ›
476 3961 611 4029 Quid
646 3963 713 4016 ad
742 3977 1005 4017 summam
1034 3962 1232 4018 Christi
1262 3961 1602 4017 divinitatem
1648 3979 1799 4019 asse-

217 4053 424 4109 rendam
467 4057 777 4124 expressius
816 4068 869 4111 et
915 4057 1233 4111 luculentius
1270 4056 1495 4126 proferri
1550 4057 1795 4128 poterat?

219 4143 444 4202 Gentiles
485 4163 799 4216 persuasum
838 4149 1106 4204 habebant
1132 4148 1404 4204 Christum
1431 4151 1498 4205 ab
1529 4151 1647 4221 ejus
1677 4166 1795 4207 sec-

218 4240 463 4297 tatoribus
493 4258 679 4297 verum
730 4243 897 4297 Deum
948 4242 1095 4297 credi
1125 4285 1141 4309 ,
1184 4252 1345 4313 atque
1376 4243 1425 4297 id
1449 4244 1552 4298 illis
1582 4246 1794 4299 crimini

216 4335 433 4388 maximo
473 4337 774 4391 vertebant.
823 4338 1091 4393 Arnobius
1133 4352 1262 4391 vero
1290 4337 1478 4392 iisdem
1514 4338 1747 4393 ethnicis
1776 4380 1790 4404 ,

216 4424 344 4481 hanc
385 4429 785 4498 persuasionem
830 4428 1053 4484 cuilibet
1091 4429 1389 4483 christiano
1419 4429 1795 4499 exprobranti-

216 4519 326 4586 bus,
372 4538 469 4575 non
499 4532 706 4577 tantum
760 4523 1054 4592 respondet
1083 4522 1223 4577 hanc
1252 4523 1431 4592 reipsa
1460 4537 1583 4578 esse
1614 4522 1789 4578 chris-

215 4616 460 4672 tianorum
486 4617 829 4681 sententiam,
856 4617 950 4670 sed
981 4616 1120 4670 illius
1148 4632 1360 4687 quoque
1388 4617 1665 4673 veritatem
1695 4632 1789 4671 va-

217 4706 305 4759 riis
356 4710 615 4763 rationum
669 4709 959 4763 momentis
1010 4708 1198 4778 probat
1242 4719 1295 4763 et
1343 4709 1595 4765 adstruit.
1647 4712 1789 4779 Quin

215 4800 362 4853 etiam
390 4811 698 4856 constanter
722 4809 996 4857 asseverat
1024 4801 1296 4857 Christum
1329 4818 1395 4859 eo
1420 4804 1604 4860 divino
1644 4807 1792 4861 cultu

219 4891 592 4960 honorandum,
628 4894 720 4965 qui
753 4898 1025 4950 maximus
1054 4896 1348 4966 excogitari
1381 4905 1579 4967 potest.
1604 4899 1789 4955 Palam

216 5003 337 5058 ergo
365 5006 419 5046 ac
444 4991 725 5062 perspicue
760 4990 992 5046 affirmat
1024 5008 1129 5046 non
1155 5002 1358 5047 tantum
1386 4994 1614 5063 gentiles
1649 4996 1791 5050 haud

220 5083 467 5140 immerito
503 5085 800 5142 credidisse
836 5101 1017 5141 veram
1049 5086 1377 5141 divinitatem
1419 5103 1448 5142 a
1488 5087 1794 5145 christianis

220 5176 290 5231 illi
320 5180 483 5246 tribui,
518 5194 705 5234 verum
726 5180 885 5235 etiam
909 5180 1013 5235 hoc
1044 5180 1208 5236 fuisse
1230 5185 1588 5250 ipsorummet
1615 5184 1790 5241 chris-

221 5270 463 5327 tianorum
500 5283 707 5328 certum
753 5272 1136 5344 publicumque
1173 5274 1557 5330 documentum
1580 5319 1595 5344 ,
1629 5287 1660 5331 Δ
1688 5294 1794 5349 (ιιιο

221 5362 367 5417 nullis
392 5382 636 5437 umquam
669 5366 946 5436 suppliciis
976 5367 1159 5423 divelli
1193 5378 1465 5439 poterant.

294 5455 385 5512 Sed
427 5460 677 5529 agedum,
710 5468 764 5514 et
812 5459 1029 5515 attende
1060 5462 1331 5530 quomodo
1378 5462 1429 5517 id
1466 5462 1558 5519 ille
1586 5474 1796 5536 repetat

223 5547 395 5617 (Ibid.
421 5571 539 5626 pug.
570 5554 690 5625 (24),
730 5570 995 5625 novoque,
1043 5572 1141 5611 nec
1181 5558 1357 5612 minus
1399 5560 1682 5629 perspicuo
1711 5561 1797 5616 di-

226 5644 367 5698 cendi
398 5648 552 5702 modo
603 5648 841 5702 stahiliat
868 5658 922 5703 et
944 5649 1229 5704 confirmet
1262 5670 1274 5706 :
1311 5650 1511 5706 Natum
1535 5693 1550 5719 ,
1590 5654 1797 5724 inquie—

227 5736 346 5795 baut
372 5741 594 5811 Ethnici,
638 5744 897 5799 hominem
924 5745 1111 5799 colitis.
1152 5744 1232 5800 En
1283 5762 1413 5801 sane
1464 5745 1649 5803 eadem
1680 5749 1800 5803 illo-

229 5846 338 5886 rum
386 5851 564 5891 rursus
593 5838 903 5893 christianis
935 5840 1208 5911 proposita
1251 5840 1615 5910 exprobratio.
1663 5840 1799 5910 Quid

232 5921 301 5977 ad
320 5939 425 5982 eam
449 5930 713 5986 Arnobius
748 5940 932 5987 noster
952 5929 1149 5988 iterum
1180 5932 1507 6004 respondeat
1533 5975 1548 6003 ,
1582 5935 1800 6004 audias,

1909 1998 2170 2053 teriorum
2202 2001 2585 2069 potentiarum,
2613 2002 2715 2057 hoc
2731 2011 2835 2068 est,
2866 2002 3030 2056 animi
3054 2002 3223 2055 nostri
3250 2002 3518 2056 omnium-

1907 2106 2014 2161 que
2042 2090 2356 2148 facultatum
2390 2094 2507 2163 ejus
2539 2096 2732 2150 Deum.
2756 2093 3073 2159 Cuiautem,
3091 2092 3283 2148 amabo
3300 2103 3375 2159 te,
3399 2092 3513 2147 hmo

1907 2184 2107 2248 omnia,
2142 2186 2243 2240 nisi
2274 2202 2487 2242 summo
2518 2188 2627 2242 Deo
2654 2188 3010 2258 competunt?

1979 2281 2135 2349 Quod
2181 2291 2359 2335 autem
2410 2278 2619 2335 addidit
2645 2298 2659 2336 :
2691 2282 2763 2336 rei
2805 2281 3045 2335 maxime:
3073 2297 3227 2335 causa
3258 2298 3289 2333 (ι
3314 2297 3515 2335 summo

1904 2389 2019 2443 rege
2041 2373 2244 2435 missus,
2274 2372 2357 2427 his
2383 2387 2515 2427 sane
2542 2373 2721 2427 verbis
2768 2387 2875 2426 non
2920 2372 3207 2441 signiﬁcat,
3241 2370 3515 2427 Christum

1904 2478 2027 2519 esse
2072 2464 2384 2519 inferiorem
2414 2506 2429 2531 ,
2482 2465 2575 2519 sed
2605 2481 2770 2519 unum
2810 2474 2864 2520 et
2887 2465 3137 2521 eumdem
3182 2481 3303 2520 cum
3334 2466 3521 2531 Patre.

1904 2570 2175 2609 summum
2215 2571 2335 2611 esse
2369 2556 2558 2622 Deum,
2595 2573 2824 2626 persona
2856 2568 3037 2613 tamen
3066 2557 3402 2615 distinctum.
3436 2561 3513 2615 Ea

1904 2662 2066 2717 porro
2094 2649 2169 2701 rei
2198 2650 2437 2702 maxima-
2461 2665 2642 2715 causa,
2676 2648 2746 2704 ob
2774 2650 3040 2722 quamab
3069 2666 3135 2705 eo
3162 2651 3363 2707 missus
3384 2652 3521 2708 dici-

1908 2750 2012 2807 tur,
2046 2758 2152 2795 non
2181 2742 2284 2796 alia
2312 2750 2418 2807 est,
2448 2758 2607 2812 quam
2638 2752 2695 2798 nt
2726 2744 2996 2810 homines,
3032 2747 3107 2801 uti
3138 2746 3371 2803 diximus
3394 2791 3407 2814 ,
3441 2748 3513 2804 ab

1904 2835 2074 2904 impio
2106 2836 2370 2891 idolorum
2394 2838 2561 2904 cultu,
2590 2848 2645 2892 et
2678 2838 2809 2893 falsa
2836 2841 3114 2909 gentilium
3138 2841 3416 2912 religione,
3448 2842 3522 2898 ad

1904 2943 2091 2983 verum
2129 2930 2221 2984 Dei
2242 2931 2446 2985 cultum
2474 2946 2769 3003 veramque
2801 2934 3118 3004 religionem
3143 2935 3430 3004 adductos,
3463 2947 3520 2992 et

1905 3031 2078 3076 morte
2128 3039 2224 3077 sua
2268 3040 2296 3077 a
2332 3028 2570 3095 peccatis
2596 3028 2803 3081 solutos
2826 3029 3081 3085 salvaret.
3113 3027 3266 3095 Quod
3297 3029 3519 3098 quidem

1902 3113 2152 3169 Ethnicis
2182 3116 2520 3171 intolerabile
2549 3117 2712 3171 fuisse
2734 3117 2935 3172 adserit
2963 3117 3158 3189 (Idem,
3194 3120 3281 3173 lib.
3302 3137 3359 3186 u,
3384 3138 3513 3192 pag.

1902 3210 1993 3274 87,
2027 3210 2205 3281 etc.,),
2238 3219 2397 3275 atque
2422 3221 2476 3265 ut
2510 3212 2625 3282 ipse
2651 3211 2891 3282 loquitur
2913 3254 2928 3277 ,
2960 3214 3328 3269 acerbissimis
3357 3214 3517 3271 dolo-

1904 3304 2051 3358 ribus
2093 3304 2401 3374 torquebat.
2444 3303 2551 3359 Sed
2582 3304 2930 3374 quantumvis
2966 3320 3029 3360 ea
3074 3306 3287 3375 publica
3318 3306 3512 3363 divini-

1903 3398 2029 3450 tatis
2075 3397 2271 3451 Christi
2323 3396 2672 3452 confessione
2733 3404 3139 3465 torquerentur,
3196 3408 3511 3457 constanter

1901 3501 2102 3559 tamen,
2141 3492 2301 3547 etiam
2349 3493 2433 3548 sui
2482 3491 2673 3561 capitis
2726 3490 3005 3561 periculo,
3062 3490 3337 3549 affirmare
3396 3509 3506 3551 non

1902 3598 2120 3643 veretur
2151 3587 2298 3642 illum
2326 3602 2596 3642 summum
2628 3600 2750 3641 esse
2784 3586 2976 3641 Deum.

1973 3679 2115 3735 Satis
2141 3694 2270 3735 vero
2298 3680 2399 3735 sibi
2421 3695 2543 3735 esse
2574 3696 2680 3737 non
2704 3684 2910 3753 putavit
2940 3694 3048 3739 tam
3076 3685 3240 3742 claris
3279 3690 3508 3758 apertis-

1900 3790 2008 3846 que
2047 3776 2225 3830 verbis
2248 3792 2556 3845 supremam
2584 3777 2785 3834 Christi
2818 3780 3152 3836 divinitatem
3180 3781 3459 3840 declarare
3488 3826 3504 3851 ,

1901 3883 2131 3938 eumque
2160 3885 2225 3924 ex
2248 3870 2455 3940 magnis
2483 3868 2652 3939 ipsius
2684 3872 2735 3926 in
2761 3872 3006 3928 homines
3036 3874 3333 3943 beneflciis,
3362 3876 3506 3931 divi-

1902 3975 2076 4030 uaque
2101 3961 2217 4029 ejus
2237 3962 2618 4031 comprobasse
2640 3963 2886 4019 doctrina
2907 4008 2923 4030 ,
2954 3966 3049 4021 sed
3081 3967 3328 4023 eamdem
3363 3969 3507 4026 illius

1899 4054 2231 4109 divinitatem
2263 4070 2330 4110 ex
2362 4056 2660 4111 innumeris
2691 4058 2759 4111 ah
2789 4062 2905 4128 ipso
2926 4099 2939 4121 ,
2993 4069 3048 4114 et
3070 4060 3347 4132 discipulis
3387 4063 3505 4133 ejus

1900 4146 2057 4200 editis
2082 4146 2359 4201 miraculis
2379 4148 2781 4204 evidentissime
2811 4150 3170 4207 demonstrat.

1971 4238 2100 4305 Quae
2144 4248 2324 4294 autem
2346 4250 2599 4311 ,quanta,
2630 4256 2789 4313 quam
2814 4259 2967 4309 vera,
3014 4255 3069 4299 et
3091 4256 3244 4302 certo
3274 4249 3507 4304 certiora

1897 4334 2096 4388 fuerint
2150 4335 2266 4391 haec
2312 4335 2593 4398 miracula,
2668 4336 3011 4393 manifestum
3066 4354 3229 4409 supra
3277 4342 3505 4399 fecimus

1901 4427 2068 4499 (ιαμ,
2099 4445 2214 4500 cap.
2247 4428 2299 4493 5,
2331 4437 2430 4486 art.
2464 4428 2526 4499 l).
2563 4428 2672 4484 Nec
2711 4431 2887 4484 minus
2944 4434 3227 4502 perspicue
3265 4434 3506 4489 ostendi-

1898 4534 2017 4575 mus
2072 4521 2344 4592 quomodo
2389 4521 2480 4575 illa
2510 4522 2657 4576 nullo
2686 4534 2915 4577 externo
2955 4523 3283 4579 adminiculo
3307 4565 3322 4592 ,
3357 4527 3503 4583 nulla

1896 4632 1998 4673 nec
2023 4616 2255 4677 medica.
2281 4631 2382 4672 nec
2412 4618 2617 4687 magica
2648 4627 2787 4680 arte,
2818 4618 2912 4672 sed
2934 4618 3050 4672 solo
3072 4619 3259 4685 verbo,
3283 4629 3375 4675 aut
3398 4620 3510 4678 levi

1907 4722 2070 4778 tactu,
2102 4710 2245 4781 quod
2276 4710 2405 4765 nulli
2437 4725 2687 4781 umquam
2713 4711 2993 4781 gentilium
3013 4713 3142 4779 Deo,
3174 4712 3363 4768 autalii
3384 4714 3501 4768 cui-

1899 4808 2042 4875 piam
2070 4819 2391 4860 concessum
2423 4813 2526 4871 est,
2560 4804 2696 4858 facta
2728 4805 2857 4859 sint.
2886 4803 3070 4874 Itaque
3098 4815 3379 4878 postquam
3410 4807 3503 4864 illa

1898 4898 2095 4953 Christi
2123 4897 2620 4968 discipulorumque
2642 4897 2760 4967 ejus
2792 4897 3051 4952 miracula
3086 4899 3356 4954 Arnobius
3377 4898 3497 4955 fuse

1899 4993 2193 5056 enarravit,
2221 5007 2286 5046 ex
2314 5004 2575 5045 concessa
2609 4989 2728 5044 i5tis
2759 4991 2831 5045 ab
2855 4988 3047 5045 eodem
3076 4989 3294 5045 Christo
3319 5005 3383 5047 ea
3418 4992 3499 5045 fa-

1898 5085 2076 5142 ciendi
2114 5093 2379 5155 potestate
2423 5084 2499 5137 sic
2553 5090 2963 5153 argumentatur
3001 5100 3014 5136 :
3051 5102 3070 5135 ι
3110 5082 3501 5140 Transcribere

1904 5195 2060 5250 posse
2114 5180 2165 5234 in
2228 5178 2501 5234 hominem
2528 5176 2616 5248 jus
2646 5188 2818 5245 tuum,
2852 5177 3073 5249 etquod
3126 5178 3305 5234 facere
3349 5180 3499 5235 solus

1904 5274 2078 5344 possis
2103 5317 2116 5341 ,
2175 5270 2534 5341 fragilissima:
2566 5271 2643 5326 rei
2692 5271 2898 5327 donare
2918 5314 2932 5338 ,
2979 5283 3033 5326 et
3065 5271 3391 5342 participare
3418 5271 3497 5327 fa-

1901 5365 2174 5432 ciendum,
2208 5380 2371 5435 supra
2403 5364 2580 5419 omnia
2610 5363 2729 5419 sitae
2759 5376 2844 5419 est
2875 5367 3176 5434 potestatis,
3206 5364 3498 5421 continen-

1903 5463 2076 5533 lisque
2102 5460 2203 5514 sub
2231 5474 2291 5515 se
2311 5468 2393 5514 est
2425 5473 2605 5514 rerum
2637 5458 2877 5513 omnium
2898 5473 3113 5523 causas,
3143 5466 3195 5512 et
3222 5458 3495 5515 rationum

1901 5553 2319 5623 facultatumque
2349 5560 2587 5606 naturas.
2631 5570 2648 5603 ι
2678 5550 2922 5621 (Aruob.,
2951 5551 3039 5604 lib.
3076 5566 3112 5617 l,
3147 5566 3268 5622 pag.
3294 5549 3498 5620 3L)At

1902 5650 2055 5720 cujus
2083 5659 2186 5717 est,
2212 5665 2309 5705 oro
2342 5661 2417 5717 te,
2449 5650 2548 5704 nisi
2574 5650 2740 5704 solius
2775 5649 2889 5715 Dei,
2911 5650 3124 5720 Optimi,
3146 5649 3363 5703 maximi
3382 5650 3499 5705 haec

1904 5744 2006 5800 sita
2031 5758 2192 5816 supra
2221 5744 2400 5799 omnia
2425 5752 2683 5813 potestas,
2715 5758 2834 5812 quae
2856 5742 2958 5798 sub
2979 5758 3229 5799 sercrum
3254 5743 3495 5799 omnium

1904 5853 2129 5904 causas,
2186 5849 2240 5893 et
2295 5838 2560 5894 rationum
2613 5837 3034 5907 facultatumque
3076 5848 3292 5893 naturas
3321 5840 3497 5893 conti-

1907 5933 2066 5991 neat?
2103 5934 2265 6007 Atqui
2294 5932 2564 5990 Arnobius
2587 5932 2866 5989 Christqu
2903 5931 3185 5989 Dominum
3214 5945 3278 5986 ea
3317 5942 3498 6003 potes-
