3918 6396
342 382 446 437 407

1623 369 1947 427 DISSERTA

2071 376 2080 422 ι
2121 372 2401 430 ΡΒᾹΞἨΑ
3574 387 3660 435 ;ι;,;

343 505 458 550 tate
478 492 760 564 praeditum
789 489 957 547 fuisse
987 487 1427 545 constantissime
1454 484 1688 548 asserit,
1715 484 1935 540 validis-
1969 491 2024 552 Α
2049 490 2331 558 magisque
2347 486 2665 544 abhorrens.
2688 487 2821 544 Nam
2846 488 2962 546 hare
2988 491 3031 546 si
3061 490 3251 549 fuisset
3280 493 3429 551 illius
3452 496 3659 565 opinio,

346 585 613 654 simisque
666 582 1000 656 argumentis
1050 581 1410 637 demonstrat.
1467 577 1947 633 Persuasissimum

346 693 480 750 ergo
510 676 695 732 habuit
722 691 846 733 eum
869 691 1056 731 verum
1080 682 1134 731 et
1160 687 1470 745 supremum
1500 682 1622 727 esse
1646 671 1836 725 Deum.

419 770 526 827 Sed
553 771 679 825 audi
700 770 898 835 adhuc,
929 770 1180 835 obsecro,
1199 765 1472 839 quomodo
1495 762 1628 819 illud
1648 779 1861 819 rursum
1880 778 1947 819 ex

342 864 628 934 ipsiusmet
656 860 859 918 Christi
899 860 1171 917 miraculis
1214 860 1465 930 colligat,
1498 875 1561 914 ac
1594 858 1949 913 disertissime

343 956 665 1026 pronuntiet
726 974 739 1010 :
799 953 1021 1020 «Nihil,
1072 964 1125 1007 ut
1178 952 1393 1017 remini,
1434 971 1452 1005 ι
1513 951 1686 1022 inquit
1734 949 1945 1022 (Ibid.,

344 1066 471 1121 pag.
503 1048 641 1121 '52.),
670 1068 688 1100 ‹
718 1046 1005 1117 magicum,
1038 1046 1505 1111 nihilhumaunm,
1527 1044 1946 1115 prmstigiosum,

343 1154 442 1199 aut
467 1141 772 1208 subdolum,
802 1140 937 1194 nihil
967 1138 1169 1195 fraudis
1197 1139 1413 1195 delituit
1454 1140 1504 1192 in
1530 1136 1767 1193 Christo.
1798 1137 1951 1192 Deri-

345 1236 520 1290 deatis
544 1235 667 1289 licet
693 1249 760 1287 ex
791 1247 963 1299 more,
992 1243 1151 1303 atque
1181 1233 1233 1287 in
1265 1232 1541 1287 lasciviam
1573 1230 1948 1285 dissolvamini

344 1328 761 1393 cachinnorum,
796 1326 937 1381 Deus
965 1325 1054 1380 ille
1072 1325 1321 1379 sublimis
1353 1323 1471 1391 fuit,
1502 1324 1642 1378 Deus
1672 1322 1852 1377 radice
1880 1321 1951 1375 ab

342 1424 556 1489 intima,
590 1423 727 1477 Deus
748 1422 817 1474 ab
846 1419 1133 1490 incognitis
1155 1418 1356 1489 regnis,
1380 1426 1436 1473 et
1461 1417 1529 1472 ab
1542 1416 1782 1472 omnium
1802 1414 1949 1487 prin-

344 1515 462 1586 cipe
489 1515 781 1584 SOSpitator
801 1522 883 1567 est
912 1513 1130 1579 missus,
1158 1526 1317 1582 quem
1352 1526 1529 1581 neque
1558 1510 1637 1565 sol
1670 1510 1784 1579 ipse
1806 1550 1820 1573 ,
1854 1523 1949 1561 ne—

344 1623 450 1678 que
476 1607 611 1671 ulla,
636 1606 679 1661 si
711 1607 974 1672 sentiunt,
1015 1604 1216 1669 sidera,
1246 1619 1354 1658 non
1382 1612 1640 1667 rectores,
1672 1617 1778 1656 non
1801 1601 1951 1671 prin-

344 1700 496 1771 cipes
526 1699 735 1762 mundi,
768 1713 876 1753 non
900 1697 1132 1767 denique
1163 1696 1237 1752 dii
1280 1696 1475 1766 magni,
1512 1703 1603 1749 aut
1626 1694 1715 1764 qui
1740 1694 1949 1763 tingen-

348 1806 432 1850 tes
463 1809 521 1848 se
549 1792 702 1859 deos,
736 1807 907 1862 genus
937 1806 1099 1845 omne
1130 1789 1432 1844 mortalium
1460 1788 1706 1843 territant
1732 1829 1745 1851 ,
1782 1785 1947 1849 unde.

2056 592 2215 644 eam,
2249 578 2391 633 sicut
2436 578 2547 648 jam
2600 579 3115 649 animadvertimus,
3148 582 3295 638 clare
3340 586 3661 657 explicatam

2055 669 2223 726 facile
2251 670 2500 726 Etlmicis
2539 673 2922 742 persuasisset,
2955 689 3055 730 nec
3083 684 3161 729 tot
3187 688 3443 746 expertus
3473 677 3660 735 fuisset

2061 771 2168 817 tam
2219 762 2574 833 pertinaciter
2622 764 2727 818 sibi
2775 764 3130 837 refragantes.
3160 767 3360 825 Contra
3404 786 3537 826 vero
3576 772 3660 826 ille

2057 854 2189 909 totis
2219 854 2383 907 animi
2411 855 2787 923 sermonisque
2817 858 2901 911 sui
2930 859 3111 915 nervis
3141 860 3411 925 declarat,
3442 862 3654 929 asserit,

2059 944 2239 1012 docet,
2269 946 2487 1015 repetit,
2518 946 2730 1017 probat,
2748 948 3002 1016 inculcat,
3024 950 3358 1008 demonstrat
3383 952 3654 1009 Christum

2058 1052 2244 1091 verum
2297 1046 2351 1092 et
2394 1052 2665 1094 summum
2717 1054 2841 1095 esse
2883 1041 3073 1107 Deum,
3102 1043 3296 1098 divina:
3327 1046 3658 1117 inﬁnitaeque

2060 1130 2362 1197 potestatis,
2393 1146 2453 1185 ac
2481 1133 2711 1202 proinde
2753 1133 2915 1188 etiam
2958 1145 3185 1191 natum.
3213 1138 3348 1204 Quia
3377 1153 3509 1193 vero
3539 1153 3660 1208 pas.

2057 1222 2161 1276 sim
2213 1221 2408 1292 ubique
2465 1234 2651 1279 contra
2704 1226 2986 1295 gentilium
3045 1241 3285 1282 errorem
3345 1244 3655 1295 asseverat,

2059 1316 2356 1386 probatque
2393 1334 2557 1371 unum
2604 1318 2882 1373 dumtaxat
2920 1336 3043 1375 esse
3088 1321 3292 1385 ircum,
3335 1339 3435 1376 nec
3479 1312 3660 1391 pluics

2060 1423 2181 1464 esse
2211 1425 2401 1477 posse,
2434 1410 2557 1465 inde
2605 1411 3013 1468 evidentissime
3054 1414 3325 1484 colligitur
3368 1415 3505 1472 nihil
3546 1415 3664 1486 ejus

2060 1505 2223 1557 menti
2250 1502 2469 1558 inlixnm
2504 1505 2682 1569 altius,
2714 1522 2875 1575 quam
2917 1504 3193 1561 Christum
3236 1522 3359 1562 esse
3404 1524 3567 1563 unum
3613 1517 3669 1563 et

2059 1593 2307 1649 eumdem
2338 1610 2460 1650 cum
2488 1609 2693 1651 aeterno
2725 1597 2885 1654 Patre
2916 1615 3015 1653 suo
3049 1601 3236 1655 Deum.

2126 1690 2236 1744 Cur
2263 1706 2414 1762 ergo,
2445 1692 2679 1762 inquies,
2714 1692 2856 1749 hunc
2882 1695 3051 1764 ipsius
3082 1694 3295 1751 Patrem
3335 1705 3391 1750 et
3431 1695 3669 1765 primum

2059 1792 2113 1838 et
2151 1784 2449 1854 principem
2495 1786 2661 1840 Deum
2712 1788 2990 1857 appellat?
3024 1787 3436 1858 ReSpondemus
3481 1790 3554 1843 ita
3611 1790 3679 1842 ah

346 1894 438 1941 aut
486 1886 577 1955 qui
619 1883 815 1949 fuerit,
870 1892 1160 1953 potuerunt
1208 1895 1431 1936 noscere
1473 1879 1560 1934 vel
1600 1879 1883 1947 suspicari.
1923 1896 1941 1929 ι
1976 1886 2025 1946 Β
2056 1892 2121 1932 eo
2151 1876 2444 1947 aliquando
2476 1879 2797 1950 nuncupari,
2821 1880 2909 1935 ubi
2929 1881 3267 1953 sesevulgari
3294 1881 3676 1937 accommodat

349 1978 565 2036 Audisti
594 1991 723 2033 sane
750 1976 1023 2049 quomodo
1054 1990 1117 2031 ex
1139 1974 1432 2037 miraculis,
1465 1989 1493 2027 a
1516 1972 1730 2027 Christo
1769 1972 1954 2027 divina

351 2088 576 2143 prorsus
616 2072 816 2127 virtute
885 2069 1062 2133 factis,
1105 2078 1255 2125 recte
1304 2068 1525 2138 colligat
1580 2066 1727 2121 illum
1787 2066 1955 2120 Demu

354 2164 523 2222 fuisse
547 2179 888 2234 supremum,
923 2164 1026 2227 vel,
1061 2172 1117 2217 ut
1156 2162 1246 2218 ille
1266 2160 1688 2229 ait,subliiuem,
1720 2174 1823 2213 non
1853 2175 1951 2235 ex-

349 2266 506 2312 terna
545 2255 720 2326 aliqua
767 2256 1206 2311 denominatione
1232 2293 1248 2322 ,
1281 2255 1364 2309 vel
1414 2252 1615 2322 specie,
1645 2251 1738 2307 sed
1768 2251 1837 2306 ab
1868 2253 1951 2305 in-

344 2351 476 2404 tima
502 2347 707 2413 radice,
735 2348 838 2403 hoc
856 2355 961 2415 est,
996 2358 1187 2402 natura
1218 2363 1313 2402 sua
1338 2346 1528 2411 Deum,
1556 2354 1824 2414 tanta-que
1844 2344 1954 2400 cel-

348 2442 525 2497 sitatis
553 2440 959 2497 etexcellentiw
986 2458 1001 2504 ;
1036 2450 1092 2494 ut
1119 2440 1259 2494 nulla
1294 2448 1505 2493 terrena
1532 2447 1778 2491 creatura
1809 2480 1823 2501 ,
1860 2453 1955 2493 ne-

347 2549 455 2604 que
528 2534 632 2588 licti
683 2534 751 2587 ab
803 2533 1036 2589 ethnicis
1075 2532 1147 2587 dii
1205 2532 1353 2587 illam
1402 2546 1634 2602 capere,
1700 2542 1754 2586 et
1812 2531 1955 2585 illius

351 2626 620 2697 originem
650 2640 813 2681 nosse
865 2641 1120 2697 umquam
1153 2626 1439 2681 valuerint.
1472 2624 1605 2692 Quis
1636 2633 1814 2679 autem
1850 2624 1954 2679 nisi

352 2719 423 2773 de
478 2732 686 2774 summa
718 2715 917 2773 Christi
960 2718 1240 2773 divinitate
1270 2718 1495 2772 omnino
1536 2716 1953 2787 persuasus,ita

351 2811 640 2881 aliquando
669 2812 877 2867 locutus
905 2821 956 2866 et
985 2820 1391 2882 argumentatus
1419 2820 1503 2866 cst
1526 2809 1550 2861 ?

426 2903 585 2959 Tanti
614 2914 795 2958 autem
826 2904 1085 2957 momenti
1117 2917 1239 2957 esse
1265 2900 1419 2956 duxit
1453 2915 1717 2957 summam
1752 2899 1953 2956 Christi

355 2997 687 3053 divinitatem
719 2996 960 3052 Ethnicis
995 2995 1311 3068 prmdicare,
1339 3010 1635 3065 eorumque
1659 3003 1713 3048 et
1736 2994 1957 3049 auribus

357 3101 414 3145 et
447 3089 643 3143 animis
670 3089 968 3153 inculcare;
1015 3096 1071 3142 ut
1108 3087 1160 3141 id
1199 3102 1487 3157 numquam
1517 3086 1649 3140 satis
1672 3101 1729 3140 se
1756 3086 1958 3141 dixisse

355 3181 458 3259 sibi
487 3180 779 3235 videretur.
810 3180 1150 3250 Quapropter
1178 3180 1267 3234 ille
1292 3179 1418 3234 alibi
1448 3179 1676 3249 gentiles
1706 3177 1848 3231 hunc
1867 3177 1958 3231 ad.

358 3273 464 3329 huc
513 3272 569 3327 in
627 3272 842 3327 modum
895 3270 1089 3325 allatur

359 3368 530 3433 Deus,
588 3366 749 3432 Deus,
803 3367 1041 3437 inquam,
1075 3366 1360 3428 Christus;
1405 3365 1505 3419 hoc
1534 3365 1679 3420 enim
1711 3381 1855 3433 sa'pe
1878 3365 1960 3419 di-

358 3459 587 3515 cendum
632 3468 752 3521 est,
803 3470 862 3513 ut
893 3458 1186 3513 inﬁdelium
1220 3457 1449 3512 dissiliat
1494 3468 1549 3511 ct
1593 3456 1958 3525 disrumpatur

359 3552 593 3615 auditus,
628 3551 719 3605 Dei
752 3551 1007 3621 principis
1049 3550 1293 3620 iussione
1322 3549 1569 3620 loquens,
1601 3550 1700 3606 sub
1723 3550 1957 3604 hominis

358 3645 554 3699 forma.
579 3663 599 3696 ›
638 3644 879 3715 (Arnob.,
921 3643 1009 3697 lib.
1037 3658 1094 3707 tt,
1129 3660 1246 3714 pag.
1280 3641 1398 3711 85.)

438 3758 633 3814 Verum
662 3800 676 3823 ,
709 3758 914 3826 inquiet
963 3756 1189 3826 aliquis,
1221 3756 1290 3811 ibi
1318 3754 1565 3810 Christus
1612 3755 1680 3810 ab
1719 3755 1956 3811 Arnobio

362 3868 473 3909 non
520 3853 724 3922 primus
765 3859 819 3904 et
866 3863 1194 3917 supremus,
1261 3847 1353 3902 sed
1381 3848 1649 3904 secundus
1694 3858 1903 3903 tantum
1937 3891 1951 3913 ,

360 3957 415 4001 et
442 3946 616 4000 minor
641 3944 779 3999 Deus
810 3941 1134 4013 appellatur.
1164 3940 1303 4007 Quid
1326 3941 1465 3994 enim
1498 3941 1641 3995 aliud
1685 3941 1799 3997 lucc
1835 3943 1953 4013 ejus

356 4038 524 4092 verba
588 4034 931 4106 signiﬁcant,
974 4030 1071 4086 Dei
1126 4032 1375 4101 principis
1414 4033 1649 4101 jusrione
1710 4034 1955 4103 loquens?

359 4130 618 4199 Quisnam
651 4128 742 4183 ille
768 4126 912 4182 Deus
952 4128 1223 4194 princeps,
1278 4123 1434 4192 cujus
1450 4124 1684 4194 jussione
1702 4124 1954 4181 Christus

354 4220 631 4294 loquitur?
663 4220 712 4275 ls
742 4216 1094 4289 proculdubio
1119 4216 1256 4270 Dens
1282 4226 1435 4285 pater
1463 4226 1517 4268 et
1543 4230 1785 4270 summus
1811 4226 1896 4271 est
1933 4261 1947 4285 ,

358 4318 449 4387 qui
472 4314 593 4369 ideo
617 4313 867 4383 princeps
888 4317 1128 4365 voCatur.
1158 4308 1322 4378 Cujus
1339 4319 1519 4362 autem
1535 4309 1783 4377 princeps
1824 4320 1906 4365 est
1933 4352 1948 4375 ,

356 4409 464 4462 nisi
491 4406 713 4471 Christi,
748 4406 836 4475 qui
861 4404 935 4469 ei,
962 4412 1019 4457 nt
1043 4403 1312 4472 loquatur,
1345 4402 1536 4469 jubet,
1568 4412 1621 4457 et
1641 4404 1723 4458 cui
1747 4401 1952 4473 jubenti

357 4499 607 4553 Christus
634 4495 1007 4565 obtemperat?
1032 4494 1277 4551 Christus
1300 4508 1429 4564 ergo
1461 4494 1598 4549 Deus
1622 4495 1713 4549 illo
1733 4494 1953 4565 jubente

357 4592 535 4646 minor
556 4590 714 4659 eique
764 4586 989 4643 inferior
1016 4586 1157 4641 Deus
1188 4595 1301 4652 est,
1329 4601 1391 4641 ac
1428 4586 1655 4656 proinde
1691 4604 1796 4641 non
1827 4603 1951 4656 pro-

2062 1971 2300 2024 sermoni
2332 1972 2654 2041 gentilium,
2686 1974 2777 2042 qui
2805 1988 2933 2027 suos
2962 1988 3153 2028 omnes
3192 1972 3327 2030 deos
3350 2016 3364 2039 ,
3396 1977 3516 2029 sive
3556 1991 3679 2031 ma-

2057 2066 2227 2136 jores,
2253 2069 2368 2120 sive
2397 2066 2638 2121 minores
2663 2067 2792 2122 olim
2820 2083 2927 2121 non
2958 2066 3142 2132 fuisse,
3172 2082 3235 2123 ac
3262 2079 3414 2123 certo
3437 2069 3681 2139 quodam

2063 2166 2310 2227 tempore
2334 2173 2493 2216 natos
2518 2158 2851 2216 fatebantur.
2876 2161 2993 2229 Quo
3020 2163 3237 2232 quidem
3272 2161 3471 2231 posito,
3498 2165 3686 2233 arguit

2063 2252 2338 2308 Arnobius
2365 2252 2529 2308 hosce
2560 2254 2714 2321 deos,
2743 2256 2787 2309 si
2820 2254 2955 2310 tales
2986 2267 3168 2310 essent
3197 2256 3385 2327 quales
3410 2257 3487 2311 illi
3515 2270 3681 2326 puta-

2062 2344 2226 2411 bant,
2258 2362 2287 2399 a
2318 2346 2428 2401 Deo
2455 2347 2698 2417 principe
2743 2348 2795 2403 id
2845 2352 3152 2419 accepisse,
3185 2349 3327 2420 quod
3375 2359 3484 2405 nati
3527 2354 3684 2416 sint,

2062 2438 2203 2507 quod
2233 2439 2396 2493 vitam
2428 2442 2663 2510 egerint,
2697 2440 2840 2510 quod
2871 2457 3023 2496 suam
3043 2484 3057 2509 ,
3086 2442 3129 2497 si
3163 2459 3281 2511 qure
3308 2458 3430 2498 esse
3458 2446 3684 2516 pomis-

2062 2542 2163 2599 ειη,
2196 2531 2538 2588 divinitatem
2579 2534 2849 2601 habeant,
2884 2546 2937 2590 et
2985 2537 3468 2593 immortalitatem.
3520 2538 3691 2596 Unde

2062 2623 2155 2679 ille
2200 2627 2395 2680 merito
2438 2636 2625 2681 contra
2671 2627 2890 2682 eosdem
2928 2628 3187 2684 Ethnicos
3227 2630 3545 2698 concludit,
3581 2632 3691 2689 hos

2060 2715 2231 2773 falsos
2260 2727 2313 2773 et
2342 2721 2745 2775 commentitios
2775 2736 2895 2775 es-e
2922 2720 3074 2786 deos,
3106 2722 3389 2793 ipsmnque
3412 2727 3689 2794 primum,

2061 2819 2117 2865 et
2162 2812 2497 2881 principem,
2543 2824 2704 2883 atque
2750 2812 2952 2867 idcirco
2993 2829 3303 2883 supremum
3352 2829 3405 2873 et
3455 2821 3691 2875 unicum

2062 2918 2206 2967 esse,
2248 2904 2463 2975 dicique
2516 2920 2674 2973 posse
2722 2905 2912 2959 Deum.
2966 2904 3101 2961 Nam
3150 2920 3269 2975 post
3314 2909 3524 2979 objecta
3576 2913 3691 2967 sibi

2062 2997 2226 3051 verba
2268 2999 2616 3052 continenter
2660 2997 2897 3067 adjecit:
2935 3016 2954 3050 ι
2989 2997 3121 3053 Cum
3166 2998 3461 3055 divinitatis
3504 3004 3695 3073 ipsius

2062 3098 2347 3145 teneamus
2374 3101 2562 3161 caput,
2594 3108 2758 3163 aquo
2805 3093 2918 3162 ipsa
2963 3093 3219 3147 divinitas
3258 3094 3507 3150 divorum
3563 3113 3694 3152 om-

2064 3183 2249 3249 nium,
2296 3185 2620 3254 quicumque
2665 3194 2819 3251 sunt,
2870 3185 3185 3240 dicitur.....
3234 3186 3573 3256 quicumque
3635 3191 3692 3244 hi

1140 3291 1153 3326 :
1189 3290 1207 3323 (
1254 3271 1501 3326 Christus
1546 3270 1695 3323 vobis
1742 3270 1955 3336 invitis,
1988 3275 2033 3339 C
2068 3279 2140 3333 dii
2167 3290 2322 3345 sunt,
2351 3294 2488 3350 quos
2525 3295 2648 3335 esse
2675 3280 2832 3334 nobis
2866 3280 3197 3350 proponitis,
3240 3282 3283 3336 si
3327 3282 3434 3336 sint
3477 3299 3695 3354 proge-

2067 3373 2184 3427 nies
2232 3373 2413 3441 regia,
2450 3372 2734 3441 principali
2781 3373 3031 3427 oriuntur
3070 3389 3096 3423 a
3140 3374 3431 3443 capite.....
3472 3385 3528 3429 et
3580 3375 3696 3430 hoc

2064 3466 2280 3537 quidem
2310 3481 2337 3518 a
2374 3469 2528 3521 nobis
2559 3466 2720 3521 fuerit
2742 3468 2812 3521 ita
2843 3468 3136 3537 prolatum,
3163 3468 3207 3522 si
3236 3468 3397 3523 modo
3427 3471 3611 3540 liquet
3638 3484 3700 3528 et

2062 3568 2272 3613 constat
2305 3570 2499 3626 pneter
2532 3560 2703 3629 ipsum
2733 3576 2913 3629 regem
2955 3571 3007 3615 et
3043 3561 3375 3630 principem,
3403 3577 3529 3617 esse
3568 3566 3691 3618 alia

2062 3655 2356 3708 etiamnum
2383 3654 2579 3723 capita,
2604 3670 2725 3722 qua:
2752 3655 2961 3725 digesta
2993 3666 3045 3708 et
3075 3665 3322 3724 separata
3356 3672 3451 3725 per
3482 3673 3698 3714 mune-

2062 3763 2204 3811 rum,
2234 3748 2381 3801 vclut
2407 3748 2692 3816 quemdam
2739 3749 2995 3818 populum
3038 3750 3263 3819 plebeia:
3306 3750 3698 3807 multitudinis

2060 3839 2279 3894 faciant.
2324 3861 2341 3891 ι
2376 3838 2567 3908 (Ibid.,
2597 3840 2686 3893 lib.
2719 3856 2797 3905 tu,
2831 3856 2950 3912 pag.
2981 3842 3143 3911 101.)

2132 3932 2288 3988 Prius
2334 3948 2464 3988 vero
2500 3933 2713 3988 dixerat
2749 3953 2760 3987 :
2799 3953 2817 3985 ‹
2853 3934 2985 3989 Cum
3027 3934 3101 3989 dii
3152 3950 3374 3997 omnes,
3422 3936 3512 3990 vel
3564 3940 3701 4007 qni-

2059 4042 2290 4097 cumque
2329 4034 2457 4079 sunt
2508 4027 2642 4091 veri,
2674 4028 2755 4081 vel
2799 4028 2889 4095 qui
2939 4043 3061 4081 esse
3104 4042 3323 4083 rumore
3353 4040 3523 4099 atque
3566 4034 3703 4103 opi-

2060 4119 2221 4172 nione
2251 4118 2503 4171 dicuntur
2531 4118 2867 4173 immortales
2886 4128 2939 4174 et
2956 4121 3217 4190 perpetui,
3237 4122 3355 4190 ejus
3381 4122 3695 4183 voluntate

2058 4211 2186 4277 sint,
2219 4218 2271 4263 et
2300 4211 2545 4265 beneﬁcii
2577 4226 2831 4275 munere;
2866 4212 2953 4282 qui
2998 4212 3115 4267 lieri
3162 4214 3303 4285 potis
3343 4223 3448 4279 est,
3482 4229 3546 4271 ut
3583 4221 3694 4276 alii

2056 4313 2316 4373 prmstare
2345 4303 2396 4357 id
2426 4308 2567 4374 quod
2599 4305 2699 4373 ipsi
2730 4316 2875 4371 sunt,
2908 4306 3144 4372 valeant,
3177 4323 3298 4361 cum
3332 4310 3591 4367 alienum
3632 4315 3693 4370 id

2056 4395 2326 4459 habeant,
2380 4405 2432 4450 et
2487 4398 2675 4466 majori
2727 4414 2793 4451 ex
2845 4400 3079 4468 potentia
3135 4402 3599 4460 commodatum?
3664 4426 3686 4460 ι

2060 4488 2261 4559 (lbid.,
2289 4490 2377 4544 lib.
2406 4507 2459 4557 tt,
2499 4507 2619 4562 pag.
2655 4492 2779 4559 87.)

2126 4584 2255 4650 Quis
2286 4595 2462 4638 autem
2496 4586 2607 4654 jam
2636 4600 2741 4639 non
2775 4585 2954 4641 videat
2980 4586 3101 4641 ideo
3133 4586 3297 4641 Deum
3327 4589 3691 4667 principem,

354 4686 495 4754 prie,
526 4692 580 4737 et
608 4692 797 4735 natura
833 4694 948 4744 sua,
984 4678 1079 4733 sed
1111 4679 1430 4749 improprie,
1464 4689 1518 4733 et
1542 4680 1819 4735 dumtaxat
1855 4698 1951 4737 no-
1975 4670 2029 4729 D
2053 4686 2106 4733 et
2134 4677 2360 4747 primum
2388 4678 2454 4732 ab
2474 4678 2711 4732 Arnohio
2734 4681 2938 4742 vocari,
2963 4680 3084 4749 quia
3113 4679 3177 4735 ad
3205 4680 3572 4741 Etlmicorum
3612 4692 3695 4748 de

353 4776 502 4832 mine
546 4774 708 4830 Deus.
740 4773 926 4843 Neque
964 4772 1137 4826 solum
1172 4772 1590 4855 Deus‘princeps
1618 4816 1630 4837 ,
1674 4772 1769 4829 sed
1810 4790 1955 4847 smpe

354 4869 517 4925 etiam
540 4867 607 4922 ab
636 4882 702 4922 eo
730 4873 1069 4935 nuncupatur
1090 4863 1230 4918 Deus
1262 4866 1485 4933 primus,
1518 4877 1571 4918 et
1597 4880 1859 4929 summus,
1888 4882 1951 4921 ac

354 4972 507 5032 pater
540 4978 554 5014 :
593 4978 612 5011 ι
645 4959 787 5014 Satis
840 4967 923 5012 est
940 4956 1111 5022 nobis,
1158 4976 1177 5007 ι
1214 4956 1418 5025 inquit,
1469 4977 1486 5007 ι
1526 4956 1667 5011 Deus
1698 4959 1901 5027 primus
1934 5002 1947 5023 ,

354 5054 499 5111 Deus
519 5096 534 5120 ,
590 5054 803 5124 inquam
826 5094 839 5118 ,
885 5049 1090 5122 primus
1114 5092 1130 5117 ,
1165 5060 1316 5119 pater
1342 5066 1519 5104 rerum
1553 5065 1615 5105 ac
1642 5050 1893 5108 dominus
1927 5094 1943 5117 ,

352 5148 675 5203 constitutor
728 5143 1142 5211 moderatorque
1180 5152 1535 5212 cunctorum,
1572 5146 1621 5197 iu
1653 5143 1755 5199 hoc
1785 5162 1945 5201 omne

353 5239 495 5311 quod
527 5237 809 5294 colendum
840 5235 1221 5300 est,colimus;
1254 5234 1395 5307 quod
1423 5234 1633 5291 adorari
1664 5240 1938 5303 convenit,

352 5332 670 5394 adoramus;
724 5329 865 5400 quod
917 5329 1232 5399 obsequium
1262 5330 1623 5385 venerationis
1650 5333 1893 5402 exposcit
1927 5375 1941 5398 ,

347 5423 781 5479 venerationibus
812 5437 1207 5494 promeremur.
1248 5441 1266 5472 ι
1301 5420 1488 5495 (lbid.,
1523 5423 1609 5475 lib.
1634 5440 1671 5488 ι,
1702 5440 1821 5495 pag.
1852 5424 1941 5493 15,

346 5516 416 5571 18
458 5525 505 5570 et
560 5516 658 5580 l9;
700 5516 787 5569 lib.
816 5532 876 5581 ll,
908 5532 1026 5587 pag.
1052 5517 1121 5574 45
1148 5526 1194 5569 et
1224 5515 1331 5581 68;
1359 5516 1447 5571 lib.
1493 5533 1570 5579 ιιι,
1616 5535 1734 5589 pag.
1768 5518 1863 5574 101
1897 5530 1943 5574 et

346 5609 475 5681 seq.)
507 5608 695 5664 Nonne
739 5624 868 5679 ergo
924 5608 1064 5663 hunc
1099 5618 1304 5663 tantum
1350 5608 1619 5664 Arnobius
1672 5626 1937 5667 summmn

345 5699 539 5766 Deum,
568 5698 842 5754 Christum
868 5713 997 5754 vero
1028 5699 1288 5755 minorem
1311 5701 1475 5756 Deum
1501 5701 1717 5770 agnovit
1754 5712 1937 5758 etcre-

346 5792 479 5847 didit
508 5793 531 5845 ?

411 5886 515 5941 Sed
564 5884 705 5940 nihil
754 5885 912 5955 plane
957 5886 1027 5941 ab
1069 5884 1211 5941 illius
1254 5893 1435 5943 mente
1465 5885 1634 5955 magis
1661 5885 1929 5953 alienum,

2058 4771 2159 4826 diis
2201 4772 2313 4825 suis
2358 4772 2675 4841 respiciebat
2716 4774 3066 4842 opinionem;
3096 4792 3202 4846 qua
3246 4780 3405 4832 etiam
3449 4787 3693 4856 posita,

2056 4867 2154 4921 hos
2188 4865 2373 4932 falsos,
2405 4874 2459 4920 et
2491 4867 2635 4920 illmu
2666 4866 2845 4922 solum
2874 4883 3060 4923 verum
3095 4870 3259 4925 Deum
3288 4885 3408 4927 esse
3441 4880 3701 4937 coniicit

2053 4976 2114 5014 ac
2132 4959 2499 5014 demonstrat?
2536 4961 2581 5013 ls
2606 4962 2801 5031 quippe
2834 4971 3039 5015 tantum
3065 4978 3223 5017 verus
3248 4964 3387 5019 Deus
3419 4983 3555 5025 esse
3584 4990 3696 5041 po—

2049 5064 2176 5119 test,
2192 5054 2281 5124 qni
2301 5055 2565 5124 ingenitus
2581 5065 2631 5109 ct
2646 5067 2898 5119 aiternus,
2914 5057 3114 5111 nullum
3134 5057 3289 5114 habet
3305 5061 3693 5133 principium,

2119 5148 2258 5202 Nihil
2278 5164 2402 5218 ergo
2424 5150 2536 5203 ha-c
2552 5160 2735 5203 contra
2755 5150 2917 5204 divini
2948 5148 3107 5205 Verbi
3134 5160 3187 5205 et
3210 5149 3409 5207 Christi
3442 5157 3695 5220 Domini

2049 5238 2249 5295 faciunt
2279 5241 2611 5295 divinitatem
2636 5285 2649 5305 ,
2680 5257 2836 5311 quam
2861 5252 3007 5297 certe
3028 5242 3093 5297 ah
3116 5242 3353 5297 Aruobio
3382 5246 3503 5315 ipsa
3548 5253 3696 5313 luce

2048 5334 2245 5389 clarius
2272 5343 2326 5389 et
2352 5333 2651 5389 evidentius
2682 5344 2943 5390 asscrtam
2979 5334 3229 5390 vidimus.
3264 5337 3475 5394 Deinde
3501 5358 3691 5416 vero,

2048 5427 2174 5498 quid
2222 5429 2514 5483 Arnobium
2559 5427 2854 5498 prohibuit,
2886 5430 3175 5499 quominus
3203 5429 3444 5486 animum
3476 5436 3556 5491 ad
3598 5442 3700 5512 ip-

2047 5528 2283 5576 summet
2324 5520 2555 5575 Verbum
2601 5531 2653 5577 et
2698 5522 2891 5577 Filimn
2940 5523 3032 5576 Dei
3065 5522 3417 5591 attendendo,
3455 5528 3702 5594 dixerit

2049 5625 2312 5669 aeternum
2346 5615 2553 5668 Patrem
2584 5631 2702 5671 esse
2732 5618 2960 5685 primum
2988 5660 3003 5683 ,
3033 5629 3087 5672 et
3116 5619 3413 5687 principem
3446 5622 3654 5685 Deum
3676 5678 3693 5697 ,

2043 5708 2134 5778 qui
2160 5708 2373 5778 quidem
2404 5710 2525 5779 quia
2555 5709 2694 5765 lnmc
2722 5710 2917 5766 Filium
2948 5728 3105 5767 suum
3122 5712 3407 5769 aba'terno
3435 5726 3694 5797 genuit,

2044 5801 2247 5858 idcirco
2287 5802 2521 5873 primus,
2556 5805 2825 5877 princeps,
2856 5814 2914 5862 et
2936 5804 3233 5863 divinitatis
3260 5804 3384 5863 fons
3411 5820 3470 5865 et
3498 5818 3694 5885 origo

2032 5902 2178 5953 recte
2202 5894 2535 5965 appellatur?
