3918 6356
239 364 333 422 469

1410 356 1478 414 ιΝ
1514 353 1901 425 ARNOBIUM,
1944 354 2098 412 CAP.
2135 353 2272 415 VIII.

3432 350 3539 408 470

302 478 547 552 Urgebis;
570 479 830 538 Christus
859 480 930 535 ab
950 478 1193 536 Arnobio
1214 476 1428 541 dicitur,
1455 472 1552 529 Dei
1572 473 1821 544 principis
1848 480 1903 539 Α
1929 484 2268 543 nequaquam
2321 470 2601 537 olfecerit,
2655 472 2963 535 enarranti,
3013 470 3214 536 adhuc,
3266 469 3313 524 si
3362 468 3530 532 lubet,

233 573 443 645 jussione
466 573 713 644 loquens.
738 573 882 644 Ergo
901 574 954 627 ei
982 570 1275 641 subjectus,
1301 569 1496 638 illoque
1519 567 1697 620 minor
1714 574 1819 620 est.

237 665 331 725 Sed
366 666 409 721 si
439 664 700 723 advenas
724 664 925 721 ibidem
955 666 1023 720 ab
1051 661 1293 719 Arnobio
1317 660 1661 716 continenter
1687 657 1817 713 sub-

234 761 397 833 jungi,
424 762 519 817 sub
564 762 794 815 hominis
835 766 1040 831 forma,
1070 758 1201 813 nihil
1232 758 1333 812 hac
1360 753 1823 826 argumentatione

234 854 387 911 levius
417 869 539 910 esse
566 868 852 926 agnosces.
882 854 1014 922 Quis
1050 854 1196 908 enim
1224 850 1485 907 dillitetur
1523 846 1817 911 Christum,

235 955 478 1017 quatenus
499 946 672 1003 homo
691 956 793 1013 est,
814 947 927 1001 Deo
948 946 1092 1000 Patri
1120 958 1243 1001 esse
1272 940 1568 1007 subditum,
1596 940 1820 1009 ejusque

239 1040 602 1110 obtemperare
627 1038 926 1095 voluntati?

820 1188 1114 1229 ABTICULUS
1142 1188 1197 1228 11.

232 1313 369 1373 Quam
390 1311 679 1364 luculenter
704 1311 953 1362 Arnobius
989 1312 1216 1361 docuerit
1252 1307 1496 1361 Christum
1518 1314 1618 1360 tam
1643 1320 1820 1359 verum

590 1375 753 1426 Deum
775 1375 944 1437 misse,
986 1386 1135 1437 quam
1167 1374 1435 1423 hominem.

290 1504 398 1560 Non
424 1506 631 1575 patitur
660 1504 928 1559 Arnobius
957 1502 1060 1558 sibi
1089 1502 1157 1557 ab
1180 1501 1427 1557 Ethnicis
1462 1500 1624 1570 objici
1662 1498 1821 1555 Chri-

229 1608 355 1654 stum
381 1599 487 1653 dici
512 1614 619 1653 non
646 1612 810 1670 posse
837 1596 1002 1653 Deum
1026 1596 1282 1667 (Arnob.,
1313 1594 1403 1648 lib.
1439 1609 1481 1656 ι.
1521 1611 1647 1665 pag.
1669 1592 1738 1648 21
1770 1603 1817 1647 οι

227 1707 349 1761 seqq.
371 1690 410 1760 ),
439 1700 629 1760 utpote
654 1690 749 1761 qui
776 1700 955 1753 natus,
984 1688 1163 1743 crucis
1191 1687 1456 1758 supplicio
1488 1689 1655 1740 vitam
1700 1685 1818 1739 lini-

226 1786 312 1839 vit.
339 1784 469 1840 Nam
500 1776 863 1855 praeterquam
892 1788 1037 1853 quod
1070 1784 1171 1853 ipsi
1210 1781 1427 1837 Ethnici
1469 1790 1625 1835 natos
1646 1780 1818 1835 homio

1928 565 2317 620 auscultemus.
2345 565 2685 633 Objiciebant
2710 564 2923 619 Ethnici
2957 583 2970 619 :
3007 563 3154 620 More
3192 572 3265 618 est
3311 563 3534 617 hominis

1926 660 2280 729 interemptus.
2309 658 2444 728 Quid
2476 659 2545 712 ad
2593 659 2709 712 hec
2754 656 3026 712 Arnobius
3074 656 3292 713 noster?
3337 674 3358 708 ι
3415 653 3531 709 Non

1926 751 2063 822 ipse,
2104 770 2123 803 ι
2159 748 2594 822 inquit(lbid.),
2630 769 2647 801 ι
2688 765 2861 820 neque
2897 748 3042 804 enim
3086 748 3279 803 cadere
3320 747 3532 802 divinas

1925 847 1980 901 in
2012 861 2099 901 res
2132 856 2307 917 potest
2336 846 2525 901 mortis
2553 859 2810 909 occasus;
2854 858 2955 898 nec
3002 842 3326 897 interitionis
3354 842 3530 897 disso-

1925 940 2131 995 lutione
2161 939 2266 993 labi
2296 938 2367 1004 id,
2401 938 2542 1009 quod
2574 949 2656 994 est
2684 952 2847 992 unum
2878 944 2933 991 et
2960 935 3192 1005 simplex
3212 974 3228 995 .
3262 948 3361 989 nec
3388 932 3529 988 ulla-

1927 1052 2047 1091 rum
2078 1035 2307 1106 partium
2331 1032 2747 1104 congregatione
2766 1038 3126 1100 compactum.
3151 1028 3283 1096 Quis
3301 1035 3533 1097 estergo

1927 1129 2075 1183 visus
2106 1131 2159 1183 in
2194 1126 2432 1198 patibulo
2466 1125 2740 1197 pendere?
2770 1124 2901 1192 Quis
2930 1132 3176 1177 mortuus
3202 1121 3325 1181 est?
3358 1119 3533 1175 Homo

1925 1236 2090 1293 quem
2120 1221 2390 1285 induerat,
2417 1228 2466 1274 et
2491 1232 2673 1274 secum
2705 1218 2819 1287 ipse
2848 1217 3114 1286 portabat.
3138 1233 3157 1268 ι
3180 1212 3316 1268 Tum
3335 1210 3531 1267 deinde

1923 1314 2159 1370 ostendit
2204 1313 2333 1368 illud
2380 1311 2542 1367 ﬁdem
2575 1310 2715 1381 apud
2743 1310 3005 1365 Ethnicos
3038 1309 3256 1370 mereri,
3286 1307 3374 1378 qui
3408 1322 3527 1361 cre-

1924 1404 2154 1468 debant,
2187 1404 2403 1459 vatibus
2441 1413 2495 1458 et
2547 1402 2769 1475 Sibyllis
2815 1402 3209 1468 morientibus,
3244 1400 3391 1455 illum
3421 1416 3531 1455 non

1923 1500 2086 1564 mori,
2120 1499 2275 1567 cujus
2314 1495 2500 1551 afﬂatu
2530 1496 2749 1551 oracula
2784 1495 2985 1550 fudisse
3022 1494 3368 1550 videbantur.
3397 1494 3529 1560 Qui-

1921 1593 2023 1647 bus
2062 1592 2366 1661 eXplicatis,
2401 1589 2620 1646 eosdem
2664 1589 2926 1644 Etlmicos
2971 1590 3120 1643 hisce
3164 1587 3343 1642 verbis
3387 1587 3531 1641 allo-

1921 1690 2105 1760 quitur
2133 1707 2147 1742 :
2188 1706 2207 1741 ‹
2244 1689 2389 1743 Mors
2422 1688 2536 1752 illa,
2568 1696 2730 1758 quam
2760 1686 2969 1753 dicitis,
3002 1685 3264 1757 assumpti
3297 1684 3533 1739 hominis

1922 1783 2058 1848 fuit,
2085 1796 2191 1836 non
2243 1782 2412 1850 ipsius
2440 1797 2454 1837 :
2483 1781 2801 1851 geStaminis
2822 1821 2838 1843 ,
2879 1794 2985 1835 n0n
3029 1779 3293 1869 gestantis
3325 1795 3338 1830 ε
3369 1792 3529 1848 quam

227 1891 331 1937 nes,
359 1886 623 1944 mortuos,
653 1884 708 1931 et
729 1876 1008 1947 suppliciis
1035 1874 1262 1930 allectos
1283 1873 1416 1929 deos
1452 1888 1574 1927 esse
1612 1874 1814 1943 garrie—
1850 1876 1896 1936 Β
1925 1890 2024 1931 nec
2046 1876 2213 1945 ipsam
2241 1874 2449 1944 perpeti
2482 1872 2889 1938 succubuisset,
2925 1868 3067 1925 tanta
3100 1871 3144 1925 si
3181 1883 3288 1923 non
3325 1868 3529 1939 agenda

227 1967 375 2035 bant,
407 1980 558 2024 certe
604 1967 785 2023 divina
834 1968 1033 2023 Christi
1078 1968 1344 2031 doctrina,
1377 1979 1429 2021 et
1462 1964 1716 2019 miracula
1743 1966 1813 2018 ab

225 2060 327 2125 illo,
358 2062 429 2115 uti
461 2060 720 2127 diximus,
750 2062 987 2126 vivente,
1018 2059 1305 2124 moriente,
1330 2067 1385 2112 et
1408 2065 1622 2111 mortuo
1644 2056 1807 2122 edita,

226 2150 655 2207 manifestissime
679 2153 1119 2207 demonstrarunt
1138 2152 1287 2204 illum
1309 2162 1415 2203 tam
1434 2164 1619 2203 verum
1639 2147 1809 2202 Deum

225 2245 375 2303 fuisse
417 2262 579 2317 quam
615 2246 927 2311 hominem,
960 2255 1014 2300 et
1056 2245 1332 2315 utriusque
1376 2244 1570 2298 divina:
1614 2252 1669 2297 et
1712 2246 1811 2295 hu-

222 2353 379 2394 mana:
408 2351 617 2395 naturae
645 2340 984 2410 participem.
1010 2338 1148 2406 Quid
1167 2349 1347 2393 autem
1382 2338 1598 2398 mirum,
1627 2336 1673 2390 si
1697 2336 1808 2401 ille,

224 2443 423 2503 accepta
458 2434 690 2488 humana
722 2447 934 2500 natura,
969 2434 1082 2488 sive
1113 2432 1348 2487 humano
1385 2445 1634 2501 corpore,
1666 2429 1811 2500 quod

224 2524 422 2595 exigua,
453 2537 510 2581 ut
538 2526 614 2580 ait
653 2528 922 2581 Arnobius
950 2525 1148 2597 (ΗΜ,
1176 2526 1266 2580 lib.
1300 2542 1336 2588 ι,
1369 2541 1490 2597 pag.
1524 2524 1651 2594 52),
1688 2538 1811 2591 pars

224 2618 331 2686 ejus
373 2630 519 2684 erat,
556 2630 872 2690 assumpto,
903 2618 1191 2673 humanam
1223 2617 1384 2672 vitam
1408 2658 1424 2681 ,
1455 2618 1593 2671 sicut
1628 2615 1812 2670 ueteri

224 2708 479 2775 homines,
510 2713 681 2783 egerit
722 2721 777 2767 et
820 2710 1228 2767 amiserit?Sed
1257 2718 1473 2779 praestat
1523 2710 1812 2779 ipsummet

222 2802 505 2858 Arnobium
575 2804 793 2870 audire,
858 2815 915 2859 ut
965 2804 1232 2873 intelligas
1301 2817 1461 2871 quant
1529 2811 1676 2856 recte
1746 2815 1812 2855 ac

223 2898 492 2963 perspicue
524 2896 813 2952 humanam
842 2898 1187 2967 divinumque
1213 2894 1412 2951 Christi
1441 2904 1682 2949 naturam
1704 2933 1720 2957 ,
1752 2901 1809 2950 et

223 2988 607 3043 sanctissimum
640 2989 804 3056 illius,
834 3003 892 3043 ut
910 2990 1021 3059 jam
1053 2989 1197 3059 loqui
1238 2986 1415 3043 solent
1440 2986 1696 3058 theologi,
1724 2988 1815 3041 iu-‘

222 3086 534 3140 carnatiouis
562 3085 877 3155 mysterium
907 3084 1158 3153 explicet.

285 3175 608 3247 Rogautibus
634 3178 913 3232 enimvero
940 3176 1181 3232 Ethnicis
1210 3195 1223 3229 :
1255 3175 1309 3232 Si
1353 3176 1494 3231 Deus
1516 3176 1613 3231 luit
1652 3176 1809 3233 Chri-

1921 1982 2009 2022 rcs
2053 1976 2232 2031 esset,
2263 1976 2318 2021 et
2362 1964 2757 2035 inexplicabilis
2789 1965 2929 2020 ratio
2957 1963 3051 2018 fati
3094 1962 3296 2019 clausis
3324 1961 3530 2032 patefa-

1916 2061 2109 2116 cienda
2138 2060 2432 2132 mysteriis.
2475 2077 2495 2111 ι
2540 2058 2743 2132 (lbid.,
2773 2077 2894 2132 pag.
2928 2057 3049 2132 ‘58.)
3080 2059 3214 2127 Quis
3241 2068 3422 2115 autem
3451 2059 3536 2114 vel

1916 2153 2283 2223 primoribus,
2318 2161 2375 2207 ut
2412 2154 2595 2216 aiunt,
2630 2152 2797 2208 labris
2845 2152 3257 2222 theologorum,
3290 2159 3346 2206 et
3390 2152 3533 2205 anti-

1917 2260 2146 2314 quorum
2175 2242 2436 2299 Ecclesia:
2467 2252 2680 2313 patrum
2708 2243 2909 2313 scripta
2938 2245 3194 2313 gustavit,
3226 2252 3283 2299 et
3325 2243 3531 2298 nesciat

1918 2353 2015 2393 eos
2041 2339 2204 2393 simili
2250 2338 2411 2410 plane
2450 2342 2612 2394 modo
2651 2340 2921 2395 haereticis
2950 2338 3141 2394 eadem
3172 2349 3358 2410 postea
3387 2340 3531 2409 obji-

1920 2432 2190 2487 cientibus
2221 2431 2602 2501 respondisse?
2630 2432 2841 2487 Inﬁnita
2881 2432 3098 2502 quidem
3145 2442 3369 2502 possent
3406 2431 3530 2488 illo-

1917 2539 2036 2577 rum
2067 2524 2297 2594 proferri
2332 2524 2660 2585 testimonia.
2692 2522 2800 2579 Sed
2830 2524 2952 2595 quia
2986 2525 3141 2595 plura
3161 2566 3176 2591 ,
3204 2540 3235 2579 a
3271 2524 3530 2580 Theodo-

1915 2625 2056 2683 reto,
2081 2626 2135 2671 et
2159 2615 2377 2673 Gelasio
2400 2616 2975 2689 citata(leodor.,ad
3000 2619 3129 2672 calc.
3154 2618 3246 2673 lib.
3275 2633 3333 2673 ιιι
3376 2615 3517 2671 Dial.

1916 2707 2236 2779 lmpassib.;
2269 2707 2467 2776 Getam,
2513 2708 2657 2763 Dial.
2702 2709 2766 2764 de
2803 2710 2959 2764 duab.
2996 2721 3169 2766 natur.
3196 2711 3235 2781 ),
3270 2720 3431 2782 atque
3460 2712 3531 2767 ab

1916 2802 2038 2856 aliis
2091 2803 2461 2873 compluribus
2509 2803 2743 2871 tradita,
2795 2806 2995 2860 nemini
3041 2806 3223 2875 ignota
3265 2814 3421 2869 sunt;
3464 2806 3532 2860 iis

1916 2898 2323 2968 prmtermissis,
2342 2898 2461 2954 bmc
2486 2911 2690 2954 tantum
2721 2899 3022 2956 referemus
3047 2900 3321 2955 Ambrosii
3343 2900 3528 2965 verba,

1914 3007 2036 3061 qua:
2064 2992 2120 3045 in
2147 2992 2348 3048 Leonis
2374 2995 2558 3065 magni
2589 2996 2818 3065 epistola
2838 3038 2853 3063 ,
2884 3007 2938 3050 et
2967 2995 3183 3051 concilii
3224 2995 3527 3052 Chalcedo-

1916 3086 2101 3139 neusis
2129 3088 2262 3140 actis
2291 3089 2514 3141 recitata
2543 3098 2598 3141 et
2621 3089 2943 3159 transcripta
2974 3090 3242 3146 habentur
3269 3108 3284 3147 :
3319 3110 3337 3143 ι
3374 3090 3528 3158 Quod

1915 3175 2114 3231 lectum
2145 3189 2251 3244 est,
2293 3197 2312 3230 ι
2347 3179 2422 3233 ait
2453 3180 2685 3235 eximius
2717 3182 2809 3237 ille
2834 3184 2917 3237 vir
2946 3180 3229 3254 (Δηιόνα...
3258 3186 3347 3240 lib.
3375 3201 3433 3251 lt,
3464 3188 3529 3242 de

221 3279 344 3337 suis,
371 3286 465 3326 cur
484 3272 585 3327 sub
615 3270 851 3327 hominis
879 3270 1047 3326 forma
1078 3271 1224 3326 visus
1261 3280 1364 3336 est,
1395 3280 1451 3325 et
1491 3285 1641 3325 more
1668 3270 1807 3325 inte—
1832 3268 1877 3329 C
1914 3268 2066 3336 Fide,
2096 3286 2213 3341 cap.
2246 3273 2299 3337 5,
2334 3272 2361 3343 §
2393 3273 2484 3341 58,
2519 3291 2642 3346 pag.
2672 3275 2801 3347 481)
2828 3319 2843 3343 ,
2884 3295 2902 3329 t
2941 3278 3229 3333 Dominum
3269 3279 3525 3351 majesta-

217 3378 444 3434 remptus
468 3364 722 3431 humano,
742 3364 820 3419 sic
843 3366 932 3421 ille
955 3363 1249 3434 respondet
1274 3381 1288 3416 :
1319 3382 1338 3414 t
1358 3369 1439 3418 An
1453 3364 1611 3417 aliter
1634 3364 1805 3433 potuit

221 3460 488 3522 invisibtiis
512 3459 601 3514 illa
626 3461 730 3525 vis,
760 3468 813 3514 et
837 3458 1039 3514 habens
1069 3459 1271 3513 nullam
1302 3457 1657 3512 substantiam
1683 3472 1802 3511 cor.

216 3555 442 3622 poralem
462 3596 476 3623 ,
506 3553 704 3609 inferre
734 3563 787 3608 et
814 3555 1171 3613 commodare,
1201 3567 1261 3607 se
1293 3552 1494 3607 mundo
1514 3592 1528 3615 ,
1560 3550 1804 3606 conciliis

216 3646 463 3703 interesse
493 3647 836 3713 mortalium,
867 3662 1026 3717 quam
1056 3656 1113 3701 ut
1140 3645 1356 3715 aliquod
1386 3657 1596 3714 tegmen
1627 3653 1801 3699 mate-

216 3740 303 3795 riai
332 3740 595 3796 solidioris
632 3752 965 3805 assumeret,
999 3740 1143 3811 quod
1174 3740 1456 3795 oculorum
1504 3740 1804 3809 susciperet

214 3832 481 3902 injectum,
512 3846 564 3889 et
595 3834 683 3888 ubi
710 3848 769 3889 se
796 3818 963 3903 ﬁgere
992 3832 1321 3888 inertissime
1349 3840 1532 3900 posset
1556 3839 1799 3885 contem—

213 3926 450 3995 plationis
481 3927 733 3983 obtutus?
766 3926 895 3993 Quis
923 3935 1008 3980 est
1036 3925 1180 3981 enim
1209 3924 1539 3987 mortalium,
1566 3924 1655 3993 qui
1680 3926 1800 3994 qui-

212 4030 290 4075 ret
314 4037 429 4077 eum
468 4023 682 4087 videre,
708 4021 828 4092 quis
865 4036 1123 4086 cernere,
1153 4021 1198 4074 si
1228 4020 1389 4074 talem
1419 4018 1678 4073 voluisset
1716 4019 1795 4073 in-

215 4113 347 4171 ferre
374 4129 426 4170 se
463 4119 650 4184 terris,
681 4114 859 4184 qualis
904 4116 953 4169 ei
998 4114 1317 4183 primigenia
1364 4121 1553 4167 natura
1596 4122 1714 4179 est,
1741 4123 1796 4167 et

216 4208 411 4276 qualem
436 4223 494 4264 se
522 4208 721 4278 ipsein
748 4221 843 4262 sua
886 4212 1007 4261 esSe
1052 4206 1221 4260 voluit
1260 4204 1345 4260 vel
1386 4204 1677 4276 qualitate,
1708 4206 1793 4261 vel

214 4300 433 4357 numine.
486 4301 794 4371 Assumpsit
844 4300 1005 4369 igitur
1050 4300 1281 4353 hominis
1320 4299 1578 4362 formam,
1611 4307 1667 4354 et
1693 4300 1793 4355 sub

213 4394 370 4449 nostri
404 4396 617 4465 generis
659 4395 1013 4448 similitudine
1056 4393 1349 4463 potentiam
1378 4405 1529 4446 suam
1556 4392 1789 4458 clausit;

217 4496 340 4541 utet
363 4488 522 4544 videri
554 4497 757 4558 posset,
788 4496 845 4543 et
866 4487 1127 4557 conspici,
1161 4484 1322 4541 verba
1352 4487 1574 4553 faceret,
1604 4496 1659 4543 et
1695 4488 1792 4543 do-

212 4591 382 4647 ceret,
413 4592 570 4653 atque
608 4597 801 4638 omnes
843 4594 1235 4653 exsequeretur
1274 4595 1364 4636 res
1411 4595 1536 4646 eas,
1574 4593 1793 4653 propter

1911 3363 1980 3416 tis
2010 3364 2332 3421 cruciﬁxum
2367 3382 2520 3434 esse,
2555 3384 2661 3423 non
2691 3373 2843 3439 quasi
2876 3372 2928 3425 in
2960 3372 3243 3442 majestate
3272 3390 3369 3428 sua
3397 3390 3526 3430 cru-

1908 3456 2127 3511 cifixum
2161 3468 2415 3528 putemus
2446 3480 2458 3516 :
2490 3462 2588 3518 sed
2619 3465 2743 3535 quia
2777 3464 2921 3520 idem
2955 3466 3129 3533 Deus,
3156 3466 3301 3523 idem
3335 3468 3521 3538 homo,

1907 3564 2005 3619 per
2026 3550 2366 3608 divinitatem
2392 3556 2556 3623 Deus,
2582 3571 2678 3625 per
2702 3560 3107 3628 susceptionem
3132 3563 3313 3616 carnis
3332 3562 3521 3630 homo,

1904 3640 2062 3697 Jesus
2082 3640 2331 3699 Christus
2359 3647 2619 3702 Dominus
2647 3650 2947 3720 majestatis
2964 3653 3164 3708 dicitur
3188 3654 3517 3723 crucifixus;

1903 3740 2029 3804 quia
2057 3752 2287 3792 consors
2318 3739 2599 3810 utriusque
2627 3752 2856 3811 naturae,
2881 3744 2929 3799 id
2949 3753 3051 3811 est,
3074 3745 3325 3802 humana:
3356 3760 3519 3819 atque

1902 3827 2122 3897 divinae,
2157 3831 2207 3883 in
2248 3841 2440 3885 natura
2483 3831 2718 3889 hominis
2763 3836 2928 3891 subiit
2967 3840 3311 3909 passionem;
3347 3851 3403 3896 ut
3429 3843 3516 3897 in-

1902 3919 2140 3977 discrete
2164 3929 2221 3978 et
2249 3922 2503 3979 dominus
2531 3926 2832 3997 majestatis
2858 3928 3072 3985 dicatur
3101 3945 3246 4001 esse,
3275 3934 3365 4003 qui
3396 3949 3520 4003 pas-

1899 4030 1991 4068 sus
2018 4025 2123 4081 est,
2153 4026 2207 4070 et
2235 4018 2376 4073 Illius
2404 4018 2656 4083 hominis,
2690 4024 2829 4077 sicut
2856 4026 3121 4095 scriptum
3150 4036 3265 4091 est,
3300 4030 3391 4099 qui
3417 4030 3514 4087 de-

1898 4108 2111 4162 scendit
2151 4109 2217 4163 de
2259 4112 2420 4167 ((1310.
2465 4132 2483 4165 ι
2520 4112 2727 4170 Videsis
2775 4131 2895 4186 qua:
2947 4118 3002 4172 in
3052 4115 3194 4173 hunc
3241 4122 3516 4178 Ambrosii

1900 4203 2076 4258 locum
2105 4206 2488 4260 aunotavimus
2509 4248 2524 4273 ,
2553 4218 2607 4263 et
2633 4209 2705 4263 ibi
2736 4211 2899 4265 citata
2940 4227 2971 4265 a
3015 4213 3172 4269 nobis
3220 4215 3513 4272 chalcedo-

1898 4297 2086 4350 neusis
2115 4296 2332 4351 concilii
2364 4308 2578 4365 acta,et
2604 4299 2888 4372 Augustini
2908 4303 3145 4374 primum
3160 4308 3228 4363 de
3246 4308 3513 4365 Trinitate

1895 4389 2117 4445 librum.

1971 4482 2142 4538 Porro
2168 4494 2349 4541 autem
2396 4486 2668 4543 Arnobius
2713 4498 2901 4547 noster
2946 4491 3105 4549 docet
3144 4493 3384 4564 Christo,
3419 4498 3511 4567 qui

1900 4586 1979 4632 tot
2010 4579 2271 4633 miracula
2306 4580 2575 4645 ediderat,
2614 4582 2878 4638 violentas
2905 4601 3129 4652 manus,
3166 4589 3212 4641 si
3248 4589 3385 4643 mori
3414 4606 3512 4645 uoo

216 4689 342 4744 quas
377 4676 427 4730 in
471 4678 729 4731 mundum
780 4683 1021 4733 venerat.
1066 4675 1358 4741 faciendas,
1405 4676 1603 4731 summi
1650 4680 1790 4747 regis
1817 4665 1875 4725 D
1898 4672 2157 4734 luisset,a
2192 4674 2410 4728 nemine
2442 4689 2695 4745 umquam
2726 4678 2969 4747 potuisse
2996 4679 3222 4747 inferri,
3253 4684 3349 4738 sed
3376 4699 3501 4739 eum

216 4766 425 4837 imperio
458 4780 511 4823 et
552 4767 907 4837 dispositione
954 4770 1202 4823 servatis.
1238 4789 1257 4821 ι
1285 4767 1487 4841 (Mitt,
1525 4786 1644 4840 pag.
1669 4769 1795 4843 37.)

211 4860 437 4921 Potuitne
478 4879 727 4935 suprema
778 4864 978 4919 Christi
1029 4865 1313 4931 divinitas,
1366 4866 1618 4937 illiusque
1668 4883 1789 4922 cum

210 4951 421 5012 humana
452 4966 640 5012 natura
688 4957 1001 5026 conjunctio
1043 4958 1360 5013 clarioribus
1400 4959 1577 5014 verbis
1618 4974 1791 5014 enun-

212 5047 357 5101 tiari?
382 5051 506 5117 Quis
531 5065 787 5125 umquam
824 5061 939 5118 post
972 5050 1272 5115 Nicaenum,
1303 5060 1355 5106 et
1382 5053 1485 5105 alia
1515 5053 1784 5121 generalia

211 5144 433 5205 concilia,
460 5153 742 5214 utramque
758 5145 911 5199 illius
939 5154 1187 5201 naturam
1215 5144 1515 5201 dilucidiorl
1545 5148 1789 5205 oratione

211 5240 471 5305 exposuit?
500 5244 566 5295 At
612 5256 745 5297 vero
791 5242 864 5295 ibi
917 5240 1006 5296 ille
1054 5258 1161 5297 non
1215 5258 1368 5297 suam
1418 5250 1644 5309 tantum,
1689 5243 1785 5299 sed

210 5344 521 5390 communem
555 5335 799 5391 omnium
830 5348 942 5391 suae
976 5338 1149 5391 uitatis
1177 5336 1594 5393 christianorum
1637 5350 1783 5409 pate-

212 5420 327 5477 facit
358 5431 687 5484 sentcntiam.
719 5428 852 5497 Quis
893 5444 1021 5499 ergo
1067 5444 1298 5501 negare,
1330 5440 1421 5483 aut
1462 5432 1511 5485 iu
1561 5432 1780 5487 dubium

209 5515 324 5586 jure
358 5521 524 5593 aliquo
573 5537 773 5579 vocare
817 5523 1012 5578 audeat
1051 5534 1227 5579 utrum
1260 5524 1355 5591 illi,
1387 5532 1510 5580 ante
1538 5525 1782 5591 ejusdem

215 5610 409 5668 concilii
451 5613 647 5671 Nicrenl
679 5624 923 5686 tempora
943 5659 958 5681 ,
994 5615 1044 5671 id
1076 5616 1434 5679 crediderint,
1468 5617 1609 5687 quod
1642 5618 1692 5671 in
1719 5633 1785 5671 eo

217 5706 423 5759 concilio
464 5720 515 5764 et
558 5710 675 5765 aliis
725 5719 909 5781 postea
956 5696 1025 5766 de
1069 5711 1269 5766 Christi
1301 5710 1585 5766 divinitate
1610 5720 1665 5766 et
1700 5727 1787 5767 as-

222 5810 411 5866 sumpta
441 5800 503 5857 ab
529 5805 643 5873 ipso
672 5805 904 5862 humana
946 5814 1134 5860 natura
1163 5813 1421 5859 statutum
1453 5804 1570 5860 est?

290 5890 389 5961 Age
408 5910 548 5968 vero,
574 5900 729 5975 eique
759 5916 871 5972 quo
916 5908 1073 5971 pacto
1116 5896 1316 5955 Christi
1348 5897 1613 5955 divinitati
1643 5910 1790 5954 mors

1897 4782 1991 4823 sua
2025 4777 2219 4837 Sponte
2250 4777 2306 4823 et
2335 4770 2615 4825 Voluntate
2643 4782 2944 4827 mortuum.
2982 4793 2999 4826 ι
3038 4774 3220 4840 Vides,
3259 4796 3278 4828 ι
3315 4779 3506 4847 inquit,

1903 4883 1921 4914 ι
1958 4864 2003 4918 si
2034 4864 2205 4918 nollet
2237 4864 2420 4919 inferri
2448 4865 2547 4919 sibi
2570 4880 2600 4919 a
2638 4881 2910 4937 quoquam
2943 4884 3156 4934 manus,
3189 4886 3399 4925 summa
3426 4870 3508 4927 illi

1893 4955 2089 5012 fuisset
2119 4961 2465 5013 contentione
2496 4959 2810 5025 nitendum,
2846 4972 2903 5015 ut
2930 4962 3117 5018 hostes
3158 4964 3226 5019 ab
3272 4980 3331 5019 se
3378 4979 3506 5020 suos

1894 5049 1975 5104 vel
2008 5059 2276 5121 potestate
2307 5052 2518 5106 inversa
2549 5052 2906 5121 prohiberet?
2935 5055 3037 5123 Qui
3063 5058 3228 5111 edacis
3252 5059 3503 5113 restitue-

1891 5154 1976 5199 rat
2007 5145 2207 5198 lumina
2229 5185 2243 5209 ,
2281 5144 2324 5197 is
2351 5145 2569 5199 el‘licere
2619 5146 2662 5200 si
2704 5146 2964 5212 deberet,
3000 5163 3109 5203 non
3141 5158 3353 5219 poterat
3394 5166 3503 5206 ca:—

1890 5254 1983 5294 cos
2184 5253 2375 5293 manus
2407 5240 2461 5293 in
2491 5254 2550 5293 se
2582 5241 2787 5311 porrigi
2827 5242 2896 5297 ab
2942 5244 3266 5299 immanibus
3309 5261 3503 5313 passus

1890 5344 1993 5392 est.
2043 5354 2062 5386 ι
2091 5333 2338 5401 (Arnob.,
2376 5334 2466 5388 lib.
2502 5350 2539 5400 ι,
2576 5352 2698 5407 pag.
2728 5336 2849 5406 38.)
2878 5337 3121 5393 Mortuus
3167 5346 3247 5395 est
3292 5339 3495 5410 itaque,

1888 5430 2031 5500 quia,
2066 5437 2123 5482 ut
2172 5428 2349 5484 adhuc
2398 5427 2637 5499 loquitur
2673 5438 2863 5484 auctor
2898 5440 3119 5486 noster:
3156 5448 3175 5481 ι
3224 5429 3498 5487 Virtutum

1888 5525 2126 5579 omnium
2151 5524 2422 5589 dominus,
2448 5536 2611 5593 atque
2634 5524 2803 5593 ipsius
2829 5525 3021 5580 mortis
3047 5524 3364 5592 exstinctor,
3394 5524 3497 5580 ho-

1888 5619 2089 5671 minem
2140 5630 2293 5669 suum
2343 5614 2588 5685 permisit
2632 5615 2827 5671 occidi.
2883 5634 2903 5668 ι
2952 5614 3149 5685 (Ibid.,
3195 5632 3317 5685 pag.
3359 5615 3498 5688 41.)

1890 5706 2094 5773 Quibus
2128 5706 2216 5761 ille
2243 5706 2425 5761 verbis
2453 5703 2719 5775 signiﬁcat
2746 5703 3022 5761 Christum
3067 5706 3362 5760 secundum
3393 5706 3495 5762 hu-

1892 5814 2106 5854 manam
2153 5808 2360 5855 tantum
2408 5807 2658 5854 naturam
2684 5842 2699 5867 ,
2732 5801 2946 5871 quando
2988 5799 3184 5863 voluit,
3214 5798 3497 5868 occisum;

1893 5895 1966 5949 ita
1999 5900 2179 5949 tamen
2211 5898 2270 5948 ut
2299 5891 2583 5950 moriendo
2619 5892 2855 5951 divinant
2887 5908 3039 5950 suam
3068 5899 3315 5949 naturam
3346 5896 3508 5951 novis
