3918 6388
329 388 434 443 407

1610 373 1937 432 DISSERTA

2057 379 2067 426 ι
2108 375 2389 433 ΡΒᾸΞΥΙΑ
3552 388 3648 436 ili:

331 510 445 556 tate
466 498 747 569 pmditum
776 494 943 552 fuisse
974 492 1414 550 constantissime
1442 488 1635 546 asserit
1661 528 1675 552 ,
1701 488 1922 545 validis-
1955 495 2011 556 Α
2035 493 2319 561 magisque
2335 490 2653 547 abhorrens.
2676 490 2809 547 Nam
2834 490 2950 548 haec
2976 493 3019 548 si
3049 492 3239 551 fuisset
3267 494 3415 577 illius
3438 498 3646 567 opinio,

334 590 600 659 simisque
654 588 987 661 argumentis
1037 586 1397 642 demonstrat.
1454 582 1934 638 Persuasissimum

333 698 469 756 ergo
497 681 682 737 habuit
710 696 834 738 eum
856 696 1043 737 verum
1068 688 1121 735 et
1148 692 1458 749 supremum
1486 687 1609 731 esse
1633 675 1824 730 Deum.

407 776 514 833 Sed
541 775 666 830 audi
687 775 885 839 adhuc,
916 775 1167 840 obsecro,
1186 770 1460 843 quomodo
1483 767 1616 824 illud
1635 783 1848 824 rursum
1868 782 1935 823 ex

329 869 616 939 ipsiusmet
644 866 847 924 Christi
887 865 1159 922 miraculis
1202 864 1453 935 colligat,
1485 878 1548 918 ac
1581 862 1937 917 disertissime

331 962 653 1032 pronuntiet
714 980 727 1016 :
787 958 1009 1025 «Nihil,
1059 968 1113 1012 ut
1166 956 1381 1021 remini,
1422 976 1440 1009 ι
1500 956 1673 1026 inquit
1721 953 1933 1025 (Ibid.,

332 1072 458 1127 pag.
490 1054 629 1127 '52.),
657 1073 677 1106 ι
706 1051 993 1122 magicum,
1026 1050 1493 1115 nihilhumamtm,
1514 1048 1933 1119 pratstigiosum,

332 1160 430 1205 aut
454 1147 760 1213 subdolum,
790 1146 925 1200 nihil
954 1144 1157 1200 fraudis
1185 1143 1401 1200 delituit
1442 1144 1492 1196 in
1517 1140 1755 1198 Christo.
1786 1141 1938 1196 Deri-

334 1242 508 1295 deatis
531 1241 654 1294 licet
681 1255 747 1293 ex
779 1252 951 1305 more,
979 1248 1139 1308 atque
1168 1238 1220 1292 in
1252 1237 1528 1291 lasciviam
1560 1234 1936 1290 dissolvamiui

332 1333 748 1397 cachinnorum,
784 1331 925 1387 Deus
953 1330 1042 1386 ille
1060 1329 1309 1385 sublimis
1341 1327 1459 1395 fuit,
1490 1329 1630 1383 Deus
1659 1326 1840 1382 radice
1868 1324 1938 1378 ab

330 1429 545 1495 intima,
578 1429 716 1483 Deus
737 1427 804 1480 ab
833 1424 1120 1495 incognitis
1142 1423 1345 1494 regnis,
1368 1430 1424 1478 et
1450 1421 1517 1477 ab
1530 1421 1769 1477 omnium
1790 1418 1937 1491 prin-

332 1521 450 1592 cipe
478 1520 769 1591 sospitator
789 1528 872 1573 est
899 1518 1117 1583 missus,
1146 1531 1304 1587 quem
1340 1530 1517 1585 neque
1546 1514 1625 1569 sol
1658 1515 1772 1583 ipse
1795 1554 1808 1576 ,
1842 1527 1937 1565 ne-

332 1629 439 1684 que
466 1613 599 1677 ulla,
624 1613 668 1667 si
699 1612 961 1677 sentiunt,
1004 1610 1204 1673 sidera,
1234 1624 1343 1663 non
1371 1617 1628 1672 rectores,
1660 1622 1766 1660 non
1789 1604 1939 1675 prin-

333 1706 485 1777 cipes
514 1704 722 1769 mundi,
756 1718 864 1759 non
888 1703 1120 1773 denique
1151 1700 1225 1757 dii
1267 1701 1463 1770 magni,
1500 1707 1591 1753 aut
1615 1698 1703 1768 qui
1728 1698 1938 1768 [lugen-

336 1811 421 1855 tes
451 1814 510 1854 se
538 1798 691 1865 deos,
725 1813 895 1868 genus
926 1811 1088 1851 omne
1118 1794 1420 1850 mortalium
1448 1793 1694 1847 territant
1720 1833 1734 1855 ,
1771 1790 1935 1854 unde,

2044 596 2202 647 eam,
2237 582 2379 637 sicut
2423 581 2535 651 jam
2588 582 3104 650 animadvertimus,
3136 584 3282 640 clare
3328 588 3647 658 explicatam

2042 673 2210 729 facile
2239 673 2487 729 Ethnicis
2526 676 2910 744 persuasisset,
2942 691 3043 733 nec
3071 686 3149 732 tot
3175 690 3429 747 expertus
3458 679 3646 737 fuisset

2048 774 2155 821 tam
2206 765 2562 836 pertinaciter
2609 766 2715 820 sibi
2763 767 3118 839 refragantes.
3148 769 3347 827 Contra
3392 787 3521 833 vero
3561 774 3646 828 ille

2044 858 2176 912 totis
2207 857 2370 911 animi
2398 858 2775 926 sermonisque
2805 860 2889 913 sui
2918 861 3099 917 nervis
3129 862 3398 927 declarat,
3428 863 3639 931 asserit,

2046 948 2227 1015 docet,
2257 949 2474 1018 repetit,
2506 949 2991 1019 probat,iuculcat,
3013 952 3345 1009 demonstrat
3370 953 3639 1011 Cltrisltult

2046 1055 2231 1094 verum
2284 1050 2338 1095 et
2382 1055 2653 1097 summum
2705 1057 2829 1097 esse
2871 1043 3062 1109 Deum,
3090 1045 3285 1100 divinae
3316 1048 3643 1119 infinita-que

2048 1134 2350 1201 potestatis,
2381 1150 2441 1188 ac
2469 1136 2699 1206 proinde
2741 1135 2904 1191 etiam
2946 1148 3174 1193 naturae.
3202 1139 3337 1207 Quia
3366 1155 3495 1195 vero
3525 1154 3643 1211 pas-

2045 1226 2148 1280 sim
2200 1224 2395 1295 ubique
2453 1236 2640 1281 contra
2692 1228 2975 1297 gentilium
3034 1245 3274 1285 errorem
3334 1245 3639 1297 asseverat,

2047 1320 2344 1390 probatque
2381 1336 2544 1374 unum
2592 1321 2871 1375 dumtaxat
2910 1338 3032 1378 esse
3077 1324 3281 1387 Deum,
3324 1341 3422 1379 nec
3466 1314 3643 1394 pluies

2047 1427 2168 1468 esse
2199 1428 2388 1480 posse,
2422 1413 2545 1469 inde
2594 1414 3002 1471 evidentissime
3043 1418 3314 1487 colligitur
3357 1417 3491 1474 nihil
3532 1418 3647 1488 ejus

2048 1508 2211 1561 menti
2237 1506 2458 1561 inlixnm
2492 1508 2671 1573 altius,
2702 1525 2864 1579 quam
2906 1507 3182 1564 Christum
3225 1524 3348 1565 esse
3393 1526 3553 1565 unum
3597 1519 3651 1565 et

2048 1597 2295 1653 eumdem
2327 1614 2448 1654 cum
2476 1612 2681 1655 mteruo
2714 1600 2875 1657 Patre
2906 1618 3004 1656 suo
3037 1603 3225 1658 Deum.

2115 1694 2224 1748 Cur
2252 1710 2403 1766 ergo,
2434 1696 2668 1766 inquies,
2703 1696 2845 1752 hunc
2872 1698 3041 1767 ipsius
3071 1698 3286 1753 Patrem
3325 1708 3380 1753 et
3420 1697 3650 1767 primum

2047 1796 2101 1843 et
2139 1788 2438 1858 principem
2484 1789 2649 1844 Deum
2701 1791 2979 1861 appellat?
3014 1790 3426 1861 Respondemus
3468 1793 3540 1845 ita
3593 1791 3660 1844 ah

334 1901 427 1946 aut
475 1892 564 1961 qui
607 1889 803 1954 fuerit,
857 1896 1149 1958 potuerunt
1196 1900 1419 1940 noscere
1462 1883 1549 1939 vel
1589 1882 1872 1952 suspicari.
1911 1901 1929 1933 ι
1964 1889 2013 1950 Β
2044 1896 2110 1936 eo
2140 1881 2432 1951 aliquando
2465 1883 2787 1953 nuncupari,
2810 1884 2899 1938 ubi
2918 1885 3257 1955 sesevulgari
3284 1882 3659 1940 accommodat

338 1984 553 2042 Audisti
584 1997 712 2039 sane
739 1981 1011 2054 quomodo
1042 1995 1106 2036 ex
1126 1978 1421 2042 miraculis,
1454 1994 1482 2031 a
1503 1976 1718 2033 Christo
1758 1976 1942 2031 divina

340 2094 565 2148 prorsus
605 2077 805 2132 virtute
874 2074 1050 2139 factis,
1094 2084 1243 2130 recte
1293 2072 1513 2143 colligat
1568 2071 1715 2125 illum
1775 2070 1943 2125 Deum

344 2170 512 2227 fuisse
536 2185 877 2240 supremum,
911 2169 1015 2231 vel,
1050 2177 1106 2222 ut
1144 2167 1234 2223 ille
1255 2165 1676 2233 ait,sublimcm,
1708 2178 1811 2217 non
1842 2180 1939 2239 ex-

338 2271 495 2318 terna
534 2261 709 2332 aliqua
756 2261 1195 2317 denominatione
1222 2298 1237 2327 ,
1270 2260 1353 2313 vel
1403 2257 1604 2327 specie,
1634 2256 1726 2311 sed
1757 2255 1825 2310 ab
1857 2257 1940 2310 in-

333 2356 465 2409 tima
491 2352 696 2419 radice,
725 2354 827 2409 hoc
845 2360 949 2420 est,
986 2362 1175 2407 natura
1207 2368 1301 2406 sua
1327 2351 1517 2416 Deum,
1544 2359 1813 2419 tantaeque
1833 2349 1943 2405 cel-

336 2447 514 2503 sitatis
542 2446 948 2502 etexcellentim
975 2462 990 2509 ;
1025 2455 1081 2499 ut
1108 2445 1248 2498 nulla
1283 2452 1493 2498 terrena
1520 2452 1767 2496 creatura
1798 2484 1812 2505 ,
1849 2457 1943 2498 ne-

336 2555 444 2610 que
518 2539 622 2593 lieti
672 2539 740 2592 ab
792 2538 1025 2593 ethnicis
1064 2537 1136 2592 dii
1194 2537 1341 2591 illam
1391 2550 1623 2606 capere,
1689 2547 1743 2590 ct
1800 2536 1943 2589 illius

340 2632 609 2703 originem
640 2645 802 2686 nesse
854 2646 1109 2702 umquam
1142 2630 1427 2685 valuerint.
1462 2628 1594 2696 Quis
1624 2638 1803 2683 autem
1840 2628 1943 2683 nisi

342 2725 413 2779 de
467 2738 675 2779 summa
708 2721 907 2778 Christi
949 2723 1229 2778 divinitate
1260 2722 1484 2776 omnino
1525 2721 1942 2791 persuasus,ita

341 2817 629 2887 aliquando
658 2818 867 2873 locutus
895 2826 945 2872 et
975 2824 1381 2887 argumentatus
1409 2813 1539 2871 est?

416 2909 573 2964 Tanti
604 2919 784 2963 autem
816 2908 1075 2963 momenti
1106 2922 1228 2962 esse
1254 2906 1408 2961 duxit
1442 2920 1706 2961 summam
1741 2903 1942 2959 Christi

345 3004 677 3059 divinitatem
708 3001 950 3057 Ethnicis
985 2999 1301 3073 prmdicare,
1328 3014 1625 3069 eorumque
1649 3008 1702 3053 et
1726 2998 1947 3053 auribus

347 3107 404 3151 et
437 3094 632 3149 animis
660 3094 958 3157 inculcare;
1005 3101 1061 3147 ut
1098 3092 1150 3146 id
1189 3108 1477 3161 numquam
1507 3091 1638 3144 satis
1661 3104 1718 3145 se
1745 3089 1947 3145 dixisse

345 3187 449 3264 sibi
476 3186 769 3241 videretur.
800 3185 1140 3255 Quapropter
1168 3185 1257 3238 ille
1281 3183 1409 3239 alibi
1438 3183 1665 3253 gentiles
1696 3181 1837 3235 hunc
1856 3181 1946 3235 ad.

348 3279 454 3335 huc
504 3278 558 3333 in
616 3277 833 3332 modum
885 3274 1079 3330 all‘atur

349 3373 520 3438 Deus,
577 3372 739 3437 Deus,
793 3372 1031 3441 inquam,
1065 3370 1350 3433 Christus;
1395 3369 1495 3423 hoc
1524 3369 1668 3425 enim
1701 3384 1844 3438 sa-pc
1868 3370 1950 3423 di-

348 3464 576 3521 cendum
622 3474 742 3525 est,
793 3475 852 3517 ut
882 3462 1177 3517 inlidelitun
1211 3461 1439 3515 dissiliat
1485 3471 1539 3515 et
1583 3461 1949 3531 disrumpatur

349 3557 583 3620 auditus,
618 3557 709 3611 Dei
742 3556 997 3625 principis
1039 3554 1283 3625 iussione
1312 3553 1559 3624 loquens,
1592 3554 1690 3610 sub
1713 3554 1948 3608 hominis

348 3651 544 3705 forma.
570 3668 589 3702 ι
627 3649 868 3721 (Arnob,
911 3648 1000 3702 lib.
1027 3664 1085 3712 ll,
1120 3664 1236 3719 pag.
1271 3645 1389 3715 85.)

428 3758 623 3821 Verum
651 3806 665 3829 ,
699 3763 905 3832 inquiet
953 3761 1179 3832 aliquis,
1212 3761 1280 3816 ibi
1308 3759 1555 3815 Christus
1602 3759 1670 3813 ab
1710 3759 1947 3815 Aruobio

353 3874 464 3915 non
511 3859 714 3928 primus
755 3865 809 3910 et
857 3869 1185 3923 supremus,
1250 3852 1343 3907 sed
1371 3852 1639 3908 secundus
1684 3862 1895 3907 tantum
1928 3895 1943 3918 ,

351 3962 406 4005 et
432 3951 607 4005 minor
632 3949 770 4004 Deus
800 3947 1124 4019 appellatur.
1154 3946 1293 4013 Quid
1316 3946 1455 3999 enim
1487 3945 1631 4000 aliud
1675 3945 1790 4001 hzcc
1826 3948 1944 4017 ejus

348 4042 515 4098 verba
578 4040 921 4111 signiﬁcant,
966 4036 1062 4091 Dei
1115 4037 1364 4107 principis
1404 4038 1639 4106 jussione
1700 4039 1946 4108 loquens?

350 4136 609 4204 Quisnam
642 4133 734 4188 ille
758 4131 902 4187 Deus
944 4132 1214 4199 princeps,
1269 4128 1424 4197 cujus
1441 4130 1675 4199 jussione
1694 4129 1945 4186 Christus

346 4225 622 4299 loquitur?
653 4225 703 4279 ls
734 4221 1084 4294 proculdubio
1108 4222 1247 4275 Deus
1273 4231 1426 4290 pater
1453 4231 1507 4274 et
1533 4236 1777 4276 summus
1802 4232 1887 4277 est
1923 4266 1937 4290 ,

349 4323 440 4392 qui
464 4319 585 4374 ideo
608 4318 859 4387 princeps
879 4322 1119 4370 voeatur.
1148 4312 1313 4382 Cujus
1330 4324 1509 4367 autem
1526 4314 1774 4383 princeps
1814 4325 1896 4370 est
1924 4357 1939 4381 ,

348 4414 455 4467 nisi
482 4410 704 4477 Christi,
739 4410 827 4480 qui
852 4410 926 4473 ei,
953 4418 1009 4461 ut
1034 4408 1303 4477 loquatur,
1336 4407 1527 4474 jubet,
1558 4417 1611 4462 et
1632 4408 1714 4462 cui
1739 4406 1943 4478 jubenti

348 4504 598 4559 Christus
625 4500 997 4570 obtemperat?
1024 4499 1269 4555 Christus
1291 4514 1420 4570 ergo
1452 4500 1589 4555 Deus
1613 4500 1704 4554 illo
1724 4499 1943 4570 jubente

348 4597 527 4652 minor
548 4595 706 4664 eique
756 4591 981 4649 inferior
1008 4591 1149 4646 Deus
1179 4600 1261 4646 est
1280 4634 1293 4657 ,
1321 4606 1383 4646 ac
1420 4591 1646 4661 proinde
1682 4609 1787 4646 non
1819 4608 1942 4661 pro-

2050 1975 2288 2028 sermoni
2321 1975 2643 2045 gentilium,
2675 1976 2767 2045 qui
2794 1991 2922 2030 suos
2951 1992 3143 2032 omnes
3182 1975 3316 2033 deos
3339 2018 3354 2043 ,
3385 1980 3503 2031 sive
3542 1993 3661 2033 ma-

2046 2070 2216 2140 jores,
2242 2074 2358 2124 sive
2386 2070 2627 2125 minores
2652 2070 2781 2125 olim
2810 2086 2916 2124 non
2948 2070 3132 2135 fuisse,
3161 2086 3223 2125 ac
3253 2082 3403 2126 certo
3427 2072 3662 2141 quodam

2053 2171 2299 2231 tempore
2322 2177 2482 2220 natos
2507 2162 2840 2220 fatebantur.
2866 2164 2983 2233 Quo
3011 2166 3227 2235 quidem
3262 2163 3460 2234 posito,
3486 2167 3666 2235 arguit

2052 2256 2327 2312 Arnobius
2354 2256 2519 2312 hosce
2548 2258 2704 2324 deos,
2732 2260 2776 2312 si
2810 2258 2945 2313 tales
2976 2271 3159 2314 essent
3188 2259 3374 2329 quales
3400 2259 3474 2313 illi
3502 2271 3661 2328 puta-

2050 2348 2215 2415 bant,
2247 2366 2275 2403 a
2308 2350 2417 2405 Deo
2445 2350 2687 2421 principe
2732 2351 2785 2406 id
2835 2356 3142 2422 accepisse,
3175 2352 3317 2423 quod
3366 2361 3472 2407 nati
3514 2356 3664 2419 sint,

2050 2442 2193 2512 quod
2222 2443 2386 2497 vitam
2417 2445 2653 2515 egerint,
2687 2444 2829 2514 quod
2861 2460 3048 2512 suam,
3077 2445 3120 2499 si
3153 2462 3271 2514 qtae
3297 2461 3420 2501 esse
3448 2448 3665 2519 patuis~

2051 2547 2153 2602 θυι,
2185 2536 2527 2592 divinitatem
2570 2538 2839 2605 habeant,
2874 2550 2929 2593 et
2976 2540 3457 2595 immortalitatem.
3508 2540 3670 2597 Unde

2052 2627 2144 2683 ille
2189 2630 2384 2683 merito
2428 2641 2614 2684 contra
2660 2631 2880 2687 eosdem
2919 2631 3177 2687 Etlmicos
3217 2633 3533 2700 concludit,
3564 2634 3671 2690 hos

2050 2720 2220 2777 falsos
2248 2730 2302 2777 et
2332 2724 2735 2779 commentitios
2765 2739 2885 2779 es-c
2912 2724 3065 2789 deos,
3096 2726 3379 2795 ipsumque
3402 2729 3668 2796 primum,

2051 2823 2107 2869 et
2151 2815 2487 2885 principem,
2534 2828 2694 2887 atque
2739 2815 2943 2870 idcirco
2983 2832 3293 2887 supremum
3342 2831 3394 2875 et
3444 2823 3671 2876 unicum

2052 2922 2196 2971 esse,
2237 2908 2453 2979 dicique
2506 2925 2665 2977 posse
2712 2908 2903 2963 Deum.
2956 2908 3091 2963 Nam
3140 2922 3259 2978 post
3304 2911 3513 2981 objecta
3560 2914 3671 2968 sibi

2052 3002 2215 3055 verba
2258 3003 2607 3056 continenter
2650 3001 2887 3072 adjecit:
2925 3019 2944 3053 ι
2980 3000 3111 3055 Cum
3156 3001 3450 3057 divinitatis
3493 3006 3675 3075 ipsius

2051 3102 2337 3149 teneamus
2365 3106 2553 3165 caput,
2584 3112 2749 3166 aquo
2795 3098 2907 3166 ipsa
2953 3096 3209 3150 divinitas
3249 3096 3497 3152 divorum
3547 3116 3675 3153 om-

2054 3187 2239 3252 uiutn,
2286 3189 2610 3258 quicumque
2655 3197 2809 3254 sunt,
2860 3189 3176 3244 dicitur.....
3224 3189 3557 3259 quicumque
3616 3192 3672 3245 hi

1130 3295 1142 3330 :
1179 3294 1197 3326 ι
1244 3276 1490 3331 Christus
1535 3274 1684 3327 vobis
1731 3274 1945 3340 invitis,
1978 3279 2023 3342 C
2058 3283 2130 3337 dii
2157 3293 2313 3348 sunt,
2342 3298 2479 3355 quos
2516 3300 2638 3338 esse
2666 3283 2823 3338 nobis
2856 3283 3187 3353 proponitis,
3230 3285 3273 3338 si
3317 3285 3425 3339 sint
3466 3301 3677 3355 proge-

2057 3378 2175 3430 nies
2223 3377 2404 3445 regia,
2440 3375 2724 3445 principali
2772 3376 3021 3431 oriuntur
3060 3393 3087 3427 a
3130 3377 3421 3447 capite.....
3460 3387 3516 3430 et
3564 3376 3677 3430 hoc

2054 3470 2271 3541 quidem
2301 3485 2328 3523 a
2365 3473 2519 3525 nobis
2548 3470 2711 3525 fuerit
2732 3472 2803 3524 ita
2833 3472 3127 3541 prolatum,
3154 3472 3197 3526 si
3227 3471 3387 3525 modo
3417 3473 3595 3542 liquet
3620 3484 3681 3527 ct

2052 3572 2263 3617 constat
2296 3574 2490 3630 prieter
2522 3564 2693 3633 ipsum
2724 3579 2904 3633 regem
2946 3574 2998 3618 et
3034 3565 3364 3633 principem,
3392 3578 3516 3619 esse
3552 3565 3672 3618 alia

2053 3659 2347 3713 etiamnum
2374 3658 2569 3727 capita,
2595 3673 2715 3726 qua:
2744 3659 2952 3727 digesta
2984 3669 3037 3712 et
3066 3668 3311 3727 separata
3346 3675 3439 3727 per
3470 3674 3679 3715 nume-

2052 3767 2194 3815 rum,
2225 3753 2372 3805 velut
2397 3752 2683 3820 quemdam
2730 3752 2986 3821 populum
3030 3753 3253 3822 plebeiae
3296 3752 3681 3808 multitudinis

2051 3843 2270 3898 faciant.
2315 3865 2332 3895 ι
2367 3842 2558 3913 (Ibid.,
2588 3845 2676 3897 lib.
2710 3860 2788 3909 ιιι,
2822 3860 2941 3916 pag.
2972 3845 3134 3915 illi.)

2123 3936 2278 3992 Prius
2324 3953 2455 3992 vero
2490 3937 2704 3992 dixerat
2740 3958 2751 3991 :
2790 3957 2809 3989 ‹
2844 3938 2977 3993 Cttm
3019 3938 3093 3993 dii
3144 3954 3365 4001 omnes,
3412 3938 3499 3993 vel
3548 3941 3684 4010 qni-

2050 4046 2281 4101 cumque
2320 4038 2448 4083 sunt
2499 4031 2633 4095 veri,
2665 4032 2746 4085 vel
2790 4032 2880 4100 qui
2930 4047 3053 4085 esse
3096 4047 3315 4086 rumore
3344 4043 3508 4101 atque
3551 4036 3685 4104 opi-

2050 4124 2212 4177 nione
2242 4122 2495 4176 dicuntur
2522 4122 2859 4177 immortales
2877 4132 2930 4178 et
2948 4124 3209 4194 perpetui,
3229 4124 3346 4194 ejus
3370 4125 3677 4184 voluntate

2049 4216 2177 4281 sint,
2210 4223 2263 4269 et
2290 4216 2536 4270 beneficii
2568 4231 2822 4279 munere;
2858 4216 2945 4286 qui
2989 4217 3106 4271 lieri
3154 4217 3293 4289 potis
3333 4225 3437 4281 est,
3469 4231 3532 4273 ιιι
3569 4221 3676 4276 alii

2046 4318 2307 4378 prmstare
2336 4309 2387 4363 id
2417 4314 2559 4379 quod
2590 4310 2692 4379 ipsi
2722 4321 2867 4376 sunt,
2900 4310 3135 4376 valeant,
3168 4326 3289 4365 cum
3323 4312 3576 4368 alienum
3616 4315 3676 4371 id

2047 4400 2317 4464 habeant,
2372 4411 2423 4456 et
2479 4402 2668 4471 majori
2718 4420 2785 4457 ex
2837 4405 3070 4473 potentia
3126 4405 3584 4462 commodatum?
3649 4426 3670 4461 ι

2050 4494 2252 4566 (lbid.,
2280 4496 2368 4550 lib.
2398 4513 2451 4563 ιι,
2490 4513 2610 4568 pag.
2646 4498 2771 4563 87.)

2117 4589 2246 4655 Quis
2278 4600 2454 4643 autem
2488 4591 2598 4659 jam
2628 4606 2732 4644 non
2767 4590 2946 4646 videat
2971 4592 3093 4647 ideo
3124 4591 3287 4646 Deum
3318 4592 3676 4667 principem,

344 4692 487 4760 prie,
518 4698 571 4744 et
599 4698 788 4741 natura
824 4700 939 4749 sua,
976 4683 1069 4738 sed
1102 4684 1422 4755 improprie,
1455 4694 1509 4738 et
1534 4685 1811 4740 dumtaxat
1847 4703 1943 4742 uo-
1968 4674 2020 4735 D
2044 4692 2098 4738 et
2126 4682 2352 4752 primum
2380 4683 2445 4738 ab
2466 4682 2703 4737 Arnobio
2726 4686 2929 4747 vocari,
2954 4685 3076 4754 quia
3104 4684 3168 4739 ad
3195 4686 3559 4742 Ethnicorutn
3598 4693 3680 4749 de

345 4782 494 4837 mine
537 4780 700 4835 Deus.
732 4778 917 4849 Neque
955 4776 1129 4831 solum
1163 4777 1581 4859 Deus‘princeps
1610 4820 1622 4841 ,
1666 4777 1761 4833 sed
1802 4794 1946 4852 saepe

345 4875 509 4931 etiam
532 4872 599 4927 ab
628 4886 694 4927 eo
720 4878 1060 4940 nuncupatur
1082 4868 1223 4923 Deus
1254 4870 1477 4938 primus,
1509 4881 1563 4923 et
1589 4884 1851 4933 summus,
1880 4886 1943 4925 ac

346 4977 499 5037 pater
532 4983 545 5019 :
585 4983 603 5016 ι
637 4964 778 5019 Satis
832 4961 1102 5027 estnobis,
1149 4980 1169 5013 ι
1206 4961 1410 5030 inquit,
1462 4982 1479 5012 ι
1518 4961 1659 5017 Deus
1690 4964 1893 5032 primus
1926 5006 1939 5028 ,

346 5060 526 5125 Deus,
582 5059 795 5129 inquam
818 5099 831 5124 ,
877 5055 1082 5127 primus
1106 5097 1122 5122 ,
1157 5066 1309 5124 pater
1334 5070 1512 5110 rerum
1545 5071 1607 5111 ac
1634 5056 1884 5113 dominus
1919 5099 1934 5123 ,

344 5152 667 5207 constitutor
720 5149 1133 5217 moderatorque
1172 5158 1485 5202 cunctorum
1515 5194 1528 5217 ,
1564 5151 1614 5203 in
1645 5149 1747 5205 hoc
1777 5167 1937 5207 omne

345 5244 488 5316 quod
519 5242 801 5298 colendum
832 5240 1213 5307 est,colimus;
1246 5240 1388 5311 quod
1417 5239 1626 5296 adorari
1656 5246 1931 5309 convenit,

345 5336 663 5399 adoramus;
717 5333 858 5405 quod
909 5335 1224 5405 obsequium
1255 5335 1616 5390 veneratiOuis
1643 5338 1884 5407 exposcit
1919 5380 1933 5403 ,

340 5428 775 5484 venerationibns
806 5442 1201 5499 promeremur.
1241 5446 1259 5477 ι
1294 5425 1482 5500 (Ibid,
1517 5427 1602 5481 lib.
1628 5444 1664 5492 ι,
1694 5446 1814 5499 pag.
1844 5428 1933 5497 15,

339 5520 409 5575 18
451 5530 499 5575 et
553 5520 651 5584 l9;
693 5522 780 5575 lib.
810 5537 869 5586 ιι,
900 5538 1019 5593 pag.
1045 5522 1114 5579 43
1140 5532 1187 5575 el
1217 5520 1324 5586 68;
1352 5521 1441 5575 lib.
1486 5538 1563 5583 ιιι,
1609 5539 1726 5594 pag.
1760 5522 1855 5578 101
1889 5534 1935 5578 et

340 5614 468 5685 seq.)
500 5612 689 5668 Nonne
732 5629 861 5684 ergo
916 5614 1057 5669 hunc
1092 5622 1297 5669 tantum
1343 5613 1612 5669 Arnobius
1665 5632 1929 5671 summum

338 5703 533 5771 Deum,
562 5703 836 5760 Christum
861 5718 990 5759 vero
1021 5705 1281 5761 minorem
1304 5706 1469 5761 Deum
1494 5705 1711 5775 agnovit
1747 5716 1929 5763 etcre-

340 5796 472 5851 didit
501 5798 525 5850 ?

406 5890 510 5945 Sed
558 5888 698 5945 nihil
746 5891 905 5959 plane
950 5890 1019 5947 ab
1062 5889 1204 5946 illius
1247 5898 1428 5949 mente
1458 5889 1628 5959 magis
1654 5890 1922 5957 alienum,

2048 4776 2151 4831 diis
2192 4776 2305 4829 suis
2350 4777 2668 4847 respiciebat
2709 4779 3058 4847 opinionem;
3088 4797 3193 4851 qua
3236 4784 3394 4836 etiam
3438 4789 3677 4857 posita,

2047 4872 2146 4925 hos
2180 4870 2365 4937 falsos,
2397 4880 2451 4925 et
2483 4872 2627 4924 illum
2659 4871 2838 4926 solum
2866 4887 3052 4927 verum
3086 4875 3249 4929 Deum
3279 4889 3397 4930 esse
3428 4882 3685 4939 coniicit

2045 4980 2107 5019 ac
2124 4964 2491 5020 demonstrat?
2528 4965 2573 5018 Is
2597 4966 2795 5036 quippe
2827 4975 3031 5019 tantum
3057 4982 3215 5021 verus
3240 4968 3377 5023 Deus
3407 4986 3542 5027 esse
3570 4992 3681 5043 po.

2041 5070 2168 5123 test,
2184 5060 2273 5129 qui
2293 5060 2557 5129 ingenitus
2573 5071 2890 5123 ctarternus,
2906 5061 3106 5114 nullum
3126 5060 3280 5117 habet
3296 5064 3677 5135 principium.

2111 5152 2394 5222 Nihilergo
2415 5154 2528 5207 have
2544 5166 2727 5207 contra
2747 5154 2909 5208 divini
2940 5153 3099 5209 Verbi
3126 5163 3179 5209 et
3202 5153 3397 5210 Christi
3432 5159 3679 5223 Domini

2041 5244 2241 5299 faciunt
2271 5245 2642 5311 divinitatem,
2672 5262 2829 5316 quam
2854 5257 2998 5302 certe
3019 5246 3086 5301 ab
3108 5245 3345 5301 Aruobio
3374 5250 3491 5318 ipsa
3537 5255 3680 5315 luce

2040 5339 2236 5393 clarius
2264 5348 2318 5393 et
2343 5338 2644 5394 evidentius
2675 5349 2936 5395 assertam
2972 5339 3221 5394 vidimus.
3257 5340 3465 5397 Deinde
3488 5360 3676 5418 vero,

2040 5431 2166 5502 quid
2214 5433 2506 5488 Arnobium
2551 5432 2848 5504 prohibuit,
2879 5434 3166 5504 quominus
3195 5433 3435 5489 animum
3468 5439 3546 5494 ad
3588 5444 3685 5514 ip-

2038 5534 2275 5581 summet
2316 5525 2549 5581 Verbum
2594 5537 2646 5581 et
2692 5527 2883 5582 Filium
2932 5528 3024 5581 Dei
3056 5526 3409 5595 attendendo,
3447 5530 3687 5596 dixerit

2041 5629 2305 5673 teternum
2338 5620 2546 5673 Patrem
2576 5636 2695 5675 esse
2725 5622 2953 5689 primum
2981 5664 2994 5687 ,
3025 5634 3077 5676 et
3107 5623 3404 5692 principem
3439 5625 3641 5687 Deum
3662 5680 3679 5699 ,

2035 5712 2127 5782 qui
2153 5713 2366 5783 quidem
2397 5715 2519 5784 quia
2548 5714 2687 5769 hunc
2716 5714 2909 5771 Filium
2941 5717 3399 5772 suumaba‘tcrno
3427 5728 3680 5799 genuit,

2037 5806 2239 5863 idcirco
2280 5807 2513 5877 primus,
2550 5810 2819 5881 princeps,
2849 5818 2906 5866 et
2929 5809 3225 5867 divinitatis
3252 5809 3374 5867 fons
3403 5822 3463 5868 et
3489 5820 3680 5888 origo

2025 5907 2171 5957 recte
2195 5900 2528 5970 appellatur?
