3918 6340
241 359 338 416 ιθθ
1412 350 1480 407 1N
1517 347 1788 409 ARNOBII

1994 349 2101 406 AP.
2138 348 2274 409 VIII.
3435 345 3541 403 470

306 472 550 545 Urgebis;
573 472 833 531 Christus
863 473 932 527 ab
952 470 1195 529 Arnobia
1215 469 1430 533 dicitur,
1457 466 1555 523 Dei
1575 468 1824 539 principis
1852 474 1905 534 Α
1931 480 2270 537 nequaquam
2323 465 2604 531 olfecerit,
2658 467 2966 531 enarranti,
3016 465 3216 531 adhuc,
3268 464 3315 520 si
3364 464 3533 527 lubet,

236 567 451 638 iussione
474 567 715 637 loquens.
739 566 885 637 Ergo
904 566 957 620 ei
984 563 1277 634 subjectus,
1303 563 1499 632 illoque
1522 561 1699 615 minor
1716 569 1821 615 est.
1930 560 2319 615 auscultemus.
2348 560 2687 629 Objiciebant
2714 559 2927 615 Ethnici
2960 578 2973 613 :
3009 558 3156 615 More
3194 568 3268 613 est
3314 558 3537 613 hominis

240 658 335 718 Sed
372 660 415 715 si
446 658 701 715 advenas
726 658 926 714 ibidem
956 660 1025 713 ab
1052 654 1295 712 Arnobio
1319 654 1664 710 continenter
1689 652 1819 707 sub-
1928 655 2283 724 interemptus.
2311 653 2446 723 Quid
2478 654 2546 708 ad
2596 654 2712 707 hec
2757 652 3028 707 Arnobius
3077 651 3295 707 noster?
3340 669 3360 703 ι
3418 648 3534 705 Non

238 754 403 826 jungi,
431 755 522 809 sub
566 754 797 808 hominis
838 758 1041 824 forma,
1072 751 1203 806 nihil
1235 751 1335 805 hac
1362 748 1825 820 argumentatione
1928 746 2066 817 ipse,
2108 765 2125 797 ι
2161 747 2333 817 inquit
2357 745 2376 817 (
2399 744 2596 817 lbid.),
2632 764 2649 796 ι
2690 760 2863 815 neque
2900 743 3045 799 enim
3088 743 3283 798 cadere
3322 742 3535 797 divinas

239 847 394 903 levius
424 862 543 903 esse
569 861 853 919 agnosces.
884 847 1015 915 Quis
1052 846 1199 901 enim
1226 843 1488 900 diiﬁletur
1526 840 1819 905 Christum,
1927 842 1982 896 in
2015 856 2103 896 res
2135 851 2309 911 potest
2338 842 2527 896 mortis
2555 854 2812 904 occasus;
2856 853 2957 894 nec
3004 837 3329 892 iuteritionis
3357 837 3533 892 disso-

240 946 484 1009 quatenus
504 938 673 995 homo
692 949 795 1006 est,
817 940 929 994 Deo
951 939 1094 993 Patri
1122 951 1246 994 esse
1275 934 1570 1000 subditum,
1598 934 1823 1003 ejusque
1928 934 2133 989 latione
2164 933 2268 988 labi
2299 933 2369 998 id,
2402 933 2543 1003 quod
2576 944 2657 988 est
2686 947 2849 987 unum
2880 940 2935 987 et
2962 930 3195 1001 simplex
3215 969 3230 991 ,
3264 943 3363 984 nec
3391 927 3531 983 ulla-

244 1033 604 1102 obtemperare
629 1032 928 1087 voluntati?
1930 1045 2050 1084 rum
2080 1029 2309 1100 partium
2333 1028 2750 1099 congregatione
2767 1032 3128 1095 compactum.
3153 1022 3286 1092 Quis
3303 1031 3388 1078 est
3404 1037 3535 1092 ergo

1930 1122 2078 1177 visus
2109 1125 2161 1177 in
2197 1121 2434 1192 patibulo
2468 1120 2742 1191 pendere?
2772 1119 2903 1187 Quis
2933 1127 3178 1173 mortuus
3204 1117 3327 1177 est?
3360 1114 3535 1171 Homo

1927 1230 2093 1287 quem
2123 1215 2393 1280 induerat,
2419 1224 2468 1268 et
2492 1228 2675 1269 secum
2706 1214 2820 1283 ipse
2849 1213 3116 1282 portabat.
3139 1228 3159 1264 ι
3183 1207 3318 1264 Tum
3337 1206 3533 1263 deinde

238 1304 375 1366 ιὶιωιι
398 1303 681 1379 10001801.?"
705 1304 955 1379 Argqbius
990 1304 1219 1379 docuerit
1254 1300 1499 1379 Qhrismm
1522 1307 1621 1353 tam
1646 1314 1823 1353 verum
1926 1308 2161 1364 ostendit
2206 1308 2336 1363 illud
2382 1306 2543 1362 ﬁdem
2576 1306 2716 1377 apud
2745 1305 3007 1361 Ethnicos
3040 1304 3257 1365 mereri.
3287 1304 3376 1374 qui
3409 1318 3528 1357 cre-

592 1367 755 1418 Deum
778 1367 945 1430 fuisse’
988 1380 1137 1431 quam
1168 1367 1437 1417 hominem
1926 1398 2157 1462 debant,
2190 1399 2405 1453 vatibus
2443 1408 2497 1453 et
2548 1367 2770 1469 Sibyllis
2816 1398 3174 1452 morientibus
3195 1440 3210 1464 ,
3245 1367 3393 1451 illum
3423 1412 3532 1451 nou

296 1496 403 1552 Non
430 1498 633 1567 patitur
662 1496 929 1552 Arnobius
959 1495 1062 1551 sibi
1091 1495 1159 1549 ab
1182 1494 1430 1551 Etbuicis
1465 1493 1626 1563 objici
1665 1492 1823 1548 Cbri—
1926 1494 2089 1558 mori,
2122 1493 2277 1561 cujus
2316 1489 2502 1545 afﬂatu
2532 1490 2751 1545 oracula
2785 1490 2987 1545 fudisse
3025 1490 3369 1545 videbantur.
3398 1490 3530 1555 Qui-

235 1599 361 1645 stum
386 1591 489 1645 dici
514 1606 620 1646 non
648 1605 811 1662 posse
839 1590 1004 1646 Deum
1027 1589 1284 1661 (Arnob.,
1315 1587 1405 1642 lib.
1442 1603 1483 1649 ι.
1524 1604 1649 1659 pag.
1672 1586 1741 1641 21
1772 1597 1820 1641 et
1924 1586 2025 1641 bus
2066 1586 2368 1655 explicatis,
2403 1583 2622 1639 eosdem
2665 1583 2928 1639 Ethnicos
2973 1585 3122 1638 hisce
3165 1583 3345 1637 verbis
3389 1582 3533 1636 allo-

233 1699 354 1753 srqq.
376 1682 415 1752 ),
444 1692 631 1752 utpote
656 1682 751 1753 qui
778 1693 957 1747 natus,
986 1681 1165 1737 crucis
1192 1680 1458 1752 supplicio
1490 1682 1657 1733 vitam
1702 1679 1821 1733 ﬁni-
1924 1684 2107 1754 quitur
2136 1701 2151 1736 :
2190 1701 2209 1734 ‹
2246 1682 2391 1738 Mors
2424 1682 2538 1746 illa,
2570 1690 2732 1752 quam
2762 1681 2971 1747 dicitis,
3004 1680 3265 1752 assumpti
3298 1679 3534 1733 hominis

233 1778 318 1830 vit.
345 1776 471 1831 Nam
502 1768 866 1847 praeterquam
894 1781 1039 1846 quod
1072 1778 1173 1846 ipsi
1213 1775 1429 1831 Etlmici
1471 1784 1627 1829 natos
1649 1774 1821 1829 bomi-
1924 1778 2060 1843 fuit,
2087 1790 2193 1831 non
2246 1776 2415 1845 ipsius
2443 1792 2456 1832 :
2485 1776 2803 1846 gestaminis
2824 1816 2840 1837 ,
2881 1789 2986 1829 nou
3031 1774 3294 1865 gestantis
3326 1790 3339 1825 :
3370 1787 3529 1843 quam

234 1883 337 1929 nes.
364 1878 625 1936 mortuos,
654 1878 710 1924 et
731 1869 1010 1940 suppliciis
1037 1868 1264 1924 affectos
1285 1868 1418 1923 deos
1454 1882 1576 1922 esse
1614 1868 1817 1938 garrie-
1852 1871 1899 1931 B
1927 1885 2027 1926 nec
2048 1871 2215 1940 ipsam
2244 1868 2451 1939 perpeti
2484 1867 2891 1932 succubuisset,
2927 1863 3069 1921 tanta
3102 1866 3145 1920 si
3183 1878 3288 1919 non
3326 1863 3531 1934 agenda

233 1959 379 2026 bant,
411 1973 560 2017 certe
606 1960 787 2015 divina
837 1961 1036 2016 Christi
1080 1962 1346 2025 doctrina,
1379 1974 1431 2015 et
1464 1959 1719 2014 miracula
1746 1960 1816 2014 ab
1924 1977 2011 2018 res
2055 1972 2234 2027 esset,
2264 1971 2320 2017 et
2364 1960 2759 2031 inexplicabilis
2790 1960 2931 2015 ratio
2959 1959 3053 2014 lati
3096 1958 3296 2014 clausis
3325 1956 3531 2028 patefa-

232 2051 333 2117 illo,
363 2054 434 2107 uti
463 2052 723 2120 diximus,
753 2055 988 2119 vivente,
1020 2052 1307 2117 moriente,
1332 2062 1387 2106 et
1410 2059 1625 2106 mortuo
1646 2051 1810 2117 edita,
1919 2057 2111 2111 cienda
2140 2056 2434 2128 mysteriis.
2478 2072 2496 2106 ι
2541 2056 2559 2127 (
2583 2053 2745 2119 Ibid.,
2775 2072 2896 2127 pag.
2930 2052 3052 2127 58.)
3082 2054 3423 2127 Quisautem
3452 2055 3537 2110 vel

232 2142 658 2200 manifestissime
681 2145 1288 2200 demonstraruntillum
1311 2156 1417 2197 tam
1437 2158 1622 2198 verum
1642 2142 1813 2197 Deum
1919 2148 2285 2218 primoribus,
2320 2157 2377 2202 ut
2414 2149 2597 2212 aiunt,
2632 2147 2799 2203 labris
2848 2147 3258 2218 theologorum,
3290 2156 3347 2202 et
3391 2148 3533 2202 auti-

231 2237 379 2295 l'uisse
421 2255 581 2311 quam
617 2239 893 2296 hominem
916 2282 930 2305 ,
963 2248 1017 2294 et
1058 2238 1334 2309 utriusque
1378 2238 1573 2292 divina:
1616 2246 1672 2291 et
1715 2240 1813 2290 hu-
1920 2254 2148 2309 quorum
2177 2237 2438 2294 Ecclesiae
2468 2248 2681 2309 patrum
2710 2238 2911 2308 scripta
2939 2240 3195 2308 gustavit,
3227 2248 3284 2294 et
3326 2239 3531 2294 nesciat

228 2346 382 2387 mana:
413 2344 619 2388 naturae
647 2333 987 2404 participem.
1012 2332 1150 2400 Quid
1169 2343 1349 2387 autem
1384 2333 1601 2393 mirum,
1630 2331 1675 2385 si
1700 2330 1811 2396 ille,
1921 2349 2016 2388 eos
2043 2334 2205 2388 simili
2251 2333 2413 2405 plane
2452 2338 2613 2389 modo
2652 2336 2922 2390 luercticis
2952 2334 3142 2389 eadem
3173 2344 3358 2404 postea
3388 2336 3531 2405 obji-

230 2437 428 2497 accepta
460 2428 693 2481 humana
726 2440 936 2494 natura,
971 2428 1085 2482 sive
1115 2426 1351 2481 humano
1388 2439 1637 2495 corpore,
1669 2424 1813 2494 quod
1923 2426 2191 2481 cientibus
2222 2425 2604 2495 respondisse?
2630 2427 2843 2481 inﬁnita
2882 2427 3099 2497 quidem
3146 2436 3370 2497 possent
3406 2426 3529 2482 illo-

230 2518 426 2589 exigua,
454 2530 513 2575 ut
540 2520 616 2575 ait
655 2522 924 2575 Arnobius
953 2519 1150 2591 (lbid.,
1178 2520 1269 2573 lib.
1303 2536 1339 2583 ι,
1372 2535 1494 2591 pag.
1526 2518 1654 2588 5‘3),
1691 2532 1813 2585 pars
1920 2533 2039 2571 rum
2069 2518 2299 2587 proferri
2333 2517 2661 2580 testimonia.
2694 2517 2801 2573 Sed
2832 2520 2953 2590 quia
2986 2519 3177 2589 plura,
3205 2534 3235 2573 a
3272 2518 3529 2574 Theodo-

230 2610 335 2680 ejus
376 2624 521 2677 erat,
558 2624 874 2683 assumpto,
905 2612 1194 2667 humanam
1225 2612 1426 2675 vitam,
1457 2612 1596 2665 sicut
1631 2609 1814 2664 eteteri
1917 2619 2057 2676 reto,
2082 2619 2137 2664 ct
2160 2609 2378 2666 Gelasio
2401 2610 2975 2683 citata(Theodor.,ad
3000 2613 3129 2666 calc.
3155 2612 3247 2667 lib.
3276 2626 3334 2667 ut
3377 2609 3517 2665 Dial.

229 2700 481 2769 homines,
512 2707 683 2776 egerit
723 2714 780 2760 et
822 2705 1230 2761 antiserit?Sed
1260 2713 1475 2773 praestat
1524 2704 1814 2772 ipsummet
1918 2700 2237 2771 lmpassib.;
2270 2700 2469 2769 (ἐρισι,
2515 2701 2658 2757 Dial.
2704 2702 2767 2758 de
2804 2704 2959 2757 duab.
2996 2714 3170 2759 natur.
3197 2705 3236 2774 ),
3270 2713 3432 2775 atque
3462 2705 3531 2759 ab

228 2794 507 2851 Arnobium
577 2798 796 2864 audire,
861 2808 917 2853 ut
966 2798 1234 2867 intelligas
1304 2810 1462 2864 quam
1531 2804 1678 2849 recte
1748 2808 1814 2848 ac
1917 2795 2039 2849 aliis
2092 2796 2463 2866 compluribus
2511 2797 2744 2865 tradita,
2796 2799 2995 2853 nemini
3040 2799 3223 2869 ignota
3266 2807 3421 2863 sunt;
3464 2799 3533 2854 iis

229 2892 493 2956 perspicue
525 2889 815 2945 humanam
844 2890 1189 2960 divinumque
1215 2888 1414 2944 Christi
1442 2897 1684 2942 naturam
1706 2926 1722 2950 ,
1754 2894 1811 2943 et
1916 2890 2324 2960 praetermissis,
2344 2891 2463 2947 haec
2488 2904 2691 2948 tantum
2722 2892 3021 2949 referemus
3046 2893 3322 2949 Ambrosii
3344 2894 3529 2959 verba,

228 2981 607 3036 sanctissimum
640 2982 806 3049 illius,
836 2997 894 3036 ut
912 2983 1023 3052 jam
1056 2982 1200 3052 loqui
1240 2980 1417 3036 solent
1441 2980 1698 3050 theologi,
1726 2980 1816 3033 in-‘
1915 2999 2037 3054 quae
2066 2985 2121 3038 in
2149 2984 2350 3041 Leonis
2375 2989 2560 3058 magni
2590 2989 2818 3059 epistola
2838 3032 2853 3057 ,
2884 3000 2938 3044 et
2967 2990 3183 3045 concilii
3224 2988 3527 3046 Chalcedo-

227 3078 535 3133 caruationis
562 3078 879 3148 mysterium
909 3078 1161 3147 explicet.
1917 3078 2102 3132 nensis
2131 3081 2263 3133 actis
2292 3082 2516 3135 recitata
2545 3092 2599 3135 et
2622 3083 2942 3154 transcripta
2974 3084 3242 3140 habentur
3269 3102 3284 3141 :
3320 3104 3338 3137 ς
3374 3084 3528 3152 Quod

288 3168 608 3240 Rogantibus
635 3172 915 3225 enimvero
941 3169 1182 3225 Ethnicis
1211 3188 1224 3223 :
1257 3168 1311 3225 Si
1354 3169 1495 3225 Deus
1517 3170 1614 3224 luit
1652 3168 1811 3224 Cbri-
1916 3166 2115 3223 lectum
2147 3182 2253 3237 est,
2295 3190 2313 3223 ι
2349 3172 2423 3226 ait
2455 3174 2686 3228 eximius
2718 3175 2809 3231 ille
2834 3178 2917 3231 vir
2946 3175 3229 3248 (Λυδὸν-ος..
3258 3180 3348 3234 lib.
3376 3194 3434 3245 ιι,
3464 3182 3529 3236 de

224 3272 346 3331 Slus,
374 3279 466 3319 cur
486 3265 586 3320 sub
616 3264 852 3320 hominis
880 3264 1047 3319 forma
1079 3264 1225 3319 visus
1263 3274 1366 3329 est,
1396 3273 1452 3319 et
1492 3278 1642 3317 more
1668 3263 1807 3318 into—
1833 3260 1879 3321 C
1914 3260 2068 3328 Fide,
2098 3279 2215 3333 cap.
2247 3266 2301 3329 5,
2335 3265 2362 3336 ᾗ
2394 3266 2485 3333 58,
2521 3284 2644 3340 pag.
2673 3269 2802 3341 481)
2828 3313 2844 3337 ,
2884 3289 2902 3323 ι
2941 3271 3229 3327 Dominum
3269 3274 3525 3345 majesta-

221 3370 446 3427 remptus
470 3358 723 3425 humano,
743 3357 821 3412 sic
844 3359 933 3414 ille
956 3356 1251 3427 respondet
1276 3373 1289 3409 :
1320 3374 1339 3406 ι
1360 3357 1611 3411 Analiter
1634 3356 1805 3426 potuit
1911 3355 1982 3408 tis
2012 3357 2333 3414 cruciﬁxum
2368 3375 2521 3426 esse,
2557 3377 2662 3416 non
2693 3366 2844 3432 quasi
2877 3366 2929 3419 in
2960 3366 3242 3436 majestate
3272 3384 3368 3422 sua
3397 3384 3526 3423 cru-

225 3452 489 3515 invisibtiis
512 3452 602 3507 illa
627 3454 731 3518 vis,
761 3461 814 3507 et
838 3452 1040 3507 habens
1070 3451 1273 3507 nullam
1303 3449 1657 3505 substantiam
1683 3465 1802 3504 cor-
1909 3449 2129 3504 ciﬁxum
2163 3461 2415 3521 putemus
2446 3473 2459 3508 :
2491 3455 2589 3511 sed
2620 3458 2744 3527 quia
2778 3456 2923 3513 idem
2956 3460 3095 3515 Deus
3115 3503 3129 3527 ,
3156 3460 3299 3517 idem
3334 3462 3521 3531 homo,

220 3548 443 3614 poralem
462 3590 476 3615 ,
506 3546 705 3602 inferre
734 3557 788 3601 et
814 3548 1173 3606 commodare.
1202 3560 1262 3600 se
1294 3544 1495 3599 mundo
1514 3586 1528 3608 ,
1560 3544 1803 3599 conciliis
1907 3558 2007 3613 per
2028 3543 2367 3601 divinitatem
2393 3548 2557 3615 Deus,
2583 3564 2680 3618 per
2703 3554 3106 3621 susceptionem
3132 3556 3519 3623 caruisltomo,

222 3638 464 3696 interesse
494 3640 837 3705 mortalium,
868 3655 1026 3709 quam
1055 3649 1113 3694 ut
1141 3638 1357 3709 aliquod
1387 3650 1596 3707 tegmen
1627 3646 1801 3692 mate-
1904 3634 2064 3690 Jesns
2083 3632 2332 3692 Christus
2360 3640 2620 3695 Dominus
2648 3643 2948 3713 majestatis
2965 3646 3164 3702 dicitur
3188 3649 3516 3717 cruciﬁxus;

221 3732 307 3787 ria:
334 3733 595 3789 solidioris
633 3745 965 3797 assumeret,
1000 3733 1143 3804 quod
1174 3733 1457 3789 oculorum
1504 3734 1804 3802 susciperet
1903 3733 2030 3797 quia
2059 3745 2287 3785 consors
2319 3732 2600 3804 utriusque
2628 3745 2857 3803 naturae,
2882 3738 3052 3805 idest,
3075 3738 3324 3796 humanae
3355 3754 3517 3813 atque

220 3825 481 3895 injectum,
512 3839 565 3882 et
595 3826 685 3880 ubi
712 3841 769 3882 se
797 3826 961 3896 ﬁgere
992 3826 1322 3881 inertissima
1350 3833 1532 3894 posset
1556 3832 1798 3879 contem-
1902 3820 2123 3889 divinae,
2158 3824 2209 3875 in
2250 3833 2441 3878 natura
2483 3825 2720 3881 hominis
2764 3829 2930 3884 subiit
2968 3833 3309 3902 passionem;
3345 3845 3401 3891 ut
3427 3837 3514 3891 in-

219 3918 451 3988 plationis
480 3920 735 3976 obtutus?
766 3920 895 3987 Quis
924 3928 1008 3973 est
1036 3919 1180 3975 enim
1208 3916 1539 3980 mortalium,
1566 3917 1656 3986 qui
1680 3920 1799 3988 qui-
1902 3912 2140 3969 discrete
2165 3922 2222 3971 et
2250 3914 2503 3972 dominus
2532 3918 2833 3991 majestatis
2859 3921 3072 3978 dicatur
3101 3938 3245 3995 esse,
3274 3928 3365 3997 qui
3394 3943 3519 3998 pas—

220 4023 295 4068 ret
316 4030 429 4070 eum
467 4016 683 4079 videre,
709 4015 828 4085 quis
865 4029 1123 4080 cernere,
1153 4014 1197 4067 si
1227 4014 1389 4067 talem
1420 4011 1679 4066 voluisset
1715 4012 1795 4066 in-
1899 4023 1991 4062 sus
2018 4019 2123 4075 est,
2153 4020 2208 4063 et
2235 4011 2376 4065 illius
2404 4011 2656 4076 hominis,
2691 4017 2831 4070 sicut
2858 4018 3121 4088 scriptum
3150 4029 3265 4084 est,
3300 4025 3389 4092 qui
3416 4024 3513 4080 de-

221 4106 345 4165 ferre
371 4124 425 4164 se
463 4112 651 4177 terris,
682 4108 858 4178 qualis
904 4109 954 4162 ei
997 4108 1317 4177 primigenia
1365 4115 1554 4160 natura
1596 4116 1714 4173 est,
1741 4117 1796 4161 et
1898 4102 2111 4156 scendit
2150 4103 2217 4157 de
2259 4104 2420 4160 coelo.
2465 4124 2483 4157 ι
2521 4105 2729 4163 Videsis
2776 4124 2897 4179 qua:
2948 4111 3003 4165 in
3052 4108 3194 4167 lnmc
3240 4116 3515 4172 Ambrosii

223 4202 409 4269 qualem
434 4217 494 4258 se
522 4202 721 4272 ipsein
749 4215 843 4256 sua
886 4205 1007 4255 esSc
1052 4200 1221 4254 voluit
1260 4198 1344 4254 vel
1387 4199 1677 4270 qualitate,
1708 4200 1793 4254 vel
1900 4196 2076 4251 locum
2105 4200 2525 4267 aunotavimus,
2554 4210 2607 4256 et
2633 4202 2706 4257 ibi
2738 4204 2899 4259 citata
2941 4220 2971 4259 a
3015 4207 3171 4263 nobis
3219 4209 3511 4265 chalcedo-

222 4295 432 4351 nttmine.
484 4294 794 4365 Assumpsit
844 4294 1006 4363 igitur
1049 4294 1281 4347 hominis
1320 4294 1578 4355 formam,
1610 4301 1666 4347 et
1692 4294 1792 4349 sub
1898 4290 2086 4344 nensis
2115 4290 2331 4345 concilii
2363 4302 2579 4359 acta,et
2604 4293 3143 4368 Augustiniprimum
3160 4302 3227 4356 de
3245 4301 3513 4359 Trinitate

222 4390 365 4443 nostri
403 4390 617 4460 generis
659 4388 1011 4442 similitudine
1054 4387 1351 4456 potentiam
1378 4400 1528 4440 suam
1556 4384 1789 4451 clausit;
1895 4383 2117 4439 librum.

226 4489 335 4536 utet
358 4482 520 4538 videri
552 4490 757 4553 posset,
788 4489 845 4537 et
866 4481 1126 4550 conspici,
1160 4478 1323 4534 verba
1351 4481 1573 4546 laceret,
1604 4489 1659 4535 et
1694 4481 1793 4537 do-
1970 4476 2142 4532 Porro
2168 4488 2349 4536 autem
2396 4480 2668 4539 Arnobius
2714 4492 2902 4541 noster
2946 4484 3103 4542 docet
3143 4486 3384 4559 Christo,
3418 4491 3512 4562 qui

222 4585 344 4630 ceret
367 4617 380 4640 ,
411 4586 569 4646 atque
608 4592 801 4631 omnes
842 4587 1234 4646 exsequeretur
1272 4588 1364 4629 res
1411 4588 1535 4639 eas,
1574 4587 1793 4647 propter
1899 4580 1978 4625 tot
2009 4573 2270 4627 miracula
2305 4574 2576 4641 ediderat,
2614 4577 2877 4633 violentas
2904 4595 3129 4647 manus,
3165 4582 3211 4637 si
3247 4583 3385 4637 mori
3414 4599 3512 4639 nuc

226 4682 335 4737 quas
374 4670 425 4724 in
470 4671 729 4724 mundum
780 4677 1021 4727 venerat.
1066 4668 1357 4734 faciendas,
1404 4670 1602 4725 summi
1648 4673 1789 4741 regis
1816 4658 1873 4719 D
1898 4664 2157 4727 luisset,a
2191 4668 2411 4722 nemine
2442 4684 2695 4740 umquam
2726 4672 2968 4742 potuisse
2995 4674 3221 4743 inferri,
3253 4679 3348 4733 sed
3376 4693 3502 4734 eum

226 4759 422 4831 itnperio
456 4774 509 4817 et
551 4761 905 4831 dispositione
952 4763 1202 4817 servatis.
1237 4782 1257 4813 ι
1284 4760 1487 4833 (Ιιιξάη
1525 4781 1644 4834 pag.
1668 4762 1794 4836 37.)
1896 4776 1991 4816 sua
2024 4770 2219 4830 Sponte
2250 4771 2306 4817 et
2335 4763 2616 4819 voluntate
2643 4777 2943 4822 mortuum.
2980 4788 2997 4820 ι
3038 4768 3219 4834 Vides,
3258 4792 3277 4823 ι
3314 4774 3506 4841 inquit,

221 4853 435 4915 Potuitne
476 4873 727 4928 suprema
777 4858 977 4913 Christi
1027 4858 1313 4923 divinitas,
1366 4860 1617 4929 illiusque
1667 4876 1788 4915 cum
1902 4876 1920 4908 ι
1958 4857 2002 4911 Si
2033 4858 2205 4911 nollet
2237 4858 2421 4912 inferri
2448 4858 2548 4913 sibi
2572 4874 2601 4913 a
2638 4876 2909 4931 quoquam
2942 4878 3155 4929 manus,
3188 4881 3399 4920 summa
3426 4865 3508 4922 illi

219 4944 418 5006 humana
451 4959 639 5006 natura
688 4951 999 5019 conjunctio
1041 4952 1360 5007 clarioribus
1400 4952 1577 5007 verbis
1616 4966 1789 5007 enun-
1892 4948 2089 5005 fuisset
2118 4954 2465 5006 contentione
2496 4953 2809 5019 nitendum,
2845 4966 2901 5009 ut
2929 4956 3116 5012 hostes
3157 4959 3225 5014 ab
3271 4974 3331 5014 se
3378 4974 3506 5016 suos

220 5040 352 5096 tiari?
378 5046 505 5111 Quis
531 5058 786 5112 umquam
822 5054 937 5111 post
970 5043 1272 5109 Nietennm,
1304 5054 1355 5099 et
1382 5046 1484 5099 alia
1515 5046 1783 5115 generalia
1894 5043 1975 5098 vel
2008 5052 2276 5115 potestate
2307 5045 2519 5099 inversa
2550 5046 2905 5115 prohiberet?
2934 5048 3036 5117 Qui
3062 5054 3227 5106 cteeis
3252 5054 3503 5109 restitue—

218 5137 431 5198 coucilia,
458 5145 741 5206 utramque
766 5138 908 5192 illius
937 5147 1186 5194 naturam
1214 5138 1515 5194 dilucidiori
1544 5142 1787 5197 oratione
1890 5148 1975 5193 rat
2006 5139 2207 5192 lmnina
2228 5179 2243 5203 ,
2280 5138 2324 5191 is
2351 5138 2569 5193 efﬁcere
2620 5140 2663 5193 si
2704 5139 2964 5205 deberet,
3000 5156 3108 5197 non
3140 5153 3352 5213 poterat
3394 5161 3502 5201 cu:-

216 5233 469 5300 cxposuit?
498 5238 566 5288 At
612 5249 745 5288 vero
790 5234 862 5287 ibi
914 5234 1004 5289 ille
1052 5251 1160 5290 non
1214 5250 1367 5289 suam
1418 5243 1643 5301 tantum,
1688 5236 1785 5292 sed
1890 5232 2145 5287 cos
2183 5247 2375 5287 tnanus
2407 5233 2461 5287 in
2491 5248 2551 5288 se
2582 5235 2785 5306 porrigi
2826 5236 2895 5290 ab
2941 5238 3267 5294 immanibus
3309 5256 3503 5308 passus

215 5338 521 5383 communem
555 5328 798 5383 omnium
829 5340 940 5383 suae
974 5330 1147 5384 aetatis
1176 5329 1593 5386 Christianorum
1636 5342 1782 5401 pate-
1889 5338 1992 5385 est.
2042 5348 2061 5380 ι
2090 5326 2337 5395 (Arnob.,
2376 5328 2466 5383 lib.
2504 5345 2539 5395 ι,
2577 5347 2698 5403 pag.
2729 5331 2848 5401 38.)
2878 5332 3120 5387 Mortuus
3166 5341 3247 5389 est
3292 5334 3494 5403 itaque,

214 5414 317 5472 iacit
351 5422 687 5476 sententiam.
718 5420 851 5488 Quis
891 5436 1020 5491 ergo
1066 5437 1297 5494 negare,
1329 5432 1419 5476 aut
1460 5424 1510 5477 in
1560 5424 1779 5480 dubium
1889 5424 2031 5493 quia,
2065 5431 2122 5476 ut
2171 5422 2348 5479 adhuc
2399 5422 2637 5494 loquitur
2672 5434 2863 5480 auctor
2896 5435 3119 5481 noster:
3155 5443 3174 5476 ι
3224 5423 3498 5482 Virtutum

211 5508 313 5579 jure
352 5514 525 5586 aliquo
574 5526 773 5570 vocare
816 5516 1011 5570 audeat
1050 5526 1226 5571 utrum
1258 5517 1353 5585 illi,
1385 5526 1509 5573 ante
1537 5518 1781 5585 ejusdem
1888 5519 2125 5573 omnium
2150 5518 2423 5584 dominus,
2449 5531 2612 5589 atque
2634 5519 2803 5589 ipsius
2829 5521 3020 5576 mortis
3046 5520 3363 5585 exstinctor,
3394 5518 3497 5574 bo.

214 5604 405 5661 concilii
447 5605 648 5662 Nicmni
680 5615 957 5676 tempora,
993 5608 1043 5664 id
1074 5610 1433 5673 crediderint,
1467 5611 1691 5681 quodin
1718 5626 1785 5665 eo
1888 5612 2088 5665 minem
2140 5626 2294 5664 suum
2343 5610 2587 5680 permisit
2631 5611 2826 5667 occidi.
2883 5630 2903 5664 ι
2952 5611 3149 5681 (lbid.,
3195 5625 3316 5679 pag.
3358 5604 3498 5682 41.)

215 5700 417 5753 concilio
460 5713 515 5757 et
559 5702 676 5757 aliis
726 5711 909 5773 postca
956 5690 1025 5759 de
1068 5704 1269 5759 Christi
1300 5705 1582 5761 divinitate
1608 5714 1663 5761 et
1699 5721 1787 5761 as-
1890 5701 2094 5767 Quibus
2126 5700 2216 5757 ille
2243 5701 2426 5757 verbis
2454 5697 2719 5769 signiﬁcat
2745 5698 3021 5757 Christum
3066 5700 3361 5755 secundum
3393 5699 3495 5755 hu-

219 5805 405 5863 sumpta
436 5794 501 5850 ab
529 5797 645 5865 ipso
674 5796 905 5854 humana
946 5808 1133 5854 natura
1162 5807 1420 5854 statutum
1451 5799 1567 5855 est?
1890 5808 2105 5849 manant
2152 5802 2361 5851 tantum
2410 5801 2657 5849 naturam
2684 5837 2699 5862 ,
2732 5797 2946 5867 quando
2988 5794 3185 5858 voluit,
3214 5792 3458 5849 occisum
3484 5814 3499 5863 ;

280 5887 381 5958 Age
402 5905 548 5960 vero,
575 5892 734 5965 eique
763 5908 872 5964 quo
916 5902 1072 5964 pacto
1116 5890 1315 5949 Christi
1347 5892 1611 5950 divinitati
1642 5906 1789 5949 mors
1893 5890 1965 5944 ita
1999 5896 2179 5944 tamen
2211 5893 2270 5944 ut
2299 5884 2583 5944 moriendo
2619 5886 2855 5947 divinant
2888 5905 3039 5948 suam
3069 5894 3315 5945 naturam
3346 5892 3511 5947 novis

822 1180 1116 1222 ARTICULOS
1144 1182 1199 1221 11.
