3918 6346
370 363 468 420 471

1622 355 2078 416 DISSERTATIO
2129 341 2432 415 ruma
3566 363 3685 419 472

367 497 430 535 ac
460 484 673 553 penitus
710 483 991 553 stupeu’dis
1027 480 1304 536 miraculis
1340 477 1660 535 ostenderit.
1698 497 1718 530 ι
1758 478 1966 533 Exutus
1995 484 2045 540 Α
2073 476 2183 533 Deo
2206 476 2369 534 Patre
2397 487 2518 549 post
2543 486 2623 534 tot
2649 479 2927 536 hominum
2954 490 3143 537 aetates
3164 489 3220 538 et
3241 482 3443 565 saeuis
3468 482 3537 538 ad
3568 498 3678 540 nos

366 591 617 647 corpore,
658 597 675 629 ι
712 578 884 647 inquit
916 575 1124 647 (lbid.,
1153 592 1273 646 pag.
1300 574 1417 647 52),
1472 592 1491 624 ι
1530 572 1672 644 quod
1700 574 1752 627 in
1779 572 1967 642 exigua

365 669 449 722 sui
496 669 911 725 circumferebat
940 679 1124 738 parte,
1160 675 1444 737 postquam
1475 664 1650 719 videri
1682 680 1743 720 se
1775 678 1971 735 passus

366 769 473 829 est,
502 762 657 832 cujus
686 772 832 818 esset
880 759 1260 832 magnitudinis
1303 757 1466 824 sciri,
1501 759 1738 812 novitate
1787 771 1967 811 rerum

368 855 630 909 exterrita
674 855 931 909 universa
980 853 1166 909 mundi
1217 861 1343 906 sunt
1390 852 1657 905 elementa
1706 849 1965 903 turbata:

368 948 528 1004 tellus
572 961 717 1004 mOta
769 948 1118 1014 contremuit,
1150 962 1302 1001 mare
1328 944 1567 1000 funditus
1596 944 1833 999 refusum
1863 952 1966 1007 est,

366 1056 462 1096 aer
500 1041 677 1112 globis
724 1040 998 1094 involutus
1036 1048 1121 1093 est
1162 1039 1538 1100 tenebrarum,
1584 1037 1774 1106 igneus
1823 1034 1971 1089 orbis

367 1136 500 1189 solis
530 1133 796 1203 tepefacto
821 1133 1018 1188 ardore
1064 1126 1305 1203 diriguit.
1342 1152 1361 1184 ι
1395 1131 1564 1201 Talpa
1593 1146 1725 1185 sane
1749 1128 1967 1190 czecior,

369 1235 464 1279 aut
495 1224 805 1279 inﬂexibilis
836 1223 1216 1279 obstinationis
1246 1223 1411 1277 homo
1444 1223 1488 1277 is
1518 1224 1587 1275 sit
1614 1228 1850 1291 oportet,
1878 1220 1969 1289 qui

369 1332 477 1370 non
506 1317 705 1380 videat,
729 1325 783 1370 et
808 1316 1042 1371 fateatur
1063 1325 1347 1383 utramque
1372 1314 1443 1369 ab
1470 1313 1709 1368 Arnobio
1732 1312 1981 1366 divinam

368 1412 771 1483 humanamque
797 1412 1000 1467 Christi
1026 1420 1272 1465 naturam
1297 1420 1447 1465 recte
1469 1408 1745 1477 distingui.
1772 1416 1828 1461 et
1852 1407 1971 1460 uni-

366 1506 563 1575 cuique
588 1506 731 1575 quod
763 1521 919 1560 suum
944 1514 1049 1567 est.
1082 1505 1221 1560 bene
1270 1506 1483 1575 penitus
1520 1501 1739 1557 attribui
1778 1510 1835 1556 et
1874 1515 1970 1556 ex-

368 1603 584 1673 plicari.

437 1700 525 1763 At,
556 1697 787 1766 inquies,
816 1698 945 1767 quid
972 1697 1073 1751 sibi
1104 1696 1193 1752 ille
1214 1695 1350 1755 vult.
1376 1709 1498 1750 cum
1521 1692 1654 1748 dicit
1675 1694 1728 1746 in
1751 1690 1971 1747 Christo

370 1788 538 1842 fuisse
564 1788 875 1842 simulatum
908 1788 1180 1842 hominem
1206 1788 1229 1840 ἵ
1256 1786 1347 1841 Ait
1373 1786 1604 1855 quippe:
1632 1801 1652 1835 ι
1682 1783 1799 1838 Rex
1824 1797 1972 1837 sum-

2072 573 2271 627 missus
2300 572 2481 638 fuerit,
2512 583 2606 628 aut
2630 575 2759 645 quid
2786 576 2981 647 priora.
3010 584 3137 631 ante
3165 575 3312 631 illius
3334 586 3536 643 ortum,
3567 593 3677 632 sa:-

2069 665 2188 718 cuta
2223 666 2517 729 meruerint,
2546 676 2642 720 aut
2662 667 2789 736 quid
2829 666 2898 722 de
2925 669 3251 737 priscorum,
3277 667 3681 725 vetustissimo-

2069 770 2295 826 rumque
2338 756 2643 811 mortalium
2688 758 2974 813 animabus
3015 766 3197 813 actum
3226 757 3298 813 sit
3320 756 3513 831 (ιδιά,
3544 775 3673 831 pag.

2072 847 2193 919 87).
2237 852 2307 903 At
2335 849 2475 904 idem
2507 865 2732 921 prorsus
2761 862 3138 923 argumentum
3158 893 3174 917 ,
3202 862 3393 908 contra
3422 853 3679 909 christia-

2072 956 2171 995 nos
2199 957 2228 996 a
2257 942 2585 1016 Porphyrio,
2607 944 2837 1017 aliisque
2858 944 3103 1001 Ethnicis
3128 956 3316 1016 postea
3336 945 3672 1012 refrieatum,

2072 1032 2375 1104 Episcopus
2418 1032 2725 1107 Deogratias
2762 1038 3199 1108 cognominatus,
3236 1040 3536 1110 Augustino
3561 1039 3678 1096 sol-

2069 1126 2306 1180 vendum
2324 1127 2403 1181 sic
2435 1120 2744 1198 proposuit:
2776 1149 2794 1181 t
2824 1130 2964 1198 Quid
2991 1142 3219 1203 egerunt
3245 1141 3321 1187 tot
3350 1133 3674 1189 saeculorum

2073 1216 2322 1273 homines
2347 1228 2474 1276 ante
2492 1218 2889 1278 Christum.....
2917 1224 3054 1292 Quid
3084 1233 3264 1279 aetum
3286 1224 3355 1279 de
3381 1233 3490 1280 tam
3518 1226 3677 1281 innu-

2072 1315 2243 1367 meris
2268 1314 2486 1378 animis,
2511 1315 2601 1384 qui
2626 1316 2847 1372 omnino
2875 1316 2930 1371 in
2958 1318 3117 1388 culpa
3146 1318 3293 1373 nulla
3315 1326 3480 1376 sunt:
3508 1318 3678 1389 siqui-

2073 1404 2197 1460 dem
2228 1406 2302 1472 is,
2335 1406 2422 1460 cui
2449 1406 2599 1461 credi
2646 1420 2862 1477 posset,
2895 1409 3133 1464 nondum
3180 1408 3469 1465 adventum
3515 1425 3674 1465 suum

2074 1498 2385 1554 hominibus
2406 1499 2817 1555 commodarat?
2841 1522 2859 1555 ι
2897 1504 3199 1574 (Augustin.
3230 1504 3381 1574 epist.
3402 1502 3531 1569 102,
3550 1520 3672 1576 pag.

2072 1591 2229 1664 276.)
2258 1592 2425 1648 Vides
2454 1594 2813 1664 proculdubio
2842 1596 2941 1651 hos
2967 1596 3165 1653 eodem
3198 1598 3355 1666 plane
3384 1597 3550 1653 modo
3574 1611 3679 1668 pu-

2074 1701 2240 1757 gnare
2281 1688 2543 1743 adversus
2586 1688 2875 1745 dominica:
2922 1691 3307 1748 incarnationis
3334 1692 3676 1764 mysterium,

2075 1782 2349 1851 totiusque
2377 1781 2687 1838 christiana:
2710 1785 2986 1855 religionis
3008 1786 3309 1842 veritatem.

368 1895 489 1934 mus
528 1894 623 1944 ea,
655 1894 777 1950 quas
822 1880 876 1933 in
926 1878 1129 1947 mundo
1178 1876 1417 1932 facienda
1468 1877 1820 1941 decreverat,
1852 1875 1971 1930 sine
2004 1871 2051 1929 B
2149 1876 2256 1931 Sed
2286 1876 2411 1931 audi
2440 1876 2600 1945 etiam
2628 1879 2904 1948 quomodo
2929 1879 3232 1943 Arnobius,
3270 1896 3333 1935 ac
3354 1890 3544 1952 postea
3567 1882 3676 1938 Διιο

370 1973 592 2028 homine
620 1973 870 2028 simulato
914 1988 1022 2027 non
1066 1971 1254 2042 quibat
1289 1970 1524 2026 efficere.
1569 1990 1587 2021 ι
1630 1969 1815 2040 (lbid.,
1844 1984 1965 2039 pag.

368 2066 499 2137 37.)
553 2065 823 2135 Numquid
875 2064 1080 2135 putavit
1125 2079 1306 2118 veram
1352 2078 1459 2118 non
1510 2076 1630 2117 esse
1680 2061 1967 2115 humanam

369 2161 573 2217 Christi
624 2172 867 2216 naturam
891 2204 905 2225 ,
946 2160 1042 2215 sed
1091 2160 1269 2218 fictam
1322 2169 1376 2213 et
1416 2156 1755 2211 simulatam?
1782 2153 1971 2226 Nonne

372 2265 484 2309 tota
521 2255 603 2308 via
630 2270 751 2308 cum
790 2255 875 2308 his
910 2252 1183 2308 aberravit
1225 2252 1529 2317 haereticis,
1576 2251 1666 2320 qui
1698 2248 1969 2305 Christum

374 2363 480 2402 non
507 2362 691 2402 verum
716 2346 1013 2408 hominem.
1046 2346 1139 2401 sed
1170 2345 1423 2410 hominis,
1455 2353 1513 2398 ut
1535 2343 1771 2406 aiebant,
1802 2344 1973 2411 phan—

368 2451 541 2495 tasma
561 2482 577 2507 ,
606 2449 665 2495 et
700 2440 976 2495 hominem
1006 2438 1401 2507 phantasticum
1430 2436 1596 2492 fuisse
1623 2436 1786 2490 stulte
1822 2450 1969 2490 asse-

368 2535 632 2588 rueruut‘f
660 2533 881 2587 Minime
908 2532 1165 2602 gentium.
1205 2530 1336 2584 Nam
1367 2545 1436 2584 ex
1468 2530 1566 2595 iis,
1597 2544 1719 2598 qua:
1745 2529 1813 2583 ab
1852 2529 1972 2597 ipso

370 2625 441 2680 de
469 2622 671 2680 Christi
700 2626 815 2680 vita
844 2634 899 2679 et
930 2635 1105 2679 morte
1136 2624 1331 2679 tradita
1360 2623 1805 2687 memoravimus,
1854 2622 1973 2676 luce

373 2716 671 2771 meridiana
698 2716 899 2772 clarius
925 2716 1185 2786 probatur
1213 2731 1336 2770 eum
1376 2722 1529 2769 certo
1566 2716 1770 2770 certius
1800 2713 1973 2770 credi-

374 2809 523 2865 disse
568 2825 753 2865 veram
795 2825 824 2863 a
865 2809 1080 2865 Christo
1124 2818 1455 2877 assumptam
1488 2807 1652 2862 fuisse
1685 2807 1973 2861 humanam

375 2906 620 2959 naturam
645 2945 659 2968 ,
692 2920 987 2974 verumque
1031 2904 1325 2957 humanum
1360 2917 1579 2971 corpus.
1609 2901 1971 2970 Quamobrem

376 2998 444 3051 iis
490 2997 733 3063 vocibus,
784 2999 986 3051 homine
1022 2994 1297 3061 simulato,
1324 2994 1465 3049 idem
1511 2994 1804 3065 significat,
1836 3008 1900 3048 ac
1929 2994 1975 3047 si

375 3090 601 3143 dixisset
646 3089 867 3143 homine
913 3102 1173 3158 expresso
1214 3095 1268 3141 et
1307 3084 1583 3151 exhibito,
1618 3087 1686 3138 ita
1719 3095 1777 3139 ut
1816 3099 1976 3155 quem

2069 1969 2316 2041 gustinus
2337 1968 2478 2024 hanc
2491 1972 3013 2040 argumentationem
3044 1972 3203 2043 plane
3219 1973 3498 2045 infirment
3513 1984 3569 2030 et
3594 1973 3680 2029 di—

2072 2065 2241 2118 luant.
2271 2064 2513 2118 Primum
2551 2065 2694 2119 enim
2719 2064 2936 2121 Ethnici
2955 2066 3276 2137 objicientes
3297 2069 3498 2123 nullam
3517 2082 3681 2137 posse

2075 2154 2259 2210 afferri
2304 2157 2567 2210 rationem
2597 2172 2695 2211 cur
2721 2156 2972 2213 Christus
3003 2168 3126 2229 post
3168 2168 3244 2214 tot
3285 2160 3483 2215 saecula
3516 2160 3681 2215 homo

2074 2247 2248 2303 factus
2276 2248 2344 2303 sit
2371 2289 2387 2313 ,
2417 2264 2517 2304 suo
2545 2263 2605 2304 se
2634 2250 2811 2320 gladio
2832 2251 3171 2322 jugulabant.
3221 2253 3434 2308 Nullam
3478 2253 3682 2325 quippe

2073 2351 2125 2395 et
2163 2340 2295 2409 ipsi,
2343 2340 2417 2394 ait
2463 2351 2652 2396 auctor
2697 2353 2884 2399 noster
2915 2344 3151 2417 (Arnob.
3187 2344 3277 2399 lib.
3299 2387 3313 2411 ,
3344 2361 3400 2411 ιι,
3434 2344 3549 2419 96),
3593 2361 3683 2401 ra—

2077 2434 2277 2487 tionem
2308 2432 2440 2487 dare
2467 2444 2719 2502 poterant
2750 2451 2856 2490 non
2888 2439 3064 2492 solum
3095 2453 3193 2493 cur
3224 2422 3415 2510 hyems
3436 2482 3451 2504 ,
3481 2448 3679 2507 aestas,

2076 2535 2373 2580 autumnus
2393 2568 2409 2587 .
2446 2525 2627 2596 pluvia
2647 2570 2661 2594 ,
2686 2539 2742 2584 et
2766 2530 2871 2584 alia
2902 2531 3279 2601 hujuscemodi
3311 2548 3418 2587 non
3442 2548 3509 2588 eo
3527 2576 3541 2597 ,
3574 2549 3685 2603 quo

2076 2627 2324 2686 Oportet,
2373 2628 2679 2689 opportuno
2720 2631 2965 2692 tempore
2990 2639 3137 2695 saepe
3164 2625 3367 2695 saepius
3394 2625 3640 2681 accidant
3666 2643 3683 2691 ;

2077 2709 2172 2764 sed
2206 2709 2544 2779 potissimum
2586 2726 2685 2766 cur
2709 2712 2967 2769 Hercules
2987 2757 3002 2780 ,
3051 2714 3397 2785 Esculapius
3417 2757 3433 2782 ,
3466 2728 3521 2771 et
3550 2717 3682 2785 alii,

2077 2817 2216 2872 quos
2240 2802 2306 2857 ad
2354 2802 2632 2859 hominum
2686 2806 2969 2862 utilitatem
3018 2818 3175 2864 natos
3199 2824 3322 2865 esse
3354 2810 3684 2877 credebant,

2080 2895 2132 2949 iu
2176 2896 2435 2951 mundum
2467 2907 2576 2952 tam
2610 2915 2731 2954 sero
2759 2901 3082 2969 prodierint.
3116 2904 3379 2960 Eumdem
3423 2906 3582 2975 plane
3630 2907 3685 2961 in

2081 2990 2300 3043 modum
2330 2990 2664 3060 Augustinus
2694 2993 2818 3048 illos
2848 3010 2914 3049 ex
2958 2998 3343 3067 mysteriorum
3368 3040 3384 3065 ,
3417 3000 3575 3054 abiis
3604 3000 3692 3055 in.

2081 3086 2428 3152 stitutorum,
2479 3087 2652 3156 prima
2710 3089 2954 3158 origine,
2993 3090 3138 3160 quod
3204 3091 3399 3147 eodem
3456 3093 3685 3159 recidit,

375 3182 713 3251 exprimebat
754 3190 810 3236 et
843 3180 1157 3246 exhibebat,
1192 3195 1353 3236 verus
1381 3188 1529 3235 esset
1555 3180 1736 3234 homo.
1770 3177 1979 3249 Negare
2022 3255 2045 3257 ξ
2081 3177 2279 3231 acriter
2298 3176 2501 3233 refellit
2528 3198 2540 3233 :
2577 3198 2595 3231 ι
2626 3180 2733 3247 Ipsi
2754 3222 2768 3242 ,
2801 3200 2820 3233 ι
2850 3182 3023 3251 inquit
3048 3181 3347 3255 (Augustin.
3369 3227 3385 3250 ,
3414 3185 3511 3239 loc.
3538 3184 3687 3257 cit.),

376 3284 555 3329 tamen
584 3290 690 3328 non
714 3289 1003 3345 possumus
1028 3274 1099 3329 ibi
1121 3273 1421 3328 Arnobium
1450 3272 1743 3343 improprie
1768 3272 1975 3325 minus-
2005 3255 2050 3318 C
2090 3291 2109 3323 ι
2142 3271 2325 3327 dicant
2356 3281 2535 3327 utrum
2560 3274 2860 3345 profuerint
2882 3276 3191 3333 hominibus
3212 3278 3437 3335 deorum
3463 3255 3687 3335 suorum

377 3384 484 3439 que
510 3376 759 3424 accurate
802 3367 973 3437 loqui.
1004 3366 1111 3423 Sed
1149 3369 1269 3435 quis
1308 3366 1651 3421 Aristarchus
1698 3381 1802 3420 nou
1848 3365 1979 3420 satis

379 3462 695 3531 castigatum
732 3460 1043 3529 hujusmodi
1067 3459 1323 3530 loquendi
1347 3459 1565 3513 modum
1588 3459 1793 3513 homini
1823 3459 1980 3516 facile

380 3570 487 3608 non
517 3553 846 3609 condonabit
866 3596 880 3619 ,
915 3554 1005 3624 qui
1035 3568 1181 3621 saepe
1210 3554 1411 3623 saepius
1442 3551 1621 3609 verbis
1665 3554 1832 3606 utitur
1857 3552 1981 3608 bar-

376 3646 523 3700 baris
553 3655 607 3702 et
633 3646 914 3712 obsoletis,
945 3660 1043 3700 nec
1074 3661 1204 3714 pure
1226 3654 1281 3700 et
1306 3643 1594 3700 emendate
1626 3644 1905 3715 loquitur?

977 3795 1267 3835 ARTICULUS
1305 3797 1382 3834 Ill.

380 3893 477 3945 Cur
494 3894 719 3945 Christus
750 3895 897 3943 homo
923 3892 1078 3943 factus
1098 3895 1180 3949 sit.
1208 3906 1297 3942 cur
1319 3900 1417 3942 tam
1440 3906 1574 3953 sero,
1596 3907 1691 3942 nec
1711 3892 1861 3956 longe
1891 3906 1982 3942 au-

445 3965 553 4017 tea;
578 3958 696 4019 quid
713 3956 777 4005 de
802 3958 1083 4006 hominibus
1101 3963 1216 4004 ante
1236 3957 1389 4018 ipsius
1404 3966 1562 4005 ortum
1575 3959 1803 4016 mortuis,
1821 3964 1982 4006 actum

443 4021 613 4080 t'uerit,
642 4021 726 4068 ubi
749 4019 815 4067 de
834 4020 1112 4067 hominibus
1136 4020 1374 4080 giganteo
1391 4031 1615 4081 corpore,
1638 4025 1691 4068 et
1710 4021 1983 4069 stentoreis

442 4082 695 4132 infantium
720 4082 983 4142 vagitibus.

454 4208 562 4263 Cur
588 4207 836 4263 Christus
862 4210 1024 4262 homo
1048 4207 1221 4261 factus
1242 4207 1331 4272 sit,
1363 4208 1408 4261 si
1434 4207 1504 4262 ab
1531 4208 1769 4262 Arnobio
1802 4216 1982 4276 postu-

380 4303 481 4363 les.
514 4301 651 4355 hanc
686 4301 780 4354 tibi
808 4299 997 4353 reddet
1026 4300 1293 4353 rationem
1320 4314 1334 4350 :
1365 4300 1487 4368 quia
1543 4317 1561 4347 ι
1601 4299 1683 4353 Ab
1713 4298 1985 4368 religioni-

383 4394 487 4449 bus
510 4410 607 4447 nos
628 4392 776 4446 falsis
803 4392 1117 4461 religionem
1144 4391 1377 4446 traduxit
1397 4391 1463 4445 ad
1489 4406 1706 4455 veram;
1731 4392 1800 4445 ab
1819 4391 1985 4461 signis

382 4486 669 4547 inertibus,
700 4494 861 4554 atque
886 4500 952 4539 ex
983 4483 1243 4539 vilissimo
1269 4483 1512 4539 formatis
1536 4484 1670 4550 luto,
1699 4483 1765 4537 ad
1810 4484 1985 4539 sidera

378 4578 681 4633 sublevavit
701 4586 757 4633 et
782 4578 1002 4645 C(elum,
1032 4586 1087 4631 et
1112 4593 1232 4632 cum
1260 4578 1481 4632 domino
1502 4592 1680 4631 rerum
1708 4578 1837 4643 Deo,
1862 4592 1986 4646 sup-

2083 3378 2238 3419 sacra
2262 3406 2276 3430 ,
2302 3382 2423 3435 qum
2450 3378 2667 3422 constat
2690 3369 2857 3422 certis
2884 3370 3221 3440 temporibus
3251 3372 3691 3439 institutaIQua:

2083 3455 2129 3509 si
2160 3466 2357 3527 negant
2400 3458 2602 3528 aliquid
2651 3459 2918 3530 profuisse
2962 3461 3028 3515 ad
3075 3461 3374 3517 animarum
3418 3464 3686 3533 sahtem,

2084 3548 2365 3604 nobiscum
2404 3565 2468 3605 ea
2518 3551 2834 3615 destruunt,
2894 3560 2951 3607 et
3002 3553 3182 3607 inania
3234 3569 3356 3610 esse
3410 3558 3684 3613 confiten-

2084 3649 2291 3695 tur.....
2324 3641 2379 3697 Si
2431 3657 2563 3698 vero
2604 3642 3026 3709 eadefeudunt,
3078 3654 3133 3699 et
3184 3647 3459 3715 sapienter
3511 3659 3680 3720 atque

2085 3732 2288 3787 utiliter
2318 3745 2566 3789 asserunt
2613 3736 2857 3790 instituta
2876 3777 2891 3801 ,
2924 3752 3111 3808 quer
3139 3738 3269 3808 quid
3316 3748 3492 3794 actum
3522 3742 3596 3795 sit
3621 3742 3694 3799 de

2086 3825 2171 3879 his
2192 3867 2205 3888 ,
2236 3826 2327 3895 qui
2355 3836 2649 3899 antequam
2680 3828 2796 3883 hac
2824 3832 3062 3886 instituta
3087 3841 3267 3887 essent
3286 3876 3300 3896 ,
3335 3844 3513 3889 morte
3534 3835 3688 3891 obie-

2084 3924 2245 3981 rant;
2283 3919 2383 3973 hac
2405 3918 2550 3973 enim
2581 3920 2769 3990 utique
2794 3922 2972 3977 salute
3000 3930 3162 3993 atque
3192 3924 3422 3979 utilitate
3447 3924 3686 3981 fraudati

2084 4019 2231 4065 sunt.
2265 4010 2323 4066 Si
2348 4018 2531 4067 autem
2582 4023 2873 4084 potuerunt
2915 4016 3023 4070 alio
3075 4018 3237 4072 modo
3284 4021 3537 4089 purgari,
3591 4037 3693 4076 cur

2085 4118 2194 4157 non
2238 4104 2379 4159 idem
2432 4105 2627 4160 modus
2678 4109 3053 4179 perseveravit
3108 4112 3161 4163 in
3217 4112 3505 4181 posteros?
3548 4112 3691 4182 Quid

2084 4210 2221 4266 opus
2260 4207 2380 4250 erat
2436 4198 2719 4253 instituere
2770 4201 3001 4256 novitias
3051 4203 3519 4271 consecrationes,
3569 4222 3694 4277 qua:

2085 4290 2383 4361 antiquitus
2409 4308 2516 4347 non
2546 4292 2803 4349 fuerunt?
2842 4314 2863 4347 ι

2158 4384 2511 4455 Respondere
2555 4396 2735 4441 autem
2788 4403 2894 4443 non
2949 4398 3199 4459 poterant
3246 4394 3446 4448 nullam
3496 4397 3691 4453 horum

2086 4491 2246 4546 posse
2276 4478 2393 4531 dari
2425 4478 2713 4533 rationem.
2749 4478 2827 4533 Eo
2848 4481 2990 4535 enim
3023 4485 3139 4551 ipso
3180 4485 3416 4555 aliquam
3458 4486 3529 4543 de
3569 4503 3696 4545 sero

2082 4568 2289 4623 Christi
2310 4570 2542 4625 adventu
2565 4586 2595 4625 a
2622 4570 2936 4627 christiauis
2964 4577 3072 4628 non‘
3102 4576 3221 4631 sine
3250 4578 3445 4648 injuria
3473 4580 3696 4651 exigere

383 4674 739 4745 plicationum
784 4672 911 4727 fecit
953 4673 1118 4727 verba
1166 4660 1327 4743 atque
1369 4674 1670 4727 orationum
1718 4672 1974 4743 colloquia

2088 4666 2567 4721 convincebantur.
2600 4666 2844 4737 Siquam
2896 4684 3025 4724 vero
3075 4670 3388 4739 proferant,
3443 4676 3693 4731 eamdem

380 4765 631 4820 miscere.
670 4784 688 4816 ι
736 4764 990 4835 (Arnob.,
1040 4764 1129 4816 lib.
1178 4779 1218 4826 ι,
1269 4781 1390 4834 pag.
1443 4762 1577 4835 22.)
1619 4764 1984 4831 Quamobrem

386 4860 505 4914 hmc
528 4860 597 4915 de
629 4860 811 4929 seipso
844 4875 948 4912 non
972 4859 1090 4912 sine
1116 4858 1254 4928 grati
1284 4859 1504 4912 omnino
1533 4858 1702 4913 animi
1728 4860 1984 4913 testifica~

385 4952 533 5005 tione
568 4950 742 5019 palam
774 4950 1031 5019 prtedicat
1064 4967 1077 5002 :
1116 4968 1134 4999 ι
1174 4948 1326 5003 Nunc
1348 4948 1571 5005 doctore
1596 4959 1743 5004 tanto
1778 4950 1833 5005 in
1870 4951 1985 5005 vias

385 5045 629 5099 veritatis
650 5043 921 5109 inductus,
954 5044 1135 5098 omnia
1180 5044 1281 5098 ista
1316 5059 1435 5113 qua:
1475 5045 1604 5111 sint,
1636 5045 1749 5100 scio
1779 5064 1793 5099 :
1821 5044 1981 5116 digna

385 5136 455 5192 de
498 5136 674 5206 dignis
717 5137 895 5190 sentio
916 5175 931 5200 ,
965 5136 1352 5191 contumeliam
1379 5136 1580 5191 nomini
1611 5137 1817 5193 nullam
1844 5138 1983 5194 facio

383 5232 599 5294 divino;
642 5240 696 5285 et
749 5230 878 5301 quid
923 5232 1117 5301 cuique
1160 5230 1422 5287 debeatur
1448 5232 1533 5285 vel
1562 5246 1842 5299 personae,
1898 5233 1984 5288 vel

383 5324 569 5393 capiti,
604 5322 905 5377 inconfusis
934 5323 1225 5391 gradibus,
1254 5332 1416 5394 atque
1447 5325 1856 5380 auctoritatibus
1884 5325 1983 5379 tri-

385 5419 515 5472 buo.
550 5438 568 5468 ι
604 5408 792 5488 (Ιὸἱά.)
814 5416 1011 5472 Verum
1035 5419 1287 5489 gentiles,
1308 5419 1503 5489 quibus
1533 5418 1660 5473 nihil
1691 5420 1983 5491 antiquius,

386 5524 548 5577 quam
591 5508 793 5577 optima
820 5523 1047 5578 qumque
1073 5510 1208 5564 diris
1234 5525 1479 5564 errorum
1513 5523 1731 5565 suorum
1759 5512 1982 5568 inficere

384 5600 824 5664 venenis,vinde
873 5602 1293 5657 sacratissimum
1352 5604 1738 5659 incarnationis
1781 5602 1980 5660 Christi

384 5692 700 5763 mysterium
724 5692 977 5747 vellicare
1000 5694 1358 5749 conabantur.
1374 5695 1699 5750 Christianis
1715 5696 1978 5765 siquidem

382 5784 713 5854 objiciebant
780 5784 982 5853 (lbid.,
1034 5786 1124 5839 lib.
1161 5802 1232 5855 ιι,
1276 5804 1397 5859 pag.
1444 5787 1558 5856 96),
1598 5788 1643 5841 si
1685 5801 1772 5841 res
1810 5788 1878 5841 ita
1920 5804 1981 5843 se

376 5876 595 5943 haheat,
626 5877 827 5931 nullam
855 5877 974 5932 dari
1004 5892 1164 5949 posse
1202 5880 1464 5935 rationem
1509 5894 1607 5935 cur
1651 5876 1902 5935 Christus
1944 5896 1976 5936 a

2088 4768 2145 4813 et
2172 4758 2448 4813 christiani
2478 4761 2774 4828 proferent.
2802 4761 2938 4816 Hinc
2965 4760 3237 4819 Arnobius
3267 4775 3451 4821 noster
3478 4785 3493 4821 :
3532 4786 3552 4819 r
3589 4768 3696 4823 Ra-

2087 4850 2321 4915 tionem,
2355 4870 2374 4903 ›
2409 4851 2483 4905 ait
2525 4850 2793 4923 (Arnob.,
2838 4854 2939 4909 loc.
2986 4856 3073 4909 cit.
3098 4856 3141 4927 ),
3195 4875 3214 4909 ι
3244 4857 3477 4929 aliquam
3526 4861 3694 4917 fuisse

2086 4942 2297 4998 dicetis.
2327 4942 2483 4998 Ratio
2512 4960 2646 5015 ergo
2674 4955 2729 5000 et
2759 4947 2844 5002 hic
2873 4946 3001 5014 fuit,
3053 4965 3152 5005 cur
3197 4966 3303 5006 non
3347 4968 3539 5023 nuper,
3590 4956 3689 5012 sed

2088 5036 2249 5092 hodie
2296 5038 2589 5107 sospitator
2637 5040 2803 5093 nostri
2855 5042 3071 5109 generis
3126 5043 3432 5101 adveniret.
3491 5065 3511 5099 ι
3574 5049 3693 5104 Au-

2086 5132 2334 5202 gustinus
2386 5146 2554 5187 vero:
2585 5152 2604 5184 ι
2638 5132 2749 5187 Cur
2790 5132 2928 5189 hanc
2973 5138 3329 5204 quaestionem
3378 5140 3696 5199 christiana:

2088 5226 2336 5297 religioni
2362 5226 2635 5297 ingerunt,
2670 5229 2723 5283 in
2746 5245 2906 5298 quam
2930 5230 3087 5286 nobis
3105 5232 3206 5304 ipsi
3228 5248 3328 5303 pro
3343 5233 3448 5288 diis
3464 5236 3581 5291 suis
3600 5246 3696 5293 aut

2085 5320 2413 5391 respondere
2435 5336 2542 5376 non
2564 5332 2811 5393 possunt,
2831 5333 2922 5378 aut
2938 5326 2982 5379 si
3003 5337 3249 5394 possunt,
3285 5326 3340 5380 in
3365 5342 3433 5382 eo
3456 5328 3576 5399 ipso
3590 5331 3693 5385 sibi

2085 5412 2247 5468 etiam
2278 5428 2376 5483 pro
2417 5414 2676 5483 religione
2721 5426 2899 5470 nostra
2931 5417 3302 5488 respondent?
3330 5439 3349 5471 ι
3386 5419 3644 5493 (August.
3672 5468 3687 5488 ,

2087 5508 2188 5562 loc.
2222 5504 2347 5578 cit.)
2380 5505 2559 5562 Fateri
2580 5508 2741 5577 igitur
2770 5509 3041 5564 debebant
3072 5508 3151 5564 fas
3179 5526 3285 5566 non
3331 5526 3452 5566 esse
3476 5513 3686 5572 homini

2086 5603 2314 5656 scrutari
2346 5602 2569 5655 consilia
2603 5602 2735 5667 Dei,
2768 5604 2858 5674 qui
2887 5614 3111 5659 noverat
3139 5606 3400 5675 temporis
3426 5623 3535 5679 quo
3582 5609 3681 5665 hu-

2087 5710 2247 5748 mano
2290 5696 2472 5762 generi
2511 5695 2797 5762 subvenire
2842 5696 3027 5751 debuit
3069 5700 3529 5767 Opportunitatem
3560 5704 3691 5771 (Ar-

2085 5790 2243 5853 nob.,
2290 5789 2416 5842 ibid.
2442 5788 2485 5861 ).
2542 5789 2715 5845 Simili
2772 5806 2986 5861 quoque
3042 5806 3307 5861 responso
3354 5794 3689 5866 Augustinus

2085 5880 2211 5938 huic
2254 5882 2539 5954 quaestioni
2586 5880 2849 5937 satisfacit
2878 5900 2891 5940 :
2925 5902 2946 5935 ι
2975 5883 3109 5939 Cum
3148 5898 3257 5940 non
3288 5882 3514 5943 formito
3533 5888 3640 5945 labi
3668 5928 3691 5960 ρ
