3918 6332
173 367 277 423 ωδ

1477 376 1540 431 ΙΝ
1580 375 1956 450 ARNOBIUM,
1997 386 2153 445 CAP.
2199 391 2329 451 Vlll.

3397 406 3508 463 ιη

182 484 279 558 sed
302 482 493 541 divina
534 486 879 556 providentia
933 497 1176 561 tempora
1215 489 1452 546 ordinari
1499 492 1791 556 fateantur,

1929 507 2137 566 lomero
2182 513 2401 585 fingitur
2442 528 2548 574 tam
2592 519 2821 575 validam
2873 521 3130 580 habuisse
3173 539 3395 590 vocem,
3447 535 3510 583 ut

188 580 312 651 quid
340 581 542 652 cuique
569 583 804 653 tempori
844 594 1029 654 aptum
1058 594 1114 638 et
1140 594 1499 654 opportunum
1543 586 1648 651 sit,
1697 586 1796 639 hu—

195 688 412 728 manum
460 675 753 731 consilium
803 675 1259 746 pratergreditur,
1313 687 1367 733 et
1408 676 1556 732 illinc
1586 678 1797 749 disper-

196 767 364 828 titur,
420 766 568 823 unde
634 768 753 837 ipsa
817 768 1158 837 providentia
1230 768 1391 823 rebus
1453 769 1707 824 consulit.
1772 788 1791 819 ι

201 858 458 930 (August.
488 900 504 925 ,
555 861 683 915 ibid.
716 880 770 931 p.
816 860 990 932 277.)
1023 863 1136 918 lluc
1184 864 1347 918 etiam
1388 863 1611 919 accedat
1663 866 1793 917 Am-

201 953 547 1022 brosius,qui
575 954 628 1009 in
651 955 883 1025 quodam
906 972 1160 1013 sermone
1187 959 1239 1011 in
1270 956 1388 1013 haec
1405 958 1599 1026 psalmi
1622 958 1798 1013 centi-

199 1044 323 1100 simi
344 1046 539 1101 decimi
562 1047 735 1103 octavi
758 1040 919 1103 verba
950 1067 965 1103 :
990 1048 1212 1118 Tempus
1232 1050 1458 1119 faciendi
1480 1093 1496 1116 ,
1550 1050 1798 1117 Domine,

200 1138 453 1195 similiter
473 1140 729 1196 dixerat:
764 1161 783 1193 ι
818 1141 934 1197 Νοη
961 1143 1184 1214 jubendi
1206 1186 1223 1211 ,
1244 1145 1338 1200 sed
1365 1144 1635 1211 faciendi,
1670 1146 1799 1216 quia

200 1245 311 1288 non
341 1232 569 1303 legatus,
602 1248 777 1304 neque
806 1237 1049 1303 nuntius,
1082 1236 1176 1292 sed
1209 1237 1468 1292 Dominus
1493 1237 1804 1293 salvaturus

200 1333 321 1377 erat
349 1324 608 1394 populum
637 1340 817 1381 suum.
847 1326 914 1381 Et
940 1327 1031 1383 ille
1048 1327 1268 1397 quidem
1296 1337 1510 1398 tempus
1554 1329 1799 1395 sciebat,

201 1424 392 1471 etnon
414 1416 733 1483 diﬂ'erebat,
762 1418 859 1475 sed
892 1434 995 1475 nos
1040 1420 1412 1476 nesciebamus
1452 1437 1561 1492 quo
1608 1421 1804 1476 melius

202 1516 448 1577 tempore
498 1511 833 1565 subveniret.
895 1531 915 1564 ι
962 1512 981 1583 (
1030 1512 1309 1581 Ambros.,
1370 1529 1523 1568 sentt.
1572 1514 1674 1579 l6,
1750 1514 1805 1567 in

202 1604 337 1670 psat.
386 1618 579 1665 cxvnt.
626 1604 662 1673 ᾗ
712 1603 837 1673 126,
880 1605 1216 1678 pangSi.)

276 1693 458 1765 Pergit
500 1694 806 1761 Arnobius,
855 1706 911 1752 et
955 1697 1118 1752 aliam
1162 1712 1262 1752 cur
1285 1696 1535 1754 Christus
1564 1706 1722 1754 antea
1750 1698 1806 1753 in

200 1788 463 1843 mundum
486 1804 595 1845 non
618 1790 855 1858 venerit,
879 1791 1087 1863 profert
1106 1792 1372 1848 rationem
1390 1793 1475 1847 bis
1494 1806 1807 1862 expressam

201 1883 405 1938 verbis.
441 1902 461 1935 ο
491 1883 676 1940 Potest
698 1885 846 1952 fieri,
877 1894 933 1940 ut
975 1894 1085 1941 tum
1114 1885 1333 1940 demum
1367 1886 1612 1942 emiserit
1639 1885 1803 1941 Chri-
1837 1903 1884 1962 Β

1900 604 2285 679 quinquaginta
2299 611 2577 667 hominum
2596 614 2889 670 clamorem
2906 615 3220 689 adaequaret
3235 617 3505 692 (flamen,

1900 698 2089 763 lliad.,
2206 713 2325 757 ante
2352 705 2443 772 ﬁn.
2469 703 2511 776 ).
2541 705 2712 774 Quam
2755 722 2887 763 sane
2934 708 3006 764 ob
3051 724 3265 766 causam
3310 711 3509 767 alicubi

1902 795 2181 852 Iuvenalis
2204 797 2400 852 cecinit
2429 817 2442 854 :

1998 961 2092 1017 Tu.
2119 962 2287 1024 miser,
2310 962 2576 1023 exclamas,
2595 969 2650 1014 ut
2668 964 2900 1014 Stentora
2922 966 3128 1016 vincere
3145 968 3322 1031 possis.

2531 1048 2751 1111 (Juvat,
2789 1047 2930 1100 sutir.
2953 1052 3031 1109 15,
3057 1062 3187 1101 vers.
3212 1051 3313 1113 22.)

1907 1197 1973 1253 Et
2014 1197 2130 1252 haec
2156 1196 2372 1267 quidem
2402 1196 2601 1254 idcirco
2630 1208 2986 1265 annotamus,
3046 1208 3105 1254 ut
3150 1199 3217 1255 ab
3260 1198 3513 1256 omnibus

1907 1293 2243 1361 intelligatur
2287 1308 2393 1364 quo
2440 1292 2560 1363 jure
2602 1293 2874 1349 Arnobius
2916 1292 3112 1349 dixerit
3163 1294 3511 1363 imminutas,

1908 1388 2201 1444 fatentibus
2230 1387 2507 1453 Ethnicis,
2538 1388 2817 1443 hominum
2847 1389 2991 1443 vires
3011 1431 3026 1454 ,
3058 1403 3121 1443 ac
3149 1388 3420 1445 Christum
3444 1402 3513 1445 eo

1908 1482 2135 1538 forsitan
2188 1493 2430 1552 tempore
2477 1480 2746 1536 hominem
2795 1481 3028 1547 factum,
3075 1496 3183 1552 quo
3228 1481 3442 1553 fractior
3465 1490 3513 1535 et

1908 1579 2166 1647 inﬁrmior
2193 1576 2291 1632 fuit
2320 1575 2553 1632 humana
2603 1587 2791 1632 natura
2813 1619 2828 1645 ,
2859 1576 3137 1649 magisque
3164 1576 3284 1647 ejus
3314 1575 3513 1631 auxilio

1910 1672 2201 1743 indigebat.

1982 1766 2153 1821 Porro
2182 1773 2359 1819 autem
2393 1764 2553 1818 aliam
2603 1763 2695 1819 ille
2736 1764 2958 1833 insuper
3000 1762 3178 1819 reddit
3206 1761 3511 1829 rationem,

1910 1874 2009 1914 cur
2036 1858 2286 1913 Christus
2313 1872 2419 1912 non
2449 1856 2597 1927 prius
2640 1856 2913 1912 hominem
2941 1856 3207 1922 induerit;
3259 1856 3386 1927 quia
3430 1855 3513 1911 ni-

199 1985 342 2031 stum
375 1977 638 2031 Dominus
660 1949 1003 2048 omnipotens
1023 2021 1038 2044 ,
1070 1988 1351 2049 postquam
1373 1993 1506 2049 gens
1528 1978 1804 2035 hominum
1838 1949 1883 1962 υ
1911 1956 2105 2049 ’πίτνω
2136 1952 2226 2008 me
2248 1968 2318 2049 νθθ
2349 1953 2743 2049 ipsoiempore
2787 1950 2928 2006 hunc
2956 1949 3297 2049 ίηφξηξάωη
3324 1949 3476 2049 ’θρίξ
3496 1989 3513 2014 ⁹

200 2068 454 2136 fractior,
501 2078 558 2124 et
605 2069 872 2124 infirmior
919 2074 1085 2141 cmpit
1134 2086 1256 2127 esse
1308 2082 1490 2127 nostra
1540 2082 1745 2127 natura.
1782 2092 1801 2125 ι

202 2162 430 2231 (Arnob.
452 2203 465 2226 ,
492 2162 583 2215 tib.
616 2177 675 2228 ιι,
709 2178 829 2232 pag.
858 2162 981 2232 97.)
1024 2164 1266 2218 Arnobio
1320 2174 1511 2220 nostro
1542 2163 1805 2235 suffraga-

200 2264 292 2310 tur
322 2255 505 2309 adhuc
536 2254 881 2321 Ambrosius,
914 2257 1001 2325 qui
1033 2254 1126 2309 ubi
1176 2254 1246 2311 de
1296 2257 1674 2312 benedictione
1711 2272 1812 2329 pa-

201 2346 460 2403 triarchae
510 2345 713 2416 Joseph
746 2361 1052 2402 sermonem
1085 2347 1249 2415 fecit,
1306 2348 1423 2403 bam
1472 2349 1604 2404 citat
1628 2348 1809 2405 Gene-

201 2453 330 2495 secs
350 2438 521 2494 verba
554 2457 567 2493 :
593 2438 814 2492 Amabat
842 2456 952 2493 eum
976 2438 1140 2495 Jacob
1162 2484 1175 2505 ,
1210 2442 1330 2509 quia
1362 2442 1503 2510 ﬁlius
1540 2444 1812 2498 senectutis

202 2544 315 2587 erat
347 2533 569 2599 illi;ac
617 2533 963 2590 continenter
1008 2535 1235 2605 adjicit:
1274 2553 1293 2585 ε
1330 2535 1487 2603 Quod
1531 2538 1695 2593 etiam
1745 2536 1814 2593 ad

201 2624 483 2681 Christum
517 2626 774 2683 refertur.
802 2626 1118 2684 Seuescenti
1145 2628 1290 2685 enim
1331 2630 1555 2697 mundo,
1606 2639 1661 2684 et
1700 2630 1813 2701 jam

202 2718 479 2774 occidenti
520 2719 845 2777 illucescens
892 2721 986 2776 Dei
1034 2722 1211 2788 lilius,
1243 2738 1340 2793 per
1370 2722 1551 2778 Maria:
1578 2723 1816 2795 Virginis

204 2824 428 2885 partum
477 2827 635 2868 serus
681 2813 935 2881 advenit,
985 2816 1136 2885 quasi
1186 2816 1328 2870 filius
1354 2818 1684 2883 senectutis,
1723 2832 1815 2872 se-

204 2907 881 2963 cundum'sacramentum
906 2910 1146 2978 suscepit
1170 2924 1387 2980 corpus,
1418 2910 1651 2980 quierat
1689 2920 1819 2968 ante

207 3000 410 3055 saecula
454 3014 673 3069 semper
714 3000 853 3071 apud
896 3001 1129 3056 Patrem.
1165 3024 1183 3055 ι
1255 3004 1555 3071 (Ambros.,
1614 3005 1705 3058 lib.
1756 3006 1820 3061 de

206 3091 477 3148 Benedict.
528 3090 827 3146 Patriarcll.
850 3134 865 3158 ,
898 3110 1017 3164 cap.
1051 3095 1141 3159 11,
1181 3094 1209 3165 §
1252 3095 1343 3162 48,
1371 3113 1491 3167 pag.
1525 3096 1681 3167 527.)

277 3185 493 3257 Negare
512 3194 696 3240 autem
727 3184 945 3240 Ethnici
972 3200 1079 3242 non
1111 3198 1387 3257 pOterant,
1420 3187 1496 3242 ait
1524 3188 1816 3256 Arnobius,

1911 2048 2055 2121 quod
2080 2048 2435 2104 constitutum
2468 2047 2642 2103 fuerat
2688 2045 3113 2101 incommutabili
3138 2043 3358 2099 decreto
3381 2041 3515 2108 Dei,

1912 2146 2033 2209 cui,
2065 2151 2251 2215 utpote
2290 2152 2527 2208 :cterno,
2582 2140 2714 2196 nihil
2768 2150 3153 2211 prmmaturum
3183 2148 3276 2193 aut
3304 2136 3517 2192 tardum

1913 2240 2019 2297 dici
2070 2249 2268 2311 potest.
2324 2238 2536 2295 Nullum
2584 2238 2783 2308 quippe
2850 2247 3063 2305 tempus
3114 2232 3277 2289 habet
3325 2231 3517 2298 series,

1915 2336 2076 2392 sicuti
2097 2335 2337 2405 loquitur
2355 2332 2596 2406 (Arnob.,
2626 2332 2711 2386 lib.
2740 2347 2797 2398 ιι,
2822 2347 2941 2402 pag.
2967 2329 3083 2400 97),
3131 2338 3179 2382 et
3205 2324 3521 2381 continuatio

1916 2428 2251 2483 immoderata
2272 2468 2288 2493 ,
2318 2424 2369 2481 id
2398 2434 2516 2491 est,
2550 2425 2668 2480 sine
2688 2423 2852 2480 modo
2868 2467 2883 2489 .
2908 2438 2973 2479 ac
2992 2423 3109 2479 sine
3136 2421 3293 2477 initio
3313 2429 3367 2475 et
3393 2418 3520 2485 fine,

1917 2522 2244 2576 mentorum.

1992 2617 2144 2671 'l‘nnc
2200 2615 2381 2685 itaque
2431 2612 2681 2668 Christus
2733 2614 2785 2667 iu
2842 2610 3099 2667 mundum
3152 2608 3351 2664 missus
3400 2614 3520 2672 est,

1920 2709 2137 2780 quando
2162 2708 2302 2763 Deus
2330 2708 2453 2763 eum
2500 2705 2776 2761 hominem
2820 2703 2937 2759 ﬁeri
2976 2702 3175 2757 debere
3215 2698 3518 2769 judicavit:

1927 2823 1947 2857 ι
1982 2804 2132 2858 Nihil
2176 2817 2440 2873 namque,
2476 2798 2677 2865 Deum,
2711 2818 2731 2852 ι
2789 2807 2847 2853 ιιι
2894 2798 2967 2851 ait
3020 2796 3197 2850 adhuc
3252 2791 3523 2848 Arnobius

1926 2896 2138 2971 (υἱώ),
2176 2916 2195 2949 ‹
2230 2897 2456 2967 cogehat
2484 2892 2823 2951 necessarias
2852 2901 3156 2961 temporum
3188 2902 3294 2942 non
3322 2900 3529 2955 exspe-

1922 3002 2071 3049 ctare
2120 3007 2423 3047 mensuras.
2458 3011 2477 3044 ι
2505 2990 2693 3046 Nonne
2720 3002 2855 3044 vero
2878 2985 3068 3043 eadem
3115 2984 3215 3039 fuit
3244 2980 3530 3053 Augustini

1924 3088 2228 3153 sententia,
2286 3102 2445 3157 quam
2497 3086 2589 3140 ille
2633 3086 2719 3140 his
2768 3083 3025 3153 explicuit
3064 3079 3286 3134 verbis:
3327 3096 3344 3127 ‹
3374 3076 3530 3144 Quod

1924 3179 2034 3236 dixi
2060 3190 2187 3236 tunc
2215 3180 2451 3235 voluisse
2486 3176 2797 3234 hominibus
2836 3188 3098 3244 apparere
3122 3170 3432 3235 Christum,
3476 3177 3533 3223 et

211 3282 423 3335 variam
476 3293 575 3349 pro
619 3277 936 3334 diversitate
988 3288 1292 3349 temporum
1340 3280 1507 3335 fuisse
1538 3279 1820 3336 hominum
1849 3292 1895 3355 ρ
1928 3274 2067 3344 apud
2096 3289 2190 3328 eos
2218 3272 2498 3343 praedicari
2528 3271 2829 3325 doctrinam
2853 3282 3029 3331 suam,
3052 3263 3271 3336 quando
3300 3260 3526 3326 sciebat,

208 3373 606 3438 conditionem,
629 3370 902 3440 aliamque
926 3372 1224 3440 priscorum
1239 3412 1255 3437 ,
1280 3386 1439 3443 quam
1460 3374 1824 3429 recentiorum

208 3468 477 3540 figuram,
530 3474 586 3520 et
630 3465 866 3534 majores
912 3465 1163 3529 illorum,
1210 3480 1369 3535 quam
1418 3465 1646 3520 istorum
1680 3466 1823 3523 vires

208 3565 228 3631 (
252 3561 476 3624 Aruob.,
501 3559 594 3613 lib.
620 3573 675 3623 ιι,
701 3574 823 3629 pag.
848 3558 965 3629 97).
1011 3557 1294 3613 Traditum
1317 3559 1582 3628 siquidem
1605 3560 1823 3631 scriptis

210 3654 489 3711 habebant
515 3652 686 3708 fuisse
714 3653 843 3706 olim
884 3652 1158 3706 semideos
1181 3692 1195 3717 ,
1222 3660 1280 3707 et
1324 3650 1516 3707 heroas
1564 3652 1817 3721 immani,

210 3752 321 3806 sive
362 3751 624 3821 giganteo
669 3762 931 3817 corpore,
984 3755 1042 3802 et
1088 3746 1321 3803 infantes
1367 3758 1673 3805 stentoreos
1704 3750 1822 3806 edi-

211 3843 355 3899 disse
402 3842 652 3913 vagitus,
704 3856 1005 3912 eorumque
1052 3855 1178 3897 ossa
1222 3851 1386 3896 tanta:
1440 3842 1825 3914 magnitudinis

214 3940 377 3994 variis
406 3941 463 3995 in
496 3939 813 4009 regionibus
855 3949 1009 3994 eruta
1032 3980 1046 4006 ,
1082 3949 1140 3994 ut
1169 3940 1403 3994 humana
1432 3955 1555 3995 esse
1585 3942 1673 3996 vix
1700 3956 1822 3997 cre-

216 4032 495 4088 derentur.
526 4031 601 4085 De
620 4032 705 4085 his
722 4032 939 4087 ossibus
960 4042 1158 4103 przeter
1180 4032 1510 4088 Herodotum
1527 4074 1542 4099 ,
1570 4034 1822 4103 Plinium,

218 4138 271 4183 et
294 4128 547 4183 Solinum
569 4169 585 4193 ,
618 4126 738 4182 hmc
770 4128 837 4181 A.
861 4126 1104 4196 Cellius,
1134 4144 1257 4199 qua:
1284 4129 1350 4184 ad
1376 4131 1626 4184 Auctoris
1654 4130 1823 4184 nostri

221 4221 556 4292 propositum
599 4218 838 4285 faciunt,
888 4221 1081 4275 litteris
1127 4223 1497 4291 consignavit:
1529 4241 1548 4274 ι
1580 4222 1823 4278 Herodo-

222 4327 328 4383 tus,
372 4316 542 4371 homo
581 4315 871 4383 fabulator,
898 4316 950 4369 in
975 4317 1149 4385 primo
1171 4317 1517 4371 historiarum
1549 4318 1823 4372 inventum

223 4425 335 4465 esse
359 4410 463 4465 sub
494 4418 639 4463 terra
669 4408 887 4475 scripsit
916 4407 1092 4464 Oresti
1138 4424 1336 4480 corpus
1375 4410 1552 4465 cubita
1590 4410 1827 4481 longitu-

227 4503 356 4558 dinis
378 4503 587 4557 habens
620 4512 827 4571 septem
849 4544 864 4568 ,
896 4518 1017 4572 qua:
1040 4501 1243 4557 faciunt
1270 4502 1435 4571 pedes
1461 4502 1744 4558 duodecim
1772 4514 1826 4559 et

229 4596 609 4665 quadrantem,
646 4594 749 4649 nisi
795 4594 872 4656 si.
909 4602 967 4647 ut
1014 4592 1281 4648 Homerus
1306 4596 1555 4664 opinatus
1584 4604 1695 4659 est,
1729 4611 1825 4649 va-

1926 3381 1981 3429 et
2030 3371 2117 3427 ubi
2168 3371 2369 3426 sciebat
2416 3384 2568 3436 esse,
2603 3369 2695 3438 qui
2726 3368 2779 3422 in
2825 3380 2947 3421 eum
2994 3363 3208 3418 fuerant
3234 3358 3527 3423 credituri;

1926 3477 2103 3540 potest
2127 3468 2287 3523 etiam
2314 3469 2392 3521 sic
2422 3464 2527 3521 dici
2563 3476 2690 3519 tunc
2716 3462 2955 3518 voluisse
2985 3458 3236 3514 homines
3266 3466 3531 3525 apparere

1924 3563 2200 3620 Christum
2223 3606 2237 3629 ,
2270 3574 2326 3618 et
2358 3562 2499 3633 apud
2535 3575 2633 3616 eos
2663 3557 2947 3629 praedicari
2994 3553 3297 3609 doctrinam
3342 3562 3530 3614 suam,

1926 3660 2143 3731 quando
2166 3658 2408 3725 sciebat,
2437 3665 2494 3712 et
2522 3655 2611 3712 ubi
2641 3652 2847 3709 sciebat
2890 3665 3044 3715 esse,
3092 3647 3183 3719 qui
3216 3645 3375 3701 electi
3412 3644 3532 3697 fue-

1926 3765 2047 3808 rant
2077 3753 2130 3807 in
2153 3753 2273 3824 ipso
2301 3762 2430 3806 ante
2455 3748 2639 3804 mundi
2666 3743 3128 3801 constitutionem.
3160 3760 3179 3792 ι
3205 3736 3529 3811 (Augustin.,

1926 3844 2102 3912 Epist.
2149 3845 2272 3908 l02,
2326 3862 2448 3915 pag.
2488 3843 2617 3907 278,
2652 3852 2699 3895 et
2753 3839 2843 3894 tib.
2898 3837 2962 3890 de
3005 3833 3260 3889 Prwdest.
3319 3838 3527 3896 sonct.,

1925 3954 2042 4001 cap.
2070 3938 2126 4003 9,
2157 3955 2277 4008 pag.
2306 3935 2461 4008 805.)

1998 4030 2154 4099 Quod
2183 4039 2365 4085 autem
2394 4027 2462 4083 ad
2512 4026 2763 4083 homines
2811 4034 2937 4079 ante
2962 4022 3239 4079 Christum
3288 4028 3534 4075 mortuos

1928 4134 2173 4195 spectat,
2221 4121 2495 4177 Arnobius
2540 4120 2779 4175 breviter
2826 4114 3124 4187 respondet
3172 4131 3187 4167 :
3242 4133 3261 4165 ι
3309 4110 3447 4180 Quid
3485 4111 3533 4165 si

1932 4220 2133 4289 priscis
2162 4218 2322 4271 aliter
2351 4214 2670 4280 subveniri,
2703 4213 2862 4267 aliter
2904 4209 3093 4266 debuit
3138 4204 3535 4279 posterioribus

1929 4314 2161 4369 consuli.
2194 4332 2213 4363 ι
2242 4311 2261 4383 (
2286 4311 2480 4365 Arnob.
2505 4351 2519 4371 ,
2554 4310 2655 4363 loc.
2681 4304 2809 4379 cit.)
2832 4306 2939 4363 Sed
2971 4302 3116 4374 quod
3144 4304 3235 4359 ille
3262 4301 3536 4370 explicare

1930 4416 2021 4462 aut
2072 4406 2277 4473 noluit,
2333 4414 2425 4459 aut
2474 4402 2709 4460 fortasse
2754 4402 2902 4456 omni
2950 4399 3244 4455 christiana
3286 4397 3535 4451 doctrina

1931 4500 2171 4557 nondum
2196 4502 2355 4572 plane
2375 4499 2702 4555 informatus
2721 4540 2736 4565 ,
2771 4512 2878 4553 non
2908 4496 3117 4565 potuit,
3152 4494 3255 4548 hoc
3282 4490 3537 4548 enuclea-

1930 4596 2038 4651 tius
2085 4604 2141 4651 et
2174 4596 2398 4650 uberius
2429 4610 2459 4648 a
2500 4594 2768 4663 theologis
2788 4637 2803 4659 ,
2861 4601 3025 4661 atque
3052 4587 3319 4659 imprimis
3349 4588 3535 4657 Augu-

231 4688 383 4742 stiora
411 4687 821 4757 prolixioraque
859 4686 1063 4741 fuerint
1103 4700 1331 4755 corpora
1365 4687 1643 4743 hominum
1682 4690 1826 4743 auti-
1854 4686 1908 4747 D
1934 4690 2078 4743 stino
2105 4688 2159 4743 in
2198 4688 2365 4743 citata
2391 4702 2421 4741 a
2454 4686 2611 4741 nobis
2647 4685 2879 4756 epistola
2923 4684 3268 4755 explanatur.
3299 4680 3375 4735 lbi
3404 4694 3536 4736 vero

233 4794 482 4850 quorum;
507 4789 565 4836 et
585 4794 731 4834 nunc
751 4780 902 4849 quasi
928 4780 1039 4849 jam
1064 4780 1265 4835 mundo
1284 4791 1628 4849 senescente,
1649 4798 1827 4838 rerum

234 4882 381 4944 atque
408 4873 694 4930 hominum
722 4874 1066 4930 decrementa
1097 4886 1242 4931 sunt.
1273 4895 1292 4928 ι
1320 4876 1611 4949 (Herodot.
1636 4921 1652 4945 ,
1680 4880 1768 4932 lib.
1788 4896 1827 4948 ι,

239 4963 265 5034 ς
294 4966 379 5031 68,
413 4984 538 5040 pag.
568 4966 660 5033 27;
716 4964 861 5020 Plin.
886 5008 902 5031 ,
936 4966 1024 5021 lib.
1053 4983 1127 5021 vn
1168 4967 1309 5023 Hist.
1332 4980 1500 5024 natur.
1525 5012 1541 5035 ,
1586 4987 1703 5043 cap.
1739 4973 1828 5039 l6,

237 5061 465 5131 καλῶς
500 5060 840 5131 Solin.,cap.
866 5058 956 5125 10,
989 5078 1111 5133 pag.
1131 5062 1272 5129 236;
1303 5064 1367 5119 A.
1400 5062 1621 5133 Gellius,
1643 5066 1827 5131 lib.m.

239 5167 346 5221 cap.
385 5153 436 5218 l,
478 5170 603 5226 pag.
636 5152 721 5225 9.)
756 5152 1032 5225 Frequens
1073 5168 1253 5211 autem
1295 5166 1376 5213 est
1416 5173 1478 5212 ea
1513 5158 1731 5215 Homeri
1777 5163 1828 5216 in

240 5248 395 5307 Iliade
441 5253 797 5323 conquestio,
828 5268 949 5323 qua:
977 5269 1005 5307 a
1036 5254 1209 5310 Plinio
1255 5267 1311 5311 et
1352 5255 1612 5313 Iuvenale
1658 5259 1837 5317 adhuc

244 5353 446 5400 notatur
515 5344 745 5417 (Ptin,
799 5347 911 5400 loco
968 5348 1165 5413 citato;
1216 5348 1403 5406 Juven.
1443 5394 1459 5419 ,
1514 5352 1661 5407 satir.
1724 5354 1832 5421 15,

243 5450 364 5489 um.
402 5436 515 5508 69.)

317 5528 368 5582 lu
400 5531 769 5601 manuscripto
797 5539 977 5585 autem
1009 5531 1197 5587 codice
1233 5536 1381 5605 regio
1411 5550 1511 5605 pro
1557 5546 1836 5593 stentoreos

243 5625 461 5693 vagitus,
509 5624 706 5694 legitur
747 5628 1096 5695 centenarias,
1143 5628 1239 5682 sed
1284 5630 1441 5684 solita
1488 5631 1629 5685 haud
1674 5632 1836 5689 dubie

249 5714 444 5771 incuria
476 5717 718 5781 librarii,
764 5720 855 5787 qui
883 5720 1101 5789 quidem
1132 5721 1261 5792 quid
1294 5724 1555 5779 stentorei
1585 5727 1795 5794 vagitus
1819 5769 1835 5795 ,

254 5810 427 5867 etalia
456 5812 607 5878 plura
638 5812 1049 5885 signiﬁcarent,
1081 5816 1295 5884 penitus
1335 5818 1635 5889 ignorabat.
1677 5819 1837 5876 Sten-

243 5904 379 5961 torei
415 5914 589 5966 autem
632 5908 845 5979 vagitus
891 5907 1015 5967 ideo
1057 5910 1335 5979 dicuntur,
1363 5913 1489 5983 quia
1516 5911 1740 5971 Stentor
1769 5918 1839 5971 ab

1935 4780 2054 4835 haec
2101 4788 2301 4851 praeter
2346 4779 2453 4834 alia
2503 4780 2673 4850 plura’
2705 4778 2925 4849 scripsit
2960 4796 2973 4831 :
3013 4796 3033 4828 ι
3070 4774 3153 4831 Ah
3182 4773 3407 4830 exordio
3436 4788 3537 4843 ge-

1936 4876 2089 4931 neris
2130 4874 2374 4941 humani,
2429 4874 2758 4944 quicumqne
2796 4872 2852 4927 in
2892 4888 3016 4928 eum
3044 4868 3392 4945 (Christum),
3420 4883 3541 4924 cre-

1934 4976 2224 5041 diderunt,
2284 4988 2519 5045 eumque
2558 4985 2851 5044 utcumque
2899 4970 3320 5035 intellexerunt,
3353 4977 3409 5023 et
3448 4983 3539 5024 se-

1937 5070 2174 5125 cundum
2205 5068 2325 5138 ejus
2354 5076 2625 5139 praecepta
2665 5067 2752 5138 pie
2782 5075 2837 5121 et
2860 5064 3007 5135 juste
3035 5065 3327 5128 vixerunt,
3372 5076 3543 5132 quan-

1942 5163 2151 5219 dolibet
2195 5170 2251 5217 et
2295 5162 2525 5217 ubilibet
2571 5161 2811 5226 fuerint,
2866 5174 2961 5229 per
3004 5173 3127 5213 eum
3182 5153 3542 5227 proculdubio

1941 5259 2075 5312 salvi
2130 5257 2253 5313 facti
2302 5266 2448 5312 sunt.
2479 5255 2633 5311 Sicut
2684 5253 2829 5309 enim
2860 5268 2961 5307 nos
2992 5251 3045 5307 in
3073 5266 3198 5307 eum
3229 5247 3502 5305 credimus
3524 5290 3540 5313 ,

1941 5364 1999 5407 et
2024 5351 2167 5421 apud
2196 5351 2414 5406 Patrem
2449 5357 2761 5404 manentem
2783 5390 2798 5410 .
2828 5356 2883 5403 et
2908 5346 2996 5417 qui
3027 5345 3081 5399 in
3114 5357 3276 5400 carne
3302 5340 3414 5411 jam
3444 5356 3542 5393 ve-

1942 5449 2083 5503 nerit
2120 5467 2133 5503 :
2170 5447 2249 5502 sic
2293 5446 2589 5501 credebant
2636 5445 2688 5497 in
2738 5458 2861 5498 eum
2910 5441 3116 5512 antiqui
3157 5449 3211 5493 et
3255 5435 3397 5509 apud
3442 5436 3543 5490 Pa-

1943 5550 2082 5597 trem
2116 5550 2448 5604 manentem,
2471 5548 2525 5592 et
2558 5539 2610 5592 in
2636 5552 2799 5592 carne
2819 5546 3128 5591 venturum.
3166 5553 3181 5583 ι
3214 5531 3540 5604 (Augustin.,

1942 5636 2113 5704 Epist.
2146 5633 2271 5695 102.
2308 5649 2427 5703 pag.
2458 5630 2617 5701 277.)
2642 5630 2789 5684 Alias
2819 5642 2983 5697 porro
3032 5626 3271 5680 rationes
3318 5624 3407 5692 qui
3451 5621 3546 5677 de-

1940 5730 2233 5796 siderabit,
2265 5728 2426 5782 adeat
2472 5726 2757 5795 theologos
2805 5724 2858 5777 in
2890 5723 2986 5779 lib.
3021 5737 3101 5776 nt.
3138 5720 3411 5785 Seutent.,
3464 5717 3546 5771 di-

1942 5829 2098 5881 tiuct.
2132 5840 2173 5887 ι,
2203 5833 2369 5894 atque
2399 5821 2453 5874 in
2488 5820 2559 5875 D.
2588 5818 2858 5874 Thomam
2887 5816 3010 5887 1,2,
3031 5821 3225 5885 qumst.
3254 5812 3347 5876 98.
3376 5821 3484 5867 art.
3513 5810 3549 5867 6

1940 5920 2049 5975 et3
2077 5927 2249 5988 part.,
2279 5922 2475 5988 quast.
2506 5912 2567 5983 2,
2591 5920 2697 5968 art.
2728 5910 2763 5967 5
2790 5920 2847 5967 et
2875 5910 2943 5977 6;
2978 5908 3276 5972 Petavium,
3308 5915 3444 5963 tom.
3470 5921 3551 5977 tv,
