3918 6334
325 340 436 399 475
1584 347 2035 408 DISSERTATIO
2072 347 2350 407 PREVIA
3526 360 3636 418 476

327 450 592 525 Theolog.
637 452 875 529 dogmat.
904 499 917 523 ,
950 474 1071 530 cap.
1106 463 1192 530 l7,
1227 476 1350 535 pag.
1380 462 1482 519 198
1528 472 1583 519 ct
1627 479 1808 538 seqq.,
1864 473 1919 521 et
1944 473 1998 531 Α
2023 464 2107 520 his
2136 466 2280 522 aliud
2309 467 2663 539 adjiciemus,
2691 486 2854 541 quam
2884 486 2945 528 ea
2969 512 2985 538 ,
3030 488 3148 545 quae
3174 474 3242 531 ab
3270 478 3498 534 Oratore
3554 482 3638 535 la-

329 547 525 603 citatos
554 548 624 604 ab
648 550 729 606 eis
758 551 1011 627 antiquos
1029 554 1286 612 Ecclesiae
1316 555 1523 612 Patres.

930 738 1207 796 CAPUT
1246 737 1349 793 IX.

868 878 948 933 De
990 878 1207 932 hominis
1234 878 1437 933 Animo.

786 1050 1478 1094 ARTICULUSPRIIU$

334 1198 467 1259 Quas
490 1198 736 1248 Arnobius
750 1197 897 1249 falsas
918 1206 1165 1253 veterum.
1192 1198 1255 1248 de
1280 1199 1506 1250 humanae
1534 1201 1710 1250 animae
1734 1207 1925 1255 natura,

394 1262 589 1325 origine
616 1270 669 1311 et
691 1261 1055 1312 immortalitate
1097 1263 1359 1325 opiniones
1377 1270 1661 1322 recenseat,
1686 1270 1935 1312 ate-utrum

397 1324 489 1375 eas
504 1330 644 1374 recte
660 1324 874 1376 refellat.

406 1470 598 1526 Mirum
628 1471 793 1527 dubio
836 1473 1021 1543 procul
1052 1471 1372 1545 quibusdam
1403 1472 1638 1538 videtur,
1684 1486 1788 1542 qua
1828 1471 1931 1527 Ar-

334 1564 530 1620 nobius
562 1565 772 1622 ratione
817 1574 925 1621 tam
966 1567 1174 1624 diserte
1219 1577 1501 1624 asseverat
1528 1568 1802 1622 Christum
1834 1566 1931 1621 do-

334 1658 548 1725 cuisse,
586 1678 604 1712 ‹
642 1660 766 1729 quid
812 1660 1047 1717 hominis
1093 1663 1305 1727 anima;
1357 1661 1693 1716 advolaritne
1732 1661 1800 1715 ad
1832 1675 1930 1715 nos

334 1760 564 1821 Sponte,
599 1767 668 1806 an
696 1767 818 1807 cum
854 1754 984 1823 ipsis
1009 1764 1125 1809 sata
1179 1756 1284 1821 sit,
1342 1764 1396 1809 et
1443 1763 1726 1824 procreata
1755 1754 1930 1809 visce-

2036 559 2148 613 tino
2174 560 2386 631 scriptis
2413 562 2726 635 consignata
2747 606 2763 631 ,
2796 565 2864 619 ad
2895 567 3274 636 explicandam
3302 571 3636 628 conﬁrman-

2033 650 2266 722 damque
2314 654 2566 710 Auctoris
2616 656 2788 711 nostri
2838 659 3161 714 sententiam
3212 663 3384 733 magis
3429 666 3638 721 condno

2034 752 2183 797 cunt.
2242 742 2299 796 In
2358 744 2535 813 primo
2584 746 2764 817 itaque
2804 747 3232 805 Tusculanarum
3274 754 3636 821 quaestionum

2032 834 2172 891 libro
2224 834 2340 891 haec
2395 837 2596 896 habet:
2632 858 2652 891 ‹
2696 839 2835 896 Sunt
2888 842 2978 911 qui
3028 842 3329 899 discessum
3382 847 3545 900 animi
3605 862 3638 902 ιι

2033 944 2257 1001 corpore
2301 941 2487 1002 putent
2526 948 2649 990 esse
2682 944 2933 990 mortem.
2964 936 3100 992 Sunt
3148 938 3235 1008 qui
3269 938 3475 993 nullum
3505 956 3640 998 cen-

2032 1035 2187 1081 seant
2241 1025 2354 1081 fieri
2408 1027 2744 1091 discessum,
2793 1029 2888 1084 sed
2938 1045 3042 1084 una
3082 1032 3324 1086 animum
3356 1041 3410 1087 et
3435 1048 3639 1105 corpus

2031 1117 2313 1185 occidere,
2363 1120 2711 1189 animumque
2758 1136 2881 1176 cum
2927 1136 3158 1192 corpore
3206 1123 3485 1195 extingui;
3540 1126 3640 1197 qui

2030 1213 2312 1270 discedere
2340 1215 2576 1270 animum
2605 1226 2862 1282 censent,
2895 1217 2983 1271 alii
3015 1217 3195 1271 statim
3224 1218 3507 1287 dissipari,
3535 1219 3639 1274 alii

2034 1306 2125 1362 diu
2150 1322 2495 1375 permanere,
2529 1306 2617 1362 alii
2645 1323 2880 1377 semper.
2917 1329 2935 1362 ι
2966 1308 3191 1382 ((Iicer.,
3218 1311 3307 1366 lib.
3337 1327 3356 1366 ι
3400 1310 3635 1380 Tuscul.,

2032 1402 2188 1472 ρης]
2207 1400 2289 1465 l8,
2322 1403 2417 1458 lin.
2441 1400 2524 1474 4.)
2544 1402 2680 1457 Tutu
2705 1401 2901 1457 deinde
2922 1404 3164 1473 singulas
3189 1404 3637 1474 philosophorum

2031 1492 2100 1548 de
2125 1492 2290 1548 animi
2318 1502 2505 1549 natura
2531 1494 2816 1565 opinioms
2839 1496 3097 1565 explicat.
3123 1495 3478 1569 Posteaquam
3506 1514 3640 1554 vero

2035 1584 2311 1651 Platonis,
2345 1585 2585 1641 Socratis
2655 1596 2710 1642 et
2738 1586 2961 1642 Catonis
3004 1587 3073 1644 de
3120 1589 3316 1643 anima:
3359 1590 3641 1646 immorta-

2032 1678 2184 1735 litate
2205 1680 2508 1734 senteutias
2539 1681 2757 1747 retulit,
2790 1682 2873 1736 his
2899 1684 2975 1736 ait
3008 1684 3409 1740 contradixisse
3438 1685 3642 1757 Epicu-

2033 1786 2176 1837 reos,
2206 1782 2368 1842 atque
2394 1772 2661 1843 imprimis
2693 1773 3088 1840 Dicaearchum,
3113 1775 3409 1845 quidocuit
3430 1778 3651 1833 animos

336 1844 520 1910 ribus;
577 1846 769 1901 mortis
823 1848 1093 1919 partic‘eps
1141 1848 1329 1918 degat,
1384 1864 1448 1902 an
1499 1848 1927 1904 immortalitatis

2046 1878 2153 1920 asse
2196 1865 2491 1921 mortales:
2532 1885 2551 1919 ι
2587 1866 2755 1924 Stoici
2785 1878 2997 1933 autem,
3037 1888 3056 1921 ι
3094 1844 3269 1939 pergit
3298 1871 3388 1927 ille
3416 1870 3601 1944 (Ibid.
3628 1914 3649 1940 ,

335 1940 701 2010 perpetuitate
749 1940 949 1997 donata
980 1943 1070 1997 sit.
1101 1961 1131 1995 .›
1171 1941 1387 2015 (Arnob.
1409 1985 1422 2005 .
1461 1944 1552 1997 lib.
1587 1958 1621 2007 ι,
1653 1959 1774 2014 pag.
1804 1942 1925 2011 22.)

335 2030 455 2086 Non
485 2031 629 2087 enim
658 2047 820 2089 ausus
848 2035 917 2090 sit
942 2048 1048 2089 tam
1081 2046 1460 2093 asseveranter
1508 2034 1783 2091 affirmare
1817 2036 1933 2091 hzec

336 2120 613 2179 Christum
663 2124 955 2195 docuisse;
1006 2130 1107 2184 nisi
1154 2145 1219 2185 ea
1265 2144 1386 2200 quae
1432 2130 1498 2185 ab
1526 2130 1615 2183 illo
1642 2129 1710 2185 de
1737 2130 1933 2191 animae

337 2218 577 2289 origine,
612 2227 800 2274 natura
844 2230 898 2276 et
951 2222 1357 2278 immortalitate
1384 2222 1539 2277 nobis
1564 2222 1757 2277 tradita
1784 2229 1929 2287 sunt,

336 2310 641 2381 legeritaut
668 2314 901 2367 noverit.
933 2318 1001 2369 At
1031 2314 1178 2382 haec,
1227 2316 1505 2387 inquient,
1539 2316 1585 2370 si
1630 2315 1791 2385 legit,
1842 2322 1933 2368 aut

338 2406 516 2469 novit,
548 2421 645 2461 cur
668 2406 734 2462 ad
762 2409 945 2463 varios
974 2409 1041 2465 de
1068 2410 1257 2465 eadem
1290 2411 1468 2464 anima
1512 2425 1761 2465 errorum
1810 2422 1931 2462 sco-

337 2501 493 2571 pulos
527 2500 820 2557 oll'endisse
869 2504 1149 2574 arguitur?
1176 2502 1282 2560 Sed
1315 2512 1493 2558 utrum
1544 2502 1637 2556 ille
1674 2502 1797 2572 jure
1848 2500 1931 2555 vel

337 2592 535 2661 injuria
565 2594 910 2665 corripiatur,
942 2596 1257 2667 priusquam
1285 2594 1661 2659 excutiamus,
1690 2595 1840 2662 juvat
1866 2606 1932 2645 ex

338 2685 666 2761 Hieronymo
688 2689 996 2758 observare,
1023 2706 1142 2761 quae
1162 2690 1291 2745 olim
1317 2688 1520 2745 fuerint
1538 2687 1606 2743 de
1626 2688 1931 2742 animarum

338 2779 547 2851 origine
580 2785 867 2838 sententia:
895 2792 948 2838 et
990 2798 1229 2839 errores.
1262 2782 1343 2837 Ab
1388 2782 1479 2836 illo
1508 2789 1688 2837 autem
1736 2780 1788 2833 in
1836 2793 1932 2833 sua

339 2872 406 2927 ad
448 2875 801 2943 Augustinum
866 2876 1096 2945 epistola
1155 2876 1239 2931 his
1265 2926 1269 2941 ,
1296 2876 1480 2931 verbis
1522 2883 1875 2930 recensentur
1916 2890 1932 2926 :

346 2983 365 3018 ι
404 2960 581 3036 super
609 2967 807 3022 animre
832 2977 975 3023 statu
1016 2970 1239 3024 memini
1269 2978 1463 3024 vestra:
1493 2967 1933 3037 quaestiunculis,

340 3057 511 3113 immo
572 3061 824 3116 maxima:
894 3062 1277 3119 ecclesiastica:
1349 3060 1686 3130 quaestionis.
1743 3058 1936 3115 Utrum

340 3154 490 3223 lapsa
520 3152 587 3209 de
617 3156 759 3210 coelo
789 3155 888 3221 sit,
940 3165 999 3211 ut
1045 3157 1375 3229 Pythagoras
1405 3155 1752 3225 philosophus
1771 3195 1786 3219 ,
1819 3167 1938 3207 om-

2036 1976 2157 2031 pag.
2185 1957 2335 2031 127),
2398 1979 2415 2012 ι
2456 1974 2672 2016 usuram
2705 1963 2863 2017 nobis
2892 1962 3196 2033 largiuntur
3229 1978 3499 2037 tamquam
3541 1983 3659 2023 co-

2036 2052 2355 2109 turnicihus.
2394 2051 2490 2107 Diu
2516 2068 2806 2110 mansuros
2830 2055 2983 2109 aiunt
3004 2056 3213 2110 animos
3234 2099 3249 2118 .
3278 2072 3513 2127 semper,
3551 2076 3654 2114 ne-

2031 2153 2179 2216 gant.
2217 2165 2235 2198 »
2258 2146 2391 2215 Quis
2411 2162 2540 2203 vero
2570 2163 2676 2203 non
2698 2148 2843 2204 videt
2860 2148 3080 2204 easdem
3102 2150 3432 2218 aCicerone,
3458 2164 3509 2208 et
3525 2154 3652 2223 jam

2032 2242 2196 2296 citato
2212 2239 2560 2314 Hieronymo,
2579 2251 2738 2313 atque
2756 2243 2823 2299 ab
2842 2244 3079 2299 Arnohio
3100 2254 3308 2310 nostro,
3333 2248 3385 2302 in
3405 2247 3651 2303 medium

2033 2334 2267 2404 proferri
2299 2334 2745 2405 philosupltorum
2770 2335 2835 2390 de
2864 2337 3041 2391 anima
3070 2338 3377 2407 opiniones,
3396 2349 3551 2411 atque
3573 2341 3655 2395 ab

2035 2426 2141 2481 illis
2159 2426 2382 2483 indicari
2398 2428 2487 2499 qui
2506 2443 2694 2483 eorum
2714 2440 2965 2485 auctores
2980 2430 3403 2504 defensoresque
3420 2432 3651 2488 fuerint.

2104 2519 2406 2575 Absurdam
2452 2536 2580 2577 vero
2620 2522 2835 2592 Epicuri
2883 2533 3319 2597 sectatornmquc
3358 2526 3475 2596 ejus
3510 2528 3643 2596 opi-

2035 2615 2311 2670 nationem
2350 2614 2433 2669 his
2460 2614 2729 2671 Arnobius
2775 2625 2962 2671 noster
2997 2616 3194 2673 refellit
3229 2621 3493 2674 rationum
3521 2635 3656 2675 mo-

2037 2709 2282 2764 mentis:
2319 2726 2338 2759 r
2376 2708 2431 2765 Si
2477 2710 2671 2764 animm
2719 2709 2851 2764 lethi
2899 2711 3099 2766 adeant
3146 2713 3373 2783 januas,
3426 2714 3658 2784 Epicuri

2035 2814 2096 2858 ut
2122 2804 2390 2859 sententia
2417 2803 2696 2868 deﬁnitur.
2732 2820 2832 2860 uec
2858 2807 2938 2861 sic
2966 2820 3131 2862 causa
3175 2817 3260 2864 est
3290 2820 3616 2878 competens
3635 2852 3655 2878 ,

2037 2911 2137 2953 cur
2164 2898 2343 2968 expeti
2401 2896 2745 2968 philosophia
2796 2898 3023 2967 debeat;
3075 2902 3288 2956 etiamsi
3334 2918 3518 2958 verum
3559 2915 3663 2960 est

2040 2992 2257 3061 purgari
2300 2981 2400 3046 hac
2438 2990 2684 3058 animas,
2718 2999 2879 3063 atque
2920 2992 2989 3047 ab
3031 2993 3179 3049 omni
3228 3010 3395 3067 puras
3439 2997 3662 3053 vitiosi-

2038 3089 2151 3136 tate
2187 3082 2455 3150 praestari.
2510 3082 2641 3136 Nam
2688 3084 2732 3137 si
2784 3085 3149 3139 communiter
3201 3087 3441 3153 obeunt,
3482 3097 3537 3142 et
3596 3090 3659 3144 in

2041 3172 2172 3243 ipsis
2196 3173 2519 3244 corporibus
2567 3189 2758 3230 sensus
2803 3175 2883 3229 eis
2928 3174 3172 3245 deperit,
3202 3180 3663 3250 extinguiturque

342 3262 547 3320 nesque
577 3248 841 3305 Platonici
872 3261 927 3307 ct
955 3250 1208 3323 Origines
1263 3260 1492 3323 putant:
1531 3266 1598 3304 an
1645 3264 1675 3303 a
1717 3247 1933 3318 prOpria

2046 3264 2254 3328 vitulis,
2286 3280 2393 3319 non
2420 3274 2622 3320 tantum
2654 3274 2739 3321 est
2767 3268 2969 3321 erroris
2994 3268 3249 3334 maximi,
3287 3286 3475 3325 verum
3526 3284 3662 3328 sto-

343 3339 439 3394 Dei
464 3341 799 3410 substantia,
846 3353 905 3397 ut
950 3343 1146 3407 Stoici,
1199 3343 1564 3409 Mauicbzeus,
1611 3352 1667 3397 et
1700 3341 1934 3411 Hispana

342 3436 665 3493 Priscilliani
695 3439 916 3494 hteresis
944 3441 1322 3509 suspicantur;
1354 3453 1420 3493 an
1452 3438 1505 3492 in
1537 3437 1794 3492 thesauro
1840 3435 1939 3489 lia-

340 3529 571 3586 heantur
598 3531 690 3587 Dei
722 3533 850 3587 olim
893 3534 1163 3600 conditae,
1216 3543 1273 3587 ut
1316 3532 1533 3603 quidam
1584 3530 1937 3587 ecclesiastici

343 3623 505 3679 stulta
535 3626 885 3695 persuasione
904 3624 1215 3690 confidunt;
1245 3641 1311 3679 an
1331 3624 1571 3696 quotidie
1590 3639 1620 3678 a
1646 3623 1758 3678 Deo
1784 3622 1937 3685 flant,

345 3724 401 3771 et
425 3716 705 3773 mittantur
750 3721 802 3773 in
850 3732 1113 3788 corpora,
1165 3716 1459 3773 secundum
1527 3716 1658 3771 illud
1698 3714 1841 3785 quod
1885 3714 1937 3766 iu

346 3807 644 3879 Evangelia
700 3811 961 3879 scriptum
1003 3820 1119 3873 est;
1167 3810 1323 3865 Pater
1387 3825 1540 3865 meus
1606 3805 1939 3879 usqucmodo

346 3914 623 3973 operatur,
672 3911 725 3958 et
764 3918 865 3974 ego
913 3919 1143 3972 cperor;
1191 3919 1258 3957 an
1304 3914 1450 3958 certe
1496 3918 1561 3957 ex
1594 3901 1848 3965 traduce,
1885 3910 1943 3955 ut

346 3994 738 4061 Tertullianus,
786 3997 1183 4066 Appollinaris,
1232 4006 1286 4050 et
1332 3995 1567 4050 maxima
1612 4010 1735 4066 pars
1782 3993 1935 4047 Occi-

346 4090 638 4147 dentalium
661 4101 975 4158 autumant;
1010 4100 1067 4146 ut
1093 4090 1365 4161 quomodo
1386 4104 1581 4157 corpus
1603 4103 1666 4143 ex
1691 4101 1940 4157 corpore,

346 4185 427 4241 sic
450 4185 626 4239 anima
659 4197 916 4240 nascatur
941 4201 1008 4241 ex
1050 4185 1228 4239 anima
1250 4226 1265 4248 ,
1314 4193 1368 4240 et
1397 4183 1559 4239 simili
1606 4197 1726 4237 cum
1772 4179 1944 4236 brutis

347 4277 716 4333 animantibus
792 4278 1103 4334 conditione
1163 4275 1457 4333 subsistat?
1508 4294 1525 4327 ι
1576 4272 1914 4347 (Hieronym

360 4372 525 4443 Epist.
542 4372 666 4439 165,
684 4391 741 4443 p.
754 4370 977 4441 582.)Et
996 4370 1109 4426 haec
1126 4371 1338 4441 quidem
1364 4372 1484 4425 ideo
1504 4367 1805 4432 retulimus,
1820 4364 1943 4436 quia

349 4483 460 4522 non
504 4465 748 4522 inutilem
783 4466 889 4531 bis,
927 4480 1044 4535 qua:
1098 4464 1321 4521 dicenda
1367 4474 1511 4529 sunt,
1552 4461 1724 4521 facem
1754 4459 1944 4531 priete-

350 4568 491 4617 rent.

2040 3347 2162 3413 lidae
2189 3360 2448 3414 crccitatis
2479 3358 2705 3415 frzenare
2738 3362 3005 3432 ingenitus
3028 3365 3332 3432 appetitus.
3389 3364 3662 3424 cohibere

2043 3452 2097 3507 in
2153 3451 2420 3523 angu5tiis
2448 3454 2647 3517 vitam,
2712 3453 2845 3507 nihil
2902 3454 3186 3524 indulgere
3238 3467 3476 3521 natum,
3537 3475 3659 3514 non

2043 3543 2187 3615 quod
2216 3544 2495 3615 cupidines
2520 3545 2786 3615 jusserint
2811 3555 2974 3616 atque
3001 3548 3377 3617 instigaverint
3431 3549 3657 3619 facere;

2042 3652 2165 3691 cum
2199 3635 2341 3690 nulla
2363 3644 2417 3692 te
2434 3638 2653 3708 praemia
2675 3640 2805 3693 tanti
2823 3638 3023 3694 laboris
3036 3652 3348 3709 expectent,
3383 3656 3504 3698 cum
3530 3644 3661 3701 dies

2042 3732 2235 3786 mortis
2257 3729 2560 3793 advenerit.
2584 3740 2639 3786 et
2664 3734 3037 3802 corporalibus
3065 3733 3231 3789 fueris
3246 3737 3474 3792 vinculis
3488 3753 3662 3794 exso-

2044 3824 2209 3879 lutus.
2240 3843 2259 3877 s
2283 3824 2528 3897 (Arnob.,
2545 3825 2633 3879 lib.
2657 3842 2714 3891 ιι,
2738 3844 2788 3895 p.
2804 3826 2869 3881 6i
2895 3836 2950 3881 et
2972 3825 3461 3897 65.)Talcmporro
3481 3829 3661 3888 fuisse

2044 3916 2264 3987 Epicuri
2294 3919 2361 3970 de
2383 3918 2557 3970 anima
2583 3919 2795 3973 mortali
2823 3921 3177 3975 assertionem
3203 3922 3368 3991 liquet
3390 3938 3455 3977 ex
3479 3922 3662 3979 Laer-

2045 4010 2359 4085 tio(Laert.,
2386 4011 2475 4067 lib.
2494 4028 2544 4078 x,
2567 4012 2630 4067 de
2655 4010 2826 4067 Vitaet
2845 4013 3019 4085 dogm.
3036 4012 3317 4087 Epicuri,§
3342 4016 3413 4073 65
3444 4028 3489 4071 et
3513 4018 3659 4091 seq.)

2046 4115 2101 4161 et
2128 4105 2414 4174 Lucretio,
2474 4106 2627 4177 cujus
2672 4105 2945 4163 Arnobius
3000 4109 3239 4165 imitatus
3278 4119 3366 4167 est.
3393 4111 3659 4183 loquendi

2046 4199 2266 4256 modum
2298 4198 2403 4255 hoc
2431 4200 2485 4254 in
2514 4200 2755 4255 carmine
2777 4198 3075 4257 adhibitum
3116 4221 3129 4255 :

2140 4336 2283 4388 Haud
2307 4338 2460 4402 igitur
2482 4337 2609 4388 letbi
2636 4338 2871 4402 pra-clusa
2899 4346 2976 4389 est
2996 4339 3141 4401 ianua
3159 4342 3335 4391 menti.

2723 4424 2959 4487 (Lucret.
2979 4422 3063 4475 lib.
3092 4439 3159 4484 ω,
3174 4437 3301 4477 vers.
3326 4424 3464 4491 829.)

2120 4555 2293 4623 Quam
2321 4554 2493 4611 valida
2527 4564 2707 4611 autem
2751 4554 3219 4624 argumentatione
3260 4555 3536 4613 Arnobius
3562 4572 3664 4613 re-

421 4652 617 4708 Narrat
659 4661 839 4709 autem
868 4652 1140 4709 Arnobius
1168 4653 1435 4724 triplicem
1484 4653 1613 4707 olim
1663 4651 1827 4706 fuisse
1857 4665 1944 4705 ve-
1972 4656 2027 4718 1)
2051 4648 2204 4704 fellat
2264 4649 2406 4702 hunc
2436 4649 2659 4718 impium
2689 4662 2971 4713 errorem,
3004 4662 3165 4703 nemo
3197 4647 3335 4704 adeo
3359 4665 3541 4706 caecus
3572 4661 3670 4709 est

353 4757 528 4803 terum
559 4746 1005 4818 philosophorum
1033 4746 1102 4801 de
1124 4751 1424 4801 animarum
1472 4744 1788 4801 conditione
1835 4744 1950 4812 Opi-

354 4841 571 4895 nionem
604 4858 616 4894 :
657 4858 675 4891 t
710 4839 807 4894 Hic
836 4841 1012 4901 enim,
1054 4858 1070 4891 ι
1106 4838 1268 4895 verba
1320 4838 1463 4893 illius
1518 4848 1641 4893 sunt
1687 4836 1910 4906 (Arnob.
1932 4879 1948 4903 ,

355 4935 445 4990 lib.
478 4949 535 5001 tt,
570 4951 687 5003 pag.
723 4932 861 5006 82.),
889 4952 907 4985 ι
933 4943 1083 4988 retur
1112 4945 1166 4987 et
1193 4948 1312 4987 esse
1340 4943 1650 5002 perpetuas,
1678 4945 1731 4988 et
1758 4946 1953 5003 super-

356 5042 481 5084 esse
497 5027 805 5082 mortalium
838 5025 1101 5081 functinni
1139 5045 1151 5080 :
1182 5041 1471 5095 superesse
1498 5027 1585 5083 ille
1613 5041 1721 5081 non
1750 5024 1948 5089 credit,

356 5120 454 5174 sed
491 5135 614 5175 cum
642 5120 775 5189 ipsis
797 5119 1119 5188 corporibus
1142 5118 1384 5174 interire.
1418 5120 1651 5176 Alterius
1680 5136 1809 5176 vero
1824 5134 1953 5176 sen-

360 5215 522 5271 tentia
542 5216 878 5272 esmihilcas
894 5219 1151 5275 continuo
1174 5216 1403 5289 perpeti,
1420 5219 1515 5272 sed
1542 5227 1658 5287 post
1678 5215 1954 5271 hominem

364 5312 597 5379 positum
621 5312 823 5382 aliquid
848 5314 927 5369 eis
958 5314 1025 5368 ad
1053 5315 1214 5369 vitam
1233 5313 1737 5379 dari,‘mortalitatis
1759 5309 1956 5367 deinde

362 5404 416 5459 in
451 5405 575 5475 jura
616 5406 931 5462 succedere.
970 5427 988 5458 ι
1022 5408 1065 5463 A
1092 5408 1246 5463 nobis
1293 5421 1423 5463 vero
1463 5404 1586 5460 alibi
1641 5413 1954 5460 annotatum

361 5502 542 5554 varias
569 5498 637 5555 de
662 5502 838 5555 anima
862 5501 1177 5557 eorumdent
1208 5500 1651 5572 philoSOpborum
1674 5499 1959 5568 opiniones

362 5606 393 5646 a
420 5595 718 5660 Cicerone,
748 5594 965 5649 Justino
996 5606 1262 5665 martyre,
1293 5593 1646 5657 Tertulliano,
1672 5591 1959 5665 Ambrosio

365 5700 418 5741 et
440 5688 742 5760 Augustino
766 5686 1047 5742 enodatius
1066 5688 1263 5758 exponi
1279 5690 1427 5760 (tom.
1448 5703 1465 5741 ι
1485 5687 1762 5755 Αρραγαι.,
1787 5685 1878 5740 lib.
1898 5702 1954 5753 tt,

369 5781 570 5853 dissert.
606 5782 659 5847 2,
693 5798 810 5851 cap.
842 5780 896 5847 7,
924 5778 952 5851 ᾗ
981 5781 1073 5845 29,
1108 5797 1227 5851 pag.
1253 5782 1393 5845 430‘;
1436 5779 1633 5834 Justin.
1657 5818 1672 5841 ,
1729 5779 1921 5832 cohort.
1942 5819 1960 5844 ,

375 5889 496 5945 pag.
520 5874 574 5937 8,
620 5886 667 5929 ct
714 5876 803 5930 alii
852 5876 951 5930 lor.
1004 5882 1089 5928 cit.
1122 5875 1372 5947 Apparet.
1396 5877 1435 5945 ).
1464 5874 1805 5946 Quapropter
1830 5873 1963 5927 nihil

2052 4742 2144 4813 qui
2173 4757 2279 4797 non
2314 4741 2514 4796 videat.
2563 4742 2627 4795 Et
2657 4752 2806 4797 certe
2835 4740 2955 4811 quis
2995 4740 3168 4796 nescit
3193 4756 3312 4796 eam
3359 4744 3493 4798 tanti
3534 4760 3667 4802 esse

2054 4837 2313 4892 momenti
2343 4850 2404 4889 ac
2432 4833 2718 4904 ponderis,
2750 4842 2810 4887 ut
2836 4832 2905 4887 ab
2934 4833 3165 4901 ipsumet
3197 4833 3367 4889 Paulo
3395 4839 3671 4905 Apostolo

2056 4943 2167 4988 tota
2199 4931 2281 4985 his
2309 4929 2652 4997 paucioribus
2671 4927 2851 4981 verbis
2880 4928 3378 4995 comprehendatur
3408 4950 3422 4984 :
3464 4950 3483 4981 ι
3516 4930 3669 4998 Quid

2057 5024 2189 5081 mihi
2218 5022 2473 5095 prodest,
2522 5021 2568 5075 si
2611 5020 2807 5074 mortui
2848 5035 2955 5074 non
2990 5022 3323 5089 resurgunt?
3355 5023 3671 5079 manduce-

2061 5136 2202 5184 mus,
2235 5128 2288 5175 et
2316 5116 2601 5177 bibamus;
2631 5128 2755 5169 cras
2779 5113 2924 5169 enim
2968 5114 3285 5169 morientur.
3328 5135 3346 5166 ι
3389 5114 3609 5185 (Epist.
3651 5136 3672 5174 ι

2060 5215 2128 5269 ad
2156 5210 2387 5268 Corinth.
2410 5252 2425 5275 ,
2459 5225 2551 5265 xv.
2582 5208 2670 5263 52.
2704 5205 2723 5277 )

2131 5308 2285 5364 Alius
2316 5304 2383 5359 de
2408 5305 2587 5360 anima
2618 5317 2789 5369 error,
2817 5301 2891 5355 uti
2920 5300 3030 5370 jam
3056 5315 3122 5356 ex
3155 5299 3490 5372 Hieronymo
3522 5302 3675 5357 vidi-

2060 5417 2182 5456 mus
2207 5442 2221 5466 ,
2270 5406 2387 5453 erat
2423 5410 2514 5451 eas
2542 5410 2664 5450 esse
2699 5410 2761 5449 ex
2794 5392 3010 5464 propria
3048 5392 3143 5447 Dei
3184 5392 3482 5447 substantia
3512 5434 3526 5459 ,
3574 5397 3674 5452 vel

2063 5494 2160 5549 Dei
2191 5501 2430 5562 partem,
2466 5498 2524 5543 ut
2549 5488 2688 5542 bene
2717 5486 3047 5558 Augustinus
3074 5486 3331 5540 admonet
3350 5528 3364 5547 ,
3400 5487 3485 5541 vel
3514 5487 3674 5543 divi-

2065 5604 2178 5651 uas,
2210 5585 2293 5641 vel
2326 5585 2486 5640 etiam
2524 5582 2716 5647 Deum,
2748 5582 2908 5636 sicuti
2939 5596 3001 5635 ex
3034 5578 3118 5634 his
3149 5579 3310 5634 Tullii
3335 5581 3517 5635 verbis
3548 5582 3681 5638 dis-

2063 5683 2235 5737 cimus
2264 5697 2277 5733 :
2313 5697 2332 5730 ι
2369 5680 2597 5734 Animus
2618 5678 2706 5745 qui
2730 5718 2742 5737 ,
2772 5683 2827 5729 ut
2858 5690 2959 5745 ego
2983 5674 3105 5729 dico
3132 5718 3145 5739 ,
3180 5674 3431 5739 divinus;
3466 5685 3528 5729 ut
3553 5676 3679 5732 Eu-

2065 5776 2265 5845 ripides
2290 5772 2450 5827 audet
2477 5770 2693 5835 dicere,
2740 5768 2878 5824 Deus
2904 5778 3008 5824 eSt.
3043 5785 3062 5819 ι
3092 5766 3410 5839 (Augustin.
3440 5808 3454 5832 ,
3488 5767 3676 5839 Epist.

2069 5870 2206 5935 166,
2258 5884 2375 5940 pag.
2432 5866 2570 5934 584;
2604 5863 2767 5921 Cicer.
2789 5906 2804 5931 ,
2834 5862 2921 5918 lib.
2953 5878 2968 5919 ι
3016 5859 3231 5917 Tuscul.
3258 5901 3275 5929 ,
3306 5878 3429 5933 pag.
3478 5860 3603 5917 125.
3646 5862 3677 5933 )
