3918 6334
200 368 290 422 4ἷῖ
1405 368 1467 424 ΙΝ
1514 366 1794 426 ARNOBII

1934 371 2087 427 (ᾺΡ.
2133 372 2222 427 ΙΧ.

3390 376 3500 433 478

203 484 400 541 ialsam
422 484 635 557 ‘itaque
682 485 827 541 hanc
856 483 1162 556 opinionem
1202 483 1342 539 haud
1379 484 1543 540 dubie
1584 486 1791 539 notavit
1817 490 1870 550 Λ
1894 501 2117 542 sennam
2145 487 2197 541 id
2230 487 2321 543 ille
2344 486 2519 552 dixit;
2570 486 2665 542 sed
2692 486 2938 543 eamdem
2969 487 3345 557 probationem
3380 489 3504 544 aliis

204 578 461 633 Arnobius
487 620 505 645 ,
534 578 630 633 ubi
654 588 817 649 negat
848 578 1045 631 animas
1070 575 1223 648 Regis
1251 578 1465 631 maximi
1494 594 1602 632 esse
1623 578 1783 647 ﬁlias.

202 670 429 742 (Arnob.,
462 672 555 725 lib.
580 687 649 733 ιι.
678 688 800 742 pag.
831 670 902 727 68
928 680 977 725 et
1003 669 1164 743 seqq.)
1204 671 1334 725 Eam
1375 681 1553 726 autem
1585 672 1688 727 hoc
1712 688 1797 726 ar-

204 773 444 835 gumento
472 764 779 821 convellit:
814 783 833 815 s
870 764 1025 834 Quod
1065 765 1109 818 si
1156 773 1364 831 essent,
1406 775 1465 818 ut
1501 764 1641 818 fama
1670 774 1752 819 est
1777 807 1791 830 ,

206 857 477 913 dominicae
508 858 677 927 prolis
694 866 751 911 et
771 856 1054 926 potestatis
1077 857 1272 911 animae
1296 858 1572 927 generatio
1596 857 1795 927 princi-

204 953 364 1023 palis.
416 952 557 1007 nihil
600 952 680 1006 eis
728 952 797 1006 ad
848 952 1237 1021 perfectionem
1284 953 1547 1007 defuisset
1594 956 1795 1007 virtute

205 1046 591 1116 perfectissima
642 1046 957 1117 procreatis.
1013 1047 1189 1102 Unum
1222 1064 1411 1102 omnes
1458 1046 1792 1103 intellectum

202 1141 508 1196 habuissent
528 1184 545 1205 ,
579 1157 852 1211 tutumque
878 1155 1228 1207 consensum,
1258 1144 1434 1195 aulam
1465 1157 1681 1210 semper
1710 1142 1795 1195 itt-

202 1234 427 1289 colerent
463 1239 703 1304 regiam,
743 1248 844 1289 nec
872 1235 1253 1303 praetermissis
1284 1235 1633 1289 beatitudinis
1656 1233 1797 1289 sedi-

201 1327 311 1388 bus,
342 1326 395 1379 in
419 1327 622 1395 quibus
647 1326 1059 1394 angustissimas
1089 1338 1351 1381 noverant
1380 1328 1796 1398 retinebantque

202 1420 483 1485 doctrinas,
515 1420 893 1491 imprudenter
921 1429 1241 1490 appeterent
1269 1431 1483 1475 terrena
1515 1422 1629 1475 hinc
1652 1421 1789 1486 loca,

201 1514 492 1569 tenebrosis
540 1523 598 1569 ut
633 1513 951 1581 corporibus
990 1514 1276 1579 involutae,
1310 1514 1449 1569 inter
1485 1516 1703 1584 pituitas
1742 1522 1797 1569 et

200 1609 501 1676 sanguinem
551 1607 847 1677 degerent,
889 1608 1030 1662 inter
1069 1609 1324 1663 stercttris
1362 1608 1461 1663 hos
1509 1618 1693 1671 utres,
1741 1619 1795 1663 et

200 1701 381 1754 saccati
405 1700 851 1755 obscmttissitnas
874 1701 1066 1755 serias.
1104 1720 1121 1753 ι
1167 1700 1357 1759 Nonne
1382 1718 1517 1756 vero
1542 1703 1794 1773 Augusti-

199 1806 290 1845 nus
334 1791 498 1845 simili
550 1791 962 1861 argumentandi
1007 1793 1216 1848 ratione
1263 1793 1591 1849 Manicltmos
1622 1836 1637 1861 ,
1698 1795 1787 1865 qui

1901 588 2081 635 tamen
2111 579 2291 634 verbis
2325 580 2441 636 fuse
2471 581 2666 649 repetit
2696 588 2751 634 et
2780 580 3034 636 inculcat.
3065 580 3307 652 (Ληθὼ,
3330 580 3419 635 lib.
3440 596 3499 650 tt,

1902 690 2020 744 pag.
2052 672 2122 727 76
2152 682 2198 727 et
2226 690 2359 745 seqq.
2388 675 2405 744 )

1974 765 2042 820 At
2064 767 2301 821 nonnulli
2334 766 2471 821 hanc
2502 767 3028 837 argumentationem
3058 777 3285 823 censent
3308 783 3500 824 eorum

1904 871 2025 912 esse
2047 899 2063 925 ,
2092 860 2180 927 qui
2211 858 2483 915 hominem
2513 874 2542 912 a
2569 860 2680 913 Deo
2709 869 2950 914 creatum
2983 861 3271 930 negabant.
3296 859 3403 914 Sed
3448 859 3502 916 id

1901 960 2047 1004 certe
2079 959 2135 1003 ut
2164 951 2263 1005 rite
2293 965 2356 1006 ac
2391 952 2689 1022 prudenter
2718 960 3044 1006 annotarent
3074 996 3088 1018 ,
3135 951 3292 1007 nobis
3320 966 3505 1008 osten-

1901 1042 2030 1097 dere
2074 1043 2379 1105 debebant.
2426 1044 2700 1114 quomodo
2742 1046 3012 1100 Arnobius
3057 1060 3119 1100 ea
3159 1054 3506 1117 argumenta-

1901 1137 2046 1191 tione
2071 1178 2084 1201 ,
2119 1138 2257 1193 sicut
2289 1140 2363 1193 illi
2397 1140 2543 1209 impii
2578 1142 2781 1195 erroris
2812 1140 3132 1196 defensores
3155 1181 3172 1206 ,
3223 1142 3501 1197 abutatur.

1898 1230 2031 1285 Nam
2075 1234 2118 1288 si
2150 1234 2221 1287 ibi
2269 1235 2358 1288 ille
2386 1249 2575 1289 eorum
2618 1244 2823 1289 tantmn
2855 1236 2944 1304 qui
2976 1237 3185 1291 animas
3225 1237 3503 1292 hominum

1899 1335 1950 1379 et
1974 1326 2207 1391 divinas,
2241 1336 2293 1379 et
2322 1327 2630 1389 dominicm.
2670 1330 2745 1383 ttti
2779 1330 3015 1398 loquitur
3042 1331 3209 1401 prolis
3234 1372 3250 1397 ,
3281 1345 3377 1386 seu
3408 1332 3502 1387 Dei

1899 1420 2036 1475 filias
2063 1436 2185 1475 esse
2212 1422 2522 1491 garriebant
2547 1464 2562 1487 ,
2601 1439 2847 1477 errorem
2873 1426 3040 1477 voluit
3081 1424 3349 1490 refellere,
3393 1440 3499 1480 non

1898 1513 2040 1567 male
2066 1512 2292 1567 forsitan
2324 1513 2443 1569 illos
2465 1558 2480 1579 ,
2507 1514 2663 1569 sicuti
2686 1516 3013 1585 Augustinus
3038 1557 3054 1581 ,
3086 1516 3170 1570 ltis
3200 1516 3501 1572 rationibus

1898 1604 2250 1674 impugnavit.
2288 1604 2427 1659 Nihil
2461 1607 2646 1671 enim,
2684 1608 2783 1661 nisi
2820 1608 3294 1675 perfeCtissimutn,
3326 1624 3357 1662 a
3392 1610 3500 1663 Deo

1897 1697 2167 1765 prolicisei
2198 1707 2393 1767 potest.
2425 1698 2626 1753 Verum
2650 1702 2771 1769 quia
2803 1699 2873 1753 ibi
2904 1701 3004 1754 hoc
3032 1700 3152 1768 ipso
3177 1712 3500 1771 argumento

1897 1791 2231 1856 probandum
2263 1792 2313 1845 in
2345 1806 2406 1846 se
2435 1783 2741 1862 suscepisse
2769 1793 2999 1859 videtur,
3036 1794 3242 1846 animas
3285 1807 3499 1848 nostras

201 1884 418 1938 animam
462 1893 678 1954 partem
716 1885 806 1937 Dei
835 1899 959 1939 esse
985 1885 1331 1957 garriebant,
1371 1897 1557 1957 aperte
1595 1887 1792 1942 obterit
1824 1880 1871 1941 Β
1898 1898 2004 1937 non
2049 1884 2117 1937 ah
2165 1888 2538 1955 omnipotente
2577 1888 2721 1949 Deo,
2768 1887 2863 1941 sed
2912 1886 2981 1939 ab
3027 1886 3147 1940 aliis
3177 1885 3497 1954 quibusdam

198 1991 253 2032 ac
279 1978 592 2047 prosternit.
628 1975 752 2029 llgec
782 1986 961 2030 autent
994 1976 1139 2031 illius
1169 1986 1294 2031 sunt
1315 1978 1379 2031 ad
1404 1976 1791 2048 Hieronymum

197 2070 257 2126 de
297 2072 473 2125 anima
525 2071 814 2124 scribentis
866 2069 1031 2124 verba
1085 2088 1098 2124 :
1155 2088 1173 2121 ι
1227 2069 1343 2125 Non
1393 2083 1475 2125 est
1524 2086 1650 2140 pars
1699 2071 1791 2126 Dei

198 2164 378 2218 anima.
411 2163 471 2219 Si
504 2164 650 2217 enim
684 2162 784 2216 ltoc
810 2173 955 2217 esset
979 2204 994 2228 ,
1029 2163 1340 2217 omnimodo
1373 2163 1792 2218 incommutabi-

198 2258 256 2311 lis
277 2266 430 2326 atque
460 2254 882 2321 ittcorruptibilis
902 2264 1064 2310 esset.
1093 2254 1245 2323 Quod
1270 2257 1314 2310 si
1343 2265 1508 2321 esset,
1540 2273 1637 2311 nec
1668 2256 1771 2312 de-

204 2347 375 2404 liceret
406 2348 457 2402 in
490 2347 756 2412 deterius,
790 2362 889 2401 nec
918 2348 1200 2416 proliceret
1226 2348 1282 2402 in
1313 2348 1540 2412 melius;
1572 2364 1671 2403 nec
1694 2350 1793 2403 ali-

200 2439 314 2508 quid
350 2441 400 2493 itt
448 2439 741 2507 semetipsa
791 2438 875 2492 vel
921 2439 1184 2507 inciperet
1224 2440 1458 2507 habere,
1492 2442 1634 2510 quod
1682 2458 1790 2496 non

202 2533 439 2598 habebat,
472 2536 561 2589 vel
586 2534 862 2589 desineret
887 2533 1111 2600 ltabere,
1138 2535 1280 2606 quod
1312 2537 1582 2603 habebat,
1615 2552 1790 2607 quan-

203 2641 302 2683 tum
340 2630 403 2683 ad
442 2630 564 2700 ejus
606 2628 775 2699 ipsius
803 2627 1131 2685 affectiones
1153 2632 1409 2701 pertinet.
1453 2634 1625 2699 Quam
1665 2648 1792 2687 vero

202 2722 345 2776 aliter
374 2739 434 2778 se
464 2722 698 2787 habeat,
749 2738 855 2778 non
886 2738 1021 2793 opus
1058 2732 1144 2778 est
1172 2725 1510 2779 extrinsecus
1546 2725 1792 2780 testimo-

203 2815 602 2887 niozqnisquis
640 2816 883 2885 seipsum
927 2816 1192 2883 advertit,
1232 2819 1531 2888 cognoscit.
1574 2838 1593 2870 ι
1641 2820 1794 2890 (Au-

202 2911 408 2979 gustin.,
435 2911 589 2981 epist.
630 2910 754 2973 166,
789 2927 909 2981 pag.
944 2910 1117 2983 584.)

266 3006 507 3062 Maxima:
560 3006 724 3062 etiam
764 3008 1087 3062 temeritatis
1126 3022 1220 3064 eos
1260 3017 1451 3062 auctor
1488 3019 1673 3063 noster
1704 3026 1792 3065 re-

204 3099 402 3170 darguit
420 3143 435 3167 ,
470 3100 568 3171 qui
596 3100 863 3155 docebant
893 3101 1103 3156 animas
1129 3117 1252 3157 esse
1278 3104 1487 3172 genitas
1513 3120 1542 3157 a
1569 3104 1679 3159 Deo
1698 3145 1713 3168 ,
1742 3115 1796 3158 et

207 3193 299 3247 huc
327 3195 392 3247 ab
420 3193 518 3248 illo
554 3193 780 3258 missas,
812 3201 871 3247 ut
897 3209 1017 3263 qua:
1044 3193 1240 3248 divina:
1276 3210 1337 3246 ac
1370 3195 1583 3263 penitus
1615 3197 1793 3250 incor-

1896 1977 2253 2045 potesmtibtts
2308 1979 2631 2048 procreari,
2706 1994 2810 2033 non
2866 1980 3042 2032 tttititts
3096 1978 3279 2047 procul
3334 1977 3499 2032 dubio

1896 2072 2087 2126 vitiosa
2115 2083 2197 2128 est
2238 2073 2355 2129 inec
2384 2074 2527 2129 illitis
2554 2075 2821 2144 probatio,
2853 2089 3013 2146 quam
3044 2074 3174 2128 falsa
3205 2074 3495 2128 sententia.

1894 2163 2090 2220 Utrum
2124 2176 2303 2220 autetn
2333 2166 2406 2220 ita
2436 2168 2503 2221 de
2534 2166 2730 2221 animse
2760 2166 2969 2237 origine
2996 2180 3189 2221 revera
3221 2167 3498 2233 senserit,

1894 2258 2125 2313 articulo
2156 2260 2402 2329 sequenti
2436 2260 2897 2330 investigabimus.

1967 2351 2316 2407 Gravioribus
2340 2367 2502 2423 porro
2526 2354 2795 2407 rationum
2827 2354 3115 2407 momentis
3137 2354 3250 2423 ipse
3268 2361 3323 2408 et
3347 2352 3495 2407 hunc

1893 2445 2132 2497 concutit
2176 2460 2453 2511 errorem,
2496 2462 2602 2516 quo
2648 2447 2844 2501 anima:
2896 2457 3097 2499 nostra}
3145 2443 3502 2500 tradebantur

1894 2537 2110 2607 generis
2159 2552 2282 2592 esse
2330 2536 2502 2591 divini
2550 2536 2761 2609 (Ibid.,
2809 2538 3030 2609 1209.56
3071 2550 3117 2591 et
3159 2553 3297 2607 seqq.
3332 2538 3395 2604 );
3438 2544 3503 2591 ’et

1895 2630 2058 2684 alium
2086 2673 2098 2695 ,
2145 2646 2254 2702 quo
2288 2631 2453 2688 iidem
2486 2633 2627 2688 haud
2659 2633 2823 2688 dubie
2854 2632 3162 2704 philosnplti
3191 2633 3505 2702 garriehant

1894 2738 1985 2777 eas
2024 2724 2115 2778 diu
2158 2735 2283 2779 ante
2324 2742 2521 2797 corpus
2552 2728 2850 2782 existentes
2876 2769 2891 2794 ,
2946 2728 2997 2781 in
3047 2728 3190 2782 hunc
3240 2728 3501 2783 mundum

1895 2816 2147 2871 omnibus
2179 2819 2421 2873 scientiis
2445 2859 2461 2886 ,
2492 2819 2793 2889 disciplinis
2815 2864 2829 2887 ,
2862 2830 2915 2875 et
2941 2821 3147 2875 artibus
3182 2822 3498 2890 plenissime

1896 2910 2187 2967 instructas
2215 2913 2500 2969 advolasse
2526 2932 2541 2981 ;
2572 2926 2736 2985 atque
2764 2915 2900 2970 adeo
2928 2916 3162 2969 hominis
3187 2916 3496 2981 scientiam,

1898 3004 1976 3057 uti
2020 3006 2326 3061 somniabat
2372 3006 2525 3062 Plato
2551 3051 2566 3074 ,
2618 3007 2747 3061 nihil
2781 3021 2901 3061 esse
2945 3007 3091 3062 aliud
3132 3008 3231 3061 nisi
3263 3009 3503 3076 priorum

1896 3095 2324 3152 recordationem
2355 3099 2373 3170 (
2411 3098 2565 3153 l’lato
2591 3142 2603 3162 ,
2640 3101 2692 3152 in
2722 3099 2983 3154 Plta'don.
3009 3142 3023 3166 ,
3060 3111 3184 3153 tom.
3220 3117 3255 3160 ι,
3286 3118 3405 3171 pug.
3434 3101 3505 3155 72

1897 3201 1943 3243 et
1975 3208 2109 3261 seqq.
2134 3208 2150 3254 ;
2174 3194 2228 3245 in
2258 3192 2495 3257 Menam,
2520 3202 2646 3247 tom.
2680 3209 2717 3248 ιι
2741 3236 2755 3259 ,
2780 3210 2901 3265 pag.
2934 3195 2995 3249 8i
3034 3206 3077 3247 et
3100 3211 3236 3264 seqq.
3268 3211 3281 3260 ;
3312 3195 3502 3261 (licem,

203 3301 372 3350 parete
404 3294 614 3340 natura:
644 3294 790 3350 sunt,
827 3287 878 3340 in
914 3286 1143 3340 humana
1175 3301 1406 3357 corpora
1432 3287 1793 3343 detruduntur
1822 3277 1867 3340 C
1900 3282 1987 3336 lib.
2024 3299 2077 3351 ι,
2110 3282 2324 3339 Tuscul.
2354 3328 2367 3351 ,
2401 3304 2523 3357 pag.
2561 3286 2717 3353 ΗΔ).
2778 3289 2986 3341 Anima:
3023 3288 3222 3342 etenim
3255 3288 3505 3343 humana:

207 3380 471 3451 (Arnob.,
522 3380 611 3434 lib.
642 3396 716 3446 ιι,
764 3396 883 3449 pag.
919 3380 1052 3449 55).
1107 3380 1256 3436 llauc
1306 3397 1435 3435 vero
1484 3381 1793 3450 opinionem

205 3474 381 3528 iisdem
410 3474 526 3529 fere
549 3489 613 3528 ac
643 3474 1041 3542 prwcedeutem
1071 3475 1371 3529 rationibus
1395 3474 1630 3530 relutare
1665 3474 1794 3529 niti-

209 3576 301 3621 tur.
341 3568 484 3622 Nulli
528 3568 837 3637 siqnidem,
866 3570 983 3639 a‘t(
1011 3567 1151 3623 Ibid.
1181 3611 1194 3635 ,
1244 3586 1362 3639 pag.
1406 3570 1475 3624 70
1505 3580 1551 3624 et
1592 3587 1729 3640 seqq.
1751 3570 1793 3641 ),

206 3662 452 3717 credibile
481 3662 612 3718 ﬁet.
656 3664 865 3717 animas
893 3663 1008 3716 illas
1048 3679 1076 3716 a
1107 3664 1219 3718 Deo
1250 3656 1305 3718 in
1336 3664 1593 3719 mundum
1625 3674 1796 3718 trans-

209 3756 333 3809 mitti
355 3796 370 3819 ,
422 3764 482 3810 ut
522 3770 590 3809 ex
622 3754 838 3809 feminis
879 3766 1013 3809 orta:
1035 3797 1049 3820 ,
1101 3756 1387 3821 omnibus,
1434 3771 1553 3825 qua:
1582 3756 1648 3809 ab
1680 3756 1796 3825 ipso

209 3848 467 3905 uberrime
491 3857 857 3919 exponuntur,
890 3848 1127 3905 infantize
1154 3859 1316 3921 atque
1348 3851 1573 3904 aliarum
1612 3860 1795 3919 postea

208 3952 411 3998 aetatum
440 3943 674 3999 miseriis
699 3986 712 4009 ,
742 3944 994 3998 aerumnis
1021 3985 1034 4006 ,
1068 3944 1462 3998 calamitatibus
1483 3986 1498 4009 ,
1540 3945 1754 3998 casibus
1778 3986 1793 4010 ,

207 4036 427 4103 damnis,
462 4038 843 4104 incommodis,
885 4038 1061 4107 pravis
1102 4037 1264 4091 animi
1293 4036 1597 4103 affectibus,
1630 4038 1793 4102 vitiis,

207 4131 467 4197 petentis,
511 4130 807 4185 sceleribus
829 4170 843 4194 ,
895 4128 1106 4200 ﬂagitiis
1134 4171 1146 4193 ,
1196 4129 1513 4195 maleﬁciis,
1566 4130 1797 4200 aliisque

208 4223 350 4278 malis
376 4225 483 4277 sint
517 4222 789 4279 obnoxiae.

272 4313 456 4385 Neque
503 4314 620 4369 vult
660 4314 762 4369 sibi
804 4312 1123 4384 responderi
1167 4313 1289 4367 illas
1334 4329 1431 4368 sua
1478 4314 1795 4379 voluntate,

207 4421 303 4460 non
332 4408 423 4463 Dei
450 4408 605 4477 jussu
634 4405 739 4462 huc
769 4407 1000 4461 venisse.
1029 4405 1048 4477 (
1075 4404 1214 4459 Ibid.
1238 4450 1253 4470 ,
1287 4423 1418 4478 pag.-
1442 4406 1513 4460 75
1540 4416 1584 4461 et
1613 4422 1749 4477 seqq.
1780 4406 1798 4478 )

210 4498 332 4554 Nam
368 4500 414 4555 si
458 4516 547 4555 res
585 4501 655 4554 ita
685 4500 787 4557 sit.
828 4498 1175 4568 omnipotens
1204 4499 1342 4554 Deus
1373 4498 1653 4568 prmvidit,
1700 4513 1799 4555 nec

209 4594 335 4648 sicut
360 4602 590 4665 poterat,
620 4590 913 4662 prohibuit.
945 4608 1013 4645 ne
1042 4590 1145 4645 illa:
1174 4592 1334 4661 primi
1364 4590 1598 4645 numinis
1625 4591 1788 4647 sobo-

1898 3377 1943 3431 si
1970 3388 2152 3431 essent
2179 3379 2376 3434 divina:
2400 3420 2413 3441 ,
2450 3390 2499 3434 et
2538 3382 2718 3434 omnia
2748 3381 2876 3435 olim
2903 3383 3282 3449 cognovissent
3307 3424 3321 3447 ,
3362 3383 3504 3437 nulla

1898 3485 2018 3525 esse
2057 3484 2240 3541 posset
2282 3474 2423 3527 inter
2454 3473 2708 3528 homines
2738 3474 2844 3528 ulla
2887 3476 2954 3529 de
2984 3491 3041 3528 re
3070 3475 3358 3529 (ιιμευιιδίο.
3406 3480 3498 3528 Λι-

1898 3565 1987 3635 qui
2030 3566 2130 3621 hoc
2169 3567 2515 3622 falsissimum
2564 3582 2685 3623 esse
2725 3572 2845 3639 quis
2888 3569 3085 3623 mentis
3126 3584 3239 3624 sure
3280 3583 3506 3638 compos

1900 3675 2150 3730 umquam
2183 3662 2445 3732 negabit?

1972 3753 2125 3808 Plato
2169 3765 2346 3809 tamen
2394 3755 2534 3812 hanc
2577 3760 2917 3829 quantumvis
2961 3757 3250 3813 absurdam
3288 3760 3503 3829 opinio-

1900 3864 2045 3910 nem,
2079 3863 2238 3921 atque
2267 3861 2319 3904 ut
2342 3861 2493 3921 putat
2518 3853 2847 3920 Lactantius,
2874 3869 2937 3907 ex
2970 3862 3247 3923 poetarum
3276 3856 3502 3925 figmen-

1902 3943 1971 3999 tis
2003 3942 2249 3999 haustam
2275 3990 2288 4011 ,
2325 3948 2652 4002 confirmare
2684 3948 2839 4002 sicuti
2882 3948 3073 4002 Cicero
3117 3949 3278 4002 etiam
3310 3950 3502 4002 obser-

1900 4046 2021 4101 vat,
2063 4038 2254 4092 nititur
2300 4040 2551 4110 exemplo
2602 4042 2879 4107 pusionis,
2933 4044 3021 4111 qui
3066 4044 3134 4094 de
3175 4043 3504 4111 geometrica

1900 4128 2237 4187 dimensione
2280 4136 2643 4205 interrogatus
2671 4177 2687 4200 ,
2737 4137 2814 4189 sic
2844 4136 3173 4207 respondet,
3203 4136 3357 4207 quasi
3387 4136 3507 4192 sine

1902 4225 2161 4295 magistro
2202 4227 2558 4296 geometriam
2606 4227 2859 4283 didicerit
2900 4231 2919 4299 (
2951 4228 3124 4291 Plato,
3160 4231 3214 4283 in
3247 4228 3458 4283 Menon.
3490 4273 3505 4297 ,

1903 4326 2025 4370 tom.
2060 4333 2117 4383 ll,
2145 4336 2263 4389 pag.
2298 4318 2368 4375 8‘2
2394 4328 2440 4372 et
2462 4337 2626 4391 seqq.;
2654 4321 2843 4385 Cicer.,
2874 4321 2962 4375 lib.
2991 4339 3003 4376 t
3033 4320 3241 4375 Tuscul.
3292 4333 3505 4391 (μείρει,

1903 4430 2021 4485 pag.
2056 4415 2161 4469 1⁸24
2185 4458 2199 4480 ,
2228 4415 2320 4469 lin.
2348 4414 2420 4470 Ἡ
2448 4414 2488 4485 ).
2526 4414 2717 4471 Verum
2748 4415 2881 4469 illud
2923 4415 3193 4486 opinionis
3224 4430 3508 4472 continen-

1903 4514 2013 4560 tum
2042 4507 2148 4561 alio
2177 4507 2360 4569 simili,
2392 4506 2485 4562 sed
2514 4508 2672 4578 longe
2701 4507 2993 4563 efficaciori
3024 4510 3279 4578 exemplo
3310 4511 3376 4561 ab
3401 4511 3507 4566 Ar.

1902 4603 2065 4657 nohio
2092 4612 2277 4657 nostro
2307 4602 2626 4658 destruitur.
2658 4602 2759 4669 Sit,
2794 4606 2964 4674 inquit
2992 4605 3010 4677 (
3044 4605 3235 4658 Arnob.
3266 4646 3278 4670 ,
3314 4606 3403 4660 lib.
3439 4622 3493 4671 tt,

211 4685 313 4751 les,
355 4687 407 4740 in
448 4697 525 4741 tot
550 4694 803 4756 tantaque
833 4684 1143 4739 laberentur
1175 4684 1398 4738 crimina
1422 4726 1437 4751 ,
1466 4694 1523 4739 et
1560 4683 1753 4753 ﬂagitia
1780 4727 1795 4752 ,
1824 4678 1879 4740 D
1906 4711 2027 4765 pag.
2059 4696 2127 4750 57
2158 4706 2204 4749 ct
2236 4712 2375 4767 seqq,
2396 4694 2414 4766 )
2439 4738 2455 4761 ,
2488 4712 2622 4766 puer
2649 4696 2843 4768 aliquis
2876 4698 2927 4751 in
2956 4698 3325 4753 secretissimo
3367 4699 3507 4765 loco,

213 4794 372 4847 neque
398 4787 477 4833 tot
503 4789 757 4847 tantaque
795 4777 989 4832 damna
1016 4820 1030 4843 ,
1066 4778 1328 4844 adversa,
1378 4791 1441 4832 ac
1476 4777 1799 4833 detrimenta

216 4884 538 4944 paterentur.
572 4876 641 4927 At
665 4887 796 4927 sane
835 4871 1099 4944 quisquis,
1134 4888 1253 4927 cum
1290 4881 1486 4942 potest,
1519 4873 1657 4927 mala
1692 4887 1799 4927 non

214 4969 461 5039 impedit,
501 4968 595 5025 sed
641 4967 936 5038 permittit,
982 4981 1169 5021 eorum
1218 4982 1379 5021 causa
1417 4978 1520 5021 est.
1568 4968 1797 5036 Impium

215 5077 334 5116 vero
377 5062 526 5117 dictu
564 5065 730 5119 Deum
761 5061 1218 5132 sapientissimum
1267 5072 1321 5116 et
1355 5062 1795 5133 benignissimum

217 5165 285 5209 tet
312 5165 685 5227 tantorumque
716 5155 980 5209 malorum
1013 5170 1135 5211 esse
1161 5171 1378 5210 causam
1407 5197 1421 5222 ,
1450 5173 1622 5227 eoque
1644 5156 1799 5212 sicuti

219 5259 435 5317 poterat,
486 5265 588 5303 tton
635 5247 982 5319 prohibente,
1030 5254 1237 5303 animas
1288 5249 1433 5315 prius
1481 5249 1699 5315 felices,
1746 5258 1801 5306 et

218 5343 378 5395 omnis
405 5343 650 5398 humanae
676 5343 1013 5412 eontagionis
1040 5351 1293 5411 expertes
1311 5383 1326 5408 ,
1373 5344 1436 5396 ad
1462 5345 1712 5399 miserant
1746 5355 1801 5401 et

220 5436 281 5489 ad
301 5451 461 5491 omne
507 5437 729 5492 sceleris
758 5451 931 5506 genus
960 5437 1251 5505 proclivem
1294 5436 1571 5491 hominum
1617 5440 1800 5494 condi-

222 5531 412 5587 tionem
460 5532 595 5587 mitti
624 5547 689 5587 ae
719 5531 912 5600 redigi.
967 5530 1157 5586 Nonne
1188 5534 1326 5586 Deus
1362 5534 1591 5602 perfecta
1624 5536 1801 5588 onmia

224 5625 372 5690 facit,
399 5635 453 5680 et
478 5626 780 5698 integritatis
810 5641 915 5680 sua:
940 5668 955 5693 ,
990 5627 1130 5680 sicut
1154 5629 1231 5681 ait
1255 5626 1529 5682 Arnobius
1552 5671 1566 5693 ,
1595 5646 1800 5683 conser-

224 5719 683 5775 vantiaumnsiones
714 5721 843 5789 (nts.
875 5719 1025 5792 cod.)
1047 5721 1355 5786 mensiones,
1383 5737 1477 5775 seu
1509 5722 1804 5777 dimensio-

226 5828 331 5879 nes,
358 5815 514 5869 sicuti
541 5831 601 5872 ex
633 5816 897 5872 Cicerone
919 5816 1217 5886 probatur?
1256 5815 1275 5887 (
1309 5816 1472 5871 Cicer.
1504 5815 1591 5870 lib.
1627 5816 1800 5879 0rat.,

231 5923 337 5979 pag.
367 5906 535 5977 268.)
576 5909 683 5966 Nec
731 5910 901 5966 semel
944 5910 1182 5981 quidem,
1216 5924 1318 5965 nec
1348 5911 1501 5979 quasi
1530 5926 1626 5980 per
1653 5918 1801 5965 tran-

1904 4799 1958 4843 et
2012 4789 2079 4843 ab
2131 4792 2408 4846 hominum
2455 4792 2698 4846 omnium
2754 4791 3088 4847 habitatione
3142 4793 3509 4848 remotissitno

1906 4892 2089 4948 natus,
2118 4899 2181 4938 ac
2214 4895 2479 4954 perpetuo
2502 4885 2553 4938 in
2578 4886 2794 4939 silentio
2814 4926 2829 4951 ,
2863 4888 2983 4941 sine
3006 4886 3110 4940 ulla
3146 4895 3294 4941 veste
3320 4929 3333 4947 .
3367 4902 3508 4942 uno-

1903 4992 2008 5047 que
2031 4986 2238 5031 tantum
2269 4978 2413 5043 cibo,
2437 4988 2490 5031 et
2514 4993 2649 5049 aqua
2669 4979 2781 5033 Sola
2806 4980 2871 5033 ad
2900 4982 3235 5035 tricesimum
3264 4981 3347 5036 vel
3379 4998 3509 5051 qua-

1902 5068 2263 5141 dragesimum
2288 5071 2463 5125 anatis
2503 5087 2614 5125 stite
2643 5087 2840 5127 annum
2868 5074 3130 5128 educatus
3160 5090 3221 5127 ac
3248 5075 3504 5128 nutritus.

1906 5162 2144 5218 Prodeat
2170 5162 2372 5218 deinde
2414 5166 2466 5217 iu
2502 5164 2780 5220 hominum
2808 5178 3007 5222 coetum
3033 5209 3047 5230 ,
3083 5176 3243 5236 atque
3278 5169 3507 5223 interro.

1904 5269 2062 5329 getur
2082 5260 2151 5315 de
2177 5272 2331 5328 patre
2375 5276 2475 5315 suo
2501 5302 2515 5325 ,
2550 5260 2616 5315 de
2644 5276 2739 5315 sua
2766 5262 3087 5317 educatione
3126 5272 3182 5316 et
3210 5263 3372 5317 domo
3397 5306 3410 5327 ,
3441 5270 3508 5318 de

1906 5354 2072 5408 variis
2142 5355 2375 5409 vestium
2443 5356 2797 5425 ciborumque
2852 5356 3183 5426 generibus,
3238 5356 3305 5410 de
3358 5358 3505 5424 Sole,

1906 5449 2054 5517 luna,
2087 5458 2253 5511 terra,
2282 5450 2349 5505 de
2378 5453 2700 5520 geometria,
2731 5454 2883 5505 sicuti
2918 5452 3159 5506 Platonis
3206 5453 3383 5522 pusio,
3417 5462 3509 5505 aut

1904 5543 2008 5597 alia
2037 5543 2278 5613 qualibet
2308 5544 2594 5615 disciplina
2616 5588 2631 5611 ,
2664 5559 2841 5599 nonne
2875 5545 2965 5599 ille
2988 5561 3051 5599 ea
3083 5544 3264 5599 munia
3292 5546 3503 5615 ignora-

1907 5636 2002 5702 bit,
2029 5648 2083 5691 et
2112 5640 2303 5707 magis,
2329 5655 2488 5710 quam
2516 5640 2699 5707 piscis,
2731 5647 2911 5691 mutus
2938 5639 3081 5693 erit?
3111 5641 3162 5694 Si
3192 5654 3352 5708 quant
3380 5652 3507 5691 vero

1906 5748 2094 5787 vocent
2127 5734 2379 5789 emittere
2412 5744 2654 5805 cogatur,
2684 5732 2972 5803 quamdam
3004 5733 3225 5786 minime
3254 5731 3508 5784 articula-

1908 5832 2016 5878 tant
2048 5825 2257 5879 reddet.

1985 5916 2069 5971 Ad
2109 5917 2355 5976 Platonis
2388 5927 2569 5976 autem
2603 5919 2887 5990 pusionem
2915 5918 3057 5989 quod
3091 5926 3295 5987 spectat
3319 5960 3333 5980 ,
3382 5931 3512 5973 cou-
