3918 6334
373 366 482 426 479

375 578 491 646 det,
521 595 627 637 non
654 596 719 636 ex
751 580 851 646 iis,
884 596 1006 652 quae
1035 580 1436 636 reminiscendo
1459 584 1836 652 recognoscit,
1869 584 1968 639 sed

374 684 447 726 ex
504 672 624 727 aliis
655 714 670 732 .
715 687 837 742 quae
874 672 1193 742 quotidiano
1231 688 1329 725 usu
1369 672 1652 738 didicerat,
1708 674 1836 730 dare
1885 692 1972 731 re-

375 777 598 835 sponsa.
630 764 969 836 Quapropter
1003 766 1127 819 hinc
1153 774 1343 819 auctor
1373 768 1970 824 noster'concludittota

372 858 461 911 via
508 872 723 914 errasse
770 858 1048 913 Platonem
1077 858 1272 926 (Plat.,
1310 860 1368 913 in
1404 858 1596 913 Timaeo
1625 901 1639 924 ,
1698 870 1820 921 tam.
1872 879 1966 929 ιιι,

375 964 499 1020 pag.
530 944 595 1005 41
627 950 685 1021 ),
712 949 807 1021 qui
835 951 1085 1020 opinatur
1118 951 1325 1004 animas
1366 952 1646 1006 hominum
1678 953 1889 1009 divinas
1916 966 1971 1011 et

375 1045 616 1100 scientiis
645 1044 897 1099 omnibus
921 1044 1176 1111 imbutas,
1206 1046 1260 1099 in
1284 1047 1438 1102 hunc-
1455 1047 1713 1103 mundum
1745 1065 1811 1104 ex
1835 1051 1971 1105 vivis

376 1138 595 1209 prodire
627 1138 947 1193 crateribus.
998 1138 1109 1194 Sed
1150 1138 1426 1195 fatendum
1472 1152 1554 1195 est
1586 1142 1637 1196 in
1669 1141 1769 1197 hac
1807 1159 1967 1215 argu-

376 1220 712 1289 mentatione
743 1233 1046 1289 Arnobium
1076 1234 1312 1304 plurium
1343 1250 1526 1290 rerum
1554 1276 1568 1301 ,
1626 1252 1746 1306 quae
1776 1252 1964 1308 parum

375 1324 445 1380 ad
496 1340 614 1381 eam
664 1325 1079 1393 conducebant,
1135 1328 1547 1384 enumeratione
1595 1330 1763 1385 multo
1812 1345 1965 1400 esse,

376 1433 537 1489 quam
569 1434 664 1488 par
692 1428 830 1485 erat,
862 1419 1182 1490 longiorem.

447 1511 697 1566 Pressius
724 1512 907 1579 itaque
941 1521 995 1568 et
1028 1514 1206 1568 acrius
1240 1514 1331 1570 ille
1369 1514 1650 1572 Platonem
1684 1517 1763 1571 sic
1786 1526 1964 1588 urget.

372 1600 429 1656 Si
456 1602 633 1657 anima
665 1603 997 1672 quibuslibet
1036 1605 1302 1661 doctrinis
1330 1608 1538 1662 erudita
1566 1652 1578 1673 ,
1624 1608 1676 1663 in
1706 1610 1963 1665 mundum

375 1694 547 1762 venit,
579 1694 775 1751 docere
798 1698 995 1766 potius,
1024 1713 1186 1768 quam
1209 1698 1423 1755 discere
1454 1700 1718 1775 deberet(
1747 1702 1966 1769 Arnob.,

376 1788 465 1841 lib.
499 1804 568 1853 ιι,
616 1806 737 1861 pag.
782 1791 919 1861 61).
972 1791 1157 1861 Neque
1200 1792 1355 1847 Plato
1396 1795 1621 1863 ejusque
1666 1805 1969 1852 sectatores

1628 368 2078 427 DiSSER’I‘A'I‘iO
2115 370 2392 430 PRIEVIA

377 485 551 543 tendit
571 483 844 542 Arnobius
881 482 1033 539 illum
1054 524 1067 549 ,
1100 481 1145 538 si
1173 491 1323 540 recte
1359 484 1706 555 interrogatis
1742 499 1963 556 respon.
1994 490 2045 547 Λ
2070 488 2339 542 retinentia
2404 487 2564 542 nobis.

3570 382 3689 441 480

2640 488 2744 544 Sed
2802 490 2949 561 prior
3005 491 3162 547 lectio
3215 493 3440 549 Arnobii
3496 502 3680 555 nostri

2074 583 2396 636 auctoritate
2444 583 2757 638 confirmari
2788 586 3022 642 videtur.
3079 587 3153 643 Ibi
3184 598 3365 644 autem
3396 597 3686 662 repetentia

2072 674 2212 730 idem
2240 686 2398 746 atque
2421 677 2720 733 recordatio
2749 680 3031 749 significat.

2680 810 2977 851 Αιιτιευιυδ
3004 812 3038 851 ll
3050 836 3065 850 .

2073 923 2197 972 Num
2219 932 2357 975 recte
2382 927 2625 977 Arnobius
2640 927 2828 978 dixerit
2845 930 3087 978 incertam
3112 942 3226 979 esse
3250 932 3474 982 humane
3497 936 3685 985 animae

2132 988 2400 1059 originem.
2418 1000 2565 1059 atque
2590 992 2642 1039 in
2663 990 2875 1041 Simonis
2897 994 3047 1059 magi_,_
3092 990 3366 1059 Saturnini,
3396 995 3685 1059 Carpocra—

2134 1050 2215 1114 tis,
2242 1056 2295 1097 et
2317 1050 2743 1114 Seleucianorum,
2769 1068 2877 1102 eam
2902 1055 2964 1102 ab
2979 1050 3103 1113 alio,
3150 1068 3297 1114 quam
3324 1050 3431 1107 Deo
3455 1050 3685 1108 creatam

2134 1110 2286 1183 fuisse
2310 1113 2667 1183 adiuuantium.
2714 1129 2937 1165 errorem
2975 1110 3259 1181 impege'rit,
3303 1132 3396 1169 nec
3418 1123 3682 1183 cognitum

2134 1175 2222 1237 ipsi
2248 1174 2395 1225 fuerit
2417 1176 2659 1239 originale
2677 1187 2950 1239 peccatum.

2144 1326 2311 1381 Nemo
2355 1327 2836 1383 sane-dillitebitur
2874 1345 3061 1385 verum
3103 1345 3228 1388 esse
3253 1373 3267 1399 ,
3310 1332 3452 1403 quod
3492 1335 3663 1390 docet

2073 1419 2344 1475 Arnobius
2374 1420 2392 1490 (
2418 1420 2633 1487 Arnob.,
2681 1421 2768 1476 lib.
2801 1438 2861 1487 ιι,
2906 1441 3026 1493 pag.
3068 1422 3179 1496 53)
3206 1466 3221 1490 ,
3264 1440 3456 1482 omnes
3496 1426 3684 1482 homi-

2074 1527 2199 1565 num
2251 1514 2458 1567 animas
2503 1528 2568 1568 ex
2612 1529 2721 1568 uno
2770 1514 3073 1586 eodemque
3120 1513 3271 1571 fonte
3316 1516 3671 1587 proﬂuxisse.

2074 1603 2205 1670 Quis
2245 1606 2313 1659 sit
2345 1614 2523 1659 autem
2558 1607 2644 1660 hic
2665 1605 2818 1674 fons,
2853 1607 2996 1663 unde
3024 1608 3128 1662 illm
3159 1607 3513 1678 proﬂuxerint
3540 1654 3554 1677 ,
3587 1610 3675 1664 ita

2073 1699 2288 1767 quidem
2316 1700 2550 1768 explicat
2579 1710 2637 1755 ut
2664 1701 2971 1770 gravissimi
2997 1703 3204 1756 erroris
3226 1743 3241 1767 ,
3288 1719 3394 1773 quo
3429 1719 3549 1757 eum
3579 1706 3676 1757 in-

2072 1801 2280 1845 certum
2310 1806 2430 1847 esse
2461 1792 2731 1863 signilicat
2757 1835 2772 1860 ,
2824 1793 2965 1849 baud
2996 1793 3156 1864 plane
3184 1794 3456 1851 immerito
3480 1806 3677 1866 postu-

376 1879 709 1949 respondere
735 1890 1130 1951 poteranteam
1150 1927 1164 1949 ,
1216 1900 1339 1940 cum
1370 1902 1603 1957 corpore
1625 1888 1973 1960 circumliga-
2004 1881 2050 1941 B
2080 1885 2237 1942 letur.

376 1978 466 2024 tur
486 2011 501 2036 ,
546 1986 617 2025 ex
646 1971 805 2027 docta
836 1972 950 2029 ﬁeri
980 1975 1367 2030 elementariam
1395 2021 1410 2043 ,
1445 1978 1497 2032 id
1525 1989 1611 2034 est
1635 2023 1650 2047 ,
1686 1990 1746 2035 ut
1774 1997 1841 2037 ex
1869 1982 1969 2037 Se~

376 2079 511 2120 neca
569 2065 922 2137 intelligitur,
979 2070 1173 2140 primis
1230 2070 1515 2127 elementis
1572 2074 1971 2131 informandam

379 2158 551 2232 (Sen.
578 2202 593 2227 ,
645 2162 799 2231 epist.
828 2161 935 2218 306
965 2203 979 2228 ,
1023 2181 1145 2235 pag.
1176 2164 1282 2219 102
1309 2165 1350 2236 ).
1401 2167 1502 2235 Qui
1542 2168 1686 2223 enim
1734 2168 1969 2225 discerni

380 2262 566 2323 posset
606 2263 789 2309 utrum
821 2256 1138 2312 recordetur
1167 2259 1406 2328 priorum
1434 2302 1449 2325 ,
1497 2261 1577 2315 vel
1614 2276 1748 2317 nova
1779 2260 1974 2318 docea-

383 2355 471 2401 tur
496 2347 521 2401 ?

450 2439 531 2495 Ad
562 2439 678 2497 bare
709 2458 844 2497 vero
867 2484 884 2511 ,
930 2446 1107 2500 anima
1151 2448 1474 2519 incorporea
1519 2456 1575 2504 et
1603 2451 1930 2505 immortalis
1953 2492 1967 2516 ,

375 2533 554 2603 qualis
590 2534 659 2589 ab
686 2536 764 2591 eis
791 2551 913 2593 esse
943 2539 1207 2594 asseritur
1226 2585 1242 2610 ,
1277 2542 1427 2596 nullo
1455 2544 1705 2612 corporis
1736 2545 1969 2611 impedi-

377 2635 563 2682 mento
606 2634 785 2697 potest
829 2632 1069 2685 omnium
1119 2635 1268 2702 prius
1312 2638 1651 2706 cognitorum
1697 2639 1970 2694 oblivisci.

376 2717 433 2774 Si
465 2719 519 2774 in
550 2735 611 2776 ea
643 2721 841 2777 etenim
889 2732 1033 2778 tanta
1063 2724 1155 2779 llat
1182 2728 1446 2788 mutatio.
1497 2729 1701 2799 aliquid
1741 2730 1809 2785 de
1836 2731 1971 2786 inte-

374 2812 571 2881 gritate
598 2829 693 2868 sua
726 2814 949 2885 perdet,
983 2825 1143 2888 atque
1174 2822 1247 2873 ita
1276 2821 1550 2890 corrumpi
1584 2824 1824 2891 poterit,
1873 2838 1973 2877 nec

372 2906 608 2978 amplius
637 2910 741 2964 erit
772 2910 1114 2967 immortalis.

449 3002 739 3073 Praeterea,
774 3006 819 3060 si
848 3021 1047 3075 corpus
1078 3008 1272 3062 animat
1301 3008 1497 3064 inferat
1524 3011 1767 3078 pristinae
1794 3014 1973 3069 omnis

375 3094 619 3151 scientiae
658 3106 711 3151 et
749 3098 1071 3168 cognitionis
1099 3100 1428 3157 oblivionem
1455 3145 1470 3169 ,
1521 3104 1793 3173 quomodo
1831 3106 1974 3161 scire

376 3195 557 3257 potest
584 3203 644 3243 se
678 3190 828 3259 prius
878 3192 1194 3248 instructam
1228 3196 1476 3251 scientiis
1497 3238 1510 3261 ,
1542 3198 1826 3253 obstaculo
1848 3214 1972 3254 cor-

374 3280 543 3349 poris,
572 3296 760 3337 earum
788 3286 1030 3339 omnium
1061 3301 1184 3342 esse
1206 3288 1427 3342 oblitam
1453 3289 1476 3341 ἲ

450 3373 693 3445 Denique
720 3377 765 3431 si
789 3376 937 3431 senis
964 3377 1198 3433 hominis
1220 3382 1395 3434 anima
1424 3383 1491 3437 ab
1516 3385 1808 3453 octoginta,
1838 3400 1903 3441 ac
1928 3388 1974 3440 si

376 3468 514 3523 velis
543 3471 831 3538 nonaginta
863 3481 916 3527 et
946 3474 1178 3542 amplius
1218 3476 1375 3530 annis
1406 3490 1637 3547 corpore
1677 3480 1929 3535 conclusa
1955 3526 1970 3549 ,

378 3575 562 3615 rerum
592 3561 731 3633 'pnte
772 3564 1154 3636 quinquaginta
1198 3576 1252 3621 et
1292 3570 1569 3639 sexaginta
1617 3584 1790 3627 annos
1829 3584 1975 3628 acta-

379 3669 518 3719 rum,
546 3655 906 3727 nequidquam
936 3658 1264 3727 impediente
1287 3674 1536 3730 corpore,
1568 3664 1846 3729 meminit;
1876 3681 1974 3721 cur

383 3750 564 3801 omnia
612 3765 736 3820 qua:
779 3760 1066 3821 antequam
1110 3754 1164 3807 in
1208 3768 1409 3829 corpus
1458 3756 1764 3811 mitteretur
1790 3800 1803 3822 ,
1853 3772 1972 3813 eam

380 3841 586 3910 Optime
614 3855 776 3897 nosse
806 3844 990 3908 aiunt,
1026 3844 1126 3913 ipsi
1158 3854 1341 3914 postea
1370 3846 1641 3904 excidisse
1672 3858 1779 3904 tam
1810 3853 1975 3919 perti-

388 3932 601 3987 naciter
626 3935 989 3989 asseverant?

458 4024 537 4079 Ea
572 4041 732 4095 porro
765 4038 892 4082 sunt
920 4030 1143 4083 Arnobii
1186 4043 1497 4101 argumenta
1539 4075 1555 4099 ,
1600 4051 1719 4104 qua:
1757 4036 1973 4107 quidem

379 4120 559 4175 omnia
589 4123 692 4175 etsi
734 4137 841 4176 non
870 4124 1116 4193 ejusdem
1147 4126 1254 4179 sint
1274 4126 1533 4196 ponderis
1558 4170 1573 4193 ,
1604 4145 1765 4185 nemo
1794 4140 1976 4187 tamen

379 4212 702 4268 difﬁtebitur
730 4215 794 4270 iis
823 4217 1079 4271 omnibus
1101 4233 1345 4274 errorem
1370 4220 1611 4275 Platonis
1638 4222 1795 4291 plane
1824 4226 1976 4293 peni-

380 4314 575 4377 tusque
619 4306 847 4362 destrui.
898 4308 981 4364 Ad
1024 4310 1193 4379 ipsius
1227 4322 1406 4366 autem
1434 4314 1662 4368 Arnobii
1703 4315 1770 4368 de
1797 4314 1974 4369 homi-

378 4413 508 4453 num
551 4398 731 4452 anima
773 4399 1150 4469 explicandam
1195 4402 1505 4473 opinionem
1554 4414 1843 4476 antequam
1886 4424 1977 4479 ag-

379 4489 731 4561 grediamur,
785 4491 939 4561 juvat
990 4492 1251 4561 quosdam
1302 4496 1737 4553 animadvertere
1788 4501 1979 4557 modos

376 4581 635 4653 loquendi
662 4625 677 4646 ,
720 4598 859 4653 quos
890 4584 981 4639 ille
1012 4584 1064 4639 in
1093 4584 1193 4640 hac
1224 4587 1590 4658 disputatione
1620 4606 1684 4645 ex
1718 4591 1973 4650 Lucretio

2148 1978 2386 2033 Primum
2414 1979 2556 2034 enim
2585 1978 2847 2035 Ethnicos
2873 1979 3100 2047 inducit,
3129 1980 3216 2050 qui
3239 1980 3308 2035 ab
3338 1981 3455 2052 ipso
3475 1982 3683 2052 exqui-

2076 2080 2235 2133 runt,
2262 2086 2367 2141 quo
2395 2081 2615 2126 auctore
2654 2072 2951 2143 progenitre
2974 2115 2989 2139 ,
3037 2081 3094 2127 et
3132 2072 3403 2143 quomodo
3428 2073 3677 2144 prolata:

2075 2165 2183 2218 sint
2205 2166 2400 2219 animae
2425 2206 2441 2231 ,
2465 2180 2528 2219 ac
2559 2175 2737 2219 utrum
2766 2165 2907 2220 Deus
2933 2165 3142 2219 illarum
3176 2180 3374 2235 parens
3414 2176 3468 2221 et
3515 2180 3684 2221 crea-

2078 2268 2163 2313 tor
2190 2258 2211 2330 (
2236 2258 2398 2321 Ibid.,
2430 2275 2551 2329 pag.
2584 2258 2654 2312 75
2680 2269 2725 2312 et
2748 2275 2885 2327 seqq.
2912 2256 2952 2331 ).
2998 2257 3133 2326 Quid
3165 2274 3295 2314 vero
3326 2258 3407 2313 his
3438 2272 3681 2329 respon-

2074 2350 2204 2407 dere
2248 2351 2443 2421 putas?
2470 2352 2636 2407 Plane
2666 2357 2888 2406 omnino
2928 2362 3086 2422 atque
3113 2354 3344 2423 ingenue
3380 2353 3587 2406 fatetur
3621 2352 3683 2407 id

2075 2461 2182 2499 non
2214 2446 2385 2499 solum
2415 2446 2589 2510 nobis,
2620 2446 2714 2500 sed
2746 2446 2997 2500 omnibus
3020 2438 3348 2516 etiam,qute
3374 2446 3426 2499 in
3457 2446 3674 2499 mundo

2076 2546 2235 2600 sunt,
2290 2538 2645 2607 potestatibus
2689 2553 2811 2593 esse
2855 2540 3250 2608 incompertum
3277 2578 3294 2606 ,
3348 2552 3687 2606 omnemque

2074 2648 2260 2687 earum
2289 2644 2340 2689 et
2364 2643 2601 2687 nostram
2631 2647 2889 2700 superare
2920 2633 3305 2703 cognitionem.

2146 2730 2215 2782 At
2256 2730 2526 2784 instabant
2569 2729 2783 2784 Ethnici
2817 2728 2912 2784 :Si
2948 2739 3126 2784 tecum
3161 2728 3445 2783 christiani
3476 2736 3691 2797 negent

2075 2822 2282 2875 animas
2317 2838 2344 2875 a
2381 2824 2490 2877 Deo
2519 2834 2729 2877 creatas
2752 2865 2766 2885 ,
2813 2822 2966 2878 vobis
3002 2821 3192 2877 saltem
3229 2819 3674 2891 patefaciendum

2075 2915 2335 2970 incumbit
2364 2934 2391 2969 a
2420 2932 2527 2986 quo
2557 2916 2667 2970 sint
2697 2926 3017 2985 procreatae.
3058 2914 3165 2969 Sed
3199 2914 3302 2967 hoc
3332 2926 3542 2983 quoque
3572 2912 3683 2967 ille

2076 3010 2288 3077 penitus
2318 3008 2609 3063 inliciatur.
2641 3007 2788 3063 Citra
2821 3022 3035 3061 omnem
3062 3006 3343 3061 enimvero
3370 3006 3679 3074 reprehen-

2076 3093 2284 3147 sionem
2312 3136 2327 3161 ,
2358 3095 2558 3163 inquit,
2593 3096 2805 3148 nescire
2851 3108 3136 3163 possumus
3165 3092 3469 3146 animarum
3497 3090 3684 3160 origi-

2077 3203 2200 3243 nem
2228 3230 2242 3253 ,
2290 3197 2344 3241 et
2368 3190 2507 3242 scire
2547 3198 2726 3244 tamen
2768 3203 2861 3243 eas
2905 3202 3011 3242 non
3044 3200 3165 3242 esse
3194 3186 3286 3241 Dei
3314 3186 3633 3256 progeniem
3666 3229 3683 3253 ,

2000 3276 2044 3337 C
2080 3298 2252 3352 neque
2301 3282 2369 3335 ab
2417 3282 2509 3337 illo
2550 3290 2883 3353 procreatas.
2936 3281 3005 3336 Et
3045 3290 3194 3336 certe
3224 3281 3315 3351 qui
3348 3280 3465 3334 illas
3493 3294 3521 3333 a
3554 3278 3686 3335 Deo

2078 3374 2246 3429 laetas
2268 3417 2282 3439 ,
2317 3384 2372 3429 et
2400 3376 2450 3428 in
2485 3374 2761 3428 hominum
2793 3389 2992 3443 corpus
3021 3374 3208 3428 venire
3232 3374 3633 3429 existimabant
3659 3418 3679 3438 ,

2080 3467 2207 3521 nihil
2258 3469 2414 3535 plane
2464 3466 2711 3521 dicebant
2758 3467 2890 3521 certi
2939 3475 2994 3521 et
3035 3465 3332 3535 explorati;
3383 3465 3477 3520 sed
3522 3468 3680 3535 quod

2077 3559 2385 3628 conjecutra
2443 3568 2648 3613 tantum
2702 3574 2765 3614 ac
2823 3560 3132 3628 suspicione
3182 3558 3417 3613 assecuti
3486 3569 3679 3613 erant.

2077 3652 2206 3719 Qum
2230 3663 2409 3707 autem
2436 3695 2450 3717 .
2476 3655 2552 3708 ait
2580 3653 2854 3707 Arnobius
2908 3652 3231 3722 suspicionis
3260 3662 3316 3707 et
3342 3652 3687 3722 conjectura:

2076 3755 2236 3816 atque
2271 3749 2490 3801 incerta:
2519 3746 2792 3815 Opinionis
2825 3756 2875 3799 et
2909 3745 3226 3815 ignorantia:
3255 3743 3558 3800 dili‘erentia
3585 3746 3613 3798 ?

2149 3838 2286 3906 Quid
2321 3853 2483 3908 porro
2524 3838 2742 3903 mirum,
2789 3839 2963 3908 pergit
2995 3838 3082 3893 ille
3115 3839 3135 3909 (
3165 3835 3302 3890 Ibid.
3332 3878 3346 3902 ,
3378 3854 3497 3908 pag.
3528 3837 3600 3892 78
3630 3850 3682 3894 et

2077 3948 2215 4000 seqq.
2253 3933 2270 4001 )
2303 3973 2315 3991 .
2364 3930 2409 3984 si
2461 3930 2795 3999 incomperta
2845 3929 2999 3983 nobis
3053 3932 3124 3983 sit
3171 3929 3365 3983 anima:
3420 3930 3683 3985 humanm

2078 4023 2228 4092 origo
2252 4066 2265 4087 ,
2295 4037 2415 4077 cum
2450 4037 2549 4076 nec
2577 4022 2745 4091 magis
2774 4031 3113 4091 perspectum
3146 4020 3439 4077 habeamus
3462 4065 3477 4088 ,
3527 4024 3686 4079 unde

2078 4114 2389 4169 animalium
2422 4115 2615 4168 anima:
2644 4114 2930 4168 oriantur?
2955 4112 3139 4183 Neque
3168 4114 3312 4167 enim
3343 4114 3425 4168 hat
3453 4129 3519 4169 ex
3544 4112 3682 4170 ﬁcto

2081 4206 2318 4260 Platonis
2362 4216 2575 4260 cratere
2596 4248 2611 4269 ,
2640 4205 2792 4272 cujus
2832 4205 3040 4258 scilicet
3072 4204 3124 4257 in
3161 4203 3365 4258 Timaeo
3394 4208 3676 4272 meminit,

2079 4300 2172 4355 sed
2201 4315 2263 4355 ex
2286 4300 2570 4355 elementis
2597 4299 2856 4367 originem
2880 4297 3079 4351 ducere
3105 4296 3457 4366 perhibentur
3485 4297 3680 4366 (Plato

2080 4396 2135 4449 in
2162 4394 2370 4461 Timw.,
2399 4405 2522 4448 toni.
2540 4408 2620 4457 ιιι,
2652 4390 3104 4463 ρα9.41).γει·υιιι
3129 4390 3322 4461 quibus
3340 4406 3407 4446 ex
3432 4391 3673 4447 elemen.

2081 4488 2181 4551 tis,
2228 4485 2611 4556 autquomodo
2652 4485 2819 4549 liant,
2864 4483 3093 4537 maxima
3124 4492 3208 4537 est
3245 4483 3387 4538 inter
3417 4484 3677 4553 philoso-

2082 4580 2236 4648 phos,
2266 4580 2403 4633 sicut
2433 4589 2484 4632 et
2508 4576 2576 4632 de
2605 4577 2725 4631 aliis
2744 4576 2922 4629 multis
2949 4574 3336 4646 qttmstionibus
3362 4577 3677 4631 contentio.

380 4686 658 4731 mutuatus
684 4688 789 4731 est.
834 4677 1036 4733 Scribit
1066 4680 1207 4734 enim
1228 4722 1242 4744 ,
1275 4682 1320 4734 si
1352 4683 1548 4737 anima:
1578 4686 1861 4753 corporeis
1894 4688 1971 4739 in-
1999 4669 2053 4729 D
2081 4674 2156 4727 EX
2187 4673 2381 4743 (ιυῖὺυδ
2411 4673 2499 4727 me
2525 4672 2729 4740 οοηίϐίι
2750 4713 2763 4734 υ
2798 4687 2954 4740 neque
2982 4685 3073 4724 €35
3122 4670 3253 4722 πίνει
3280 4671 3676 4738 compendium.

379 4770 721 4824 eursionibus
744 4771 944 4826 cedunt
972 4792 984 4826 :
1020 4771 1130 4826 Usu
1161 4785 1205 4826 et
1234 4773 1337 4829 illis
1367 4787 1441 4830 est
1471 4777 1592 4842 vita,
1638 4793 1739 4830 non
1781 4782 1977 4833 manci-

383 4868 471 4934 pio
499 4866 728 4935 tradita(
757 4866 973 4933 Arnob.,
1006 4867 1097 4933 lib,
1122 4884 1184 4935 ιι,
1216 4886 1334 4939 pag.
1368 4868 1493 4941 62).
1531 4870 1815 4927 Lucretius
1846 4888 1975 4929 vero

382 4959 593 5016 dixerat
624 4977 636 5012 :

475 5070 686 5135 Vltaque
710 5074 953 5137 mancipio
977 5072 1096 5123 nulli
1117 5075 1277 5135 datur,
1297 5078 1524 5127 omnibus
1548 5093 1655 5129 usu.

1036 5155 1271 5222 (Lucret,
1296 5156 1379 5209 tib.
1419 5174 1486 5221 tu,
1512 5174 1638 5214 vers.
1657 5162 1793 5224 984.)

384 5283 488 5338 Ιιοε
514 5292 617 5347 est,
649 5284 782 5339 nnlli
807 5286 932 5339 vitae
960 5288 1287 5355 prolirietas,
1320 5288 1415 5343 sed
1446 5305 1572 5344 usus
1594 5290 1776 5346 datur.

457 5378 689 5432 Rursum
709 5390 888 5435 autem
912 5382 1187 5437 Arnobius
1213 5401 1224 5434 :
1252 5382 1515 5449 Priorum,
1534 5386 1706 5451 inquit
1734 5387 1976 5458 (Arnob.,

386 5470 473 5526 lib.
506 5486 561 5536 tt,
597 5489 717 5543 pag,
746 5472 817 5529 65
845 5473 888 5545 ),
917 5477 1247 5544 repetentium
1276 5476 1519 5530 detrahit.
1560 5477 1649 5532 Sic
1675 5488 1802 5534 ante
1836 5482 1974 5536 cita-

386 5572 498 5617 tum
524 5580 552 5617 a
585 5567 739 5620 nobis
768 5581 987 5622 carmen
1016 5567 1296 5623 Lucretius
1327 5569 1541 5625 dixerat
1570 5588 1583 5623 :

482 5676 761 5743 interrupta
781 5681 939 5730 semel
964 5694 1074 5731 cum
1097 5682 1164 5731 sit
1180 5686 1465 5747 repetentia
1489 5692 1669 5735 nostra.

1055 5766 1288 5829 (Lucret.,
1315 5764 1397 5818 lib.
1416 5784 1485 5830 ιιι,
1513 5782 1637 5819 vers.
1662 5768 1797 5831 864.)

462 5887 687 5955 Quidam
718 5900 900 5949 tamen
928 5892 998 5947 ibi
1024 5894 1226 5965 legunt,
1254 5896 1483 5968 repentia
1511 5894 1807 5961 nostra,alii
1832 5909 1962 5953 vero

2082 4783 2241 4837 neque
2272 4768 2508 4837 ignorare
2530 4765 2883 4819 detrimentum
2923 4779 3029 4817 esse
3055 4763 3239 4825 ullum,
3282 4780 3341 4816 ac
3368 4761 3482 4817 Dea
3522 4765 3691 4820 relin-

2080 4858 2329 4930 quendas.

2156 4957 2211 5013 Si
2242 4956 2378 5009 intra
2408 4954 2507 5009 hos
2533 4954 2665 5009 lines
2695 4968 2815 5008 sese
2844 4952 3113 5007 Arnobius
3142 4953 3526 5017 continuisset,
3572 4970 3687 5010 non

2083 5050 2269 5106 debuit
2318 5050 2501 5119 utique
2557 5048 2646 5101 illa
2702 5047 2865 5100 animi
2916 5046 3059 5100 illius
3108 5045 3407 5100 moderatio
3455 5061 3692 5114 prorsus

2085 5143 2310 5213 culpari.
2353 5144 2508 5211 Saepe
2536 5141 2680 5195 enim
2712 5141 2907 5208 srepius
2940 5139 3271 5208 Augustinus
3307 5139 3523 5194 sincere
3559 5157 3693 5209 pro-

2085 5236 2260 5292 fessus
2300 5247 2383 5290 est
2424 5234 2863 5289 obscurissimam
2905 5248 3057 5296 esse.
3102 5243 3157 5288 et
3183 5235 3291 5286 sine
3336 5235 3565 5302 periculo
3601 5236 3692 5291 ια-

2087 5345 2188 5386 tere
2222 5332 2407 5384 anima:
2436 5331 2701 5401 originem.
2744 5328 2884 5395 Quin
2916 5330 3081 5383 immo
3108 5330 3160 5382 in
3194 5328 3368 5398 primo
3392 5328 3694 5386 Retracta-

2084 5428 2287 5480 tionunt
2318 5441 2536 5480 suarum
2568 5424 2745 5487 libro',
2791 5439 2949 5493 quem
2977 5424 3087 5492 jam
3118 5438 3285 5477 senex
3313 5426 3688 5493 conscripsit,

2082 5520 2422 5591 apertissime
2450 5518 2690 5572 declarat
2716 5532 2773 5571 se
2800 5516 3036 5571 nondum
3066 5516 3263 5585 aliquid
3296 5516 3363 5571 de
3399 5517 3489 5571 illa
3522 5533 3694 5575 com-

2084 5615 2293 5685 perisse
2319 5615 2449 5668 certi
2481 5612 2695 5681 penitus
2722 5620 2776 5665 et
2803 5611 3082 5665 indubitati
3112 5627 3127 5665 :
3153 5629 3170 5662 ‹
3205 5609 3357 5678 Quod
3403 5612 3623 5680 attinet,
3666 5635 3689 5669 ι

2086 5710 2277 5779 inquit,
2308 5729 2325 5759 ι
2356 5708 2422 5762 ad
2464 5706 2625 5761 animi
2658 5706 2915 5775 originem
2943 5749 2957 5770 ,
3006 5719 3109 5771 qua
3142 5704 3200 5757 lit
3222 5746 3236 5769 ,
3274 5713 3328 5757 ut
3363 5704 3433 5759 sit
3472 5706 3525 5760 in
3559 5722 3697 5763 cor—

2086 5819 2218 5875 pore
2237 5846 2250 5867 ,
2283 5812 2459 5856 utrum
2488 5800 2557 5855 de
2588 5799 2680 5854 illo
2705 5815 2811 5853 uno
2838 5800 2906 5853 sit
2930 5841 2943 5865 ,
2986 5800 3074 5869 qui
3107 5798 3308 5867 primus
3334 5809 3552 5855 creatus
3580 5815 3694 5873 est,

2089 5894 2305 5967 quando
2334 5896 2506 5950 lactus
2539 5901 2627 5949 est
2653 5893 2815 5946 homo
2848 5894 2900 5948 in
2931 5892 3163 5947 animam
3189 5892 3394 5955 vivam,
3424 5905 3493 5947 an
3533 5894 3701 5952 simio
