3918 6328
216 352 311 410 481

1457 348 1518 405 ΙΝ
1550 342 1927 415 AliNOBlUM,
1956 349 2110 404 CAP.
2156 348 2246 404 IX.

3439 348 3546 406 «$83

225 469 344 522 liter
370 465 446 520 ita
476 466 612 520 liant
632 465 865 537 singulis
891 465 1114 535 singuli,
1147 478 1247 518 nec
1279 472 1403 518 tunc
1427 464 1666 519 sciebam
1688 505 1703 529 ,
1730 479 1830 518 nec
1860 477 1909 534 Α
1936 465 2129 520 scribit
2180 465 2456 520 Simonem
2513 463 2722 533 Magum
2769 462 3057 520 docuisse:
3108 481 3128 514 ι
3164 461 3418 519 Mundam
3475 465 3545 521 ab

227 562 403 616 adhuc
427 562 569 616 scio.
605 580 624 611 i
657 561 676 630 (
713 560 908 614 Arnob.
931 602 946 626 ,
974 560 1063 614 lib.
1093 575 1130 613 tt
1155 600 1170 626 ,
1205 576 1327 630 pag.
1371 560 1476 623 86;
1521 560 1830 631 Augustin.,

226 656 376 726 epist.
409 654 539 720 102,
564 672 687 726 pag.
717 653 862 718 587;
904 653 1054 724 epist.
1084 652 1188 707 H9
1208 693 1223 718 ,
1284 669 1404 724 pag.
1435 651 1536 707 701
1573 652 1830 718 Beiram,

229 748 321 800 lib.
347 760 384 811 l,
416 763 535 819 cap.
556 747 626 802 45
651 754 698 800 ct
725 745 828 811 56;
854 745 944 799 lib.
969 761 1024 810 ι,
1050 743 1112 798 de
1127 742 1315 798 Gates.
1338 744 1407 797 ad
1428 745 1610 810 litter.,
1633 761 1749 815 cap.
1775 747 1830 809 ὃς

229 841 319 894 lib.
347 855 422 909 Iv,
445 839 510 893 de
536 839 710 893 Anim.
745 839 905 908 orig.,
933 854 1049 908 cap.
1087 837 1121 891 5
1147 847 1195 891 et
1224 838 1285 893 11
1315 853 1329 902 ;
1363 838 1453 891 lib.
1485 854 1564 904 Ill,
1588 853 1710 908 cap.
1741 838 1831 905 10,

229 933 325 988 lib.
372 949 475 1000 ιν,
516 943 688 987 contr.
754 930 956 987 Julian.
986 973 1002 1000 ,
1045 933 1166 1001 capi
1213 930 1353 993 “)4;
1391 931 1490 998 (ib.
1527 947 1544 984 ι
1578 930 1833 998 Retract.,

227 1046 350 1096 cap.
377 1026 458 1098 1.)

301 1119 500 1175 Verum
531 1129 720 1174 auctor
751 1129 956 1186 noster,
1009 1119 1235 1174 ulterius
1270 1133 1590 1189 progressus
1617 1159 1633 1183 ,
1685 1115 1836 1172 falsa:

227 1211 525 1282 Opinionis.
568 1212 885 1282 errorisque
914 1213 1203 1282 scopulum
1242 1211 1538 1268 oll‘endisse
1567 1213 1832 1282 arguitur.

226 1303 344 1360 Non
373 1306 620 1376 ambigue
649 1307 794 1360 enim
823 1319 924 1360 nec
949 1305 1260 1361 dubitanter
1290 1305 1610 1377 pronuntiat
1629 1350 1643 1373 ,
1675 1319 1774 1360 nos
1804 1321 1836 1358 a

225 1399 447 1455 Christo
472 1399 757 1465 didicisse,
783 1418 804 1452 ς
835 1416 941 1455 non
974 1415 1099 1464 esse
1118 1401 1331 1457 animas
1359 1402 1524 1473 Regis
1552 1403 1830 1468 maximi,»

223 1510 324 1550 seu
357 1495 451 1549 Dei
481 1495 700 1560 summi,
738 1513 756 1546 ι
791 1493 964 1561 tilias,
1011 1510 1113 1550 nec
1133 1497 1201 1550 ab
1225 1511 1323 1563 eo,
1376 1495 1836 1566 quemadmodum

223 1588 444 1656 dicitur,
470 1600 759 1659 generatas
790 1590 1026 1660 coepisse
1050 1605 1111 1645 se
1142 1605 1326 1654 nosse,
1357 1599 1518 1662 atque
1550 1594 1601 1644 iu
1629 1592 1714 1646 sui
1747 1606 1837 1645 no-

221 1683 390 1738 minis
440 1683 679 1739 essentia
731 1685 873 1754 (ms.
921 1699 1035 1755 reg.
1086 1683 1211 1739 cod.
1254 1685 1307 1736 in
1351 1683 1432 1738 sui
1475 1683 1699 1737 nominis
1731 1700 1838 1737 esse

222 1779 504 1848 sententia)
551 1778 835 1848 prtedicari
863 1796 876 1831 :
911 1779 1006 1833 sed
1031 1779 1266 1833 alterum
1290 1777 1599 1848 quempiam
1624 1780 1836 1848 genito-

1936 557 2144 626 angelis
2197 557 2310 611 suis
2359 557 2688 610 institutum.
2731 573 2750 607 ι
2784 555 3136 612 Saturninum
3184 572 3314 612 vero
3337 556 3543 628 (Ibid.,

1937 666 2056 719 cap.
2081 651 2176 719 48)
2206 668 2218 704 :
2243 649 2428 720 Longe
2471 649 2741 704 distantes
2765 664 2794 702 a
2818 649 2932 704 Deo
2959 650 3180 721 angelos
3225 649 3546 706 inferiorem

1937 742 2194 797 mundum
2255 741 2480 809 fecisse;
2548 761 2567 794 ι
2619 751 2790 812 atque
2842 741 3233 813 Carpocratem
3287 742 3542 798 dixisse:

1944 855 1963 887 ι
2004 835 2273 891 Distantes
2305 837 2465 907 longe
2491 852 2521 892 a
2548 837 2920 908 superioribus
2961 837 3252 892 virtutibus
3281 837 3545 894 mundum

1937 932 2098 988 istum
2128 933 2182 987 in
2216 931 2560 988 inferioribus
2591 931 2835 1002 partibus
2863 931 3194 988 condidisse.
3233 951 3251 984 ι
3287 931 3394 988 Sed
3427 931 3548 987 haac

1937 1026 1993 1080 in
2047 1037 2204 1082 sexto
2249 1041 2410 1096 supra
2458 1026 2931 1097 quadragesimum
2985 1027 3144 1097 hujus
3193 1024 3320 1082 libri
3364 1027 3547 1098 capite

1936 1120 2134 1191 scripta
2181 1131 2326 1176 sunt.
2354 1123 2402 1176 Α
2433 1121 2590 1177 nobis
2619 1129 2798 1177 autem
2827 1121 2952 1177 alibi
2983 1123 3332 1178 observatum
3361 1131 3446 1177 est
3478 1119 3547 1174 il-

1938 1215 2063 1281 lud,
2119 1225 2174 1271 et
2214 1215 2595 1286 subsequentia
2624 1215 2786 1286 hujus
2810 1217 2933 1272 libri
2961 1217 3139 1286 capita
3168 1218 3218 1271 ei
3259 1215 3328 1271 ab
3372 1215 3548 1286 impo-

1937 1318 2085 1364 store
2129 1309 2311 1380 aliquo
2351 1309 2519 1366 fuisse
2561 1309 2769 1381 adjecta
2799 1312 2950 1383 (tam.
2983 1313 3008 1366 l
3042 1311 3325 1381 Apparat.,
3359 1327 3482 1381 pag.
3511 1308 3546 1363 8

1938 1413 1986 1455 et
2018 1400 2134 1474 15).
2168 1403 2233 1458 Et
2259 1419 2319 1459 re
2343 1405 2560 1475 quidem
2608 1419 2737 1461 vera
2765 1405 2818 1460 in
2846 1405 3030 1459 ultima
3078 1420 3303 1474 operum
3333 1402 3548 1459 Tertul-

1938 1496 2064 1551 liani
2093 1496 2332 1552 editione
2354 1508 2668 1553 annotatum
2695 1508 2778 1554 est
2798 1497 2916 1554 haec
2931 1498 3186 1554 omniain
3207 1497 3547 1553 vetutissimo

1938 1589 2210 1661 Agobardi
2237 1591 2425 1647 codice
2451 1607 2558 1646 non
2585 1592 2838 1661 reperiri.

2011 1684 2118 1739 Nos
2142 1685 2360 1755 quidem
2390 1701 2496 1741 non
2530 1669 2665 1757 fugit
2689 1687 2760 1741 ab
2782 1687 2974 1742 eodem
3007 1685 3343 1742 Tertulliano
3375 1686 3429 1742 in
3450 1703 3548 1760 ge-

1939 1778 2109 1833 nuino
2135 1779 2204 1834 de
2230 1780 2428 1835 Anima
2461 1781 2598 1836 libro
2627 1781 2743 1836 hac
2770 1781 2837 1836 de
2867 1780 3104 1836 Saturno
3129 1783 3346 1852 scriptis
3393 1798 3548 1838 man-

223 1890 340 1928 rem
384 1873 472 1929 his
511 1889 636 1929 esse
657 1914 672 1938 ,
724 1873 1007 1944 dignitatis
1035 1881 1090 1928 et
1117 1872 1376 1944 potentiae
1418 1873 1675 1944 gradibus
1703 1874 1836 1927 satis
1868 1869 1914 1927 Β
1940 1869 2064 1925 data
2093 1889 2106 1925 :
2139 1889 2158 1922 ‹
2188 1871 2473 1929 Hominem
2529 1873 2766 1928 afiirmat
2798 1873 2868 1928 ab
2894 1875 3115 1945 Angelis
3167 1874 3388 1942 factum,
3430 1875 3546 1946 pri-

223 1969 481 2038 plurimis
510 1970 579 2024 ab
606 1971 956 2039 imperatore,
989 1988 1008 2021 ι
1043 1969 1096 2022 id
1123 1979 1228 2036 est,
1256 1967 1393 2035 Deo,
1423 1987 1442 2020 ς
1467 1968 1834 2039 disiunctum;

222 2063 346 2133 ejus
379 2071 564 2118 tamen
595 2077 660 2118 ex
689 2062 812 2117 aula
841 2061 1198 2117 eminentium
1229 2061 1468 2116 nobilem
1500 2061 1839 2116 sublimitate

224 2158 512 2212 natalium.
545 2176 565 2208 ι
618 2157 866 2228 (Arnob.,
899 2156 990 2210 lib.
1023 2172 1082 2222 ιι,
1118 2172 1240 2226 pag.
1267 2152 1386 2224 68.)
1435 2153 1598 2210 Suam
1655 2153 1727 2209 ibi
1768 2153 1838 2209 de

225 2253 534 2306 animarum
588 2258 898 2305 nostrarum
939 2249 1150 2319 origine
1197 2247 1434 2302 mentem
1475 2262 1582 2301 non
1610 2247 1839 2302 obscure

224 2360 462 2418 prorsus
488 2343 685 2414 aperit.
717 2342 902 2398 Primo
929 2342 1197 2412 siquidem
1231 2355 1443 2406 eorum,
1466 2340 1535 2395 de
1564 2339 1759 2414 quibus
1784 2340 1837 2393 in

221 2438 502 2510 superiori
532 2436 784 2504 articulo,
810 2435 989 2507 rejicit
1010 2435 1346 2506 opinionem,
1373 2435 1463 2504 qui
1493 2433 1837 2488 arbitraban-

227 2543 317 2588 tur
346 2531 472 2586 illas
497 2531 693 2586 summi
721 2528 816 2584 Dei
847 2529 986 2584 ﬁlias
1009 2571 1023 2594 ,
1058 2537 1114 2583 et
1135 2527 1204 2582 ab
1230 2543 1298 2583 eo
1323 2535 1614 2598 generatas
1631 2568 1646 2592 ,
1679 2542 1840 2582 nosse

227 2641 290 2681 se
323 2625 562 2696 caepisse
591 2633 884 2694 antequam
916 2623 969 2677 in
1002 2637 1202 2692 corpus
1248 2620 1685 2676 infunderentur.
1738 2619 1840 2675 Se-

227 2719 412 2775 cundo
452 2719 649 2774 asserit
677 2733 769 2772 eas
797 2733 828 2772 a
859 2717 1113 2787 quopiam
1147 2724 1465 2784 procreatas
1489 2713 1658 2770 fuisse
1684 2713 1840 2785 geni-

230 2820 374 2878 tore,
408 2812 501 2882 qui
525 2826 590 2865 ex
621 2812 863 2880 ejusdem
913 2809 1109 2863 summi
1146 2808 1241 2863 Dei
1275 2809 1397 2862 aula
1427 2809 1546 2872 fuit,
1579 2807 1839 2862 natalium

229 2921 456 2961 suorum
483 2905 775 2974 splendore
803 2903 1001 2959 nobilis
1019 2944 1034 2968 ,
1071 2901 1167 2956 sed
1214 2903 1348 2957 satis
1375 2901 1628 2971 plurimis
1657 2902 1836 2972 digni-

231 3001 358 3055 tatis
387 3009 447 3056 et
471 2999 728 3070 potentiae
748 3013 858 3052 suae
883 2997 1140 3068 gradibus
1167 2996 1237 3050 ab
1267 2997 1387 3066 ipso
1414 2995 1717 3065 sejunctus.

302 3094 492 3166 Neque
520 3092 575 3147 id
598 3092 667 3148 ab
696 3107 762 3148 eo
791 3093 1004 3148 incaute
1030 3099 1126 3145 aut
1155 3090 1473 3145 baesitanter
1502 3089 1706 3146 dictum
1740 3106 1838 3161 pu-

232 3188 457 3244 taveris.
496 3185 634 3241 Nam
667 3185 798 3242 illud
829 3202 960 3240 sane
986 3185 1116 3240 alibi
1144 3183 1287 3239 haud
1315 3183 1484 3240 semel
1515 3199 1838 3240 asseveran-

1942 1980 2138 2034 moque
2168 1982 2303 2035 opus
2327 1967 2476 2022 futile
2505 1978 2559 2022 et
2586 1967 2902 2034 invalidum,
2924 1977 2979 2023 et
3000 1968 3268 2034 instabile,
3319 1968 3373 2023 in
3402 1977 3546 2024 terra

1941 2057 2140 2112 vermis
2164 2058 2334 2112 instar
2357 2059 2669 2128 palpitasse,
2691 2060 2832 2130 quod
2859 2059 3192 2116 consistendi
3221 2061 3369 2116 vires
3389 2060 3548 2118 dees-

1943 2159 2088 2205 sent.
2119 2150 2323 2206 Dehinc
2349 2168 2418 2206 ex
2449 2152 2822 2208 misericordia
2851 2168 3078 2209 summa:
3125 2154 3410 2224 potestatis
3433 2196 3447 2221 ,
3477 2153 3546 2209 ad

1941 2242 2094 2313 cujus
2120 2241 2380 2314 efﬁgiem,
2416 2259 2516 2299 nee
2545 2255 2724 2299 tamen
2756 2246 2916 2316 plene
2945 2256 3308 2318 perspectam,
3341 2258 3548 2304 temere

1943 2344 2180 2392 structus
2205 2337 2418 2404 fuisset,
2450 2338 2799 2395 scintillulam
2831 2341 2959 2396 vita:
2987 2353 3340 2398 consecutum
3366 2386 3381 2411 ,
3427 2358 3548 2413 qua:

1944 2428 2074 2484 illud
2104 2432 2445 2486 exsuscitarit
2465 2441 2519 2487 et
2544 2433 2802 2498 erexerit,
2827 2443 2882 2489 et
2907 2435 3244 2493 constantius
3271 2437 3545 2504 animarit,

1942 2530 1996 2576 et
2039 2533 2161 2593 post
2204 2524 2489 2580 decessum
2544 2527 2668 2581 vitae
2699 2527 2767 2581 ad
2800 2529 3076 2584 matricem
3127 2530 3363 2585 relatura
3394 2531 3483 2586 sit.
3521 2552 3540 2580 ι

1943 2614 2212 2686 (Tertull.,
2246 2617 2334 2672 lib.
2363 2621 2427 2673 de
2448 2619 2650 2684 Anim,
2684 2637 2802 2690 cap.
2830 2620 2920 2687 25,
2952 2639 3073 2694 pag.
3104 2622 3259 2696 555.)
3305 2624 3411 2680 Sed
3461 2624 3549 2680 hic

1945 2723 2102 2764 error
2127 2721 2387 2781 quantum
2419 2713 2486 2767 ab
2512 2713 2776 2784 explicata
2801 2715 3027 2770 Arnobii
3058 2716 3314 2787 Opinione
3340 2717 3548 2774 discre-

1943 2813 2056 2871 pet,
2087 2819 2250 2859 nemo
2271 2819 2403 2861 sane
2423 2816 2508 2861 est
2538 2807 2629 2876 qui
2653 2823 2758 2862 non
2791 2807 2990 2862 videat.

2014 2897 2286 2954 Prazterea
2341 2899 2452 2954 alio
2502 2888 2576 2955 in.
2608 2901 2750 2956 libro
2801 2901 3284 2958 animadvertimus
3327 2904 3474 2976 (tom.
3509 2922 3547 2971 ι,

1943 2994 2201 3062 Apparat.
2235 2993 2325 3047 lib.
2349 3010 2419 3060 n;
2450 2995 2654 3050 dissert.
2692 2997 2744 3060 l,
2778 3013 2894 3067 cap.
2926 2997 2980 3062 5,
3035 3007 3136 3051 nrt.
3178 2997 3226 3064 1,
3263 3015 3384 3070 pag.
3418 2998 3548 3065 286,

1943 3093 1992 3138 et
2029 3095 2130 3140 art.
2173 3087 2243 3153 5,
2281 3086 2412 3157 ξε,
2445 3105 2567 3159 pag.
2597 3087 2739 3154 292;
2770 3099 2819 3144 et
2849 3107 2964 3162 cap.
2996 3091 3064 3158 5,
3090 3091 3119 3165 ᾗ
3148 3095 3209 3160 3,
3239 3114 3360 3168 pag.
3393 3097 3545 3167 517).

1947 3177 2304 3234 Saturninum
2335 3180 2592 3238 docuisse
2634 3184 2909 3241 hominem
2939 3197 3245 3258 ceteraque
3269 3192 3449 3247 omnia
3482 3193 3552 3248 ab

235 3296 316 3342 ter
345 3285 684 3356 pronuntiat.
721 3282 936 3338 Alicubi
965 3281 1233 3352 siquidem
1269 3299 1281 3336 :
1318 3300 1337 3332 ‹
1369 3280 1769 3350 Conspicimus,
1814 3300 1832 3333 ι
1870 3256 1915 3320 C
1947 3274 2154 3344 angelis
2183 3317 2197 3340 ,
2235 3286 2423 3343 prater
2452 3278 2818 3332 conscientiam
2847 3280 3056 3348 Palris;
3088 3294 3144 3340 et
3160 3256 3551 3356 iCarpocratem

233 3383 307 3435 ait
333 3379 530 3449 (Ibid.,
563 3397 685 3449 pag.
712 3376 827 3448 75),
859 3396 876 3427 ι
910 3375 1178 3440 homines,
1214 3375 1266 3429 id
1291 3384 1394 3441 est,
1436 3375 1644 3430 animas
1673 3378 1836 3446 ipsas,

236 3475 388 3546 (quid
417 3475 564 3529 enim
594 3482 723 3528 sunt
752 3470 1022 3537 homines,
1042 3471 1144 3525 nisi
1169 3470 1362 3523 anima:
1389 3469 1710 3538 corporibus
1741 3469 1842 3523 illi-

233 3568 437 3640 gulae?)
495 3567 746 3622 suavitate
787 3563 1168 3619 innumerabili
1196 3563 1454 3617 vitiorum
1486 3563 1632 3634 ipsos
1664 3577 1724 3618 se
1752 3565 1838 3619 in-

234 3663 418 3722 dicare
447 3681 554 3719 non
583 3669 706 3718 esse
733 3661 946 3732 patricii
972 3659 1191 3730 generis
1215 3701 1230 3725 ,
1266 3658 1362 3713 sed
1385 3673 1450 3712 ex
1474 3657 1842 3714 mediocribus

234 3757 454 3812 familiis
497 3764 835 3828 procreatos.
880 3773 898 3805 ι
955 3753 1098 3808 Alibi
1153 3767 1284 3807 vero
1329 3749 1515 3822 (lbid.,
1548 3767 1670 3821 pag.
1698 3751 1837 3820 79):

242 3869 264 3904 ι
299 3851 414 3907 Non
436 3850 641 3907 absone
661 3891 676 3916 ,
725 3863 897 3920 neque
927 3847 1160 3902 inaniter
1183 3844 1455 3902 credimus
1483 3845 1675 3901 media:
1705 3861 1839 3916 qua-

237 3946 403 4001 litatis
456 3960 581 4002 esse
635 3943 844 3997 animas
894 3941 1204 4005 hominum,
1240 3947 1484 4010 utpotea
1518 3939 1683 3994 rebus
1733 3955 1840 3994 non

235 4038 623 4112 principalibus
665 4037 857 4091 editas.
895 4055 913 4085 ι
967 4033 1104 4101 Quid
1158 4033 1327 4088 vero?
1374 4033 1518 4103 quod
1552 4034 1842 4103 impietatis

231 4151 365 4191 eum
420 4142 678 4196 accusat,
729 4129 821 4199 qui
872 4129 1107 4182 animam
1134 4143 1164 4181 a
1192 4128 1300 4182 Deo
1338 4137 1577 4181 creatam
1621 4127 1840 4183 dixerit.

242 4249 261 4280 ι
305 4229 582 4299 ὃθετῆθεςε
628 4225 830 4280 crimen
884 4221 1174 4292 impietatis
1206 4221 1456 4285 incurrit,
1492 4220 1742 4290 quisquis
1774 4220 1842 4276 ab

233 4339 312 4379 eo
335 4319 487 4394 (Deo)
515 4319 832 4387 conceperit
862 4315 1137 4370 hominem
1163 4329 1284 4370 esse
1309 4323 1666 4383 prognatum,
1717 4329 1832 4367 rem

236 4417 504 4472 infelicem
527 4423 583 4470 et
606 4414 882 4467 miseram.
911 4429 930 4461 ι
956 4409 1087 4477 Quis
1113 4409 1295 4478 itaque
1323 4406 1642 4461 difiitebitur
1672 4416 1842 4461 ratam

237 4509 323 4564 illi
349 4517 655 4576 certamque
687 4503 854 4558 fuisse
883 4502 1022 4557 hanc
1052 4501 1382 4571 opinionem,
1403 4515 1563 4570 quam
1593 4499 1754 4553 toties
1781 4514 1844 4554 ac

239 4611 354 4656 tam
381 4600 521 4656 clare
543 4609 599 4654 et
619 4604 935 4653 constanter
961 4592 1178 4648 tradidit
1201 4602 1255 4647 et
1276 4590 1549 4647 asseruit?
1591 4591 1708 4645 Non
1739 4591 1844 4645 alio

1945 3365 2014 3422 ab
2037 3366 2263 3437 angelis,
2298 3383 2554 3438 supremo
2585 3381 2826 3440 parente,
2848 3389 2876 3428 a
2903 3390 3011 3445 quo
3036 3375 3369 3446 defecerant,
3394 3382 3552 3453 longe

1945 3461 2330 3526 inferioribus;
2388 3463 2715 3522 Marcionem
2748 3481 2880 3522 vero
2908 3468 2978 3523 ab
3003 3470 3176 3526 altero
3205 3471 3316 3528 Deo
3343 3485 3549 3530 creant.

1944 3554 2078 3622 Qua:
2132 3555 2850 3626 proculdubioopiuionum
2897 3571 3139 3618 monstra
3187 3565 3258 3620 ab
3307 3569 3552 3626 Arnobio

1947 3649 2129 3717 potius
2157 3649 2360 3718 rejecta
2389 3666 2554 3720 quam
2584 3651 2839 3721 adoptata
2866 3665 3011 3711 sunt.
3069 3641 3072 3644 ’

2019 3742 2326 3798 Seleuciani
2357 3761 2554 3814 porro,
2586 3755 2724 3802 teste
2754 3751 3055 3820 Augustino
3081 3771 3093 3807 :
3125 3773 3143 3805 ι
3178 3754 3289 3811 Nec
3315 3760 3550 3816 animant

1950 3838 2060 3893 Deo
2091 3839 2331 3894 tribuunt
2358 3842 2626 3905 creatori,
2680 3844 2775 3898 sed
2804 3857 3078 3903 creatores
3104 3864 3227 3906 esse
3250 3853 3552 3910 animarum

1946 3931 2171 4001 angelos
2198 3933 2385 3987 volunt
2412 3934 2479 3988 de
2509 3935 2631 4004 igne
2661 3945 2714 3990 et
2740 3938 2954 4007 Spiritu.
2995 3960 3014 3992 ›
3049 3940 3292 4014 (August.
3318 3987 3333 4012 ,
3368 3946 3457 4000 lib.
3491 3952 3555 4002 de

1950 4022 2180 4092 Βίην-ει,
2217 4026 2244 4097 §
2279 4025 2395 4097 56.)
2429 4027 2534 4083 Sed
2569 4028 2620 4083 hi
2664 4029 2907 4086 hmrctici
2955 4036 3196 4092 Aruobio
3225 4041 3554 4108 posteriores

1948 4117 2223 4173 videntur.
2259 4119 2327 4175 Et
2355 4121 2470 4176 hzec
2501 4121 2720 4192 quidem
2748 4123 2804 4179 in
2830 4141 3016 4181 eormn
3045 4133 3268 4199 gratiam
3297 4133 3553 4190 observa-

1947 4227 2087 4280 mus,
2113 4213 2202 4283 qui
2226 4213 2350 4283 jure
2380 4216 2572 4271 merito
2601 4219 2790 4273 volunt
2815 4220 2884 4276 de
2911 4223 3256 4292 antiquorum
3291 4227 3552 4286 Ecclesiae

1946 4303 2164 4359 Patrum
2193 4307 2410 4376 scriptis
2439 4319 2492 4362 et
2518 4313 2805 4367 sententiis
2835 4327 3086 4372 accurate
3119 4317 3414 4390 disputari,
3451 4339 3553 4380 nec

1947 4398 2026 4452 eis
2053 4399 2278 4466 alienos,
2309 4403 2377 4456 de
2397 4402 2595 4472 quibus
2619 4403 2750 4459 nihil
2782 4422 3034 4478 umquam
3051 4409 3378 4482 cogitarunt,
3402 4431 3553 4471 erro-

1947 4505 2036 4545 res
2067 4491 2287 4547 ascribi.

2003 4583 2290 4642 ‘Czeterum
2318 4589 2461 4645 scire
2483 4606 2672 4661 parum
2704 4593 2934 4651 interest
2960 4607 3162 4668 utrum,
3188 4611 3242 4657 et
3265 4619 3330 4659 ex
3357 4606 3552 4675 quibus

236 4703 423 4749 autem
451 4691 803 4748 fundamento
831 4687 1056 4750 nititur;
1091 4685 1194 4739 nisi
1225 4684 1367 4754 quod
1395 4699 1737 4754 persuasum,
1765 4683 1841 4736 uti
1873 4655 1926 4715 D
1952 4679 2224 4738 haereticis
2254 4700 2404 4739 suam
2435 4687 2746 4756 opinionem
2775 4691 3050 4746 Arnobius
3074 4655 3412 4754 delibaverii.
3445 4700 3552 4756 No-

238 4792 496 4855 vidimus,
526 4790 686 4860 plane
716 4787 906 4840 habuit
930 4781 1198 4846 homines,
1232 4796 1328 4835 seu
1351 4781 1564 4834 animas
1593 4778 1844 4834 humanis

237 4882 560 4952 corporibus
586 4881 837 4951 illigatas,
865 4886 941 4930 tot
973 4873 1116 4928 vitiis
1141 4873 1470 4935 obnoxias,a
1503 4872 1611 4925 Deo
1638 4873 1843 4941 optimo

235 4975 497 5041 maximo,
516 4975 605 5044 qui
632 4972 766 5029 nihil
789 4969 893 5025 nisi
916 4969 1136 5024 omnino
1165 4965 1461 5038 perfectum
1493 4974 1545 5020 et
1576 4965 1840 5036 integrum

239 5073 425 5126 facere
451 5078 650 5141 potest,
682 5076 893 5122 creatas
925 5080 1032 5119 non
1058 5065 1243 5118 fuisse.

323 5164 428 5218 Sed
475 5164 597 5218 huic
641 5160 872 5218 Arnobii
909 5158 1149 5228 opinioni
1177 5173 1283 5211 non
1314 5155 1489 5210 solum
1520 5155 1767 5208 falsitatis
1790 5165 1844 5210 et

240 5258 472 5324 erroris,
503 5256 595 5312 sed
627 5254 974 5310 deliramenti
1008 5253 1200 5314 etiam,
1233 5248 1625 5317 liorrendzeque
1657 5249 1842 5316 impie-

239 5353 400 5414 tatis,
422 5360 472 5405 et
496 5348 848 5418 blasphemia:
871 5353 996 5401 nota
1022 5345 1088 5399 ab
1107 5342 1506 5398 Elmenhorstio
1532 5350 1584 5394 et
1614 5341 1848 5396 l‘leraldo

242 5445 497 5501 inuritur.
531 5442 609 5496 Ex
638 5440 880 5497 Simonis
911 5448 1089 5492 autem
1118 5435 1392 5491 Saturnini
1417 5480 1428 5500 ,
1464 5434 1811 5510 (larpocratis
1830 5477 1843 5498 ,

242 5534 533 5590 Marcionis
563 5577 575 5597 ,
633 5532 1080 5588 Seleucianorum
1124 5539 1178 5581 et
1229 5527 1644 5582 Hermianorum
1685 5527 1847 5592 insig-

243 5631 408 5685 nium
431 5627 796 5684 haareticorum
843 5625 1026 5679 schola
1058 5625 1198 5676 hunc
1222 5637 1468 5675 errorem
1498 5621 1843 5687 deprouitum

243 5719 569 5778 existimant.
603 5721 754 5789 Quod
785 5717 1006 5790 quidem
1050 5717 1278 5786 probare
1307 5724 1574 5768 conantur
1608 5713 1844 5766 auctori-

244 5825 371 5870 tate
397 5811 709 5882 Tertulliani,
732 5816 825 5884 qui
859 5814 912 5866 in
941 5811 1078 5865 libro
1104 5810 1171 5866 de
1199 5808 1705 5878 l’raescriptionibus
1736 5806 1844 5859 hzc-

245 5907 538 5969 rcticoruni
564 5908 802 5982 (Tertull.
838 5909 926 5963 lib.
976 5906 1038 5961 de
1087 5903 1310 5961 Pratscr.
1345 5905 1522 5958 lueret.
1555 5947 1568 5970 ,
1602 5918 1718 5971 cap.
1750 5901 1844 5972 ib”)

1947 4776 2030 4831 bis
2060 4779 2202 4832 enim
2228 4795 2388 4836 nosse
2415 4781 2617 4838 sufficit
2635 4800 2754 4839 eam
2780 4785 3033 4842 falsitatis
3055 4800 3110 4845 et
3130 4795 3330 4849 erroris
3358 4799 3553 4854 merito

1949 4871 2325 4928 condemnari.
2344 4874 2425 4928 Ab
2445 4875 2750 4946 Augustino
2767 4879 2988 4949 quippe,
3015 4893 3069 4936 ut
3088 4883 3223 4940 alios
3255 4895 3550 4958 taceamus,

1949 4961 2032 5016 his
2061 4963 2241 5018 verbis
2275 4968 2634 5033 proscribitur
2663 4987 2676 5021 :
2713 4988 2731 5019 ‹
2767 4971 2866 5038 Qui
2916 4971 3128 5029 Platoni
3165 4992 3265 5032 suo
3300 4981 3550 5048 credunt,

1947 5069 2054 5110 non
2082 5055 2150 5108 ab
2174 5055 2266 5111 illo
2292 5072 2504 5113 summo
2540 5061 2671 5128 Deo,
2706 5065 2794 5132 qui
2828 5063 3122 5123 fabricatus
3152 5083 3234 5126 est
3265 5076 3549 5144 mundum,

1952 5146 2045 5200 sed
2069 5147 2136 5200 ab
2164 5147 2284 5202 aliis
2329 5152 2630 5208 minoribus
2655 5195 2668 5217 ,
2698 5170 2834 5225 quos
2860 5159 3077 5228 quidem
3111 5163 3224 5233 ipse
3249 5171 3513 5227 creaverit
3535 5213 3551 5238 ,

1953 5242 2218 5309 permissu
2261 5242 2375 5298 sive
2407 5243 2563 5314 jussu
2595 5246 2714 5315 ejus
2758 5251 3010 5308 animalia
3044 5255 3179 5311 facta
3210 5271 3402 5316 cuncta
3433 5279 3553 5321 esse

1951 5333 2227 5400 mortalia,
2262 5333 2314 5388 in
2344 5335 2540 5405 quibus
2584 5339 2748 5394 homo
2789 5345 3144 5414 praecipuum,
3179 5350 3390 5422 diisque
3423 5355 3552 5425 ipsis

1951 5435 2275 5495 cognatum,
2311 5438 2516 5482 teneret
2559 5430 2734 5485 locum
2755 5475 2768 5498 ,
2800 5435 2844 5486 si
2877 5441 3265 5506 superstitione
3292 5459 3550 5518 careant,

1951 5535 2052 5586 qua
2077 5530 2346 5586 quaerunt,
2373 5522 2516 5576 unde
2540 5523 2686 5592 juste
2716 5528 3002 5583 videantur
3031 5549 3182 5588 sacra
3209 5550 3258 5592 et
3284 5543 3550 5600 sacriﬁcia

1949 5612 2150 5676 facere,
2177 5614 2328 5682 quasi
2354 5615 2722 5671 conditoribus
2755 5621 2888 5685 suis,
2914 5623 3071 5680 facile
3097 5630 3357 5687 carebunt
3385 5639 3546 5695 etiam

1952 5708 2108 5775 hujus
2139 5709 2406 5777 opinionis
2430 5726 2638 5766 errore.
2669 5713 2854 5783 Neque
2882 5720 3027 5774 enim
3059 5723 3138 5779 fas
3160 5736 3243 5781 est
3264 5729 3422 5784 ullius
3457 5751 3551 5788 na-

1953 5814 2109 5864 tur-.c,
2135 5803 2430 5872 quamlibet
2451 5807 2685 5861 minimae
2719 5811 3072 5884 mortalisque
3102 5830 3421 5882 creatorem.
3447 5831 3547 5884 nisi

1951 5898 2119 5956 Deum
2173 5898 2398 5956 credere
2427 5915 2488 5956 ac
2515 5901 2730 5970 dicere,
2784 5915 2838 5958 et
2867 5917 3158 5980 antequam
3188 5916 3356 5985 possit
3384 5918 3546 5979 intel-
