3918 6346
353 342 464 401 485

1635 343 2089 418 DISSERTATlO
2124 357 2402 417 eniam

3550 369 3669 424 484

356 455 503 528 ligi.)
537 435 808 533 (August.,
839 463 929 520 lib.
962 480 1058 533 xu,
1088 466 1152 522 de
1176 466 1485 544 Civit.,cap.
1509 469 1600 542 24,
1635 490 1754 547 pag.
1784 473 1938 544 522.)
1967 485 2021 544 Α
2046 475 2206 531 etiam
2235 474 2553 532 heterotloxi
2581 475 2877 548 scriptores
2905 477 3139 550 ingenue
3165 493 3229 535 ac
3251 479 3490 536 rotunde
3520 496 3671 537 con-

354 549 508 617 Quod
551 553 767 623 quidem
814 556 1151 629 Epiphanius
1202 562 1405 632 aliique
1445 564 1611 631 variis
1667 567 1943 638 certisque

354 654 526 703 sacrae
549 643 844 717 Scriptura:
867 652 1186 706 testimoniis
1203 653 1609 714 deincmstrant.
1631 657 1948 733 (Epiphan.,

355 734 536 794 lueret.
559 739 652 807 15,
684 739 712 813 ς
735 743 790 804 5.
821 760 940 815 pag.
967 744 1037 801 65
1057 755 1104 798 et
1122 747 1286 821 seqq.)

427 827 598 889 Porro
617 842 798 890 autem
827 838 1078 905 quamvis
1099 837 1373 896 Arnobius
1401 851 1508 897 tam
1537 843 1824 913 praefracte
1848 862 1949 902 ne-

353 935 484 990 gare
517 923 763 985 videatur
785 928 996 984 animus
1029 931 1307 988 hominum
1349 949 1378 988 a
1405 938 1755 994 summo'Deo
1784 938 1952 996 fuisse

354 1023 564 1070 creatas
593 1057 609 1083 ,
657 1017 715 1079 in
759 1018 906 1076 illius
947 1031 1127 1079 tamen
1169 1023 1545 1084 defensionem
1588 1029 1774 1086 afferri
1807 1032 1968 1090 haud.

355 1105 579 1200 forsitan
606 1111 790 1180 inepte
813 1118 1010 1183 poterit
1029 1133 1154 1174 eum
1177 1129 1384 1189 aperte,
1428 1131 1488 1177 ut
1517 1122 1754 1181 vidimus
1783 1125 1947 1200 (ευρ.

354 1198 521 1271 cap.).
549 1200 801 1262 docuisse
824 1206 991 1262 Deum
1025 1225 1294 1266 summum
1322 1227 1444 1270 esse
1473 1230 1657 1272 rerum
1683 1198 1946 1288 omnium,

352 1303 418 1344 ac
459 1293 778 1354 nominatim
807 1298 959 1366 solis,
1009 1299 1173 1368 lunae,
1201 1314 1364 1373 atque
1392 1306 1677 1374 ipsinsmet
1715 1308 1950 1366 hominis

353 1395 674 1442 creatorem.
709 1388 835 1445 llaec
863 1393 1144 1450 enimvero
1172 1407 1299 1452 sunt
1327 1399 1551 1457 totidem
1578 1402 1721 1459 illius
1741 1404 1908 1460 verba
1932 1423 1947 1462 :

347 1492 380 1555 ε
409 1473 601 1532 Nonne
642 1479 766 1536 huic
793 1499 984 1540 omnes
1010 1486 1273 1546 debemus
1296 1531 1311 1557 ,
1344 1492 1449 1548 hoc
1476 1494 1651 1564 ipsum
1681 1496 1945 1566 primum,

352 1567 498 1637 quod
529 1585 717 1628 sumus
738 1616 753 1641 ,
785 1577 931 1646 quod
960 1593 1084 1635 esse
1113 1581 1361 1640 homines
1399 1583 1663 1656 dicimur,
1710 1588 1853 1659 quod
1883 1589 1951 1645 ab

353 1677 420 1718 eo
447 1665 532 1719 vel
564 1666 755 1736 missi,
807 1669 896 1725 vel
942 1671 1077 1742 lapsi
1128 1676 1373 1732 caecitate
1421 1676 1581 1748 hujus
1621 1683 1675 1735 in
1705 1683 1954 1752 corporis

352 1759 732 1815 continemur?
773 1762 892 1817 Non
917 1766 1061 1833 quod
1094 1768 1424 1835 incedimus,
1460 1773 1600 1840 quod
1647 1775 1949 1845 spiramus,

2055 563 2294 622 ﬁtentur.
2349 565 2636 639 (Hoornb.,
2700 566 2931 624 Exarsit.
2990 571 3252 644 theolog.,
3304 572 3394 631 lib.
3427 587 3484 641 t,
3519 571 3549 646 ᾗ
3581 589 3669 642 ιι,

2056 674 2176 732 pag.
2210 657 2362 731 150.)

2124 752 2234 808 Cur
2263 767 2413 824 ergo,
2453 753 2686 825 inquies,
2719 767 2868 813 tanto
2894 755 3098 829 labore,
3133 770 3280 817 tanta
3320 777 3508 833 opera,
3543 772 3668 819 tam

2052 844 2227 914 longis
2279 849 2618 904 sermonibus
2664 851 2895 919 probare
2941 853 3228 909 contendit
3281 854 3522 912 hominis
3572 865 3669 912 tot

2053 939 2320 1010 tantisque
2379 942 2610 998 miseriis
2673 944 2893 1001 obnoxii
2932 949 3164 1002 animam
3193 963 3222 1003 a
3253 947 3363 1005 Deo
3403 965 3513 1004 non
3558 961 3672 1022 ρος

2052 1031 2220 1086 tuisse
2247 1034 2465 1088 creari?
2493 1034 2684 1094 Nonne
2711 1039 2842 1094 illud
2869 1041 2982 1096 sola
3015 1042 3221 1111 peccati
3253 1041 3530 1113 originalis
3556 1059 3670 1100 ex-

2055 1125 2352 1194 positione,
2386 1129 2478 1197 vel
2500 1129 2710 1200 prolato
2757 1143 2964 1189 tantum
2994 1136 3217 1191 nomine
3245 1136 3519 1207 explicare
3552 1151 3668 1209 po-

2054 1219 2233 1274 terat?
2275 1219 2494 1290 Optime
2548 1225 2788 1294 quidem.
2833 1227 2941 1285 Sed
2996 1230 3417 1298 animadvertas,
3461 1231 3665 1300 velim,

2053 1325 2176 1368 eum
2203 1313 2462 1372 adversus
2486 1316 2740 1376 Ethnicos
2763 1320 3060 1393 disputare,
3080 1325 3171 1396 qui
3201 1325 3410 1381 animas
3439 1337 3668 1382 nostras

2054 1405 2284 1469 divinas,
2310 1416 2405 1464 aut
2426 1409 2631 1478 prolem
2673 1412 2944 1482 divinam,
2992 1426 3086 1470 aut
3139 1415 3234 1472 Dei
3275 1426 3482 1488 partem
3531 1433 3669 1474 esse

2055 1503 2475 1569 somniaverant,
2509 1503 2751 1576 nihilque
2779 1522 2846 1562 ne
2872 1507 3193 1564 somniando
3215 1509 3433 1581 quidem
3455 1510 3524 1567 de
3543 1512 3667 1568 ori-

2054 1593 2217 1664 ginali
2244 1595 2612 1664 cogitaverant
2639 1610 2881 1668 peccato.
2919 1601 3056 1669 Quid
3103 1617 3265 1674 ergo,
3317 1605 3363 1659 si
3414 1603 3537 1660 illos
3585 1619 3668 1661 ex

2055 1687 2293 1756 ipsorum
2321 1700 2528 1747 tantum
2571 1695 2781 1765 placitis
2819 1696 3142 1770 redarguat,
3187 1709 3353 1770 atque
3381 1699 3448 1755 ad
3479 1700 3669 1756 homi-

2058 1796 2202 1848 nem,
2235 1793 2292 1838 ut
2315 1783 2485 1850 aiunt,
2515 1799 2921 1858 argumentatus
2977 1790 3084 1857 sit,
3137 1807 3239 1848 nec
3285 1793 3552 1864 putaverit
3580 1793 3668 1850 ibi

351 1859 407 1903 et
437 1851 667 1907 vivimus
694 1853 762 1908 ab
789 1869 856 1910 eo
880 1855 953 1912 ad
979 1873 1078 1915 nos
1123 1861 1270 1916 venit
1302 1904 1318 1927 ,
1370 1863 1532 1931 vique
1579 1866 1693 1934 ipsa
1736 1868 1950 1924 vivendi
1982 1876 2257 1945 vaeccati
2314 1879 2593 1949 originalis
2620 1922 2636 1946 ,
2695 1882 2791 1938 sed
2835 1881 2963 1938 alibi
3011 1851 3315 1940 faciendam
3347 1902 3469 1942 esse
3496 1901 3664 1942 men-

353 1943 518 2000 cfﬁcit
545 1961 645 2002 nos
674 1963 814 2015 esse,
843 1959 897 2005 et
923 1953 1141 2008 animali
1175 1955 1468 2027 agitatione
1498 1960 1747 2016 moveri?
1776 1981 1795 2016 ι
1832 1963 1952 2033 (Ar-

351 2036 500 2104 nob.,
533 2039 623 2094 lib.
655 2055 693 2106 ι,
723 2059 845 2112 pug.
875 2042 987 2115 l6.)
1017 2047 1086 2099 At
1113 2047 1158 2101 si
1191 2047 1332 2104 Deus
1363 2064 1628 2114 summus,
1652 2053 1721 2108 de
1745 2068 1851 2123 quo
1879 2055 1950 2110 ibi

352 2129 592 2199 disiiutat
617 2173 631 2196 ,
665 2131 736 2186 sit
766 2150 946 2190 rerum
981 2137 1220 2194 omnium
1250 2152 1485 2207 creator,
1515 2143 1560 2200 si
1591 2144 1665 2200 illi
1689 2145 1950 2205 debemus

353 2225 497 2292 quod
521 2240 709 2309 sumus
738 2226 1012 2293 homines,
1037 2232 1082 2288 si
1109 2233 1178 2289 ab
1205 2249 1272 2288 eo
1299 2235 1365 2290 ad
1391 2251 1492 2292 nos
1521 2239 1666 2294 venit
1690 2240 1834 2311 quod
1861 2257 1948 2297 su-

351 2331 490 2382 mus,
524 2302 579 2371 et
607 2318 856 2386 vivimus,
890 2334 1037 2377 certe
1067 2323 1194 2380 inde
1215 2328 1458 2396 sequitur
1487 2329 1631 2400 quod
1662 2339 1719 2386 et
1744 2333 1949 2388 anima-

350 2425 467 2465 rum
493 2423 796 2472 nostrarum
819 2427 1010 2472 auctor
1039 2421 1108 2474 sit
1134 2432 1188 2475 ct
1215 2434 1448 2478 creator.
1464 2423 1607 2480 Nihil
1639 2427 1858 2498 quippe,
1892 2437 1950 2484 ut

350 2507 418 2559 ab
447 2523 513 2562 eo
543 2507 822 2566 deﬁnitum
874 2513 1282 2571 observavimus
1309 2515 1495 2586 (Ibid.,
1521 2519 1612 2574 lib.
1642 2536 1698 2586 Il,
1728 2539 1846 2592 pag.
1877 2522 1948 2578 52

349 2609 396 2652 et
427 2600 544 2672 56),
576 2602 723 2659 aliud
752 2617 879 2658 sunt
905 2607 1150 2664 homines
1169 2650 1185 2678 ,
1214 2625 1374 2680 quam
1402 2612 1599 2668 anima:
1628 2616 1948 2687 corporibus

350 2693 567 2759 clausae,
595 2697 676 2750 vel
701 2696 954 2765 alligatze.

423 2783 560 2852 Quid
588 2787 760 2857 ergo?
786 2787 1058 2860 Numquid
1090 2792 1181 2848 ille
1209 2793 1312 2848 sibi
1339 2811 1446 2850 non
1465 2800 1810 2867 constitisse,
1851 2801 1948 2858 sed

353 2877 586 2936 absurde
625 2884 1029 2940 cuntradixisse
1078 2888 1344 2945 dicendus
1375 2893 1494 2947 est?
1525 2893 1629 2950 Sed
1660 2895 1789 2966 quid
1819 2912 1947 2967 pro-

357 2971 502 3026 l.ibet
530 2975 818 3042 quominus
843 2979 960 3032 sine
993 2979 1101 3034 ulla
1127 2980 1284 3050 plane
1312 2983 1477 3038 animi
1504 2985 1868 3043 inconstantia
1895 2998 1949 3044 et

353 3065 691 3122 volubilitate
729 3083 976 3126 asserere
1001 3075 1237 3142 potuerit
1262 3077 1470 3131 animas
1497 3094 1604 3133 non
1626 3080 1693 3134 ab
1720 3081 1952 3152 ipsumet

351 3160 724 3231 omnipotente
747 3163 879 3231 Deo,
905 3173 1176 3236 tamquam
1206 3185 1366 3224 causa
1393 3172 1658 3240 proxima,
1676 3177 1770 3229 sed
1790 3189 1949 3232 causa

2053 1969 2293 2024 tionem?
2335 1971 2475 2040 Quid
2519 1983 2700 2030 autem
2729 1992 2796 2031 ex
2820 1987 3054 2049 negante
3099 1987 3420 2049 argumento
3458 1980 3666 2036 conﬁci

2052 2073 2232 2134 potest
2278 2075 2467 2123 contra
2516 2084 2632 2125 rem
2662 2069 2934 2142 aliquam,
2976 2087 3139 2143 quam
3179 2084 3444 2129 assertam
3489 2072 3668 2132 habe-

2052 2157 2216 2212 mus?

2644 2270 2942 2313 Αιιτιουιυδ
2974 2272 3056 2314 Ill.

2052 2363 2172 2422 Quae
2210 2363 2360 2416 fuerit
2383 2377 2501 2416 vera
2525 2365 2727 2418 Arnobii
2743 2369 2808 2419 de
2833 2370 3008 2420 animae
3039 2370 3270 2423 humanas
3291 2381 3466 2424 natura
3490 2378 3545 2422 et
3564 2374 3663 2422 im-

2111 2425 2414 2498 mortalitate
2436 2431 2620 2498 opinio,
2648 2438 2702 2482 et
2723 2440 2888 2482 utrum
2909 2436 2959 2483 in
2981 2430 3245 2498 quemdam
3278 2434 3344 2487 de
3385 2434 3472 2486 illa
3509 2449 3660 2486 erro-

2111 2503 2219 2540 rem
2246 2489 2412 2556 lapsus
2430 2489 2512 2542 sit.

2123 2594 2261 2662 Quid
2291 2595 2357 2651 de
2385 2597 2498 2666 ipsa
2528 2597 2776 2655 humanae
2800 2601 2994 2657 animte
3022 2611 3234 2669 natura,
3267 2601 3519 2676 illiusque
3547 2605 3660 2661 im-

2049 2691 2381 2745 mortalitate
2397 2691 2594 2748 sentiat
2608 2693 2899 2760 Arnobius,
2914 2707 2968 2750 et
2988 2705 3169 2752 utrum
3190 2697 3244 2751 in
3264 2711 3327 2752 ea
3345 2672 3660 2754 deﬁnienda

2051 2798 2240 2840 rursus
2272 2800 2368 2854 per
2395 2799 2662 2853 errorem,
2687 2795 2746 2840 ut
2772 2787 2987 2857 quidam
3010 2791 3327 2859 upinantur,
3352 2791 3535 2860 lapsus
3561 2791 3654 2859 sit,

2050 2894 2082 2933 a
2108 2879 2266 2935 nobis
2293 2880 2471 2935 adhuc
2497 2891 2582 2936 est
2610 2881 2802 2936 sedulo
2841 2871 3240 2954 inquirendum.
3291 2885 3376 2940 Ab
3414 2883 3656 2940 Heraldo

2053 2984 2230 3030 autem
2276 2973 2525 3030 docuisse
2569 2975 2912 3042 insimulatur
2933 2991 3052 3032 eam
3075 2991 3396 3046 corpoream
3425 2992 3570 3041 esse,
3599 2986 3657 3032 et

2055 3067 2358 3122 mortalem.
2405 3066 2513 3124 Sed
2545 3065 2660 3124 haec
2687 3068 2866 3139 gravis
2897 3068 3204 3125 criminatio
3245 3070 3493 3126 examine
3523 3085 3655 3141 pro-

2054 3160 2310 3216 culdubio
2335 3161 2560 3232 indiget.

350 3263 558 3310 tantum
587 3267 814 3324 remota,
839 3268 892 3312 et
921 3261 1163 3317 omnium
1195 3264 1390 3332 prima,
1421 3282 1515 3334 per
1535 3267 1700 3322 alium
1730 3284 1761 3323 e
1783 3285 1946 3340 supe-
1975 3277 2022 3341 ρ
2125 3254 2368 3310 Primum
2420 3257 2598 3324 ἱωσιιιθ
2644 3265 2792 3326 Dum
2831 3254 3098 3311 “eramus
3127 3257 3338 3312 animas
3365 3255 3655 3311 hominum

350 3346 586 3402 rioribns
614 3351 970 3418 potestatibus
998 3351 1230 3421 aliquem
1261 3360 1510 3411 creatas?
1563 3359 1759 3413 Verum
1812 3361 1951 3418 hanc

354 3454 458 3492 non
489 3437 656 3495 fuisse
687 3441 830 3496 illius
859 3446 1169 3513 opinionem
1196 3447 1320 3502 inde
1341 3450 1536 3504 conﬁci
1558 3451 1950 3524 videtur,un

354 3529 441 3583 illa
466 3531 657 3587 iisdem
683 3544 956 3590 evertatur
977 3539 1330 3608 argumentis,
1347 3541 1562 3610 quibus.
1586 3544 1659 3597 uti
1682 3545 1945 3612 diximus,

356 3624 469 3693 ipse
495 3629 723 3696 probare
754 3643 982 3686 conatus
1048 3643 1162 3704 est,
1205 3636 1446 3704 animas,
1481 3648 1664 3707 utpote
1689 3641 1834 3695 vitiis
1855 3642 1951 3698 ob-

356 3722 545 3776 noxias
571 3765 585 3791 ,
629 3738 736 3778 non
788 3727 1079 3795 potuissea
1108 3745 1320 3784 summo
1373 3733 1482 3785 lieo
1521 3736 1717 3789 creari.
1761 3733 1952 3791 Nonne

355 3831 485 3884 ergo
511 3816 860 3872 verisimilius
888 3828 974 3873 est
1003 3820 1153 3874 illum
1181 3822 1564 3892 diSputationis
1593 3835 1729 3882 aestu
1759 3827 1952 3898 abrep-

356 3919 465 3962 tnm
489 3949 504 3974 ,
547 3919 702 3966 extra
732 3922 904 3968 statos
932 3913 1134 3970 limites
1159 3928 1534 3987 argumentum
1567 3935 1725 3976 suum
1759 3937 1952 3991 urgere

354 4019 415 4056 ac
446 4004 737 4075 prosequi?
787 4006 844 4060 Si
885 4008 1006 4078 quis
1048 4017 1226 4064 tamen
1278 4010 1432 4066 nobis
1462 4023 1610 4068 certo
1639 4014 1953 4084 probaverit

297 4122 302 4126 ι
356 4096 511 4150 illum
580 4097 877 4154 credidisse
949 4102 1157 4158 animas
1207 4101 1475 4159 humanas
1530 4121 1868 4178 nequaquam
1920 4125 1953 4164 a

355 4205 566 4245 summo
613 4192 725 4247 Deo
745 4233 759 4256 ,
806 4193 900 4248 sed
924 4194 993 4249 ab
1019 4194 1372 4252 inferioribus
1401 4207 1603 4254 tantum
1632 4201 1950 4270 quibusdam

359 4284 614 4339 natalium
641 4285 932 4354 splendore
963 4289 1320 4346 nobilissimis
1352 4293 1710 4361 potestatibus
1741 4302 1952 4351 creatas

362 4375 525 4431 fuisse
546 4417 560 4441 ,
585 4392 684 4431 nos
713 4377 858 4434 illico
885 4396 1008 4436 eum
1037 4397 1249 4438 errasse
1267 4383 1568 4455 fatebimur
1587 4427 1600 4452 ,
1635 4401 1733 4442 nec
1760 4403 1951 4459 seque-

360 4487 481 4524 tnur
511 4481 806 4527 errantem.

432 4567 500 4617 At
528 4581 632 4619 non
657 4565 829 4620 deerit
861 4566 1088 4624 fortasse
1114 4569 1327 4639 aliquis,
1365 4572 1456 4642 qui
1501 4573 1658 4629 nobis
1704 4586 1955 4646 suggerat

2052 3363 2342 3418 corporeas
2367 3349 2435 3404 ab
2462 3361 2683 3405 auctore
2706 3359 2893 3405 nostro
2915 3351 3127 3405 censeri
3148 3392 3164 3418 ,
3204 3351 3326 3422 quia
3350 3349 3471 3406 illas
3499 3351 3656 3406 dolo-

2053 3442 2126 3497 ris
2153 3457 2312 3496 sensu
2349 3440 2494 3498 afﬁci
2528 3442 2819 3498 arbitratus
2853 3453 2958 3497 est.
2991 3441 3220 3499 Ubinam
3253 3459 3382 3500 vero
3409 3445 3654 3514 gentium

2052 3535 2251 3605 scripto
2277 3535 2393 3590 haec
2427 3536 2695 3590 tradidit?
2742 3536 2832 3589 tibi
2864 3535 2932 3590 de
2960 3535 3188 3591 Platone
3212 3536 3289 3591 ait
3340 3535 3652 3603 Heraldus',

2052 3628 2168 3685 haec
2187 3629 2424 3700 loquitur
2446 3629 2500 3684 in
2532 3629 2724 3684 verba:
2755 3647 2772 3680 ι
2804 3628 2939 3684 Rem
2968 3628 3363 3684 inenodabilem
3391 3629 3654 3699 suscipit:

2053 3731 2111 3777 ut
2140 3737 2262 3777 cum
2293 3723 2499 3778 animas
2527 3721 2668 3778 dicat
2692 3722 3028 3778 immortales
3048 3764 3065 3790 ,
3100 3731 3386 3793 perpetuas
3405 3763 3421 3787 ,
3449 3734 3506 3778 et
3532 3736 3656 3776 cor-

2053 3817 2224 3887 porali
2255 3816 2530 3872 soliditate
2557 3818 2829 3886 privatas;
2864 3817 3042 3888 puniri
3082 3825 3261 3873 tamen
3288 3832 3381 3874 eas
3402 3816 3568 3883 dicat,
3601 3825 3656 3872 et

2051 3912 2257 3969 doloris
2291 3912 2491 3968 afticiat
2529 3927 2714 3967 sensu.
2761 3913 2889 3980 Quis
2919 3922 3099 3968 autem
3124 3913 3402 3968 hominum
3431 3928 3540 3968 nou
3571 3913 3654 3967 vi-

2053 4006 2146 4062 det
2173 4007 2317 4078 quod
2343 4009 2414 4062 sit
2442 4007 2768 4075 immortale,
2798 4007 2940 4078 quod
2971 4007 3223 4079 simplex,
3258 4008 3464 4062 nullum
3492 4021 3657 4079 posse

2053 4101 2296 4158 dolorem
2323 4101 2642 4168 admittere;
2665 4101 2810 4170 quod
2840 4111 3019 4156 autem
3047 4102 3248 4157 sentiat
3267 4100 3534 4166 dolorem,
3561 4100 3658 4156 im-

2054 4198 2441 4252 mortalitatem
2469 4196 2670 4252 habere
2697 4212 2807 4251 non
2834 4196 3030 4266 posse?
3066 4216 3084 4249 ι
3131 4195 3362 4269 (Arnob.
3395 4237 3412 4264 ,
3457 4196 3550 4252 lib.
3581 4211 3653 4262 ll,

2055 4308 2176 4363 pag.
2204 4290 2319 4358 52.)
2351 4291 2548 4346 Verum
2576 4290 2849 4348 Arnobius
2877 4302 3112 4346 mentem
3141 4305 3472 4362 sensumque
3497 4305 3656 4346 suum

2056 4385 2129 4442 ibi
2159 4402 2264 4441 non
2297 4386 2532 4455 erplicat
2563 4403 2575 4438 :
2618 4385 2713 4440 sed
2757 4385 2991 4441 ostendit
3031 4384 3316 4440 Platonem
3341 4398 3528 4440 secum
3558 4400 3659 4454 pu-

2055 4497 2271 4555 gnasse,
2304 4496 2427 4536 cum
2451 4484 2659 4536 animas
2688 4481 2789 4536 etsi
2815 4479 3170 4546 immortales,
3201 4489 3256 4535 et
3278 4479 3656 4548 incorporeas,

2056 4575 2260 4631 doloris
2290 4591 2453 4630 sensu
2479 4573 2620 4630 afﬁci
2650 4573 2988 4629 adsseverat.
3016 4571 3171 4640 Quod
3227 4572 3371 4627 enim
3433 4570 3654 4636 dolore,

360 4659 659 4713 Arnobinm
684 4660 735 4715 in
767 4659 910 4716 hunc
937 4661 1216 4732 delapsum
1239 4679 1362 4720 esse
1384 4669 1789 4738 errorem,quia
1812 4684 1950 4724 com-
1979 4686 2032 4746 D
2059 4671 2260 4740 inquit,
2302 4669 2560 4734 afﬁcitur,
2597 4669 2828 4724 mortale
2871 4669 2975 4735 sit,
3027 4667 3182 4737 plane
3230 4674 3463 4736 oportet.
3517 4665 3657 4732 Quid

361 4761 568 4822 portam
603 4768 706 4808 non
733 4752 918 4808 habuit
942 4758 1144 4825 peceati
1167 4759 1444 4828 originalis
1475 4759 1686 4825 labem,
1717 4777 1819 4832 qua
1848 4761 1952 4816 fac-

363 4859 470 4902 tum
501 4860 605 4914 eSt,
633 4858 689 4902 ut
717 4849 879 4904 homo
905 4860 982 4905 tot
1011 4850 1271 4919 miseriis,
1306 4854 1737 4922 inﬁrmitatibus,
1763 4866 1819 4912 et
1848 4857 1953 4912 illi-

362 4940 483 4994 citis
534 4942 916 5012 cupiditatibus
966 4945 1035 4998 sit
1087 4946 1371 5000 obnoxius.
1431 4947 1628 5003 Verum
1682 4951 1955 5020 quomodo
2000 4943 2004 4948 ’

361 5033 630 5090 Amobius
679 5036 941 5106 originale
988 5051 1266 5106 peccatum
1300 5042 1472 5109 potuit
1499 5042 1766 5111 ignorare,
1797 5059 1825 5096 a
1848 5060 1954 5114 quo

363 5131 619 5198 scriptum
647 5130 873 5200 legimus
899 5148 912 5184 :
953 5150 971 5184 ι
1000 5131 1133 5200 Quia
1164 5134 1319 5204 proni
1341 5135 1406 5188 ad
1434 5138 1642 5205 culpas,
1674 5148 1728 5194 et
1747 5139 1812 5192 ad
1836 5139 1954 5193 libi-

361 5223 502 5279 dinis
557 5227 734 5281 varios
779 5227 1050 5298 appetitus
1077 5229 1207 5282 vitio
1233 5245 1418 5285 sumus
1449 5233 1777 5286 inﬁrmitatis
1807 5233 1954 5304 iuge-

365 5318 490 5371 nitai
513 5358 526 5380 ,
580 5319 779 5388 patitur
822 5320 961 5374 Dens
987 5337 1047 5376 se
1072 5337 1289 5392 semper
1319 5325 1521 5379 nostris
1539 5327 1954 5396 cogitationibus

366 5411 613 5481 concipi;
651 5422 705 5466 nt
731 5411 856 5466 dum
890 5414 1036 5470 illum
1067 5431 1323 5484 oramus,
1361 5426 1414 5472 et
1459 5420 1650 5474 mereri
1687 5421 1804 5491 ejus
1826 5436 1958 5477 con-

369 5504 639 5560 tendimus
681 5522 932 5573 munera,
973 5511 1301 5580 accipiamus
1342 5515 1661 5570 innocentiae
1711 5516 1957 5572 volunta-

361 5602 489 5662 tem,
521 5609 574 5653 et
605 5599 672 5656 ab
693 5601 843 5656 omni
877 5589 976 5659 nos
998 5604 1117 5660 labe
1137 5604 1459 5662 delictorum
1499 5610 1736 5666 omnium
1767 5627 1956 5684 ampu-

364 5694 566 5751 tatione
608 5713 922 5767 purgemus.
956 5718 976 5753 ι
1013 5699 1199 5770 (Ibid.,
1227 5703 1319 5757 lib.
1353 5721 1391 5770 t,
1416 5721 1537 5776 pag.
1569 5705 1684 5779 ts.)
1707 5706 1846 5775 Quid
1873 5718 1959 5763 est

364 5795 564 5850 autem,
597 5788 827 5843 obsecro
854 5799 928 5857 te,
959 5791 1092 5847 illud
1123 5792 1372 5864 ingenitae
1395 5797 1724 5852 infirmitatis
1743 5799 1952 5866 vitium,

368 5879 468 5932 nisi
499 5882 790 5951 ipsutnmet
821 5896 1096 5955 peccatum
1141 5888 1440 5959 originale?
1475 5889 1636 5947 Certe
1663 5891 1876 5962 quidem
1904 5891 1957 5949 id

2055 4773 2234 4819 autem
2266 4762 2320 4818 in
2347 4762 2448 4817 hac
2473 4762 2837 4818 cunfutatione
2857 4758 3366 4816 condemnandum?

2129 4859 2230 4922 At,
2276 4854 2515 4924 inquies,
2559 4855 2651 4908 illc.
2688 4868 2880 4925 reapse
2915 4853 3122 4906 animas
3150 4861 3367 4907 nostras
3398 4849 3657 4904 mortales

2056 4965 2178 5005 esse
2205 4947 2544 5020 apertissime
2571 4947 2776 5002 docuit.
2817 4945 2952 5000 Nam
2976 4944 3172 5000 ibidem
3203 4943 3361 5015 paulo
3386 4954 3508 5012 post
3531 4941 3657 4997 sub-

2053 5042 2261 5114 junxit:
2295 5061 2312 5093 ι
2335 5042 2476 5097 Sunt
2505 5041 2696 5096 mediae
2725 5038 3020 5110 qualitatis,
3045 5039 3183 5093 sicut
3203 5035 3415 5092 Christo
3434 5045 3656 5092 auctore

2056 5146 2389 5206 Compertum
2441 5144 2560 5200 est,
2612 5143 2667 5190 et
2715 5133 2937 5188 interire
2967 5147 3087 5202 qua:
3115 5129 3357 5200 pussint,
3397 5129 3441 5183 si
3488 5130 3653 5184 Deum

2058 5231 2457 5302 ignoraverint;
2508 5230 2626 5284 vitae
2654 5245 2708 5284 et
2730 5229 2798 5283 ab
2819 5219 2982 5283 exitio
3010 5224 3225 5282 liberari
3244 5267 3260 5292 ,
3289 5224 3337 5277 si
3357 5222 3423 5277 ad
3451 5226 3571 5290 ejus
3597 5238 3657 5278 se

2057 5326 2233 5378 minas
2263 5324 2389 5396 (ms.
2419 5321 2539 5378 cod.
2578 5337 2692 5393 reg.
2724 5318 2942 5393 sentina)
2975 5327 3139 5391 atque
3165 5316 3529 5388 indulgentias
3556 5330 3655 5386 apo

2054 5418 2324 5490 plicarint.
2363 5436 2381 5469 ι
2422 5416 2614 5488 (Ibid)

2127 5512 2321 5568 Postea
2346 5528 2476 5567 vero
2507 5510 2952 5581 philostiphorum
2981 5506 3124 5563 haud
3155 5505 3315 5562 dubie
3346 5503 3660 5559 Platonico-

2059 5621 2177 5661 rum
2199 5649 2212 5671 ,
2253 5606 2343 5676 qui
2369 5605 2576 5661 animas
2607 5604 2945 5659 immortales
2977 5617 3098 5657 esse
3128 5597 3490 5665 asserebant,
3540 5598 3660 5667 opi-

2013 5771 2019 5776 '
2060 5702 2276 5756 nionem
2310 5699 2430 5756 ideo
2457 5697 2657 5754 refellit
2679 5697 2868 5770 (lbid.,
2903 5712 3026 5768 pag.
3056 5695 3128 5751 65
3152 5704 3200 5748 et
3227 5691 3432 5762 seqq.);
3462 5689 3588 5761 quia
3612 5688 3658 5746 si

2062 5794 2113 5849 id
2137 5808 2322 5848 verum
2344 5794 2433 5858 sit,
2454 5792 2698 5863 quilibet,
2728 5791 3055 5862 contemptis
3079 5786 3392 5852 virtutibus,
3411 5785 3466 5838 in
3495 5796 3658 5838 omne

2061 5889 2350 5960 voluptatis
2377 5899 2433 5946 et
2462 5887 2646 5959 ﬂagitii
2692 5902 2864 5959 genus
2915 5899 3038 5943 sese
3083 5896 3273 5940 secure
3303 5890 3362 5938 et
3389 5875 3663 5949 intrepido
