3918 6390
207 428 294 490 485
1457 421 1524 479 1N
1564 415 1865 478 ARNOBlU

1986 416 2140 474 CAP.
2182 415 2275 473 IX.
3412 414 3515 472 486

210 545 341 598 daret
371 538 911 612 prmcipitem.Nullo
936 537 1203 610 siquidem
1221 548 1489 608 suprema:
1514 536 1798 608 potestatis
1827 538 1877 599 Α
1906 532 2109 587 tuitatis
2133 531 2303 603 possit
2326 540 2380 587 et
2409 530 2659 601 spiritum
2690 528 3009 601 subrogare,
3045 529 3147 586 nisi
3176 529 3265 603 qui
3292 530 3517 587 itmuor-

210 644 333 691 metu
360 634 405 689 is
427 633 819 689 cohiberetur:
860 652 878 685 ι
916 631 1039 695 Cui,
1073 650 1091 684 ι
1121 629 1287 701 inquit
1318 628 1504 701 (lbid.,
1535 645 1659 699 pag.
1684 624 1800 697 64),
1909 625 2030 679 talis
2056 635 2107 679 et
2133 637 2427 695 perpetuus
2453 627 2602 681 solus
2635 634 2741 690 est,
2795 634 2849 681 et
2883 625 3079 680 nullius
3112 624 3369 695 temporis
3406 628 3517 680 cir-

214 742 513 797 persuasum
541 724 705 781 fuerit
736 736 843 779 tam
872 740 933 780 se
958 738 1079 778 esse
1104 722 1460 778 immortalem
1490 762 1505 788 ,
1536 735 1696 791 quam
1718 719 1804 790 ip-
1908 716 2327 786 cumscriptione
2351 717 2553 773 ﬁnitus.
2595 738 2614 769 ι
2656 716 2753 773 Ubi
2780 718 2956 772 obiter
2979 718 3209 773 observa
3241 736 3267 769 a
3298 717 3519 772 l’etavio

212 836 308 874 sunt
337 820 509 875 Deum
541 819 834 888 primum.»
856 816 995 873 Tum
1026 830 1256 884 namque
1285 829 1345 869 se
1366 814 1439 868 ita
1474 814 1803 881 incorrupli-
1910 810 2161 864 traditum
2180 824 2247 865 eo
2269 812 2490 865 nomine
2516 810 2798 882 longaevas,
2823 811 2965 866 idern
2991 811 3177 868 abillo
3201 810 3517 881 signiﬁcari,

216 914 355 969 bilem
384 928 510 969 esse
541 913 742 976 sciret;
794 921 849 965 ut
896 910 1044 965 nullo
1070 922 1291 981 prorsus
1320 907 1529 971 dolore,
1558 915 1614 961 et
1640 904 1807 960 animi
1908 915 1973 956 ac
2000 902 2044 955 si
2062 900 2291 956 dixisset
2319 912 2552 957 aeternas
2576 900 2809 974 (Petam,
2832 913 3012 963 tom.t,
3042 902 3288 974 Tlteolog.
3319 902 3521 975 dogm.,

217 1008 611 1078 perturbatione
644 1016 829 1077 posset
859 1004 1062 1074 pulsari
1100 1014 1152 1058 et
1182 1002 1406 1073 agitari,
1439 1016 1615 1071 neque
1647 998 1807 1053 ullius
1910 994 2000 1049 lib.
2032 1010 2122 1061 ιιι,
2156 1011 2273 1066 cap.
2298 996 2361 1063 5,
2400 1014 2519 1069 pag.
2555 995 2701 1068 191).
2744 996 2817 1053 At
2838 995 2953 1051 hazc
2978 1012 3140 1067 porro
3161 1012 3284 1053 esse
3312 996 3525 1051 videtur

217 1103 367 1171 turpis
396 1101 631 1155 actionis
661 1100 823 1169 pollui
852 1097 1118 1154 fwditate.
1164 1095 1499 1166 Corporalem
1552 1094 1808 1148 enimvero
1910 1091 2141 1159 genuina
2203 1089 2428 1145 Arnohii
2467 1094 2637 1147 nostri
2684 1091 2753 1147 de
2806 1091 2999 1147 anima:
3037 1091 3288 1145 humana:
3328 1101 3521 1145 natura

214 1193 562 1257 substantiam,
597 1192 674 1245 uti
706 1192 796 1246 ille
824 1194 898 1245 ait
920 1188 1139 1262 (ιδιά),
1173 1189 1265 1260 qui
1299 1203 1406 1244 non
1449 1187 1631 1251 habet,
1660 1186 1808 1240 nulla
1911 1179 2114 1249 opiniO.
2141 1196 2301 1250 quam
2327 1193 2496 1248 certe.
2527 1185 2603 1238 uti
2626 1182 2917 1251 νίάεε,υεε
2938 1182 3128 1251 semel.
3148 1188 3246 1238 ηερ
3268 1181 3522 1250 obscure.

218 1286 357 1357 plane
392 1285 603 1355 peccati
634 1284 795 1340 sorde
816 1284 1174 1340 contaminari
1204 1293 1402 1354 potest.
1446 1280 1579 1337 Inde
1627 1290 1809 1336 autem

1974 1272 2217 1343 :plicavit.

214 1379 400 1434 factum
424 1378 579 1444 dicit,
614 1388 672 1433 ut
699 1377 963 1434 medietas
984 1420 999 1443 ,
1044 1391 1353 1447 ancepsque
1383 1375 1685 1429 animarum
1718 1389 1812 1426 na-
1985 1362 2092 1421 Sed
2116 1367 2345 1436 plurium
2374 1383 2437 1423 ea
2466 1367 2534 1424 de
2562 1384 2722 1425 causa
2757 1384 3002 1425 errorum
3038 1369 3365 1443 postulatur.
3401 1368 3525 1425 Pri-

216 1480 314 1526 mm
354 1471 576 1526 dederit
634 1469 993 1541 philosophice
1043 1469 1220 1524 locum
1252 1466 1537 1541 (asserendi
1562 1475 1617 1522 et
1637 1466 1812 1521 bonos
1913 1474 2060 1514 mutu
2087 1459 2229 1515 enim
2263 1460 2513 1517 decernit
2538 1463 2747 1519 animas
2774 1464 2945 1519 solius
2988 1463 3080 1519 Dei
3114 1462 3379 1519 beneﬁcio
3404 1477 3529 1519 esse

218 1565 459 1634 przemia,
490 1574 547 1618 et
589 1563 761 1619 malos
809 1578 997 1633 pinnas
1055 1577 1293 1616 manere.
1326 1560 1400 1615 Ea
1432 1574 1564 1615 vero
1591 1573 1810 1629 persua-
1914 1558 2274 1627 immortales,
2324 1577 2420 1616 sua
2463 1578 2597 1617 vero
2626 1572 2819 1617 natttra
2850 1562 3129 1626 mortales,
3155 1572 3209 1617 et
3232 1561 3391 1615 morti
3412 1602 3427 1625 ,
3462 1575 3528 1616 ex

218 1656 356 1712 sione
387 1657 767 1726 unusquisque
793 1659 844 1711 in
874 1655 1057 1709 ofﬁcio
1085 1670 1185 1711 suo
1229 1654 1562 1710 continetur.
1611 1652 1813 1721 Quam-
1914 1669 2017 1724 qua
2046 1670 2073 1705 a
2135 1653 2253 1708 solo
2286 1653 2396 1709 Deo
2448 1656 2789 1727 eripiuntur,
2822 1655 3121 1725 ,ohnoxias.
3172 1657 3240 1709 At
3271 1654 3531 1726 quidquid

217 1751 389 1805 obrcm
414 1750 509 1804 ille
535 1750 665 1804 inde
684 1750 959 1805 concludit
986 1767 1000 1804 :
1032 1770 1050 1801 ‹
1079 1748 1205 1804 Hac
1221 1765 1340 1804 cum
1370 1752 1439 1803 ita
1472 1762 1530 1803 se
1557 1747 1812 1815 habeant,
1915 1747 2149 1801 mortale
2169 1756 2274 1815 est,
2295 1747 2424 1803 illud
2454 1748 2812 1818 proculdubio
2837 1764 3164 1821 corporeum
3194 1764 3316 1805 esse
3342 1748 3525 1804 debet.

219 1852 408 1897 etcum
434 1859 464 1897 a
488 1858 705 1898 summo
730 1843 983 1898 traditum
1011 1856 1290 1898 teneamus
1317 1852 1536 1897 auctore
1563 1857 1669 1896 non
1695 1855 1816 1896 esse
1917 1840 2050 1909 Quis
2070 1853 2249 1897 autem
2280 1844 2452 1897 nescit
2482 1842 2624 1899 hunc
2650 1853 2896 1900 veterum
2914 1839 3273 1915 quorumdam
3300 1842 3533 1915 scripto-

219 1937 411 1993 animas
446 1939 608 2008 longe
638 1938 707 1992 ab
731 1938 960 1993 hiatibus
980 1938 1169 1993 mortis
1194 1948 1246 1993 et
1271 1938 1512 1992 faucibus
1544 1936 1812 1993 constitu-
1844 1949 1893 2010 Β
1918 1950 2037 1989 rum
2091 1950 2335 1991 errorem
2377 1950 2499 1991 esse
2552 1936 2662 2007 jam
2694 1953 2722 1990 a
2758 1936 2920 2009 longo
2944 1946 3221 2009 tempore,
3267 1952 3369 1993 nec
3408 1936 3527 1993 sine

222 2041 324 2094 tas;
374 2047 536 2098 posse
568 2042 743 2085 tamen
774 2032 1046 2101 longmvas
1071 2032 1268 2087 summi
1300 2031 1562 2101 principis
1591 2046 1815 2085 munere
1920 2026 2216 2097 ignominia
2250 2027 2714 2083 condemnatam?

222 2139 277 2180 ac
300 2125 565 2179 beneﬁcio
598 2124 716 2179 ﬁeri
740 2166 754 2187 ,
781 2125 823 2180 si
848 2125 1007 2180 modo
1034 2124 1187 2179 illum
1220 2133 1427 2180 tentent
1458 2140 1520 2178 ac
1544 2123 1816 2180 mediten-
1994 2121 2196 2177 Deinde
2224 2137 2354 2176 vero
2389 2124 2662 2179 Arnobius
2698 2134 2850 2197 putat
2885 2124 3094 2180 animas
3120 2126 3398 2182 hominum
3439 2125 3538 2182 Dei

221 2226 299 2271 tur
333 2232 727 2287 agnoscerem.
775 2228 884 2272 tum
915 2217 1111 2272 deinde
1142 2216 1355 2272 feritate
1378 2226 1538 2288 atque
1566 2216 1817 2271 inhuma-
1921 2224 2126 2269 tantum
2156 2216 2420 2271 beneﬁcio
2441 2258 2456 2283 ,
2486 2217 2531 2272 si
2578 2226 2758 2272 tamen
2790 2234 2914 2274 eum
2950 2222 3307 2290 agnoverint,
3342 2231 3395 2277 et
3437 2219 3541 2276 hoc

224 2312 379 2368 nitate
425 2313 687 2384 depositis
712 2354 727 2377 ,
777 2323 1055 2367 resumam
1105 2312 1315 2382 ingenia
1365 2311 1610 2377 mitiora;
1660 2320 1718 2365 ut
1752 2310 1818 2365 ad
1924 2309 2225 2362 meruerint
2257 2309 2602 2377 beneﬁcium,
2645 2312 2979 2368 immortales
3013 2312 3152 2369 ﬁeri.
3186 2315 3258 2369 At
3289 2313 3417 2369 inde
3445 2313 3544 2368 ad-

224 2404 341 2460 illud
372 2407 513 2476 quod
553 2407 766 2461 dabitur
819 2421 943 2461 esse
1003 2406 1209 2473 possint
1262 2414 1461 2474 parata:
1488 2445 1502 2469 ,
1561 2404 1688 2476 quid
1739 2412 1823 2459 est
1925 2402 2031 2455 huc
2061 2401 2305 2471 sequitur
2337 2416 2657 2473 persuasum
2688 2403 2765 2458 illi
2794 2402 2965 2460 fuisse
3004 2405 3216 2461 animas
3250 2406 3541 2476 impiorum

228 2502 358 2570 quod
387 2516 417 2555 a
444 2502 599 2557 vobis
645 2512 917 2571 tamquam
958 2501 1100 2555 bruti
1124 2510 1177 2555 et
1202 2499 1387 2555 stolidi
1421 2500 1749 2571 jndicemur,
1777 2500 1823 2555 si
1926 2504 1982 2549 et
2007 2494 2300 2549 inﬁdelium
2333 2495 2588 2564 interire,
2641 2511 2743 2552 nec
2783 2512 2810 2551 a
2859 2498 2971 2555 Deo
3000 2499 3409 2557 immortalitate
3439 2499 3541 2556 do-

228 2607 443 2664 propter
469 2594 567 2649 hos
600 2603 776 2649 metus
826 2594 1103 2649 liberatori
1146 2593 1391 2649 dedimus
1415 2604 1468 2649 et
1500 2591 1825 2665 mancipavi-
1928 2590 2064 2645 nari.
2114 2590 2400 2647 Secundus
2442 2603 2622 2647 autent
2670 2591 2759 2649 hic
2782 2608 2937 2649 error
2980 2606 3064 2650 est
3090 2636 3105 2661 ,
3154 2612 3259 2650 non
3312 2595 3541 2663 minori,

232 2702 343 2742 lllllS
376 2702 474 2743 nos
497 2690 629 2742 Deo.
668 2708 687 2740 ι
717 2688 908 2757 (lbid.,
939 2706 1059 2761 pag;
1096 2688 1214 2762 65.)
1928 2700 2088 2755 qnam
2114 2685 2352 2755 primus,
2396 2690 2661 2743 censoria:
2704 2690 3018 2745 severitatis
3048 2699 3172 2745 nota
3202 2691 3323 2762 jure
3350 2691 3547 2747 merito

297 2781 479 2851 Neque
518 2780 658 2835 hanc
685 2782 751 2836 de
772 2783 1075 2837 animarum
1104 2783 1396 2839 medietate
1426 2784 1735 2854 opinionem
1760 2784 1830 2840 ab
1930 2779 2161 2835 inustus.

232 2874 469 2930 Ethnicis
503 2874 653 2943 rejici
690 2890 849 2944 posse
889 2876 1164 2943 ostendit;
1207 2878 1329 2948 quia
1370 2879 1445 2935 illi
1498 2879 1631 2935 deos
1659 2896 1787 2937 suos
1812 2922 1825 2945 ,
2002 2872 2153 2939 Ουοά
2184 2880 2364 2929 amem
2412 2874 2479 2929 ad
2524 2875 2757 2946 Primum
2806 2893 3049 2934 ετΐοτθηι
3094 2889 3339 2950 specu“.
3384 2881 3539 2937 dicm

233 2983 565 3038 quocumque
632 2968 849 3023 nomine
891 2970 959 3023 ab
1011 2970 1141 3039 ipsis
1193 2972 1630 3040 appellarentur,
1684 2973 1829 3043 ejus-
1930 2964 2175 3035 profecto
2207 2966 2361 3021 l‘acile
2391 2984 2496 3021 non
2547 2979 2630 3023 est
2672 2981 2854 3024 utrum
2892 2972 3167 3027 Arnobius
3198 2974 3252 3027 in
3282 2974 3436 3030 illum
3467 2974 3546 3029 ιη.

235 3059 353 3114 dem
401 3059 589 3114 mediae
628 3072 832 3115 natura:
884 3076 1005 3115 esse
1045 3060 1472 3117 existimabant:
1526 3082 1544 3114 ι
1578 3064 1679 3130 Qui
1711 3080 1829 3119 me.
1873 3057 1877 3061 ’
1932 3057 2161 3123 ciderit,
2214 3060 2316 3113 nisi
2352 3062 2499 3128 prius
2528 3074 2743 3116 constet
2772 3065 2897 3135 quid
2931 3065 3123 3121 media:
3151 3067 3436 3123 mortalem
3469 3068 3553 3123 in-

234 3151 356 3219 diae,
395 3172 413 3205 ι
454 3153 629 3222 inquit
671 3153 823 3223 (ibid.
846 3196 860 3218 ,
908 3172 1027 3225 pag.
1057 3153 1191 3226 67),
1252 3172 1269 3207 ‹
1309 3156 1588 3225 qualitatis
1616 3159 1829 3215 animas
1937 3158 2025 3205 ter
2050 3163 2105 3205 et
2128 3152 2490 3207 immortalem
2519 3164 2728 3209 naturae
2763 3158 2981 3211 nomine
3004 3158 3073 3213 ab
3100 3175 3164 3214 eo
3194 3160 3544 3232 intelligatur.

237 3261 359 3302 esse
402 3262 503 3300 non
533 3246 794 3310 creditis,
825 3256 880 3302 et
907 3248 959 3301 in
997 3248 1173 3303 medio
1202 3247 1372 3304 limite
1402 3251 1525 3304 vitm
1557 3261 1717 3323 atque
1748 3255 1832 3307 iu-
1938 3245 2007 3296 Αι
2037 3260 2168 3298 δίιηθ
2190 3245 2438 3314 Ψηιηνίδ
2468 3247 2517 3300 λά
2546 3247 2639 3303 me
2668 3248 2829 3317 Plane
2866 3259 2919 3305 ει
2948 3251 3199 3308 ἀίειίηειθ
3230 3268 3339 3307 "0“
3368 3254 3558 3309 deﬁlli'

238 3342 429 3397 teritus
468 3342 767 3409 contineri,
827 3360 1006 3398 nonne
1027 3359 1216 3400 omnes
1246 3347 1470 3400 omnino
1494 3389 1507 3413 ,
1554 3364 1689 3418 quos
1718 3352 1833 3419 opi-
1863 3378 1865 3397 ι

1977 3337 2114 3402 erit;
2173 3347 2384 3392 eertum
2417 3349 2596 3395 tamen
2645 3352 2730 3396 est
2782 3342 2884 3398 hoc
2913 3344 3037 3399 ideo
3069 3346 3138 3399 ab
3167 3349 3282 3418 ipso
3314 3363 3559 3417 pronun-

243 3436 389 3489 natio
415 3437 741 3505 suSpieatur,
775 3436 885 3504 dii,
929 3439 1119 3509 Angeli
1140 3480 1153 3502 ,
1194 3438 1471 3495 dmmones
1498 3452 1585 3495 aut
1618 3445 1839 3499 nomine

1974 3429 2099 3495 iuri,
2147 3430 2269 3499 quia
2314 3441 2629 3488 constanter
2671 3436 2944 3504 credidit,
3000 3439 3143 3509 quod
3192 3440 3261 3495 ab
3286 3441 3554 3513 Apostolo

243 3544 576 3600 quocumque
622 3542 750 3585 sunt
800 3530 928 3595 alio,
962 3533 1238 3602 qualitatis
1265 3544 1318 3589 et
1344 3535 1441 3603 ipsi
1472 3547 1599 3591 sunt
1623 3538 1835 3605 medim,

1979 3532 2209 3576 sscrtmn
2255 3522 2484 3593 legimus
2521 3526 2567 3594 (l
2607 3525 2858 3593 Timotlt.,
2904 3545 2984 3593 v1,
3029 3530 3142 3603 16),
3176 3531 3345 3587 Deum
3382 3533 3559 3589 solum

245 3633 300 3676 et
355 3625 405 3676 in
444 3625 706 3695 ambigua:
752 3628 916 3681 sortis
970 3628 1280 3685 conditione
1334 3631 1642 3686 mutabiles.
1686 3652 1703 3684 ›
1764 3634 1842 3689 lbi

244 3730 423 3771 autem
475 3718 716 3773 Platonis
762 3737 980 3775 sensum
1038 3725 1259 3789 retulit,
1312 3741 1420 3779 non
1465 3728 1632 3782 verba
1688 3730 1841 3800 ipsa,

247 3826 369 3880 quae
405 3812 547 3865 ineo
574 3854 587 3877 ,
626 3829 785 3880 quem
829 3814 971 3869 haud
1011 3816 1173 3872 dubie
1216 3818 1499 3887 laudavit,
1534 3822 1843 3893 philosophi

247 3905 486 3973 Timaeo,
518 3919 675 3977 atque
704 3908 772 3961 ab
806 3909 1172 3978 Athenagora,
1205 3912 1470 3969 Cicerone
1513 3927 1566 3971 et
1615 3917 1737 3971 aliis
1764 3920 1844 3973 ci-

252 4008 359 4053 tata
396 4000 629 4055 invenies
687 3999 899 4070 (Pluto,
932 4004 984 4056 in
1026 4002 1239 4070 Timwo,
1276 4017 1399 4073 tom,
1432 4025 1513 4075 ιιι,
1547 4028 1666 4083 pag.
1703 4012 1767 4066 41
1802 4024 1849 4067 et

250 4109 422 4159 σει]ηά
452 4095 722 4164 ΑιΙιειια9.,
767 4099 866 4169 (eg.
913 4114 1007 4165 pro
1046 4098 1309 4154 christian.
1336 4141 1351 4165 ,
1394 4120 1513 4174 pag.
1547 4106 1610 4171 b;
1658 4104 1849 4178 Cicer.,

253 4184 317 4237 de
347 4183 573 4240 Univers.
604 4188 655 4239 in
684 4190 899 4257 fragon,
932 4201 1055 4244 tam.
1088 4206 1146 4257 ιι,
1182 4210 1299 4263 pag.
1326 4194 1441 4266 ευ).

331 4280 564 4349 Denique
584 4280 854 4334 Arnobius
884 4281 1018 4336 hanc
1035 4298 1185 4337 suam
1215 4285 1282 4340 de
1315 4286 1400 4340 illa
1432 4289 1625 4345 anima:
1652 4302 1851 4348 nostra:

254 4380 441 4425 natura
472 4376 792 4429 sententiam
843 4374 924 4429 his
953 4376 1271 4432 clarissimis
1313 4382 1648 4453 minimeque
1676 4388 1852 4442 ambi-

254 4464 378 4533 guis
412 4466 578 4520 verbis
605 4467 859 4535 exposuit
896 4486 908 4520 :
958 4486 975 4517 ι
1008 4468 1119 4521 Non
1156 4470 1379 4538 absone,
1419 4490 1592 4544 neque
1624 4478 1856 4535 inaniter

259 4558 525 4612 credimus
549 4560 740 4615 mediae
769 4560 1045 4630 qualitatis
1077 4577 1197 4617 esse
1224 4563 1430 4619 animas
1451 4566 1752 4636 hominum,
1776 4583 1860 4627 ut-

262 4658 392 4717 pote
422 4666 447 4702 a
474 4651 630 4706 rebus
661 4668 767 4705 non
793 4653 1179 4723 principalibus
1201 4656 1373 4710 editas
1394 4701 1407 4725 ,
1444 4658 1553 4729 juri
1585 4663 1862 4731 subiectas

1946 3632 2135 3672 revera
2161 3632 2283 3673 esse
2312 3620 2697 3675 immortalem.
2730 3622 2869 3690 Quid
2892 3628 3041 3678 enim
3065 3623 3149 3679 his
3172 3626 3291 3695 ejus
3321 3628 3562 3683 auctoris

1950 3712 2117 3765 nostri
2148 3711 2331 3765 verbis
2354 3753 2369 3778 ,
2402 3721 2462 3766 ut
2499 3713 2599 3767 alia
2632 3715 2793 3769 missa
2825 3716 3116 3785 faciamus,
3162 3704 3365 3774 clarius
3389 3731 3443 3775 et
3464 3735 3563 3775 ex-

1950 3803 2226 3873 pressius?
2268 3822 2286 3854 ‹
2322 3803 2511 3860 Nonne
2554 3806 2703 3861 solus
2745 3808 3057 3879 ingenitus,
3103 3810 3423 3867 immortalis
3450 3855 3464 3878 ,
3511 3824 3566 3868 ct

1952 3911 2245 3969 perpetuus
2274 3900 2420 3955 solus
2449 3902 2567 3955 est?
2602 3923 2621 3953 ι
2660 3902 2879 3967 Arnob,
2912 3904 3000 3958 lib.
3035 3920 3094 3971 ιι,
3130 3922 3250 3978 pag.
3282 3906 3402 3978 95.)
3424 3906 3564 3975 Quin

1953 3994 2119 4047 immo
2151 4004 2207 4049 et
2245 3996 2420 4067 ipsum
2458 4000 2635 4051 solum
2668 4015 3049 4069 incorporeum
3082 4016 3207 4057 esse
3243 4015 3520 4058 asseverat
3552 4022 3565 4057 :

1964 4107 1983 4138 ‹
2021 4088 2329 4159 ingenitus;
2370 4110 2387 4142 ι
2435 4092 2607 4161 inquit
2635 4092 2848 4163 (Idem,
2885 4094 2974 4148 lib.
3004 4110 3056 4161 ι,
3090 4113 3211 4168 pag.
3241 4097 3368 4168 17),
3417 4117 3436 4150 ι
3470 4098 3571 4152 itit-

1958 4184 2241 4253 mortalis,
2290 4198 2583 4256 perpetuus
2614 4229 2628 4253 ,
2684 4190 2874 4256 solus,
2926 4204 3088 4260 quem
3139 4192 3289 4248 nulla
3335 4193 3573 4248 delincat

1959 4276 2130 4330 forma
2163 4280 2483 4345 corporalis,
2521 4281 2665 4334 nulla
2698 4281 3029 4338 determinat
3056 4285 3511 4355 circumscriptio.
3547 4307 3565 4339 ι

2032 4373 2101 4425 At
2126 4372 2169 4424 si
2199 4372 2465 4427 Arnobius
2495 4390 2561 4429 eo
2591 4387 2802 4431 tantum
2834 4394 2997 4433 sensu
3026 4380 3264 4435 animam
3307 4396 3429 4437 esse
3468 4382 3570 4437 itit-

1963 4465 2243 4519 mortalcm
2292 4469 2537 4537 negavit,
2584 4472 2704 4539 quia
2739 4472 2880 4538 alio,
2928 4489 3087 4543 quam
3119 4473 3283 4541 Deus,
3314 4477 3478 4531 modo
3505 4479 3578 4530 sit

1964 4556 2318 4622 immortalis,
2360 4560 2492 4614 nihil
2524 4572 2670 4617 certe
2696 4564 2919 4634 protulit
2950 4567 3055 4621 nisi
3085 4581 3277 4621 sanum
3310 4580 3366 4623 ct
3387 4568 3577 4623 ortho-

1966 4650 2161 4705 doxutn
2195 4670 2206 4705 :
2257 4673 2275 4704 ι
2306 4652 2497 4708 Anima
2530 4656 2730 4727 quippe
2759 4656 3026 4727 hominis,
3062 4680 3079 4712 ι
3117 4660 3192 4715 ait
3220 4662 3572 4730 Augustinus,

264 4747 475 4807 mortis,
495 4762 776 4815 parvarum
794 4754 847 4799 et
872 4747 1113 4800 labilium
1153 4750 1347 4804 virium
1371 4756 1733 4824 perpetuitate
1764 4759 1862 4813 do-

1978 4762 1997 4795 r
2033 4745 2353 4801 immortalis
2381 4760 2463 4800 est
2494 4750 2793 4805 secundum
2824 4755 3113 4821 quemdam
3146 4755 3369 4810 modum
3396 4772 3578 4811 suum.

265 4839 414 4903 nari,
439 4838 479 4893 si
506 4856 653 4910 spem
685 4840 924 4893 muneris
958 4843 1089 4895 tanti
1120 4843 1286 4898 Deum
1316 4846 1382 4901 ad
1413 4850 1714 4920 principem
1743 4868 1868 4907 con-

268 4932 485 4995 ferant,
536 4934 620 4989 cui
653 4935 753 4988 soli
788 4944 1029 5004 potestas
1066 4948 1149 4991 est
1178 4940 1302 4993 talia
1332 4986 1345 5009 ,
1398 4946 1747 5015 corruptione
1775 4964 1871 5003 ex-

266 5024 451 5087 clusa,
482 5027 657 5099 largiri
691 5048 709 5077 ι
751 5028 993 5097 (Arnob.,
1028 5030 1115 5083 lib.
1148 5047 1205 5093 ιι,
1242 5034 1492 5106 przg.79).

346 5117 528 5175 Nonne
558 5138 687 5193 ergo
716 5138 780 5178 ex
813 5124 1071 5178 hactenus
1100 5125 1256 5179 dictis
1280 5128 1409 5181 satis
1439 5129 1640 5199 liquido
1670 5134 1865 5203 proba-

274 5221 369 5266 tur
391 5214 673 5267 Arnohimn
705 5216 756 5269 in
781 5230 842 5269 ea
873 5216 1037 5272 fuisse
1051 5222 1326 5289 opinione,
1359 5221 1563 5275 animas
1590 5224 1871 5283 hominum

276 5303 475 5358 mediae
500 5309 771 5377 cuiusdem
806 5310 1089 5364 mortalem
1123 5312 1262 5367 inter
1292 5326 1345 5368 et
1378 5315 1737 5373 immortalem
1756 5336 1877 5375 esse

276 5397 556 5468 qualitatis
598 5413 651 5456 et
708 5403 967 5458 naturae?
1033 5404 1199 5460 Docet
1267 5416 1445 5463 autem
1500 5409 1637 5467 hanc
1690 5430 1877 5470 earum

280 5490 631 5549 medietatem
664 5495 715 5549 in
741 5512 805 5549 co
835 5497 1061 5565 positam
1091 5512 1235 5564 esse,
1265 5500 1407 5569 quod
1435 5502 1612 5557 anima
1641 5506 1755 5575 ipsa
1783 5525 1880 5563 sua

284 5594 484 5642 natura
514 5592 581 5644 sit
610 5591 853 5646 mortalis
879 5639 892 5662 ,
940 5600 995 5646 et
1042 5593 1200 5647 unius
1242 5606 1445 5649 lautum
1501 5597 1594 5651 Dei
1627 5598 1771 5654 dono
1821 5618 1885 5658 ac

286 5678 552 5735 beneﬁcio
582 5684 897 5741 immortalis
922 5685 1031 5741 ﬁat.
1072 5688 1415 5759 Quapropter
1440 5690 1529 5745 ille
1560 5692 1735 5747 adhuc
1766 5709 1889 5763 pos—

288 5782 382 5828 tea
434 5778 698 5847 perspicue
741 5780 982 5835 declarat
1017 5780 1219 5849 (Ibid.,
1252 5800 1372 5854 pag.
1399 5782 1501 5856 87)
1544 5802 1556 5837 :
1608 5805 1626 5837 ‹
1660 5786 1891 5844 Servare

291 5867 508 5921 animas
534 5872 684 5936 alius,
738 5874 841 5929 nisi
871 5873 1016 5929 Deus
1039 5876 1389 5946 omnipotens
1419 5892 1527 5932 non
1562 5888 1758 5949 potest,
1793 5895 1892 5936 nec

295 5970 563 6031 praeterea
606 5969 887 6040 quisquam
928 5978 1012 6025 est
1040 5970 1129 6040 qui
1160 5970 1431 6043 longzevas
1461 5972 1663 6044 facere,
1694 5990 1892 6046 perpe-

1974 4838 2089 4893 Non
2122 4841 2261 4894 enim
2288 4842 2435 4895 omni
2460 4842 2642 4908 modo,
2680 4846 2839 4913 sicut,
2864 4847 2929 4902 de
2954 4866 3058 4919 quo
3086 4850 3289 4905 dictum
3318 4856 3579 4924 estquia:

1976 4932 2136 4988 Solus
2165 4932 2324 4989 habet
2348 4935 2828 4993 immortalitatem.
2860 4960 2877 4991 ι
2916 4942 3246 5012 (Augustin.,
3272 4945 3425 5012 epist.
3452 4948 3581 5011 Mli,

1977 5042 2094 5097 pag.
2130 5024 2281 5098 584).
2327 5027 2463 5082 Tum
2508 5029 2705 5087 deinde
2745 5032 2988 5089 declat-at
3023 5038 3296 5106 quomodo
3322 5039 3502 5095 anima
3531 5052 3585 5095 et

1977 5134 2237 5192 corporea
2270 5133 2322 5176 et
2356 5123 2670 5194 incorporea
2710 5126 2816 5180 diei
2848 5129 3022 5198 possit
3075 5145 3089 5182 :
3149 5149 3166 5180 ί
3202 5129 3584 5202 Incorporeant

1978 5234 2101 5274 esse
2149 5218 2425 5283 animam,
2472 5240 2490 5273 ι
2542 5220 2615 5277 ita
2673 5222 2764 5278 ille
2820 5225 2885 5278 ad
2947 5225 3337 5296 Hieronymum
3399 5229 3591 5284 scribit

1981 5314 2147 5383 (Ibid.
2179 5327 2225 5371 et
2281 5317 2447 5390 seqq.)
2504 5334 2519 5372 :
2553 5338 2571 5370 ι
2607 5320 2710 5375 etsi
2736 5319 2956 5376 difﬁcile
2992 5322 3319 5385 tardioribus
3363 5340 3590 5393 persua-

1984 5412 2100 5466 deri
2130 5417 2307 5483 poteét
2331 5458 2346 5481 ,
2383 5415 2515 5470 mihi
2546 5424 2725 5471 tamen
2754 5415 2932 5474 lateor
2954 5435 3079 5476 esse
3104 5435 3450 5491 persuasum.
3483 5420 3593 5477 Sed

1984 5518 2054 5559 ne
2105 5506 2252 5560 verbi
2302 5510 2729 5564 controversiam
2784 5512 2867 5567 vel
2921 5514 3197 5583 superﬂuo
3229 5514 3461 5581 iaciam,
3509 5514 3595 5570 vel

1989 5599 2183 5653 merito
2214 5600 2417 5667 patiar;
2466 5606 2721 5671 quoniam
2753 5620 2876 5659 cum
2910 5608 2977 5661 de
3007 5624 3066 5662 re
3089 5615 3330 5675 constat,
3372 5624 3481 5662 non
3514 5618 3600 5664 est

1990 5708 2127 5761 Opus
2156 5704 2369 5749 certare
2390 5693 2455 5748 de
2475 5696 2692 5753 nomine
2715 5716 2726 5752 :
2753 5700 2795 5753 si
2821 5714 3019 5770 corpus
3044 5711 3125 5755 est
3149 5700 3327 5758 omnis
3345 5701 3601 5756 substan-

1999 5789 2107 5857 tia,
2150 5789 2235 5844 vel
2267 5789 2505 5845 essentia
2531 5831 2547 5857 ,
2604 5793 2689 5848 vel
2717 5794 2760 5848 si
2789 5796 2917 5865 quid
2948 5794 3125 5867 aptius
3153 5805 3497 5865 nttncupatur
3523 5795 3599 5862 id,

1999 5883 2143 5953 quod
2186 5883 2532 5953 aliquomodo
2564 5898 2649 5941 est
2677 5887 2730 5941 in
2760 5903 2819 5943 se
2868 5889 3019 5958 ipso,
3066 5905 3260 5959 corpus
3289 5896 3374 5944 est
3397 5889 3603 5944 anima.

2002 5978 2132 6035 item
2165 5980 2207 6037 si
2235 5995 2356 6035 eam
2397 5981 2570 6038 solam
2602 5983 2976 6053 incorpoream
3009 5987 3183 6056 placet
3215 5984 3488 6057 appellare
3512 6000 3607 6040 na~
