3918 6338
408 313 509 371 487

407 532 534 593 est,
561 540 758 597 corpus
802 536 887 583 est
916 528 1127 597 anima;
1174 532 1427 603 quoniam
1482 534 1587 591 tale
1640 537 1843 609 aliquid
1885 538 1999 608 ipsa

406 634 516 676 non
542 632 645 677 est.
685 622 855 679 Porro
885 626 929 681 si
958 640 1156 697 corpus
1182 643 1288 682 non
1318 638 1438 695 est,
1469 629 1572 685 nisi
1602 632 1743 701 quod
1774 648 1870 703 per
1896 633 1998 688 loci

405 714 635 783 spatium
666 716 846 787 aliqua
874 718 1211 789 longitudine
1231 763 1247 789 ,
1277 721 1580 802 latitudine,
1616 724 1898 781 altitudine
1927 726 1999 780 ita

402 806 645 875 sistitur,
692 810 777 866 vel
813 818 1079 877 movetur,
1122 820 1181 867 ut
1210 812 1417 884 majore
1444 813 1527 868 sui
1559 823 1712 885 parte
1736 816 2000 887 majorem

402 900 579 957 locum
599 910 849 973 occupet,
892 912 947 958 et
974 903 1225 966 breviore
1245 904 1549 962 breviorem
1568 947 1583 973 ,
1621 907 1904 979 minusque
1932 910 2003 965 sit

404 994 459 1049 in
490 1004 640 1065 parte
664 1037 679 1062 ,
711 1011 871 1066 quam
908 994 963 1050 in
998 1004 1146 1069 toto,
1189 1013 1298 1053 non
1337 1007 1421 1053 est
1444 1014 1642 1071 corpus
1667 1002 1863 1056 anima.
1898 1002 2002 1058 Per

405 1099 577 1146 totum
604 1091 802 1163 quippe
827 1106 1055 1162 corpus,
1087 1086 1232 1164 quod
1260 1095 1485 1161 animat,
1519 1111 1627 1150 non
1656 1096 1811 1151 locali
1838 1095 2001 1152 ditiu-

404 1183 559 1240 sione
585 1226 599 1251 ,
644 1183 741 1240 sed
789 1184 1021 1255 quadam
1052 1186 1200 1241 vitali
1248 1187 1553 1245 intensione
1590 1190 1997 1260 porrigitur....,

401 1278 739 1347 Quapropter
754 1277 801 1332 si
821 1277 998 1333 anima
1020 1293 1219 1349 corpus
1246 1295 1370 1336 esse
1394 1280 1622 1336 dicenda
1647 1290 1751 1347 est,
1780 1297 1887 1336 non
1915 1291 2001 1337 est

402 1380 551 1427 certe
576 1387 773 1442 corpus
794 1414 810 1441 ,
852 1372 1013 1444 quale
1041 1383 1319 1430 terrenum
1348 1384 1433 1431 est
1456 1416 1472 1440 ,
1506 1392 1608 1431 nec
1637 1376 1796 1446 quale
1824 1375 2003 1431 humi-

402 1462 531 1519 dum
554 1505 569 1531 ,
623 1476 716 1521 aut
740 1480 982 1534 aereum,
1029 1475 1125 1523 aut
1153 1468 1572 1525 mtbereum.....
1620 1469 1773 1526 Unde
1804 1471 2006 1526 intelli-

402 1558 548 1628 gitur
576 1560 782 1627 anima,
822 1560 937 1617 sive
966 1575 1184 1633 corpus,
1223 1563 1339 1619 sive
1362 1578 1622 1634 corporea
1642 1562 1867 1619 dicenda
1908 1566 2001 1631 sit,

403 1651 676 1722 propriam
730 1653 1021 1724 quamdam
1071 1654 1276 1711 habere
1312 1668 1588 1723 naturam,
1633 1656 1887 1726 omnibus
1918 1657 2005 1714 his

403 1749 689 1805 mundana
738 1750 900 1805 molis
946 1751 1233 1825 elementis
1270 1752 1658 1809 excellentiore
1700 1754 2006 1809 substantia

400 1848 662 1909 creatam,
685 1856 805 1910 quae
829 1844 1098 1898 veraciter
1121 1860 1226 1899 non
1253 1844 1423 1914 possit
1443 1846 1496 1899 in
1515 1846 1691 1917 aliqua
1717 1845 2001 1915 phantasia
2034 1869 2083 1929 Β

402 1936 767 2003 corporalium
786 1935 1102 2007 imaginum,
1151 1954 1287 2009 quas
1323 1953 1420 2010 per
1443 1954 1638 1995 sensus
1659 1941 1842 1996 carnis
1876 1955 2003 2011 per-

400 2026 667 2096 cipimus,
724 2030 997 2100 cogitari,
1049 2030 1145 2087 sed
1200 2043 1383 2087 mente.
1436 2032 1710 2104 intelligi,
1775 2034 1995 2106 vitaque

403 2119 616 2175 sentiri.
654 2139 674 2172 ι

474 2212 697 2270 Fatetur
722 2214 906 2287 itaque
937 2217 1269 2289 Augustinus
1299 2220 1533 2276 animam
1574 2220 1811 2277 hominis
1837 2221 2005 2276 variis

404 2305 657 2378 loquendi
710 2309 887 2365 modis
934 2310 1040 2365 dici
1082 2327 1243 2381 posse
1292 2328 1607 2383 corpoream
1653 2326 1709 2370 et
1753 2314 2004 2385 incorpo-

403 2416 593 2470 rcam,
645 2404 929 2459 mortalem
980 2416 1035 2459 et
1088 2406 1470 2462 immortalem.
1538 2408 1679 2477 Quid
1732 2423 1907 2478 ergo,
1956 2408 2003 2462 si

404 2495 581 2567 primo
599 2510 761 2553 sensu
792 2494 1063 2552 Arnobius
1092 2498 1293 2555 dixerit
1321 2515 1444 2556 esse
1468 2517 1816 2573 corpoream,
1842 2511 2003 2571 atque

402 2603 466 2644 ea
488 2605 703 2662 quoque
733 2591 943 2646 ratione
969 2593 1254 2648 mortalem
1278 2634 1293 2659 ,
1338 2584 1460 2664 quia
1493 2595 1560 2650 ab
1598 2594 1829 2665 ipsumet
1866 2594 2001 2663 Deo,

402 2698 433 2737 a
483 2698 589 2755 quo
631 2696 812 2741 creata
857 2693 978 2753 est,
1025 2684 1185 2742 sicuti
1236 2686 1304 2741 de
1346 2686 1577 2742 Tatiauo
1626 2688 2004 2743 annotavimus

404 2775 550 2847 (tant.
595 2792 645 2841 ι,
704 2778 955 2850 Apparat.
1005 2778 1096 2834 lib.
1140 2794 1213 2846 ιι,
1263 2778 1466 2834 dissert.
1502 2779 1569 2848 5,
1607 2798 1726 2851 cap.
1784 2781 1841 2849 2,
1870 2779 1900 2851 ς
1931 2779 2001 2846 4,

405 2853 527 2944 pag.
555 2870 719 2944 559),
766 2888 921 2928 suam
960 2873 1423 2929 immortalitatem
1468 2874 1782 2945 acceperit?
1830 2874 2003 2929 Num-

403 2963 534 3034 quid
563 2964 713 3019 illum
742 2965 811 3020 ab
839 2980 1031 3020 errore
1060 2964 1284 3035 negabis
1310 2964 1682 3020 vindicatum?

398 3065 435 3124 ι
470 3057 636 3128 Διίιυί
665 3060 803 3111 hanc
832 3056 1003 3113 fuisse
1030 3057 1149 3126 ejus
1175 3066 1411 3113 mentem
1446 3067 1500 3112 et
1526 3058 1839 3127 opinionem
1871 3073 2005 3112 non-

402 3166 472 3207 ne
509 3165 579 3207 ex
609 3151 693 3206 his
719 3150 916 3207 confici
944 3160 1142 3221 potest
1198 3152 1379 3206 verbis
1411 3193 1426 3218 ,
1482 3151 1677 3221 quibus
1708 3152 1864 3207 istam
1896 3152 2002 3206 sibi

1680 326 2137 390 DISSERTATIO
2173 337 2453 402 PREVIA

409 438 619 500 turam,
664 445 784 503 qua
816 446 1027 492 summe
1050 435 1524 513 incommutabilis,
1562 450 1619 497 et
1646 445 1845 517 ubique
1885 455 1995 501 tota
2022 463 2078 522 Α
2102 472 2223 529 pag.
2256 462 2327 518 90
2353 473 2401 517 et
2424 481 2450 518 ε

3605 374 3709 431 488

2453 462 2612 537 eqq.).
2641 466 2834 526 Utrum
2860 483 3039 532 autem
3070 475 3188 535 haec
3216 482 3331 553 ipsa
3361 473 3602 559 veraque
3628 490 3703 545 sit

2105 551 2328 650 arnobii
2356 560 2643 626 sententia,
2668 567 2941 636 expendas
2970 572 3131 628 velim
3150 616 3167 641 ,
3196 551 3260 632 ac
3285 551 3576 650 dijudiees.
3602 583 3710 641 Sed

2104 644 2322 704 interim
2356 651 2630 712 videamus
2660 665 2838 712 utrum
2884 677 3073 719 revera
3118 644 3391 738 putaverit
3431 673 3713 732 immorta-

2105 738 2212 796 lem
2242 757 2467 812 prorsus
2496 762 2621 805 esse
2653 749 2887 809 hominis
2923 757 3181 817 animam.

2702 905 2993 949 Αιιτισυιυε
3030 911 3103 951 ιν.

2165 1078 2371 1131 nihilum
2410 1085 2726 1150 redigendas,

2165 1147 2587 1199 resurrectionem
2617 1147 2896 1215 negaverit.

2174 1265 2447 1334 Quosdam
2488 1288 2610 1328 cum
2665 1276 2902 1335 Heraldo
2925 1281 3154 1355 aliisque
3195 1291 3479 1347 nonnullis
3521 1295 3715 1353 audire

2105 1357 2258 1413 nobis
2282 1360 2548 1430 videmur,
2579 1368 2668 1436 qui
2698 1379 2889 1427 contra
2912 1377 3212 1446 expositam
3230 1396 3261 1435 a
3284 1382 3441 1438 nobis
3469 1386 3700 1443 Arnobii

2105 1450 2174 1506 de
2202 1452 2398 1509 animae
2438 1456 2687 1515 humana:
2730 1462 3140 1525 immortalitate
3170 1472 3484 1541 opinionem
3516 1478 3717 1534 acriter

2107 1556 2301 1616 urgent
2330 1549 2481 1606 illum
2524 1568 2715 1609 revera
2747 1556 3147 1617 existimavisse
3179 1565 3471 1636 impiorum
3502 1571 3717 1629 animas

2108 1641 2243 1695 mori
2267 1680 2284 1706 ,
2318 1656 2383 1697 ac
2403 1647 2653 1713 quamvis
2671 1664 2776 1704 non
2800 1652 2983 1707 statim
3013 1657 3421 1728 extinguantur,
3468 1666 3719 1722 consumi

2109 1738 2287 1786 tamen
2316 1733 2619 1805 longissimi
2648 1744 2908 1812 temporis
2934 1747 3283 1807 cruciatibus.
3328 1753 3450 1810 Non
3478 1757 3715 1817 obscure

2108 1821 2372 1894 siquidem
2401 1870 2416 1892 ,
2444 1830 2543 1885 sed
2572 1831 2718 1890 clare
2745 1844 2801 1891 et
2826 1848 3015 1907 aperte
3041 1840 3110 1897 de
3138 1842 3203 1898 iis
3238 1844 3373 1901 dixit
3401 1865 3415 1901 :
3472 1868 3490 1900 ι
3520 1849 3577 1904 In
3608 1849 3713 1905 ﬂu-

2110 1919 2252 1975 mina
2287 1924 2546 1980 torrentia
2575 1926 2917 1985 ﬂammarum
2941 1932 3251 2004 jaciuntur,
3292 1949 3349 1994 et
3384 1942 3451 1995 ad
3485 1942 3715 1999 nihilum

2109 2014 2379 2086 redactze,
2443 2020 2770 2079 interitionis
2805 2036 3079 2098 perpetuae
3124 2031 3476 2092 frustratione
3514 2054 3715 2095 vanes-

2108 2118 2237 2163 cunt
2269 2129 2288 2163 ι
2336 2112 2587 2183 (Arnob.,
2633 2117 2723 2170 lib.
2755 2134 2823 2185 ιι,
2870 2138 2987 2190 pag.
3024 2120 3139 2192 52).
3190 2123 3299 2182 Nec
3353 2131 3556 2198 opponi
3611 2132 3714 2187 sibi

2110 2202 2386 2270 patiuntur
2415 2205 2485 2260 ibi
2510 2206 2578 2260 ab
2599 2208 2691 2263 illo
2721 2212 2899 2267 minus
2921 2230 3097 2283 suam,
3122 2233 3287 2288 quam
3310 2220 3556 2279 Platonis
3580 2241 3713 2281 sen-

2110 2296 2330 2349 tentiam
2358 2297 2568 2353 referri.
2608 2301 2743 2357 Nam
2772 2304 2890 2361 bmc
2921 2307 3122 2364 ibidem
3154 2311 3457 2385 subjunxit.
3504 2335 3522 2366 ι
3560 2317 3628 2372 Ει
3656 2329 3715 2375 ιιι

2107 2390 2251 2457 quod
2275 2390 2515 2459 ignotum
2539 2403 2623 2447 est
2648 2406 2849 2465 pateat,
2875 2398 2993 2455 hmc
3016 2412 3100 2456 est
3122 2403 3357 2461 hominis
3387 2423 3534 2464 mors
3559 2426 3710 2479 vera,

2108 2480 2225 2537 haec
2246 2482 2376 2539 nihil
2405 2486 2678 2544 residuum
2712 2489 2935 2548 faciens.
2965 2494 3102 2552 Nam
3128 2498 3238 2566 illa,
3268 2517 3390 2571 qua:
3416 2504 3517 2559 sub
3538 2508 3712 2563 oculis

2106 2577 2365 2645 cernitur,
2397 2580 2700 2638 animarum
2717 2592 2847 2640 esta
2872 2601 3103 2657 corpore
3128 2591 3409 2663 dijugatio,
3448 2612 3554 2652 non
3588 2600 3713 2656 linis

2107 2670 2415 2728 abolitionis
2441 2685 2742 2733 extremus.
2761 2679 2911 2747 Hmc,
2935 2681 3173 2754 inquam,
3198 2695 3280 2741 est
3295 2685 3531 2746 hominis
3559 2706 3710 2749 mors

2107 2779 2233 2820 vera
2257 2808 2273 2832 ,
2310 2782 2432 2821 cum
2463 2769 2659 2826 animae
2697 2775 3005 2831 nescientes
3041 2776 3244 2845 Deum,
3282 2796 3379 2852 per
3406 2782 3709 2855 longissimi

2108 2860 2367 2928 temporis
2395 2863 2692 2919 crueiatum
2721 2880 3116 2926 consumantur
3140 2873 3247 2944 igni
3275 2877 3392 2931 fero
3410 2918 3425 2943 ,
3460 2880 3513 2933 in
3541 2896 3705 2950 quem

2050 2986 2053 2989 -
2106 2949 2225 3004 illas
2241 2951 2441 3019 jacient
2460 2956 2679 3023 quidam
2701 2959 2995 3016 crudeliter
3022 2966 3176 3031 saevi,
3202 2976 3259 3022 et
3276 2979 3403 3025 ante
3424 2949 3701 3028 Christum

2108 3041 2399 3114 incogniti,
2443 3055 2500 3101 et
2537 3048 2607 3103 ab
2648 3050 2765 3105 solo
2795 3052 3003 3109 sciente
3026 3054 3259 3126 jdetecti.
3292 3079 3311 3111 ι
3356 3061 3547 3119 Nonne
3573 3081 3709 3135 ergo

2106 3134 2199 3191 ille
2221 3136 2336 3205 ipse
2366 3138 2472 3205 ibi,
2512 3140 2792 3211 inquiunt,
2828 3148 3110 3215 perspicue
3143 3150 3428 3222 palamque
3460 3134 3705 3224 pronun-

399 3246 517 3317 ipse
545 3246 797 3317 proponit
839 3244 1234 3315 quaestionem?
1265 3263 1285 3296 ε
1345 3242 1414 3298 Ει
1438 3244 1893 3314 quemadmodum
1941 3258 2002 3299 se
2030 3251 2076 3314 ρ
2110 3228 2204 3281 tiat
2248 3230 2457 3286 animas
2510 3232 2798 3303 impiorum
2850 3246 2907 3291 et
2953 3238 3122 3295 Deum
3157 3242 3558 3314 ignorantium,
3608 3267 3709 3318 per

402 3351 630 3413 possunt
670 3338 1101 3411 incorporalibus
1142 3353 1372 3409 corpora
1407 3338 1767 3408 conjungere,
1796 3350 1885 3393 aut
1908 3379 1923 3405 ,
1970 3354 2002 3393 a

400 3434 516 3490 Deo
543 3433 806 3505 principe,
858 3447 945 3488 res
973 3430 1130 3486 facta:
1173 3430 1242 3487 ab
1283 3429 1672 3486 inﬁrmioribus
1708 3431 1888 3486 causis
1933 3434 1999 3485 ad

400 3526 657 3583 vitiorum
688 3525 1176 3579 dehonestamenta
1221 3522 1428 3578 traduci
1453 3542 1473 3575 ι
1508 3516 1751 3594 (Arnob.,
1802 3524 1894 3577 lib.
1925 3538 1998 3593 n_,

402 3639 525 3693 pag.
555 3618 688 3691 53)?
714 3619 795 3675 Ad
835 3619 983 3675 illam
1035 3617 1179 3673 enim
1228 3618 1583 3688 quaestionem
1614 3618 1742 3688 quid
1775 3631 2001 3705 respon:

401 3716 549 3781 deat,
575 3715 837 3777 animum,
864 3712 1050 3777 velim,
1078 3711 1347 3766 advertas.
1382 3711 1464 3766 Ab
1498 3711 1739 3765 Ethnicis
1764 3710 1998 3765 vicissim

402 3807 537 3880 petit
562 3804 757 3880 (Ibid.)
782 3816 984 3869 utrum,
1015 3803 1182 3858 animi
1214 3802 1426 3859 fastidio
1455 3804 1873 3874 arrogantiaque
1898 3803 1997 3857 de-

400 3903 592 3975 positis
612 3942 630 3970 ,
673 3915 837 3956 unam
866 3898 1225 3969 eamdemque
1247 3912 1368 3952 cum
1398 3898 1507 3953 Deo
1536 3898 1694 3954 Patre
1720 3899 1999 3954 immorta-

400 3996 606 4052 litatem
629 4010 688 4051 se
710 3993 1035 4065 participare
1064 3990 1417 4046 contendant.
1452 3992 1641 4047 Postea
1672 4003 1849 4047 autem
1880 4010 1998 4047 rur-

400 4105 493 4144 sus
516 4088 606 4144 ille
632 4086 882 4142 eumdem
904 4084 1353 4156 philosophorum
1381 4083 1730 4139 Etlinicorum
1756 4100 1997 4140 errorem

400 4180 700 4239 refellendo
742 4199 756 4235 :
819 4198 837 4230 ι
863 4177 1021 4247 Quod
1054 4178 1101 4232 si
1135 4177 1385 4232 homines
1415 4220 1431 4244 ,
1467 4197 1487 4229 ι
1537 4177 1712 4248 inquit
1753 4178 1995 4248 (ibidem,

403 4294 525 4347 pag.
559 4274 675 4345 56),
709 4292 729 4324 ι
783 4272 993 4343 penitus
1033 4280 1124 4326 aut
1163 4272 1309 4340 ipsos
1340 4287 1401 4326 se
1432 4280 1691 4339 nossent,
1720 4282 1811 4327 aut
1836 4274 1997 4329 intel~

402 4370 600 4425 lectum
626 4368 719 4423 Dei
741 4365 1062 4436 suspicionis
1078 4365 1307 4435 alicujus
1328 4366 1639 4434 acciperent
1658 4382 1809 4431 aura,
1836 4383 1993 4421 num.

401 4477 563 4531 quam
591 4459 695 4515 sibi
726 4457 1091 4513 adsciscerent
1125 4455 1363 4512 divinam
1404 4458 1869 4529 immortalemque
1900 4475 1995 4515 na-

401 4564 595 4609 turam.
632 4572 653 4605 »
715 4545 907 4607 Nonne
956 4559 1133 4605 autem
1186 4549 1310 4604 hinc
1354 4550 1533 4622 colligi
1583 4550 1726 4605 haud
1776 4566 1996 4621 prorsus

2108 3320 2407 3391 longissimi
2434 3326 2805 3383 tantummodo
2835 3332 3098 3400 temporis
3128 3334 3491 3405 intervallum,
3514 3342 3609 3397 sed
3636 3345 3708 3397 [i-

2106 3416 2315 3472 niendis
2338 3419 2629 3489 aliquando
2654 3423 2985 3480 cruciatibus
3012 3428 3361 3499 torquendas,
3392 3447 3455 3488 ac
3482 3436 3704 3492 tandem

2104 3512 2424 3583 redigendas
2449 3514 2518 3569 ad
2549 3516 2827 3573 nihilum?

2176 3605 2315 3673 Quid
2341 3622 2491 3671 vero.
2514 3608 2658 3679 quod
2686 3610 2780 3667 ille
2799 3612 2977 3669 adhuc
3006 3626 3194 3685 postea
3216 3618 3421 3678 diserte
3450 3625 3703 3684 tradidit:

2110 3717 2129 3749 ι
2162 3698 2280 3767 Quo
2327 3710 2484 3771 pacto
2520 3702 2900 3763 immortalitas
2939 3710 3210 3781 largitoris
3257 3725 3341 3769 est
3376 3716 3575 3773 donum
3606 3721 3704 3779 Dei

2102 3794 2245 3850 circa
2272 3797 2509 3864 prolatos
2533 3798 2667 3855 deos
2688 3841 2704 3866 ,
2745 3811 2799 3857 et
2823 3802 3031 3861 animas
3067 3807 3170 3863 hoc
3210 3820 3369 3879 pacto
3393 3813 3704 3885 dignabitur

2101 3885 2506 3944 immortalitate
2535 3889 2777 3957 donare,
2807 3898 3054 3962 quamvis
3079 3915 3172 3953 eas
3194 3918 3343 3960 mors
3371 3920 3511 3961 sazva
3542 3924 3706 3978 posse

2102 3988 2347 4044 videatur
2401 3991 2756 4061 extinguere,
2813 4002 2869 4047 et
2906 3996 2974 4050 ad
3015 3998 3240 4056 nihilum
3286 4004 3534 4061 redactas
3565 4006 3703 4064 irre-

2102 4084 2318 4140 meabili
2346 4084 2638 4140 abolitione
2692 4085 2876 4142 delere
2906 4108 2924 4140 ι
2959 4088 3147 4159 (lbid.,
3182 4112 3303 4164 pag.
3334 4095 3449 4168 68).

2176 4175 2283 4231 Sed
2317 4176 2367 4230 in
2389 4176 2492 4232 hoc
2512 4178 2800 4247 posteriori
2821 4180 2942 4236 loco
2966 4182 3100 4239 nibil
3121 4187 3265 4242 aliud
3295 4190 3518 4249 immere
3545 4196 3700 4253 video

2103 4280 2209 4334 tur,
2242 4271 2342 4323 nisi
2375 4270 2582 4325 animas
2613 4283 2863 4340 nostras,
2905 4280 3252 4346 quantumvis
3282 4281 3617 4354 incorporea:
3647 4298 3706 4345 et.

2099 4360 2395 4431 spiritualis
2415 4361 2733 4419 substantiae
2763 4365 2893 4432 sint,
2921 4383 3097 4437 posse,
3129 4373 3273 4441 quod
3305 4376 3483 4433 nullus
3510 4391 3696 4451 negat,

2099 4471 2127 4511 a
2156 4456 2285 4523 Deo,
2312 4471 2495 4513 earum
2518 4468 2785 4527 creatore,
2818 4464 3034 4529 penitus
3068 4465 3277 4523 destrui
3300 4480 3354 4525 et
3378 4472 3443 4526 ad
3468 4474 3697 4532 nihilum

2100 4550 2294 4618 redigi.
2338 4550 2473 4606 Tota
2498 4563 2677 4608 autem
2727 4553 3018 4612 difﬁcultas
3058 4558 3112 4612 in
3140 4575 3208 4615 eo
3237 4574 3485 4619 versatur
3515 4578 3699 4624 utrum

398 4649 579 4719 inepte
630 4655 809 4717 potest
866 4644 1090 4700 Arnobii
1132 4643 1440 4713 opinionem
1484 4645 1649 4700 fuisse
1680 4686 1695 4710 ,
1754 4645 1992 4700 animam
2021 4654 2075 4715 1)
2098 4641 2388 4698 crediderit
2415 4644 2621 4699 animas
2646 4646 3037 4703 sceleratorum
3076 4650 3351 4710 hominum
3382 4673 3571 4713 revera
3601 4676 3698 4731 pe-

400 4738 636 4794 hominis
674 4753 783 4793 non
828 4736 1023 4793 eodem
1054 4777 1068 4801 ,
1110 4752 1219 4807 quo
1263 4736 1441 4803 Deus,
1491 4738 1585 4793 sed
1623 4737 1729 4791 alio
1774 4752 1995 4807 prorsus

398 4836 561 4893 modo
590 4851 712 4892 esse
738 4834 1136 4899 immortalem,
1169 4847 1231 4887 ea
1263 4832 1515 4887 nimirum
1554 4834 1991 4901 immortalitate,

398 4944 558 5001 quam
589 4944 617 4981 a
644 4941 704 4983 se
731 4941 840 4981 non
867 4926 1097 4992 habeat,
1134 4926 1230 4980 sed
1258 4942 1287 4979 a
1318 4927 1427 4981 Deo
1452 4927 1753 4996 acceperit,
1789 4937 1844 4981 et
1871 4944 1991 4998 qua:

395 5039 462 5080 ex
496 5021 640 5078 illius
668 5020 905 5093 pendeat
935 5018 1240 5090 potestate?
1265 5021 1334 5072 At
1368 5017 1414 5073 si
1443 5017 1558 5073 haec
1588 5018 1704 5088 ejus
1735 5019 1804 5073 sit
1838 5034 1991 5075 mens

395 5128 453 5174 et
494 5116 758 5173 sententia
790 5156 805 5181 ,
847 5127 949 5168 nec
1001 5113 1161 5167 aliam
1211 5112 1494 5181 agnoverit
1545 5114 1739 5168 anima:
1790 5122 1993 5168 nostra:

399 5210 785 5275 medietatem,
849 5206 951 5262 nisi
1008 5222 1126 5261 eam
1169 5222 1270 5275 qua
1334 5206 1474 5259 inter
1519 5206 1881 5263 immortalem
1937 5218 1993 5263 et

397 5304 770 5374 incorpoream
804 5300 932 5367 Dei,
974 5310 1133 5370 atque
1162 5300 1295 5354 alias
1326 5300 1580 5355 mortales
1610 5316 1672 5356 ac
1700 5318 1990 5371 corporeas

395 5405 619 5452 naturas
648 5392 825 5448 media
849 5392 952 5447 dici
982 5401 1192 5461 potest,
1245 5391 1520 5447 fatendum
1565 5403 1648 5447 est
1698 5394 1849 5448 illum
1882 5413 1989 5450 non

394 5488 619 5544 omnino
644 5500 877 5541 errasse.
902 5484 1140 5539 Plurium
1167 5485 1431 5555 siquidem
1455 5496 1699 5540 veterum
1732 5488 1991 5544 Ecclesiae

394 5583 615 5639 Patrum
666 5580 985 5635 auctoritate
1042 5578 1287 5646 probavit
1339 5578 1591 5634 Petavius
1646 5580 1765 5635 ideo
1813 5584 1990 5639 solum

393 5676 563 5733 Deum
607 5690 729 5733 esse
770 5672 1161 5739 immortalem,
1205 5673 1326 5741 quia
1374 5690 1480 5729 non
1523 5675 1589 5730 ab
1633 5675 1738 5730 alio
1783 5679 1991 5749 accepit

393 5770 878 5833 immortalitatem,
923 5780 1241 5837 acprorsus
1268 5767 1614 5823 immutabilis
1646 5779 1726 5824 est
1754 5768 1985 5841 (Petam,

398 5872 579 5921 ιοηω.
609 5861 859 5935 Theolog.
892 5862 1090 5931 dagm.,
1125 5861 1215 5915 lib.
1248 5876 1327 5926 ιιι,
1358 5876 1472 5931 cap.
1506 5863 1561 5926 4,
1595 5862 1717 5932 §lO
1745 5873 1791 5917 et
1821 5881 1986 5935 aeqq.,

2104 4737 2329 4801 rituras,
2375 4745 2655 4807 postquam
2698 4754 2793 4808 per
2822 4740 3120 4813 longissimi
3163 4750 3419 4817 temporis
3460 4754 3697 4821 spatium

2101 4831 2225 4899 igne
2253 4830 2575 4884 excruciate
2603 4830 2823 4887 fuerint.
2870 4834 2938 4889 At
2982 4846 3134 4893 certe
3176 4855 3297 4895 cum
3325 4845 3533 4899 animas
3566 4847 3700 4904 lide-

2100 4923 2229 4977 lium
2262 4933 2312 4976 et
2344 4924 2552 4992 piorum
2581 4922 2888 4993 hominum,
2927 4927 3002 4983 uti
3033 4930 3268 4988 diximus
3288 4976 3301 4999 ,
3334 4936 3451 4990 solo
3482 4937 3572 4992 Dei
3595 4940 3695 4995 be-

2099 5016 2290 5071 neticio
2332 5016 2669 5073 immortales
2713 5021 2830 5074 fieri
2879 5022 3174 5079 arbitretur
3207 5068 3222 5093 ,
3277 5026 3401 5082 inde
3449 5030 3697 5099 profecto

2095 5110 2379 5164 conficitur
2408 5126 2529 5165 eum
2573 5122 2789 5180 putasse
2830 5115 3039 5169 animas
3081 5118 3377 5173 infidelium
3406 5162 3420 5186 ,
3456 5121 3559 5177 hoc
3589 5123 3699 5178 im-

2098 5206 2441 5259 mortalitatis
2465 5222 2689 5262 munere
2721 5209 2978 5278 privatas,
3016 5227 3204 5267 revera
3233 5192 3521 5283 aliquando
3552 5217 3698 5271 inte-

2097 5300 2203 5353 rire
2249 5309 2304 5354 ct
2359 5300 2579 5354 omnino
2618 5303 2910 5373 exstingui.
2940 5305 3297 5371 Quamobrem
3324 5309 3581 5365 Ethnicos
3610 5312 3697 5369 bis

2093 5394 2272 5448 verbis
2303 5395 2593 5463 compellat
2638 5416 2651 5451 :
2696 5417 2713 5449 ι
2747 5398 2853 5453 Res
2881 5412 3054 5454 veStra
3096 5402 3147 5455 in
3189 5404 3404 5473 ancipiti
3450 5407 3551 5459 sita
3583 5419 3689 5474 est,

2094 5491 2243 5545 salus
2272 5490 2394 5545 dico
2424 5490 2724 5547 animarum
2777 5505 3074 5550 vestrarum
3114 5515 3126 5550 :
3170 5510 3224 5552 et
3251 5499 3352 5552 nisi
3395 5515 3491 5554 vos
3520 5502 3695 5571 appli-

2094 5584 2230 5639 catis
2272 5585 2361 5640 Dei
2398 5586 2657 5655 principis
2696 5588 2930 5654 notioni,
2987 5605 3017 5643 a
3048 5591 3420 5660 corporalibus
3462 5594 3695 5649 vinculis

2096 5680 2372 5736 exsolutus
2420 5691 2697 5751 exspectat
2737 5700 2883 5738 mors
2911 5699 3069 5749 saeva,
3119 5701 3223 5740 non
3252 5686 3590 5755 repentinam
3614 5689 3695 5741 al-

2092 5773 2274 5829 ferens
2301 5776 2686 5831 extinctionem
2723 5819 2735 5841 ,
2770 5779 2862 5832 sed
2889 5794 2982 5849 per
3014 5789 3239 5834 tractum
3273 5780 3534 5849 temporis
3562 5796 3692 5834 cru-

2090 5868 2299 5927 ciabilis
2324 5885 2498 5940 pinna:
2519 5871 2813 5927 acerbitate
2826 5889 3186 5931 consumens:
3216 5872 3403 5944 (Ibid.,
3428 5891 3551 5945 pag.
3577 5874 3691 5946 86).
