3918 6402
188 414 264 470 hct
1430 412 1491 468 IN
1530 409 1761 468 Alt-N015

1872 403 1908 465 ι,
1950 403 2102 459 C.\l'.
2153 405 2214 458 Χ.

3327 411 3428 463 etut

190 536 247 591 be
270 532 579 588 ethnicorum
626 531 845 601 itaque,
890 527 991 584 hoc
1029 535 1146 594 est,
1202 527 1497 586 infidelium
1545 530 1723 586 ιιοηιί-
1754 527 1806 583 Λ
1835 536 1931 577 nec
1974 523 2248 577 tutnimatn
2303 522 2518 591 quidem
2579 522 2806 591 proferri
2853 536 3013 593 posse
3067 539 3190 579 mox
3247 537 3427 583 osten-

188 643 286 681 nutn
312 625 572 695 suppliciis
605 634 730 695 post
776 632 1001 679 mortem
1052 623 1260 677 luendis
1303 625 1566 694 loquitur,
1613 633 1728 677 tan-

189 734 313 787 quam
345 729 534 774 :rterna
569 734 678 772 non
701 717 844 782 sint,
884 717 978 772 sed
1010 717 1170 772 ﬁnem
1201 733 1320 773 cum
1366 718 1581 772 illorum
1613 717 1730 771 ani-

189 810 340 865 ntalius
361 809 646 880 aliquando
672 808 938 864 habitura.

247 901 592 956 Verumtamen
643 915 747 954 non
791 900 970 954 minus
1008 900 1166 970 plane
1201 910 1258 955 et
1297 900 1529 956 dilucide
1569 899 1732 953 docet

189 995 308 1065 ignes
363 993 617 1063 quosdam
685 1007 805 1048 esse
856 993 1294 1064 inextinguibiles
1330 1037 1344 1060 ,
1409 994 1602 1065 quibus
1630 992 1733 1046 illa:

189 1090 430 1160 impiorum
462 1088 655 1142 anima:
710 1096 1046 1158 torquentur.
1103 1087 1235 1142 Nam
1295 1086 1543 1142 ethnicos
1595 1085 1735 1138 hanc

188 1183 559 1238 christianorum
605 1181 912 1251 Opinionem
955 1179 1239 1236 irridentes
1279 1181 1357 1235 sic
1404 1178 1692 1248 alloquitur
1718 1217 1730 1228 .

194 1298 207 1323 ε
236 1277 426 1332 Audetis
472 1276 647 1332 ridere
693 1291 793 1330 nos
822 1316 836 1340 ,
884 1291 1005 1330 cum
1052 1275 1327 1345 gehennas
1367 1273 1637 1334 dicimus,
1687 1279 1740 1324 et

189 1369 586 1439 iuextiuguihiles
653 1367 914 1439 quosdam
974 1367 1125 1438 ignes
1163 1410 1176 1424 .
1245 1367 1295 1418 in
1344 1379 1480 1436 quos
1534 1363 1739 1416 animas

189 1462 315 1530 dejici
361 1463 421 1517 ab
473 1476 658 1516 earum
716 1461 956 1515 hostibus
1010 1458 1345 1528 inimicisque
1391 1455 1741 1527 cognovimus

190 1552 344 1620 (Ibid,
366 1571 479 1626 pag.
507 1552 618 1623 52).
649 1573 667 1605 ι
707 1552 776 1606 Et
800 1552 949 1618 alihi,
982 1550 1185 1606 diserte
1211 1549 1480 1619 appellat,
1520 1550 1743 1603 inextin-

188 1647 369 1718 guibile
409 1648 648 1718 gehennae
691 1648 930 1715 flammas
969 1645 1104 1714 (lib.
1131 1662 1203 1709 tv,
1258 1661 1377 1715 pag.
1428 1643 1589 1716 159).
1638 1643 1745 1699 Ne—

187 1757 270 1810 que
318 1740 630 1810 respondeas
670 1740 822 1809 ignes
862 1738 1077 1809 quidem
1131 1738 1198 1792 ab
1253 1752 1319 1791 eo
1361 1736 1464 1792 dici
1517 1736 1744 1790 inextin-

186 1833 418 1901 guibiles,
464 1831 561 1887 sed
609 1831 828 1886 silentio
869 1831 1203 1902 pra2termitti
1248 1839 1422 1884 utrum
1456 1829 1743 1900 impiorum

1832 613 2043 670 demus.

1907 710 2141 766 lleraldo
2166 719 2344 765 autem
2378 712 2547 766 harret
2576 725 2734 782 aqua,
2763 727 3071 783 ancepsque
3100 725 3146 770 et
3200 717 3434 770 incertus

1837 803 2052 858 videtur
2076 804 2355 873 cujusnam
2385 804 2453 859 de
2498 820 2782 873 corporum
2810 809 3205 861 resurrectione
3235 809 3438 863 erroris

1839 897 2135 952 Arnobiutn
2167 899 2461 953 insimulet.
2515 899 2645 953 Nam
2679 900 2827 954 illum
2859 901 2924 954 ad
2973 903 3156 956 falsam
3189 903 3439 968 Origenis

1838 991 2170 1061 opinionem,
2207 991 2367 1046 modo
2398 992 2464 1046 ad
2491 994 2816 1061 graviorem,
2847 994 3008 1048 modo
3035 995 3101 1048 ad
3151 995 3439 1049 Marcionis

1840 1084 2104 1138 insaniam
2122 1084 2440 1150 accessisse,
2463 1085 2622 1139 modo
2645 1085 2777 1139 nihil
2799 1087 2930 1140 certi
2953 1087 3019 1140 de
3038 1089 3438 1142 resurrectione

1841 1189 1928 1232 aut
1964 1178 2269 1236 tradidisse.
2303 1187 2396 1231 aut
2423 1179 2756 1247 comperisse
2785 1178 3076 1248 redarguit.

1913 1270 2020 1326 Sed
2053 1279 2160 1324 tam
2189 1270 2348 1340 ltujus
2390 1286 2551 1340 quam
2587 1270 2970 1326 Elntenhorstii
3002 1274 3195 1343 iniquae
3225 1291 3444 1344 prorsus

1844 1373 1897 1416 et
1919 1363 2211 1432 nugatoria:
2229 1371 2614 1418 suntcensurze
2636 1374 2690 1418 et
2711 1364 3134 1420 criminationes.
3164 1366 3275 1420 Non
3298 1370 3438 1422 enim

1844 1457 1915 1509 ibi
1945 1457 2217 1512 Arnobius
2248 1457 2370 1511 data
2401 1473 2562 1527 opera
2608 1458 2676 1513 de
2706 1472 3039 1514 mortuorum
3073 1461 3345 1516 hominum
3373 1464 3442 1518 ad

1847 1552 2009 1605 vitam
2041 1567 2288 1622 regressu
2322 1551 2559 1621 disputat
2587 1571 2598 1606 :
2631 1555 2724 1608 sed
2752 1556 3012 1611 adversus
3039 1557 3304 1622 ethnicos,
3355 1561 3444 1629 qui

1846 1645 2058 1699 tametsi
2104 1645 2235 1698 nihil
2267 1647 2320 1698 in
2353 1647 2581 1716 negotiis
2628 1648 2745 1702 sine
2791 1650 2893 1704 fide
2942 1660 3181 1720 agerent,
3235 1653 3447 1705 tametsi

1850 1737 2293 1807 philosophorum
2324 1739 2556 1808 placitis,
2582 1739 2782 1809 aliqttid
2817 1759 3217 1813 ttottttmnqttatu
3251 1745 3450 1798 nostris

1847 1831 2009 1887 affine
2036 1833 2377 1897 habentibus,
2405 1833 2563 1888 fidem
2595 1833 2817 1898 darent;
2848 1835 3169 1890 christianos
3198 1847 3375 1891 tamen
3399 1845 3454 1891 ct

188 1927 351 1980 anima:
374 1925 433 1979 iis
465 1941 679 1996 semper
709 1936 765 1980 et
807 1926 860 1979 in
906 1933 1223 1995 perpetuum
1269 1923 1377 1978 sittt
1404 1923 1736 1993 torquendte.
1776 1919 1821 1977 Β
1847 1925 2087 1993 Christo,
2113 1938 2165 1980 et
2191 1925 2441 1980 omnibus
2469 1926 2729 1981 doctrina:
2759 1927 2878 1997 ejus
2901 1929 3144 1983 articulis
3166 1931 3455 1986 credentes

187 2021 294 2075 Eam
326 2020 505 2091 quippe
535 2021 605 2075 ob
625 2020 890 2074 rationem
921 2021 1071 2088 ignes
1099 2017 1220 2072 illos
1249 2015 1470 2071 accendi
1522 2015 1744 2080 asserit;

188 2123 233 2167 ut
268 2115 316 2168 in
343 2129 426 2169 eos
450 2113 643 2168 animae
697 2113 978 2181 impiorum
1009 2111 1075 2165 ab
1104 2125 1285 2165 earum
1317 2108 1560 2163 hostibus
1586 2150 1601 2174 ,
1645 2109 1747 2163 hoc

186 2218 252 2261 est
274 2248 288 2265 .
320 2205 643 2260 daemonibus
670 2203 1008 2274 dejiciantur.
1044 2202 1203 2271 Atqui
1234 2203 1278 2256 si
1301 2200 1616 2272 sempiterni
1639 2201 1747 2255 sint

185 2300 313 2368 ignes
339 2298 441 2364 illi,
475 2307 529 2353 et
557 2297 750 2352 anima:
784 2305 959 2350 tamen
994 2295 1044 2348 in
1071 2293 1294 2349 nihilum
1327 2293 1615 2362 aliquando
1655 2308 1745 2347 re-

185 2392 417 2463 digenda),
449 2402 560 2448 tttm
593 2400 742 2447 certe
765 2391 980 2445 inutiles
1009 2388 1208 2456 forent,
1249 2397 1526 2457 postquam
1556 2401 1746 2442 omnes

185 2487 359 2541 erdem
404 2489 595 2542 anima:
638 2503 744 2540 non
770 2485 1058 2540 exstabunt
1092 2483 1341 2554 amplius.
1419 2481 1473 2535 In
1509 2494 1612 2535 tam
1655 2483 1748 2536 ab-

184 2580 369 2634 surdam
413 2589 592 2634 autem
637 2579 945 2648 Opinionem
991 2578 1153 2632 ivisse
1184 2575 1520 2640 Arnobium,
1561 2585 1614 2630 et
1646 2575 1745 2630 sibi

181 2674 266 2742 ipsi
291 2684 384 2728 tam
407 2672 642 2727 absurde
672 2671 1094 2737 eoutradixisse,
1126 2669 1243 2740 quis
1271 2668 1426 2723 nobis
1458 2668 1749 2738 persuade-

182 2767 280 2820 bit?
313 2768 362 2822 Si
400 2767 518 2837 quis
559 2777 738 2821 tamen
786 2765 836 2819 id
880 2765 946 2818 ab
974 2778 1039 2819 eo
1077 2773 1342 2818 assertum
1394 2762 1559 2818 fuisse
1601 2773 1748 2818 recte

181 2861 486 2931 probaverit,
529 2861 787 2916 cedemus
818 2856 985 2923 illico,
1017 2868 1070 2911 et
1101 2857 1249 2910 illum
1284 2857 1507 2926 turpiter
1533 2870 1747 2911 errasse

179 2957 452 3013 fatebimur.

241 3050 332 3105 Sed
376 3049 642 3105 Arnobius
669 3045 931 3119 gravioris
952 3044 1126 3100 adhuc
1152 3086 1166 3109 ,
1196 3045 1241 3099 si
1269 3045 1378 3099 Deo
1405 3043 1580 3112 placet
1604 3083 1618 3105 ,
1662 3057 1749 3097 er-

182 3145 298 3197 roris
330 3143 393 3198 ab
424 3141 828 3197 Elmenhorstio
858 3148 910 3194 et
949 3137 1186 3194 'tleraldo
1232 3137 1474 3207 arguitur
1498 3178 1512 3198 ,
1564 3135 1652 3189 tibi
1681 3133 1749 3188 de

180 3253 437 3306 corporum
462 3247 775 3292 nostrorum
806 3231 1202 3288 resurrectione
1223 3230 1302 3285 sic
1329 3237 1518 3285 contra
1553 3227 1749 3282 Ethni-

1851 2020 2169 2076 irridebaut.
2203 2021 2273 2076 At
2295 2021 2472 2075 varios
2502 2021 2724 2089 hujusce
2752 2023 3016 2077 doctrinae
3045 2025 3302 2079 articulos
3333 2041 3454 2096 per—

1850 2117 2138 2180 currendo,
2173 2116 2238 2170 ad
2271 2115 2400 2169 illud
2431 2115 2499 2170 de
2527 2132 2818 2185 corporum
2862 2129 3175 2174 nostrorum
3208 2136 3456 2176 resurre-

1851 2211 2032 2266 ctione
2058 2210 2346 2265 delabitur.
2400 2209 2474 2263 lbi
2525 2219 2703 2265 autem
2752 2221 2957 2266 tantum
3006 2223 3344 2283 argumento,
3403 2223 3461 2267 ut

1850 2303 1995 2373 loqui
2023 2313 2227 2366 amant,
2262 2301 2327 2355 ad
2357 2301 2633 2356 hominem
2663 2302 2900 2357 ostendit
2932 2304 3186 2357 insulsam
3235 2320 3459 2374 prorsus

1852 2413 1975 2453 esse
2004 2397 2150 2451 illam
2181 2396 2524 2450 ethnicorum
2549 2397 3004 2461 criminationem,
3033 2399 3154 2467 quia
3181 2399 3458 2453 christiani

1851 2491 2170 2547 certissimis
2199 2492 2442 2561 Apostoli
2497 2492 2563 2542 ad
2606 2490 3127 2547 Thessalonicenses
3173 2494 3462 2549 scribentis

1851 2585 2030 2640 verbis
2064 2584 2297 2638 debitam
2343 2582 2396 2652 (Ι
2434 2581 2641 2646 Tltess.,
2685 2599 2762 2646 tv,
2817 2584 2878 2637 1‘2
2925 2595 2969 2638 et
3013 2585 3212 2656 seqq.),
3268 2587 3470 2658 ethnici

1851 2697 1982 2736 vero
2028 2679 2191 2735 dubio
2240 2679 2399 2749 plane
2449 2678 2689 2732 Platonis
2739 2679 2806 2733 de
2859 2681 3159 2735 animarum
3193 2682 3259 2736 ad
3299 2684 3463 2737 vitam

1850 2774 2029 2829 reditu
2063 2773 2386 2827 documento
2418 2769 2710 2825 indebitam
2741 2773 3068 2839 prtcstabant
3101 2774 3282 2829 tidem.
3325 2776 3465 2842 Quid

1851 2878 2032 2922 autem
2059 2867 2159 2920 hac
2184 2865 2237 2919 in
2265 2867 2737 2935 argumentatione
2766 2875 2944 2934 potest
2966 2867 3191 2934 erroris,
3219 2868 3464 2934 insaniae,

1851 2960 2055 3014 luroris
2085 2959 2272 3028 argui?
2302 2956 2439 3024 Quid
2471 2956 2662 3011 amabo
2691 2967 2762 3020 te,
2809 2959 3026 3027 iniquis,
3076 2976 3236 3028 quam
3286 2960 3466 3015 Aruo-

1851 3052 2005 3107 bium
2035 3050 2179 3104 illius
2207 3051 2408 3105 erroris
2458 3049 2794 3109 insimulare,
2847 3067 3003 3118 quem
3061 3053 3355 3118 proscribit
3408 3071 3473 3108 ac

1853 3142 2137 3214 repudiat?
2188 3142 2373 3210 Neque
2419 3141 2642 3210 objicias
2675 3142 2825 3195 illum
2859 3159 3011 3196 suam
3047 3144 3118 3198 ibi
3149 3161 3254 3200 non
3289 3146 3468 3214 expli—

1863 3251 2017 3290 casse
2046 3234 2393 3290 sententiam.
2425 3233 2559 3288 Nam
2593 3249 2658 3288 ex
2687 3234 2804 3301 ejus
2833 3235 3050 3290 silentio
3099 3238 3231 3291 nihil
3283 3248 3472 3294 eontra

186 3345 264 3383 ‘305
306 3329 538 3398 δίδβυιαί
566 3348 580 3383 ἒ
631 3346 649 3379 ί
689 3326 942 3392 Αυάεῑίδν
971 3345 988 3375 ³
1047 3324 1220 3395 ῐιπιυῑι
1265 3321 1459 3376 Ανηοθο
1485 3363 1498 3386 ν
1556 3319 1646 3374 ίίθο
1683 3335 1718 3372 ιι
1742 3362 1756 3386 ν
1791 3311 1835 3371 C
1869 3329 2018 3384 illum
2049 3327 2249 3384 inferre
2281 3327 2360 3383 fas
2387 3336 2488 3383 est.
2524 3327 2728 3382 Deinde
2759 3343 2888 3382 vero
2922 3328 3007 3383 hic
3035 3330 3186 3386 locus
3218 3347 3322 3385 non
3354 3343 3474 3388 erat

184 3422 427 3494 ras-51).
476 3442 494 3473 ι
528 3422 708 3477 fidem
751 3435 890 3485 "05.
941 3418 1084 3490 «ιιιοά
1135 3424 1469 3471 ιηοτῑυοτυπι
1515 3412 1762 3467 dicamus
1865 3425 2187 3481 sententiam
2237 3439 2387 3478 suam
2430 3424 2756 3493 explicandi,
2804 3425 2890 3478 ubi
2956 3426 3188 3481 insulsas
3236 3438 3474 3483 tantum-

183 3516 616 3573 resurrectionem
665 3513 940 3576 futuram;
990 3525 1150 3581 quam
1197 3507 1413 3580 quidem
1445 3521 1544 3561 nos
1580 3505 1762 3560 dicere

1872 3518 2028 3575 modo
2084 3517 2363 3588 gentilium
2423 3518 2492 3571 de
2547 3517 3007 3580 christianorum,
3067 3519 3141 3573 uti
3200 3520 3475 3586 diximus,

184 3610 528 3666 confitemur:
563 3608 659 3664 sed
697 3623 725 3660 a
772 3603 926 3662 vobis
971 3603 1161 3667 aliter,
1212 3615 1372 3672 quam
1426 3598 1759 3662 sentiamus,

1872 3611 1975 3668 fide
2018 3611 2389 3666 cavillationes
2419 3610 2938 3680 criminatioucsque
2986 3611 3206 3682 repellit
3251 3623 3301 3667 et
3353 3630 3480 3668 exa-

184 3703 360 3758 δυάῖτίο
392 3703 532 3771 Ουῖά
565 3703 619 3757 in
650 3700 885 3757 Ροιίιίοο
915 3698 1106 3753 Nam?
1156 3697 1349 3752 Νοηηθ
1379 3710 1504 3751 Cum
1533 3693 1766 3749 mundus
1869 3703 2020 3774 gitat.
2079 3702 2185 3758 Sed
2237 3701 2305 3758 de
2349 3701 2436 3757 illa
2488 3701 2909 3762 ebristianorum
2957 3703 3061 3759 fide
3114 3719 3260 3759 nunc
3309 3704 3493 3762 fusius.

186 3796 462 3867 occueperit
489 3796 559 3850 ab
587 3792 832 3850 occiduis
865 3789 1111 3861 partibus
1141 3786 1342 3844 exoriri
1367 3829 1382 3854 ,
1411 3796 1466 3842 et
1495 3786 1550 3840 in
1589 3784 1769 3839 cardi-
1872 3797 2163 3868 agendum

187 3907 298 3947 nem
315 3907 560 3964 vergere,
595 3889 686 3962 qui
709 3887 940 3943 orientis
967 3894 1052 3941 est
1080 3883 1235 3948 solis,
1263 3896 1454 3938 rursus
1482 3887 1772 3949 erupturos

326 3930 397 3948 ,ω
444 3930 560 3955 ων,
636 3930 685 3944 ...
710 3930 940 3943 .,..........
969 3930 1052 3941 ν--
1080 3930 1235 3948 --.--,
1263 3930 1451 3938 -_--__
1488 3930 1694 3949 ---τὼ
1719 3930 1767 3933 η

189 3930 650 4041 ιιοιιιὶιιθδδιεὶιιιτῗε
679 3997 710 4036 e
738 3979 945 4052 gremio
972 3977 1194 4044 scribit,
1222 3990 1416 4040 senes,
1450 3987 1640 4034 canos,
1673 3971 1770 4027 de-
2504 3930 2730 3988 CAPUT
2775 3931 2840 3987 x'

189 4077 442 4144 crepitos,
482 4085 538 4132 et
565 4090 688 4131 cum
716 4073 843 4128 anni
871 4071 1138 4141 cmperint
1176 4069 1440 4124 accedere
1472 4066 1771 4138 longiores,

192 4183 278 4238 per
313 4169 529 4226 eosdem
564 4166 804 4238 gradus,
843 4164 1041 4236 quibus
1071 4162 1232 4217 hodie
1263 4160 1551 4227 crescitur,
1594 4158 1661 4214 ad
1693 4159 1775 4213 in-

195 4262 440 4318 cunabula
479 4259 720 4316 infantize
755 4257 1040 4314 exituros?
1071 4275 1090 4308 )
1136 4255 1206 4310 Et
1253 4254 1341 4310 hic
1387 4252 1605 4323 quidem
1653 4250 1780 4307 Pla-

196 4355 322 4408 tonis
352 4355 519 4422 locus,
547 4353 704 4424 cujus
729 4366 981 4413 sensum,
1018 4350 1362 4418 potiusquam
1399 4346 1562 4401 verba
1596 4343 1778 4400 Arno-

196 4445 303 4502 bius
329 4449 580 4513 exhibet,
624 4449 676 4502 in
719 4447 884 4500 citato
909 4443 1026 4515 ejus
1060 4441 1288 4498 Politico
1320 4441 1516 4512 legitur
1546 4437 1776 4511 (Plato.,

197 4551 383 4604 tonui,
405 4541 639 4605 Potitia,
673 4561 726 4613 p.
749 4540 894 4609 ΠΟ).
918 4539 1036 4608 Ipsa
1072 4546 1250 4592 autem
1271 4537 1434 4591 verba
1465 4535 1553 4590 hic
1575 4534 1782 4588 referre

197 4635 316 4690 nihil
363 4652 588 4694 necesse
614 4643 738 4700 est;
768 4649 891 4690 nam
925 4643 979 4689 et
1009 4633 1059 4686 id
1095 4631 1358 4703 longioris
1384 4637 1532 4685 esset
1561 4644 1741 4698 operae
1762 4669 1780 4698 ,

199 4736 245 4781 et
268 4727 333 4784 de
356 4732 420 4785 iis
443 4731 590 4785 nulla
615 4744 838 4802 prorsus
869 4741 988 4783 esse
1011 4735 1185 4797 petest
1215 4725 1610 4780 controversia.

262 4825 546 4882 Atmirum
602 4840 733 4880 sane
781 4833 1216 4894 quantacumque
1246 4821 1461 4876 infamis
1486 4834 1594 4874 non
1640 4833 1792 4874 erro-

196 4919 262 4974 ris
292 4929 516 4983 tantum,
549 4919 644 4974 sed
690 4917 912 4971 insania:
943 4925 996 4971 et
1024 4915 1219 4970 furoris
1249 4922 1372 4968 nota
1403 4913 1624 4968 Auctori
1659 4926 1785 4967 nos-

197 5021 273 5066 tro
299 5013 425 5068 inde
455 5014 718 5067 inuratur.
771 5011 829 5068 Si
869 5011 1012 5065 enim
1048 5008 1448 5064 Elmenhorstio
1477 5007 1748 5063 credimus
1778 5024 1792 5060 :

1811 4705 1863 4765 D

1877 4072 1957 4128 De
1975 4072 2370 4127 Christianorum
2395 4071 2516 4138 ﬁde,
2547 4088 2660 4140 spe,
2685 4072 2930 4137 ecclesiis,
2960 4074 3122 4128 sacris
3164 4073 3477 4146 Scripturt’s,

2023 4166 2289 4233 altaribus,
2323 4164 2633 4228 simulacris,
2679 4165 2978 4236 synaxibus,
3021 4182 3082 4220 ac
3112 4169 3340 4236 precibus

2415 4257 2567 4311 etiam
2595 4272 2688 4329 pro
2710 4257 2943 4313 mortuis.

2412 4409 2705 4450 Λιιτιευιυς
2748 4411 2957 4452 PRIMUS.

1885 4533 1962 4584 De
1978 4534 2351 4584 christianorum
2375 4530 2468 4580 fide
2491 4532 2696 4594 ejusque
2717 4537 3035 4593 necessitate,
3058 4550 3114 4584 ac.
3137 4543 3274 4587 certa
3293 4538 3491 4592 illorum

1948 4598 2012 4667 de
2033 4596 2479 4667 future-vitaesrie,
2501 4602 2838 4658 quantumque
2865 4610 2924 4645 ea
2963 4601 3226 4659 gentilium
3250 4605 3491 4666 Opinioni-

1949 4661 2044 4711 bus
2062 4660 2283 4724 apposita
2309 4660 2391 4707 sit.

1967 4815 2284 4884 Supremam
2332 4807 2532 4863 Christi
2581 4807 2786 4862 domini
2837 4808 3170 4866 divinitatem
3202 4813 3385 4879 variis,
3419 4818 3495 4872 uti

1896 4909 2151 4972 vidimus,
2181 4906 2448 4960 rationum
2481 4903 2770 4957 momentis
2797 4919 2916 4958 cum
2960 4904 3226 4960 Arnobius
3272 4907 3497 4965 demon-

1897 5003 2169 5064 straverit,
2199 5015 2305 5055 non
2349 4997 2542 5052 mirum
2587 5011 2716 5051 sane
2759 4996 2804 5050 si
2854 4996 3012 5052 dictis
3058 4999 3192 5068 ejus,
3226 5009 3495 5066 tamquam

1900 5099 2098 5155 divinis
2114 5096 2274 5151 fidem
2297 5096 2364 5150 ab
2386 5091 2640 5148 omnibus
2660 5091 3022 5147 adhibendam
3046 5109 3165 5149 esse
3192 5095 3500 5157 firmissime

1902 5199 2192 5249 asseveret.
2241 5187 2491 5244 Totidem
2541 5186 2820 5240 enimvero
2850 5189 3180 5257 argumentis
3211 5206 3332 5246 eum
3373 5210 3503 5250 vera

1903 5286 2140 5350 dixisse,
2193 5292 2246 5337 et
2300 5282 2375 5336 illi
2426 5278 2758 5335 credendum
2813 5295 2934 5334 esse
2986 5283 3256 5344 ostendit.
3309 5287 3504 5355 quibus

1905 5382 2168 5437 summam
2201 5376 2343 5431 illius
2371 5373 2707 5428 divinitatem
2759 5373 2955 5428 asserit
2985 5385 3041 5428 et
3086 5375 3342 5431 vindicat.
3398 5380 3503 5434 Sed

1907 5478 2031 5547 quia
2061 5474 2287 5546 gentiles
2322 5470 2464 5525 hanc
2491 5468 2911 5524 ehristianorum
2956 5468 3114 5522 fidem
3160 5469 3388 5526 irridere
3419 5489 3506 5528 so-

1908 5572 2111 5632 lebant,
2145 5567 2271 5621 hinc
2299 5573 2489 5619 auctor
2535 5570 2721 5618 noster
2765 5561 2916 5615 brevi
2968 5561 3277 5619 inductione
3321 5568 3513 5634 probat

1912 5665 2074 5721 fidem
2094 5661 2254 5717 etiam
2276 5660 2564 5712 humanam
2591 5664 2753 5709 tantm
2773 5667 2894 5708 esse
2909 5655 3245 5712 necessitatis
3269 5658 3512 5726 (ιιι-ησύ..

1911 5759 2001 5814 lib.
2043 5773 2099 5821 ιι,
2131 5771 2181 5824 ρ.
2211 5749 2338 5821 47);
2371 5758 2431 5803 ut
2458 5748 2673 5818 ipsimet
2701 5745 2927 5816 gentiles
2954 5746 3103 5801 illam
3134 5749 3244 5802 suis
3271 5765 3378 5805 non
3429 5771 3518 5810 50-

221 5848 470 5907 audacter
516 5871 788 5923 accusare,
844 5865 899 5912 et
955 5855 1154 5911 nullam
1199 5853 1559 5912 accusationis
1617 5851 1813 5907 alferre
1918 5853 2028 5907 lum
2050 5852 2312 5918 cogantur
2342 5841 2542 5896 habere
2585 5836 2895 5895 auctoribus
2944 5848 3106 5909 atque
3157 5839 3521 5914 philosophis,

224 5941 531 6002 rationem?
583 5948 794 6007 Nullam
851 5959 1034 6006 autem
1084 5947 1516 6010 Elmeultorsuus
1575 5945 1814 6018 profert,
1919 5942 2016 6002 sed
2034 5939 2180 5999 nulla
2201 5935 2363 5994 etiam
2387 5929 3522 6012 negotia,navigationes,terrazcultttram,

659 6045 937 6111 Puncta
973 6043 1050 6104 V.
2953 6028 3029 6089 16

201 5122 216 5151 ε
253 5104 457 5161 insanit
485 5123 605 5161 cum
640 5104 939 5160 furentibus
991 5103 1318 5163 hominibus.
1354 5099 1647 5166 Marciane,
1697 5101 1796 5154 Ba-

198 5195 369 5260 silide,
422 5209 476 5253 et
522 5198 779 5269 Origene.
835 5197 922 5266 qui
977 5195 1428 5251 resurrectionem
1458 5209 1566 5249 non
1593 5193 1795 5257 carnis,

197 5289 284 5344 sed
318 5292 588 5363 corporis,
637 5300 693 5346 et
731 5290 975 5360 corporis
1005 5290 1222 5360 quidem
1272 5288 1569 5359 spiritualis
1608 5286 1800 5342 crede-

200 5380 348 5437 bant.
392 5403 408 5436 ι
439 5385 688 5441 Totidem
717 5383 836 5438 hcce
865 5391 989 5437 sunt
1021 5383 1163 5437 illius
1212 5381 1513 5438 Arnobium
1546 5389 1651 5434 tam
1677 5394 1800 5450 gra-

205 5476 334 5533 viter
365 5495 520 5550 quam
545 5489 749 5536 temere
769 5478 1073 5534 accusantis
1097 5477 1278 5547 verba,
1306 5492 1424 5547 qua:
1453 5475 1578 5531 ideo
1603 5473 1806 5529 deseri-

207 5571 434 5642 psimus,
465 5593 531 5632 ne
556 5578 676 5646 quis
702 5577 819 5630 haec
849 5573 1005 5628 nobis
1027 5571 1328 5629 dicentibus
1358 5571 1516 5628 fidem
1538 5572 1804 5642 derogan-

209 5661 331 5719 dam
365 5679 598 5724 censeat.
650 5668 782 5736 Qua:
828 5678 1009 5723 autem
1067 5665 1240 5736 major
1289 5665 1589 5730 temeritas,
1647 5679 1805 5734 quam

215 5759 640 5829 antiquissimum
673 5772 947 5819 auctorem
980 5762 1204 5827 erroris,
1239 5760 1484 5829 insani__:c,
1529 5770 1584 5815 et
1610 5757 1809 5814 furoris
