3918 6340
410 370 508 424 ὅθί

1722 340 2123 407 ISSERTATIO
2160 338 2439 398 PRA‘ZVIA

3596 323 3709 380 492

409 481 682 556 conjugis,
710 477 873 541 bella,
902 473 1146 544 aliasque
1170 483 1261 527 res
1290 468 1404 525 sive
1430 474 1714 525 humanas,
1740 463 1855 517 sive
1875 460 2009 515 divi-
2036 467 2092 527 Α
2114 464 2324 522 nentes,
2353 448 2732 510 existimabant
2774 460 2835 502 se
2863 445 2979 501 solo
3007 454 3202 501 conatu
3232 457 3331 499 suo
3356 440 3474 515 ﬁeri
3521 441 3661 496 deos
3693 455 3708 490 :

1803 554 1839 556 μ
1902 554 1911 556 _
2147 547 2158 556 .
2213 548 2224 556 .
2286 550 2296 556 .
2377 548 2386 556 .
2576 543 2587 553 .
2636 544 2663 556 ..
3212 535 3416 556 _._...___
3458 533 3681 556 “mm

414 554 530 644 nas,
557 575 659 630 nisi
683 572 791 628 ﬁde
812 577 1108 640 praeeunte,
1137 564 1410 634 suscipere
1434 567 1779 631 prmsunmnt.
1800 554 2006 610 Eodem

411 684 624 740 quoque
649 672 968 738 argumento
994 669 1181 732 postea
1210 657 1434 713 Rufinus
1458 654 1537 709 sic
1568 666 1700 707 usus
1727 660 1831 715 est,
1855 646 2007 718 quasi

412 763 540 818 illud
584 762 652 815 ab
696 760 812 829 ipso
852 763 1073 809 auctore
1103 761 1290 807 nostro
1318 746 1625 803 delibasset.
1650 743 1784 798 Nam
1817 741 2006 798 eadem

413 854 643 922 sumpsit
671 847 939 918 exempla,
974 853 1134 915 atque
1154 858 1218 897 ex
1245 841 1326 897 eis
1355 840 1497 893 hunc
1525 837 1765 906 disputat
1810 834 1861 888 in
1893 846 2011 886 mo-

413 948 540 1003 dum
572 965 587 1000 :
621 963 641 996 ι
674 942 747 1000 Ut
774 937 1145 1008 intelligentia:
1176 934 1272 988 tibi
1317 932 1492 986 aditus
1546 936 1808 998 patescat,
1862 933 2011 980 recte

415 1042 589 1111 primo
632 1035 871 1091 omnium
900 1042 951 1086 te
977 1028 1201 1097 credere
1231 1026 1530 1098 proﬁteris;
1578 1022 1703 1093 quia
1735 1032 1833 1075 nec
1863 1031 2015 1072 mare

415 1109 534 1201 quis
562 1128 878 1199 ingreditur,
897 1132 954 1179 et
974 1111 1176 1192 liquido
1200 1134 1263 1173 ac
1290 1115 1553 1187 profundo
1574 1128 1695 1170 sese
1724 1109 2015 1168 committit

415 1199 709 1282 elemento,
752 1218 853 1272 nisi
900 1231 960 1269 se
1006 1213 1153 1282 prius
1198 1209 1385 1266 credat
1436 1222 1593 1278 posse
1639 1205 1853 1260 salvari.
1906 1199 2015 1256 Nec

415 1314 648 1384 agricola
694 1309 899 1366 sentina
946 1306 1109 1360 sulcis
1139 1302 1336 1367 obruit,
1386 1312 1443 1357 et
1489 1300 1668 1369 fruges
1715 1295 1915 1364 Spargit
1962 1294 2015 1346 in

418 1419 637 1473 terram,
695 1403 797 1458 nisi
824 1399 1115 1457 crediderit
1148 1410 1402 1451 venturos
1433 1394 1638 1447 imbres
1660 1431 1674 1455 ,
1726 1388 2014 1443 affuturum

417 1515 628 1571 quoque
656 1497 797 1552 Solis
827 1491 1316 1565 teporctn,,quibus
1349 1498 1489 1541 terra
1540 1482 1775 1547 eonfom,
1807 1488 2017 1549 segetes

419 1592 769 1660 multiplicata
821 1588 973 1657 fruge
1028 1587 1309 1654 producat,
1356 1595 1419 1633 ac
1469 1575 1643 1631 ventis
1693 1571 2019 1642 spirantibus

420 1685 640 1740 nutriat.
685 1680 829 1736 Nihil
858 1678 1090 1747 denique
1139 1682 1240 1739 est,
1276 1670 1416 1741 quod
1449 1669 1500 1723 in
1529 1669 1637 1721 vita
1666 1667 1780 1736 geri
1826 1662 2014 1733 possit,

416 1777 463 1830 si
493 1790 597 1829 non
642 1771 934 1827 credulitas
978 1779 1103 1820 ante
1133 1760 1491 1835 praecesserit.
1540 1757 1679 1826 Quid
1720 1756 1881 1826 igitur
1921 1753 2023 1808 mi-

2109 547 2389 602 cliristiani
2420 559 2546 599 vero
2576 543 2804 596 infirma:
2832 547 3034 593 naturae
3075 552 3187 594 suae
3212 535 3419 591 viribus
3453 533 3714 590 difﬁden-

2112 650 2213 703 tes,
2236 639 2384 694 illam
2415 636 2483 689 ab
2508 631 2891 704 omnipotentis
2930 627 3025 685 Dei
3054 626 3421 684 misericordia
3459 635 3717 696 expecta-

2111 732 2260 786 bant.
2292 727 2531 785 Gentiles
2556 724 2912 797 opinabantur
2942 722 3055 776 alas
3081 720 3183 775 sibi
3214 729 3334 789 post
3360 730 3588 773 mortem
3622 718 3713 772 fu-

2116 838 2281 887 turas,
2332 821 2528 895 quibus
2572 821 2626 873 in
2669 817 2865 873 caelum
2918 814 3291 869 eonvolarent.
3355 806 3499 881 Quin‘
3541 809 3717 863 immo

2113 922 2512 977 somniaveram
2540 918 2800 990 quasdam
2831 929 2954 970 esse
2976 919 3294 983 potestates,
3328 924 3451 979 qua:
3471 915 3723 963 secreta-

2114 1029 2231 1068 rum
2262 1012 2457 1066 artium
2487 1006 2979 1078 superstitionibus,
3008 1013 3065 1060 et
3109 1000 3567 1059 commendatitiis
3592 1014 3720 1054 ma.

2113 1122 2302 1177 gorum
2333 1105 2583 1175 precibus
2633 1100 2878 1163 mollittc,
2934 1098 3148 1153 facilem
3175 1096 3228 1149 in
3260 1094 3456 1150 cmlum
3489 1103 3724 1147 conten-

2116 1201 2369 1255 dentibus
2391 1199 2593 1252 dribant
2631 1195 2835 1250 aditum
2866 1192 3054 1263 (lbid.,
3105 1205 3225 1260 pag.
3270 1187 3340 1243 52
3366 1196 3412 1241 et
3440 1185 3570 1255 87).
3602 1186 3723 1252 Qua

2117 1294 2184 1347 de
2214 1308 2274 1347 re
2306 1292 2457 1346 Plato
2504 1291 2554 1344 in
2585 1288 2835 1359 genuinis
2862 1285 2976 1340 sive
3042 1284 3225 1338 notbis
3277 1282 3389 1335 Suis
3433 1278 3724 1350 operibus,

2119 1386 2366 1449 Servius,
2428 1395 2485 1439 et
2524 1382 2666 1452 apud
2714 1380 3070 1450 Augustinum
3121 1374 3455 1445 Porphyrius
3510 1369 3730 1441 legendi

2120 1477 2320 1547 (Pluto,
2353 1478 2406 1529 in
2435 1475 2716 1539 Pindum,
2747 1482 2871 1527 tant.
2903 1488 2943 1535 ι,
2973 1490 3026 1541 ρ.
3063 1468 3190 1531 107,
3237 1477 3284 1521 et
3327 1467 3545 1531 Axioco,
3598 1475 3729 1518 tam.

2118 1587 2192 1636 tu,
2220 1590 2270 1639 p.
2305 1572 2444 1637 571;
2475 1570 2647 1635 Serm,
2674 1569 2729 1621 in
2756 1568 2846 1622 lib.
2876 1573 2951 1631 vi,
2977 1563 3218 1629 £neid.,
3261 1578 3389 1617 vers.
3424 1561 3528 1616 758
3556 1576 3572 1625 ;
3624 1560 3732 1613 Au-

2121 1674 2255 1733 gust.
2292 1664 2381 1717 lib.
2412 1679 2469 1728 χ,
2498 1662 2561 1715 de
2588 1662 2753 1725 civit.,
2800 1676 2849 1713 c.
2892 1658 2926 1713 9
2969 1668 3016 1712 et
3058 1657 3147 1720 10,
3197 1672 3250 1724 ρ.
3291 1652 3399 1709 266
3441 1662 3487 1706 et
3534 1650 3729 1723 βρίμῃ).

2124 1756 2324 1812 Verum
2356 1754 2673 1809 christianis
2696 1754 2962 1808 incertum
2986 1758 3075 1805 est
3108 1760 3287 1802 utrum
3316 1746 3478 1800 vitam
3503 1744 3739 1798 immor-

416 1885 557 1933 rmn,
606 1866 651 1919 si
697 1861 1017 1917 accedentes
1044 1850 1131 1912 Qad
1184 1858 1372 1917 Deum,
1414 1851 1646 1907 credere
1698 1864 1797 1903 nos
1846 1848 2020 1917 primo
2051 1859 2098 1919 Β
2126 1852 2289 1904 talem
2338 1849 2587 1918 accipere
2616 1846 2903 1916 aliquando
2945 1845 3277 1898 mereantur.
3308 1839 3737 1895 Arbitrabantur

421 1959 657 2012 omnium
685 1953 1018 2025 proﬁtemur,
1040 1965 1161 2004 cum
1183 1948 1300 2003 sine
1320 1949 1420 1999 hoc
1446 1960 1545 1999 nec
1562 1945 1676 2013 ipsa
1693 1941 1835 2011 exigi
1851 1939 2025 2010 possit

422 2052 527 2107 vita
557 2048 879 2105 communis.
915 2043 1039 2098 Haec
1069 2050 1247 2096 autem
1282 2038 1483 2093 idcirco
1512 2037 1567 2090 in
1592 2034 1857 2105 principio
1887 2046 2025 2101 prte—

424 2143 703 2203 misimus,
736 2139 859 2208 quia
908 2134 1097 2205 pagani
1126 2132 1284 2187 nobis
1330 2129 1567 2199 obiicere
1615 2126 1834 2185 solent,
1882 2121 2025 2193 quod

422 2238 613 2307 religio
635 2245 837 2291 neStra,
864 2231 985 2299 quia
1008 2222 1536 2287 rationibusdeﬁcit,
1560 2224 1615 2275 in
1634 2221 1747 2275 sola
1769 2217 2024 2274 credendi

424 2327 774 2400 persuasione
816 2323 1097 2376 consistat.
1153 2320 1217 2373 Et
1262 2318 1383 2373 ideo
1414 2315 1750 2370 ostendimus
1778 2327 1879 2365 nec
1906 2310 2021 2380 agi,

425 2437 523 2477 nec
543 2429 690 2475 stare
710 2413 907 2486 aliquid
940 2427 1120 2481 posse,
1152 2410 1253 2464 nisi
1283 2409 1621 2477 praecesserit
1640 2406 1717 2458 vis
1744 2401 2022 2458 credendi.

422 2513 667 2581 Denique
693 2520 748 2564 et
802 2504 1141 2561 matrimonia
1173 2500 1586 2561 contralmntur,
1636 2498 1758 2567 quia
1790 2494 2027 2549 creditur

424 2618 743 2661 successura
778 2599 1065 2671 posteritas
1097 2613 1109 2648 :
1141 2603 1196 2650 et
1217 2594 1366 2664 pueri
1396 2590 1669 2646 discendis
1691 2588 1893 2642 artibus
1916 2596 2025 2640 tra-

422 2701 639 2761 duntur,
660 2697 783 2766 quia
804 2692 1178 2763 magistrorum
1210 2690 1260 2741 in
1285 2686 1577 2756 discipulos
1606 2680 2029 2736 transfundenda

423 2793 658 2850 creditur
679 2787 963 2856 disciplina
996 2802 1007 2836 :
1044 2793 1098 2837 et
1122 2780 1330 2849 imperii
1363 2778 1593 2848 insignia
1621 2791 1757 2830 unus
1781 2771 2025 2841 suscipit,

426 2890 552 2942 dmn
575 2882 750 2939 credit
771 2878 999 2950 populos
1020 2887 1074 2931 et
1103 2875 1286 2936 urbes,
1312 2881 1365 2926 et
1390 2880 1655 2927 armatum
1685 2869 1846 2923 etiam
1872 2879 2029 2920 exer-

423 2984 591 3037 citum
644 2978 940 3046 parituram
980 2991 997 3022 ι
1052 2966 1347 3040 (Ruﬁnus,
1400 2962 1680 3020 Comment.
1712 2961 1765 3013 in
1811 2958 2029 3030 symbol.

424 3083 537 3143 post
565 3073 705 3135 init.,
740 3087 793 3137 p.
822 3064 971 3134 l7l).
1003 3061 1155 3116 Prius
1179 3075 1307 3114 vero
1328 3056 1518 3111 eadem
1546 3051 2031 3125 argumentatione,

425 3142 723 3231 iisdemque
773 3156 1033 3225 exemplis
1082 3152 1297 3206 Celsum
1351 3149 1633 3213 Origenes,
1667 3157 1721 3199 et
1770 3142 2033 3197 Eusebius

426 3259 692 3331 quoslibet
721 3253 968 3309 ethnicos
1014 3246 1283 3309 refellunt,
1332 3242 1398 3296 ad
1430 3241 1551 3295 ﬁdei
1584 3240 1813 3307 probant.
1845 3251 2035 3289 neces-

428 3328 641 3410 sitatettt
672 3347 843 3416 (Orig.
878 3342 962 3397 lib.
996 3359 1032 3405 t,
1066 3349 1243 3394 contra
1284 3334 1443 3399 Cels.,
1480 3351 1601 3404 pag.
1647 3333 1678 3387 9
1723 3342 1767 3385 et
1802 3334 1902 3393 40;
1930 3328 2035 3383 Eu-

430 3446 558 3511 seb.,
588 3442 679 3497 lib.
723 3456 773 3498 t.
824 3435 1118 3506 Praeparat.
1155 3429 1379 3498 Ecang.,
1410 3444 1455 3479 c.
1487 3427 1541 3488 5,
1573 3443 1623 3494 p.
1658 3425 1725 3478 14
1755 3433 1800 3476 et
1831 3439 1967 3492 seqq.
1991 3422 2033 3492 ).

430 3542 561 3607 Quir
592 3534 808 3607 quidem
842 3530 918 3585 illi
942 3528 1119 3583 adhuc
1146 3525 1367 3578 uberius
1391 3528 1806 3590 prosequuntur.
1838 3517 2038 3584 Quam-

429 3636 616 3688 obrem
650 3628 857 3697 longiUs
892 3622 1130 3692 profecto
1161 3618 1298 3673 foret
1327 3616 1507 3670 omnia
1533 3629 1717 3667 eorum
1749 3611 1909 3664 verba
1941 3610 2038 3663 de-

431 3726 691 3786 scribere,
740 3734 859 3789 qute
908 3717 977 3770 ab
1026 3711 1274 3767 omnibus
1326 3711 1377 3763 in
1434 3708 1646 3761 illorum
1680 3705 1848 3769 libris,
1882 3704 2040 3758 facile

434 3816 652 3874 cuilibet
701 3811 894 3873 obviis,
928 3807 1032 3876 legi
1076 3813 1323 3874 possunt.
1357 3802 1435 3855 Ad
1466 3816 1558 3855 eos
1588 3813 1749 3867 porro
1770 3797 1919 3850 adire
1948 3796 2040 3863 qui

434 3910 688 3972 voluerit,
719 3920 899 3975 operae
929 3902 1152 3955 forsitan
1199 3911 1310 3951 sua:
1340 3912 1444 3949 non
1479 3894 1774 3962 paenitebit,
1801 3898 2040 3960 gratum-

435 4020 541 4074 que
565 4002 719 4057 nobis
751 3997 929 4060 faciet,
964 3994 1007 4046 si
1036 3988 1467 4059 deprehendere,
1500 3987 1843 4053 iudicareque
1874 3982 2043 4051 possit

438 4109 616 4155 utrum
648 4109 785 4150 unus
814 4106 881 4145 ex
928 4088 1036 4142 illis
1066 4086 1135 4139 ab
1162 4083 1273 4137 alio
1301 4096 1395 4134 sua
1426 4079 1779 4149 decerpserit.
1815 4078 1891 4131 De
1917 4076 2040 4129 ﬁdei

440 4204 605 4262 porro
650 4183 975 4241 necessitate
1022 4177 1150 4233 alibi
1196 4174 1592 4243 disputaviuus
1628 4168 1798 4241 (tom.
1836 4186 1883 4232 ι,
1931 4168 2040 4236 Ap-

446 4259 637 4355 parat.,
687 4279 775 4333 lib.
812 4292 870 4341 tt,
901 4273 1114 4327 Dissert.
1158 4269 1214 4333 2,
1244 4284 1290 4321 c.
1344 4266 1429 4331 ll,
1470 4274 1569 4316 art.
1613 4262 1670 4327 2,
1717 4279 1769 4331 p.
1816 4259 1955 4314 1025
2000 4270 2045 4313 et

439 4393 578 4446 δαψί-
604 4372 645 4445 )-

524 4470 598 4523 Ex
646 4462 834 4521 eadem
866 4466 1071 4514 asserta
1125 4452 1325 4509 Christi
1367 4450 1645 4505 divinitate
1689 4445 1941 4510 efﬁcitur,
1992 4454 2049 4498 ut

446 4559 637 4617 salutis
652 4565 890 4616 mternm,
912 4558 965 4604 et
982 4560 1170 4603 eorum
1193 4561 1312 4615 quae
1332 4544 1581 4599 Christus
1603 4538 1872 4611 promisit,
1893 4537 2045 4591 ﬁrma

448 4654 669 4709 omnino
683 4658 938 4715 certaque
951 4644 1020 4698 sit
1042 4640 1459 4695 Christianorum
1482 4650 1607 4704 spes
1639 4646 1693 4689 et
1718 4631 2040 4701 expectatio.
2066 4637 2122 4697 ιι)

450 4749 592 4802 Deus
622 4743 764 4799 enim
799 4740 891 4793 ille
910 4736 1098 4804 utique
1124 4746 1245 4785 esse
1274 4746 1376 4784 non
1406 4738 1604 4800 petest,
1633 4726 1723 4795 qui
1773 4712 2051 4793 promissis

452 4854 560 4895 non
585 4831 862 4892 satisfacit.
911 4828 1094 4894 Neque
1140 4824 1408 4879 Arnobius
1447 4822 1574 4875 sinit
1594 4820 1693 4873 sibi
1724 4819 1792 4871 ab
1823 4816 2051 4871 ethnicis

449 4934 609 5005 objici
656 4943 848 4983 vanam
898 4933 954 4979 et
1001 4936 1210 4977 cassam
1264 4933 1385 4972 esse
1428 4914 1843 4970 christianornm
1898 4925 2047 4980 spem

2125 1944 2362 2012 denique
2392 1940 2594 1995 ethnici
2626 1956 2685 1995 se
2712 1950 2907 2009 Sponte
2939 1953 3055 2003 sua,
3090 1937 3346 2004 nulloque
3378 1933 3732 2004 prohibente,

2128 2038 2180 2091 in
2209 2034 2556 2097 dominicam,
2595 2043 2848 2103 tanquam
2881 2047 3035 2086 suam
3068 2029 3339 2100 propriam
3369 2028 3559 2083 sedem
3591 2027 3740 2082 redi-

2129 2142 2300 2185 turos.
2353 2126 2556 2183 Contra
2605 2143 2735 2181 vero
2767 2124 3043 2180 christiani
3090 2124 3233 2178 istud
3267 2122 3385 2178 ﬁeri
3417 2136 3581 2190 posse
3624 2137 3739 2176 nott

2128 2224 2442 2292 sperabant,
2487 2224 2605 2276 sine
2628 2236 2813 2276 rerum
2856 2218 3095 2273 omnium
3128 2216 3377 2279 Domino,
3410 2214 3463 2269 id
3493 2224 3600 2274 est,
3632 2212 3740 2267 nisi

2134 2316 2271 2369 Dens
2291 2315 2653 2384 oninipotens,
2679 2323 2731 2366 et
2750 2312 2995 2367 Christus
3012 2309 3270 2364 Dominus
3288 2305 3737 2371 immortalitatis,

2129 2427 2215 2474 eo,
2250 2426 2357 2479 quo
2387 2410 2633 2478 superius
2678 2408 2916 2461 diximus
2948 2405 3097 2475 (Cap.
3129 2420 3302 2474 super.
3329 2412 3431 2457 art.
3458 2402 3539 2473 εί),
3573 2400 3740 2457 modo

2130 2504 2380 2573 gratiam,
2398 2514 2452 2557 et
2478 2514 2695 2556 {elerum
2719 2501 2988 2555 felicitatis
3006 2498 3283 2569 praemium
3304 2495 3741 2567 promerentibus

2131 2595 2443 2649 contulerit.
2480 2594 2645 2649 Visne
2674 2593 2968 2648 Arnobium
3006 2600 3246 2646 nostrum
3286 2593 3600 2661 loquentem
3642 2605 3741 2643 au-

2132 2690 2383 2745 dire‘lﬁn
2414 2691 2533 2759 ejus
2561 2690 2724 2743 verba
2753 2707 2765 2743 :
2800 2708 2817 2740 (
2852 2688 2954 2743 Per
2982 2687 3123 2741 hunc
3148 2686 3322 2742 solmn
3351 2694 3437 2739 est
3459 2685 3741 2755 ingressus

2132 2786 2199 2837 ad
2246 2783 2467 2849 Lucem,
2514 2797 2690 2850 neque
2718 2782 2850 2835 alios
2896 2782 3078 2835 datum
3117 2788 3199 2834 est
3229 2778 3314 2832 vel
3352 2780 3620 2847 irrepere,
3655 2776 3743 2831 vel

2136 2877 2410 2940 invadere,
2445 2875 2658 2929 caeteris
2688 2876 2935 2929 omnibus
2960 2874 3179 2937 clausis,
3213 2881 3375 2941 atque
3400 2871 3746 2939 inexpugna-

2137 2970 2226 3023 bili
2258 2985 2383 3024 arce
2410 2968 2650 3022 munitis.
2687 2967 2833 3022 Licet
2859 2982 2986 3036 ergo
3010 2980 3198 3035 purus,
3227 2976 3283 3017 et
3306 2963 3375 3015 ab
3396 2962 3546 3016 omni
3577 2961 3746 3015 fueris

2137 3063 2385 3117 vitiorum
2413 3061 2871 3117 contaminationc
2896 3068 3171 3129 purgatus,
3202 3056 3581 3111 conciliaveris
3615 3056 3742 3107 illas

2138 3164 2298 3221 atque
2355 3153 2628 3209 inﬁexeris
2675 3163 2993 3223 potestates,
3045 3150 3111 3203 ad
3163 3149 3357 3203 ccelum
3392 3147 3645 3203 redeunti
3675 3160 3748 3199 ne

2062 3249 2107 3311 C
2138 3248 2251 3300 vias
2280 3247 2554 3307 claudant,
2589 3258 2751 3316 atque
2777 3246 3064 3313 obsepiant
3091 3244 3395 3307 transitum,
3430 3241 3495 3294 ad
3517 3241 3747 3293 immor-

2143 3343 2361 3397 talitatis
2408 3343 2668 3398 acvedere
2697 3341 2857 3395 nullis
2892 3340 3093 3408 poteris
3129 3336 3569 3391 contentionibus
3602 3349 3747 3401 prae-

2143 3437 2332 3500 mittm,
2358 3435 2457 3489 nisi
2490 3434 2631 3503 quod
2663 3434 2831 3502 ipsam
2857 3432 3318 3485 immortalitatem
3350 3428 3494 3495 facit,
3525 3426 3748 3481 Christo

2142 3528 2488 3592 attribuente,
2542 3526 2869 3598 perceperis,
2924 3533 2980 3579 et
3025 3539 3208 3579 veram
3256 3522 3423 3577 fueris
3475 3520 3748 3575 admissus

2141 3621 2207 3675 ad
2238 3622 2403 3674 vitam
2437 3621 2454 3689 (
2482 3619 2693 3684 Arnob.,
2730 3618 2819 3673 lib.
2846 3634 2900 3679 lt,
2934 3634 3053 3686 pag.
3086 3615 3199 3679 9b).
3234 3636 3251 3667 ›

2214 3714 2435 3768 Summa
2458 3729 2588 3783 ergo
2612 3724 2735 3767 erat
2760 3712 3039 3781 gentilium
3068 3710 3359 3771 dementia,
3410 3711 3498 3777 qui
3534 3707 3747 3762 beatam

2144 3810 2604 3863 immortalitatem
2638 3824 2664 3861 a
2713 3806 3069 3876 potestatibus
3102 3805 3284 3858 nescio
3331 3803 3547 3873 quibus,
3604 3801 3683 3855 vel
3717 3816 3750 3855 a

2142 3902 2334 3970 seipsis
2362 3902 2738 3971 expectabant.
2786 3901 2984 3954 Cootra
3026 3912 3155 3952 vero
3182 3895 3481 3951 certissima
3510 3905 3595 3948 est
3624 3908 3750 3962 spes

2144 3996 2590 4059 Christianorum,
2611 3996 2699 4065 qui
2727 3995 2770 4048 si
2801 3992 3093 4063 dignisint,
3127 3990 3501 4045 hancbeatam
3532 3992 3753 4041 immor-

2143 4090 2405 4145 talitalem
2456 4090 2523 4142 ab
2553 4088 2919 4156 omnipotente
2954 4086 3085 4150 Deo,
3111 4085 3233 4139 solo
3263 4082 3405 4137 illius
3434 4082 3661 4148 datore,
3690 4095 3750 4136 se

2145 4194 2466 4252 accepturos
2494 4181 2790 4237 conﬁdunt.

2756 4330 3048 4370 ARTICULUS
3077 4330 3131 4368 Il.

2148 4460 2225 4509 De
2248 4458 2626 4508 Christianorum
2666 4456 2909 4514 ccclesiis,
2951 4456 3101 4504 sacris
3142 4453 3428 4514 Scriptttris,
3469 4458 3525 4501 et
3558 4455 3751 4515 synaxi-

2210 4522 2321 4631 huis,
2347 4534 2507 4632 queve
2536 4521 2633 4569 ritu
2658 4517 2817 4568 Deum
2844 4520 2893 4567 in
2915 4520 2989 4568 eis
3014 4526 3353 4579 precarentur,
3388 4528 3444 4565 ac
3466 4517 3587 4578 quid
3613 4516 3673 4564 ab
3690 4528 3752 4566 eo

2213 4599 2274 4632 ne
2303 4595 2423 4632 eren
2453 4621 2462 4631 .

2213 4598 2462 4647 peterent.

2226 4711 2305 4765 Ad
2333 4711 2457 4775 alia,
2490 4726 2606 4779 qua:
2636 4710 2959 4765 christianos
2988 4707 3163 4762 adhuc
3207 4714 3473 4779 spectant,
3523 4707 3751 4777 gradum

2156 4814 2215 4859 ut
2262 4803 2545 4867 faciamus,
2594 4803 2825 4858 ethnicis
2874 4802 3250 4871 oltjicientibtts
3296 4799 3473 4854 nullas
3522 4800 3591 4855 ab
3651 4801 3754 4854 illis

2157 4898 2516 4954 extcdiﬁcatas
2541 4914 2713 4951 sacras
2756 4896 2909 4961 mdes,
2939 4895 3211 4952 Arnobius
3238 4894 3315 4949 sic
3345 4892 3663 4962 respondet,
3697 4903 3755 4947 ut

448 4985 705 5100 ﬁlum,
735 5023 823 5075 (5b,
866 5035 1007 5088 "rp,
1039 5014 1161 5084 tu);
1193 5027 1291 5067 nec
1316 5026 1375 5065 ea
1408 5024 1440 5062 a
1468 5007 1680 5062 Christo
1731 5004 1951 5073 impleta
2000 5011 2076 5068 et,
2155 4994 2207 5047 id
2242 5008 2577 5062 nequaquam
2610 4990 2821 5046 difﬁteri
2869 4988 3111 5043 videatur
3138 4988 3375 5057 (Arnob.,
3398 4985 3486 5040 lib.
3520 5002 3597 5051 vi,
3633 5003 3751 5057 pag.

446 5097 590 5183 data,
636 5130 755 5188 quae
799 5111 998 5181 sapius
1046 5105 1317 5178 pollicitus
1364 5101 1555 5155 fuerat.
1583 5098 1713 5154 Nam
1744 5097 2048 5167 promissis,

452 5216 743 5273 consﬁtuto
771 5218 1034 5274 tempore,
1082 5200 1264 5261 stetit;
1312 5205 1475 5265 atque
1528 5191 1642 5261 ejus
1685 5190 1963 5253 miracula,
1996 5196 2052 5241 et

454 5310 555 5363 alia
578 5305 645 5359 ab
674 5306 791 5373 ipso
812 5296 1072 5353 divinitus
1104 5293 1261 5354 facta,
1292 5304 1392 5344 nec
1418 5286 1636 5340 dubium
1664 5299 1813 5348 sane,
1848 5296 1946 5335 nec
1968 5281 2050 5335 in-

454 5412 661 5456 certum
710 5395 939 5449 aliarum
987 5387 1102 5458 eius
1148 5381 1565 5455 promissionum
1605 5385 1731 5431 sunt
1762 5376 1952 5445 pignus
1997 5382 2052 5428 et

456 5489 847 5564 eomprobatio.

524 5562 772 5643 Ostendit
809 5581 1034 5647 insuper
1080 5571 1347 5645 Arnobius
1392 5576 1647 5637 quantum
1676 5562 1953 5617 christiani
2002 5568 2055 5615 et

453 5682 649 5739 ethnici
682 5679 749 5734 de
777 5676 971 5730 futura:
1000 5669 1296 5723 animarum
1332 5675 1451 5733 post
1476 5671 1703 5716 mortem
1735 5658 1922 5713 salutis
1950 5671 2047 5725 spe

454 5777 595 5830 inter
620 5788 678 5828 se
704 5766 1074 5823 dissentirent.
1105 5759 1365 5825 Gentiles,
1421 5755 1592 5825 inquit
1635 5752 1949 5830 (ldem,_lib.
1986 5766 2041 5815 ll,

459 5885 508 5937 ρ.
542 5866 656 5937 66),
685 5862 913 5920 salutem
967 5858 1263 5912 animarum
1298 5865 1513 5907 suarum
1543 5848 1597 5902 in
1628 5826 1863 5913 seipsis
1888 5858 2045 5913 repo-

2158 5086 2303 5156 189).
2357 5083 2496 5153 Quid
2542 5084 2708 5152 ergo?
2757 5080 3025 5152 Numquid
3056 5096 3242 5135 revera
3270 5079 3550 5133 christiani
3580 5080 3755 5133 nullas

2155 5179 2321 5247 ipsius
2351 5187 2591 5245 tempore
2611 5175 2875 5229 habebant
2898 5190 3081 5228 sacras
3111 5172 3255 5227 aedes
3274 5213 3290 5236 ,
3322 5172 3543 5226 domos.
3574 5170 3758 5225 eccle-

2151 5274 2281 5331 sias.
2314 5270 2425 5325 sive
2458 5268 2678 5336 templa,
2714 5268 2765 5321 in
2798 5267 2989 5337 quibus
3016 5280 3207 5321 omnes
3231 5262 3391 5319 simul
3422 5261 3755 5332 congregati,

2156 5370 2321 5423 Deum
2355 5362 2738 5433 precarentur?
2770 5360 2988 5416 Minime
3015 5359 3257 5429 quidem.
3286 5356 3417 5410 Nam
3448 5355 3634 5427 plures
3663 5354 3755 5408 ha-

2154 5463 2407 5521 buerunt,
2457 5473 2590 5527 quas
2636 5454 2926 5524 Apostolus
2954 5452 3235 5516 ecclesias,
3267 5448 3538 5505 Eusebius
3570 5463 3701 5504 vero
3736 5464 3751 5500 :

2154 5556 2569 5632 προσευκτηρίων
2602 5553 2719 5610 τοὺς
2744 5548 2933 5614 οἴκους,
2965 5549 3163 5613 domos,
3195 5543 3449 5613 inquibus
3479 5543 3759 5613 precaban-

2153 5662 2253 5713 tur,
2309 5649 2535 5717 ipsemet
2566 5652 2743 5698 autem
2796 5642 3065 5697 Arnobius
3097 5638 3448 5693 conventicula
3479 5636 3758 5709 appellant

2148 5743 2356 5816 (Ρακιη
2388 5738 2555 5809 Epist.
2602 5755 2642 5801 t,
2671 5736 2737 5789 ad
2765 5734 2909 5800 Con,
2940 5752 3055 5801 cup.
3086 5748 3183 5799 xv,
3214 5747 3343 5784 vers.
3378 5729 3489 5794 1:3;
3541 5726 3752 5793 Euseb.,

2148 5839 2237 5893 lib.
2266 5853 2377 5901 vui,
2408 5833 2554 5891 Eccl.
2594 5830 2821 5896 “istan,
2864 5846 2978 5899 cup.
3006 5828 3062 5895 ‘3,
3094 5844 3211 5899 pag.
3243 5824 3383 5891 295;
3416 5822 3633 5888 Arnob.,
3662 5823 3747 5884 lib,
