3918 6360
163 437 247 493 ωδ
1248 407 1255 413 ⁷
1361 427 1428 485 1N
1466 425 1710 486 ARNOBJ

1817 429 1842 495 ἱ,
1884 430 2032 487 CAP.
2076 432 2144 488 Χ.

3310 434 3417 492 494

161 572 218 617 ιν,
238 570 338 624 pag.
371 553 518 621 152).
548 551 658 610 Sed
684 551 805 607 haec
830 549 929 605 ille
949 549 1018 605 ab
1043 547 1274 605 ethnicis
1296 548 1491 617 diruta,
1522 564 1710 627 quem—
1737 546 1789 606 A
1816 548 2013 619 logesis
2044 548 2416 618 prosternendi
2441 556 2496 604 et
2532 548 2849 603 bumiliandi
2874 548 3107 605 hominis
3132 548 3418 618 disciplina

160 645 403 700 admodum
426 645 851 707 .cbristianorum
884 642 1084 711 scripta
1114 641 1326 712 ignibus
1373 641 1497 696 data
1545 641 1711 697 fuisse

159 748 243 800 tam
262 753 450 800 amaro.
474 754 635 808 quam
658 752 815 809 aequo
844 734 1050 792 doloris
1071 749 1231 790 sensu
1259 734 1343 789 bis
1362 733 1713 805 conqueritur

159 829 343 887 verbis:
377 850 394 884 ι
428 830 625 886 Nostra
673 828 913 901 quidem,
952 848 972 879 ι
1024 827 1097 883 ait
1140 827 1254 895 ille,
1314 846 1333 878 ‹
1364 827 1560 898 scripta
1614 841 1713 883 cur

154 922 331 994 ignibus
354 922 467 977 dari
495 922 847 978 meruerunt?
869 919 980 977 Cur
1005 920 1312 975 immaniter
1338 919 1711 975 conventicula

153 1015 283 1081 dirui,
326 1014 374 1069 iu
418 1015 615 1085 quibus
644 1030 890 1071 summus
917 1025 1101 1070 oratur
1132 1012 1307 1069 Deus?
1336 1031 1356 1065 ι
1390 1012 1540 1069 Sicut
1581 1028 1712 1083 ergo

149 1111 298 1167 nullus
317 1110 483 1180 potuit
506 1125 739 1179 unquam
765 1124 962 1181 negare
988 1107 1313 1163 christianos
1341 1120 1437 1161 sua
1460 1106 1712 1163 habuisse

147 1206 334 1276 scripta,
359 1219 650 1274 sacrosque
670 1204 864 1259 divinm
889 1203 1171 1273 scriptura:
1192 1202 1377 1268 libros,
1410 1201 1479 1256 ita
1505 1202 1711 1256 iulicias

146 1314 282 1354 nemo
330 1300 402 1356 ire
452 1308 630 1368 potest
678 1314 773 1354 eos
820 1306 947 1353 ante
995 1296 1219 1352 Arnobii
1269 1306 1479 1364 tempus
1511 1304 1565 1351 et
1593 1296 1711 1363 eius

146 1406 351 1464 tempore
371 1407 495 1448 suas
520 1392 778 1448 habuisse
802 1391 1078 1454 ecclesias,
1104 1390 1191 1446 vel
1220 1400 1278 1443 ut
1304 1389 1394 1443 ille
1422 1388 1565 1458 loqui
1599 1402 1712 1441 ma-

142 1483 239 1549 luit,
270 1486 632 1553 conuenticula,
664 1484 756 1540 ubi
785 1484 853 1540 ab
882 1482 1116 1540 ethnicis
1145 1483 1420 1538 destructa
1452 1497 1558 1535 non
1590 1480 1710 1535 fue-

142 1589 259 1633 rant.
290 1578 358 1634 De
383 1587 567 1634 notata
612 1586 791 1633 autem
836 1576 903 1632 ab
947 1590 1013 1632 eo
1059 1574 1250 1629 barum
1302 1573 1608 1634 eversione,
1659 1580 1713 1629 et

141 1684 381 1725 sacrorum
430 1671 698 1726 librorum
750 1669 1065 1725 incensione
1109 1681 1273 1738 supra
1317 1665 1713 1736 disputavimus

143 1762 321 1833 (Supr.,
355 1780 471 1833 cap.
504 1765 562 1828 Ξ,
592 1773 693 1818 art.
731 1764 783 1828 1,
817 1773 937 1817 lant.
982 1778 1017 1827 l,
1048 1761 1329 1833 Apparat.,
1369 1778 1489 1832 pag.
1536 1759 1632 1816 751
1666 1768 1714 1814 et

138 1870 252 1924 ιαμ
280 1854 489 1911 Dium.
516 1858 569 1909 in
602 1855 828 1919 Minue"
870 1871 987 1925 cap.
1020 1854 1109 1918 12,
1161 1863 1261 1907 art.
1309 1853 1390 1925 2).
1425 1852 1711 1907 Rationem

1813 652 1898 697 est
1930 642 2118 709 (Idem,
2172 643 2241 696 ib.
2272 644 2334 696 de
2368 641 2578 709 Paruit,
2623 658 2741 712 cap.
2775 642 2854 711 9).
2890 662 2908 693 ›
2939 641 3045 698 Sed
3070 642 3179 712 jam
3212 657 3415 697 conce-

1814 736 1958 792 ditur
1990 738 2092 792 hoc
2121 736 2189 792 de
2216 736 2460 807 pluribus
2489 735 2803 791 cbristianis
2842 735 3277 806 intelligendum.
3303 734 3417 791 Nec

1814 830 1994 886 minus
2018 838 2224 885 certum
2257 830 2712 900 manifestumque
2737 838 2842 893 est,
2872 830 3015 900 quod
3045 828 3319 884 Arnobius
3344 828 3413 883 de

1814 924 2064 980 omnibus
2090 926 2387 995 generatim
2434 922 2570 979 dixit
2621 922 2934 979 cbristianis
2965 921 2983 993 (
3002 922 3216 987 Arnob.,
3250 923 3341 978 lib.
3375 936 3413 984 ι,

1815 1036 1938 1091 pag.
1970 1018 2084 1090 15),
2128 1020 2217 1087 qui
2252 1018 2302 1073 in
2334 1018 2625 1090 synaxibus
2651 1018 2763 1073 suis
2790 1016 2960 1072 Deum
3004 1018 3259 1084 prostrati
3285 1032 3412 1086 pre.

1815 1115 2094 1178 cabantur,
2125 1127 2187 1167 ac
2211 1111 2434 1178 collatis,
2468 1122 2526 1166 ut
2556 1111 2646 1166 ille
2687 1110 2781 1175 ait,
2835 1108 3068 1180 precibus
3096 1108 3413 1163 adorahaut.

1813 1202 2002 1259 Nonne
2044 1204 2188 1257 enim
2243 1203 2325 1257 ba:
2376 1202 2586 1258 collata:
2637 1216 2844 1271 prmces
2893 1211 3048 1263 sunt,
3104 1200 3172 1255 de
3227 1200 3419 1267 quibus

1813 1297 1940 1352 alibi
1991 1296 2356 1352 Tertullianus
2410 1312 2423 1348 :
2490 1314 2509 1347 ι
2567 1296 2795 1367 Corpus,
2863 1314 2882 1346 ›
2942 1293 3112 1364 inquit
3166 1292 3422 1365 (Tertul-

1816 1388 1967 1452 lian.,
2015 1388 2257 1459 Apol0g.,
2312 1403 2427 1456 cap.
2473 1387 2564 1451 59,
2604 1403 2724 1457 pag.
2774 1385 2888 1455 34),
2926 1402 2947 1437 ι
2984 1400 3170 1440 sumus
3195 1383 3264 1439 de
3289 1400 3421 1439 cou-

1815 1479 2041 1535 scientia
2074 1478 2370 1549 religionis,
2403 1486 2459 1533 et
2486 1477 2787 1549 disciplinae
2814 1478 3044 1541 unitate,
3077 1486 3131 1531 et
3161 1476 3284 1533 ﬁdei
3316 1476 3418 1533 fa:-

1816 1571 1967 1629 dere.
1998 1572 2219 1629 Coimus
2247 1573 2314 1627 ad
2363 1572 2556 1638 Deum,
2606 1573 2759 1645 quasi
2791 1580 2951 1627 manu
2978 1570 3119 1627 facta
3152 1573 3419 1643 precatio~

1818 1664 1976 1721 nibus
2002 1666 2323 1722 ambiamus.
2356 1665 2483 1720 llmc
2512 1666 2594 1720 vis
2640 1665 2752 1721 Deo
2781 1675 2933 1736 grata
2961 1665 3087 1720 est?
3117 1684 3135 1716 .i
3171 1666 3242 1722 At
3271 1675 3419 1722 certe

1817 1759 1921 1815 hoc
1951 1762 2280 1830 precantium
2314 1760 2526 1831 agmine
2573 1769 2781 1830 gratam
2814 1760 2924 1815 Deo
2967 1760 3076 1813 vim
3129 1759 3416 1827 iaciebant,

1818 1861 1879 1906 ut
1899 1852 1965 1905 ab
1994 1853 2102 1919 illo,
2127 1851 2300 1923 inquit
2321 1851 2498 1906 adhuc
2523 1850 2796 1907 Arnobius
2826 1849 3040 1924 (Ibid.),
3062 1851 3417 1921 impetrarent

136 1963 317 2019 quoque
346 1950 465 2006 alibi
494 1948 831 2004 reddidimus
857 1962 952 2005 cur
980 1947 1249 2003 Arnobius
1270 1945 1429 2001 fateri
1463 1947 1709 2001 videatur
1738 1942 1787 2004 B
1814 1948 2117 2001 innocentiae
2150 1948 2463 2001 voluntatem
2495 1956 2543 2001 et
2575 1945 2637 2001 ab
2670 1946 2808 2000 omni
2833 1946 2943 2001 labe
2978 1945 3416 2001 delictorum-om-

138 2041 287 2095 nullas
311 2040 474 2097 fuisse
503 2041 813 2096 christiauis
852 2041 1128 2103 ecclesias,
1158 2041 1272 2095 sive
1299 2038 1467 2105 nulla,
1513 2054 1708 2109 quem-

135 2136 387 2191 admodum
419 2136 647 2203 ethnici,
707 2136 925 2205 templa,
982 2137 1196 2191 tametsi
1238 2134 1590 2189 conventicula
1639 2132 1707 2187 ab

135 2228 220 2282 illis
244 2240 474 2285 extructa
517 2228 687 2284 fuisse
718 2228 1061 2299 apertissime
1090 2228 1350 2283 declaret.
1382 2226 1516 2282 Cum
1547 2240 1708 2281 nemo

132 2333 281 2377 autem
324 2338 466 2377 sana:
500 2322 703 2377 mentis
728 2322 889 2375 homo
934 2321 984 2375 id
1015 2320 1285 2391 denegare
1313 2328 1494 2390 queat,
1529 2318 1708 2373 nullus

133 2416 270 2468 etiam
320 2415 549 2469 inliciari
600 2423 779 2485 potest
830 2414 881 2467 in
942 2413 1028 2468 liis
1083 2412 1512 2473 conventiculis,
1569 2426 1706 2481 quo-

130 2521 329 2578 cumque
392 2510 613 2563 nomine
670 2506 1038 2578 appellentur,
1091 2515 1241 2562 actas
1284 2506 1707 2561 christianorurn

132 2615 355 2668 synaxes.

189 2693 238 2747 ln
284 2694 345 2749 iis
391 2709 525 2750 vero
574 2692 702 2764 quid
742 2700 985 2765 agerent,
1037 2692 1080 2747 si
1129 2692 1269 2747 scire
1296 2690 1594 2757 desideres,
1627 2689 1711 2745 bis

130 2787 286 2855 accipe
310 2787 440 2857 ipsis
468 2786 714 2857 ejusdem
747 2786 969 2841 Aruobii
1003 2784 1181 2840 verbis
1209 2802 1221 2839 :
1256 2803 1274 2836 ι
1300 2784 1556 2840 Summus
1584 2798 1711 2837 ora-

132 2892 201 2935 tur
229 2882 381 2945 Deus,
417 2898 520 2952 pax
550 2880 761 2937 cunctis
788 2890 841 2935 et
864 2880 1019 2935 venia
1052 2878 1355 2950 postulatur
1388 2878 1714 2948 magistrati-

131 2972 233 3037 bus,
260 2976 606 3041 exercitibus,
641 2974 877 3044 regibus,
919 2974 1296 3038 lamiliaribus,
1333 2971 1565 3027 inimicis
1593 2972 1713 3042 (Ar-

128 3067 251 3133 nob.,
279 3070 367 3125 lib.
399 3085 476 3136 tv,
514 3086 636 3140 pag.
675 3069 825 3139 152).
850 3067 1072 3123 Accedit
1096 3066 1454 3135 adstipulator
1477 3063 1713 3135 Cyrillus

132 3160 655 3234 ilierosolymitanus,
689 3164 778 3233 qui
806 3162 966 3233 paulo
992 3159 1165 3215 fusius
1194 3159 1329 3215 dixit
1356 3157 1559 3230 (Cyrill.
1593 3156 1716 3209 Hie-

131 3271 333 3326 ronym.,
364 3258 563 3310 catech.
598 3255 658 3321 5,
688 3253 937 3324 Myslag.,
970 3269 1088 3324 pag.
1117 3252 1243 3323 559)
1279 3252 1715 3326 ειιαρακαλοῦμεν

1812 2045 1957 2096 nium
1986 2057 2150 2113 purga
2160 2042 2381 2096 tionem.

1884 2135 1999 2189 Non
2031 2135 2225 2188 mirum
2252 2148 2380 2204 ergo
2401 2133 2445 2187 si
2470 2133 2561 2189 ille
2580 2133 2760 2205 palam
2787 2142 3065 2189 asseveret
3087 2134 3224 2189 nihil
3262 2134 3420 2204 plane

1810 2230 1866 2285 in
1905 2228 2203 2301 synaxibus
2238 2227 2504 2293 auditum,
2532 2245 2551 2278 ‹
2582 2227 2687 2282 nisi
2731 2227 2875 2297 quod
2918 2228 3188 2282 humanos
3232 2228 3417 2291 iaciat,

1812 2324 1915 2377 nisi
1946 2322 2089 2392 quod
2123 2321 2304 2387 mites,
2345 2321 2704 2387 verecundos,
2736 2321 2984 2391 pudicos,
3022 2330 3224 2383 castos,
3259 2320 3422 2375 fami-

1813 2415 1964 2470 liaris
1990 2414 2485 2471 communicatores
2510 2414 2610 2478 rei,
2632 2423 2829 2469 etcum
2854 2413 3106 2469 omnibus
3127 2414 3423 2468 consolidm

1812 2508 2187 2579 germanitatis
2211 2506 2615 2562 necessitudine
2636 2506 2940 2576 copulatos.
2971 2526 2989 2557 ι
3019 2504 3213 2579 (Idem,
3233 2506 3320 2560 lib.
3347 2521 3422 2573 ιν,

1814 2619 1937 2673 pag.
1972 2601 2122 2671 152.)
2159 2601 2499 2671 Quapropter
2542 2600 2876 2670 Augustinus
2916 2599 3133 2654 brevius
3179 2597 3422 2669 quidem,

1814 2695 1909 2751 sed
1954 2710 2059 2749 non
2106 2697 2285 2749 minus
2325 2693 2631 2748 luculenter
2670 2693 2841 2750 dixit:
2872 2712 2891 2744 ‹
2919 2691 3111 2762 Populi
3142 2691 3426 2747 conlinunt

1816 2789 1884 2842 ad
1938 2788 2213 2843 Ecclesias
2267 2796 2414 2842 casta
2464 2786 2806 2853 celebritate,
2862 2787 3088 2841 honesta
3140 2787 3425 2855 utriusque

1816 2896 1979 2937 sexus
2019 2880 2371 2945 discretione,
2419 2878 2508 2933 ubi
2554 2878 2777 2933 audiant
2820 2894 2981 2946 quam
3034 2878 3171 2933 bene
3220 2876 3307 2931 hic
3356 2877 3421 2931 ad

1816 2984 2032 3043 tempus
2072 2975 2254 3027 vivere
2294 2972 2551 3036 debeant,
2603 2982 2658 3026 ut
2706 2982 2827 3041 post
2874 2972 3012 3026 banc
3053 2972 3218 3026 vitam
3266 2972 3425 3025 beate

1816 3080 2137 3135 semperque
2186 3065 2369 3118 vivere
2421 3075 2752 3118 mereantur.
2785 3084 2805 3117 ι
2835 3063 3101 3136 (August.,
3147 3065 3236 3117 lib.
3273 3081 3331 3129 ιι,
3363 3065 3426 3117 de

1816 3158 1977 3222 civit.,
2006 3173 2122 3226 cap.
2155 3156 2250 3222 28,
2282 3173 2405 3227 pag.
2428 3155 2544 3227 57.)
2574 3154 2680 3209 Sed
2708 3156 2777 3211 de
2806 3155 2914 3220 his,
2942 3173 3062 3225 quae
3091 3157 3143 3211 in
3173 3158 3427 3213 christia-

1818 3264 2010 3303 norum
2053 3248 2348 3318 synaxibus
2397 3248 2717 3317 agebantur,
2770 3247 2899 3302 alibi
2942 3248 3325 3315 disseruimus,
3372 3260 3429 3305 et

126 3349 197 3401 τὸν
227 3352 324 3404 θίόν
349 3352 485 3423 ὑπὲρ
511 3358 681 3409 κοινῆς
707 3356 807 3403 τῶν
835 3348 1134 3405 Ἐκκλησιῶν
1166 3349 1365 3421 εἰρήνης
1392 3386 1407 3407 ν
1439 3344 1571 3421 ὑπὲρ
1620 3352 1710 3405 τῆς

1817 3341 1936 3399 haec
1978 3344 2157 3397 omnia
2190 3344 2257 3398 ab
2288 3344 2529 3398 Arnobio
2560 3352 2884 3409 memorata,
2926 3345 3129 3399 clarius
3160 3345 3340 3400 adhuc
3371 3347 3425 3401 in

124 3448 201 3496 τοῦ
228 3444 420 3515 κόσμου
447 3442 773 3505 εὐσταθείας,
804 3440 937 3515 ὑπὲρ
968 3438 1242 3510 βασιλέων,
1278 3436 1413 3512 ὑπὲρ
1458 3456 1713 3511 στρατιω-

124 3545 227 3603 τῶν,
254 3542 337 3592 καὶ
360 3537 686 3610 συμμάχων,
718 3534 850 3608 ὑπὲρ
876 3540 975 3587 τῶν
1010 3533 1061 3586 ἐν
1101 3532 1403 3595 ἀσθενείαις,
1443 3530 1575 3605 ὑπὲρ
1611 3536 1709 3582 τῶν

122 3634 558 3704 καταπανουμένων
577 3671 591 3696 ,
630 3630 719 3683 καὶ
743 3626 1078 3692 ἁπαξαπλῶς,
1101 3626 1235 3701 ὑπὲρ
1256 3626 1458 3680 πάντων
1478 3623 1711 3695 βοηθείας

124 3720 413 3794 (impivwa
435 3722 800 3781 Obsecramus
827 3719 995 3773 Deum
1021 3733 1118 3788 pro
1144 3715 1417 3772 communi
1446 3716 1714 3770 Ecclesia-

122 3831 223 3871 rum
250 3832 403 3887 pace,
430 3831 532 3888 pro
555 3813 951 3883 tranquillitate
978 3810 1190 3876 mundi,
1215 3825 1315 3881 pro
1335 3811 1577 3881 regibus,
1613 3824 1711 3878 pro

124 3910 390 3978 militibus,
418 3924 521 3982 pro
551 3907 738 3972 sociis,
775 3920 870 3975 pro
903 3906 1141 3977 mgrotis,
1180 3919 1277 3975 pro
1304 3903 1541 3969 afﬂictis,
1571 3910 1624 3958 et
1658 3904 1709 3957 in

122 4016 310 4059 summa
336 4020 435 4075 pro
465 4003 533 4057 iis
571 4001 847 4068 omnibus,
898 3999 993 4071 qui
1034 4008 1193 4070 egent
1236 3998 1457 4053 auxilio.
1491 4015 1512 4050 ι
1547 3996 1713 4051 Addit

123 4094 200 4151 ille
226 4114 413 4155 omnes
444 4095 775 4153 christianos
822 4104 934 4149 tum
966 4109 1150 4148 orasse
1194 4092 1543 4163 patriarchas,
1580 4106 1709 4161 pro-

123 4187 313 4256 phetas,
342 4190 625 4262 apostolos
648 4199 702 4243 et
733 4196 1024 4259 martyres,
1052 4196 1111 4241 ut
1138 4186 1203 4240 iis
1229 4185 1704 4251 intercedentibus,

123 4280 249 4338 Deus
274 4286 491 4341 illorum
523 4284 810 4340 exaudiret
840 4296 1053 4352 preces,
1086 4290 1142 4336 et
1172 4280 1497 4355 concederet
1524 4292 1710 4348 postu-

124 4370 233 4429 lata.
274 4376 380 4433 Sed
424 4360 494 4431 de
526 4377 612 4431 his
640 4376 792 4445 plura
844 4384 971 4429 ante
1017 4384 1306 4443 utrumque
1346 4373 1711 4429 Tertullianus

124 4477 173 4517 ut
212 4482 307 4525 suo
360 4472 483 4527 loco
525 4467 830 4525 videbimus
886 4465 1267 4537 (Tertullian.,
1296 4468 1540 4540 Apoloy.,
1590 4484 1704 4537 cap.

124 4562 221 4631 ιο).

180 4657 315 4725 Quid
364 4667 548 4714 autem
576 4698 591 4720 ,
640 4671 815 4729 quove
845 4656 951 4711 ritu
998 4667 1053 4710 et
1099 4670 1253 4710 more
1306 4654 1377 4709 ibi
1431 4653 1711 4710 christiani

1816 3446 2000 3492 nostra
2028 3436 2092 3491 de
2115 3436 2440 3491 Tertulliani
2465 3438 2823 3508 Apologctico
2846 3438 3232 3494 dissertatione
3254 3440 3424 3509 expli~

1816 3532 2085 3586 cabuntur
2136 3532 2284 3603 (lam.
2319 3547 2355 3585 ι.
2402 3531 2655 3603 Apparal.
2689 3550 2811 3603 pag.
2844 3533 2916 3587 25
2947 3543 2994 3587 et
3031 3533 3169 3599 liii;
3204 3532 3421 3589 Disscrs.

1814 3628 1870 3682 in
1896 3624 2204 3681 Tertullian.
2234 3641 2349 3695 cap.
2388 3625 2475 3690 15,
2505 3635 2607 3678 art.
2640 3624 2675 3678 2
2705 3634 2751 3679 et
2780 3624 2970 3697 seqq).

2417 3752 2708 3793 ARTICULUS
2748 3754 2834 3792 ηιμ

2066 3874 2142 3925 De
2167 3874 2543 3925 cirristianorum
2568 3875 2801 3937 precibus
2824 3887 2912 3937 pro
2935 3878 3161 3926 mortuis.

1886 4000 2183 4058 Christiani
2227 4002 2400 4059 sacris
2438 4002 2552 4059 suis
2586 4003 2639 4058 in
2674 4006 2968 4076 synaxibus
3002 4006 3173 4061 Deum
3208 4008 3421 4077 publice

1815 4112 1921 4149 non
1966 4095 2142 4151 solum
2184 4110 2284 4165 pro
2324 4094 2462 4149 vivis
2492 4096 2803 4152 hominibus
2835 4099 3084 4166 orabant,
3118 4100 3215 4154 sed
3256 4102 3419 4157 etiam

1814 4204 1913 4260 pro
1945 4189 2195 4244 mortuis.
2228 4188 2286 4243 in
2328 4190 2395 4244 iis
2428 4190 2696 4261 siquidem
2729 4212 2748 4243 ‹
2778 4207 3045 4261 summus,
3078 4214 3096 4247 ι
3127 4194 3201 4249 ait
3242 4194 3418 4252 Aruo—

1813 4284 1935 4339 bius
1963 4283 2202 4356 (Arnob.,
2230 4283 2318 4338 lib.
2351 4301 2424 4351 tv,
2454 4302 2575 4357 pag.
2607 4286 2757 4359 152),
2790 4307 2807 4339 ‹
2838 4298 3023 4343 oratur
3047 4289 3210 4353 Deus,
3238 4305 3339 4359 pax
3365 4301 3420 4345 et

1815 4377 1975 4432 venia
2006 4377 2453 4446 postulatur......
2482 4378 2660 4433 adhuc
2686 4380 2849 4434 vitam
2879 4380 3221 4451 degentibus,
3252 4391 3307 4438 et
3334 4398 3419 4436 re-

1812 4472 2003 4527 solutis
2032 4486 2321 4542 corporum
2352 4472 2648 4529 vinctione.
2682 4494 2699 4527 )
2730 4474 2860 4529 Tum
2908 4478 3192 4547 perspicua
3234 4488 3417 4533 autem

1812 4579 2180 4634 expreSSaque
2210 4575 2339 4620 sunt
2368 4565 2485 4621 haec
2525 4568 2711 4634 verba,
2754 4577 2813 4623 ut
2854 4566 3168 4624 heterodoxi
3198 4569 3415 4641 quidam

1814 4675 2005 4715 eorum
2048 4660 2402 4731 splendorem
2444 4659 2789 4715 dissimulare
2826 4678 2933 4716 non
2977 4664 3270 4732 potuerint.
3310 4663 3416 4719 Ve-

124 4746 275 4804 Deum
322 4758 700 4822 prec-urentur,
742 4749 821 4804 sic
877 4748 1148 4803 Arnobius
1190 4747 1422 4817 explicat
1465 4765 1479 4802 :
1526 4766 1544 4797 ‹
1576 4736 1790 4803 lluicD
1816 4768 1935 4806 rum
1979 4768 2086 4823 quo
2128 4754 2299 4823 magis
2338 4752 2484 4806 clara
2521 4763 2671 4819 sunt,
2717 4768 2784 4809 eo
2820 4756 2991 4825 magis
3030 4766 3205 4811 atram
3251 4758 3416 4812 bilem

122 4856 293 4899 omnes
318 4862 383 4900 ex
417 4861 573 4899 more
604 4843 1017 4913 prosternimus,
1052 4841 1195 4897 hunc
1222 4842 1433 4897 collatis
1459 4842 1712 4912 precibus

123 4937 433 4993 adoramus:
462 4941 532 4993 ab
578 4935 679 4991 hoc
722 4937 888 5005 justa,
933 4946 989 4992 et
1036 4935 1220 4991 auditu
1275 4938 1395 5005 ejus
1444 4936 1710 5007 condigna

122 5027 473 5100 deposcimus.
520 5031 642 5087 Non
674 5048 782 5102 quo
812 5032 1087 5088 desideret
1125 5031 1397 5102 supplices
1437 5046 1538 5087 nos
1564 5047 1706 5097 esse,

123 5132 203 5174 aut
225 5136 372 5180 amet
396 5127 670 5181 substerni
701 5134 779 5179 tot
806 5126 1034 5180 millium
1067 5125 1469 5181 venerationem
1502 5125 1704 5181 videre.

124 5215 318 5275 [tilitas
351 5220 469 5275 b:ec
498 5230 684 5277 nostra
715 5229 828 5287 est,
861 5229 917 5275 et
942 5220 1211 5275 commodi
1244 5220 1413 5275 nostri
1444 5222 1706 5274 rationem

122 5321 359 5377 Spectans
389 5311 634 5385 (Arnob.,
668 5313 757 5367 lib.
806 5328 844 5379 ι,
890 5330 1010 5384 pag.
1044 5314 1110 5368 M
1141 5322 1187 5367 et
1214 5310 1398 5385 seqq)
1441 5333 1461 5365 ι
1494 5312 1710 5367 Tertul-

122 5400 286 5459 lianus
317 5419 471 5472 vero,
499 5406 594 5460 ubi
642 5405 909 5461 adversus
932 5404 1219 5460 Marcionis
1248 5405 1315 5460 de.
1360 5405 1569 5460 duobus
1609 5406 1711 5460 diis

122 5511 355 5555 errorem
376 5498 597 5555 dimicat
629 5518 641 5554 :
679 5518 698 5550 ‹
727 5500 782 5555 In
806 5500 1065 5564 alienum,
1097 5520 1115 5552 ι
1145 5500 1320 5571 inquit
1348 5498 1709 5571 (Tertullian.,

122 5589 198 5641 lib.
222 5608 259 5655 ι,
289 5592 410 5647 adv.
445 5590 641 5659 Μαῖα,
682 5608 798 5663 cap.
827 5592 946 5662 24),
983 5611 1002 5645 ‹
1030 5594 1232 5649 ctelum
1264 5593 1356 5648 alii
1388 5596 1495 5648 Deo
1518 5603 1710 5649 exten-

121 5680 277 5749 ditur,
302 5687 361 5741 in
386 5687 561 5743 aliena
582 5696 726 5743 terra
749 5687 839 5741 alii
868 5686 980 5742 Deo
1007 5688 1288 5744 sternitur.
1322 5709 1341 5741 ι
1372 5687 1539 5745 Nobis
1564 5698 1712 5745 certe

122 5778 256 5836 dicet
274 5781 468 5854 aliquis
496 5784 600 5840 hoc
626 5785 872 5841 ultimum
899 5785 1122 5842 verbum
1142 5788 1404 5853 sternitur,
1432 5786 1465 5842 ‘a
1493 5788 1717 5859 quibus-

129 5871 242 5929 dam
288 5874 365 5931 de
405 5878 666 5947 publicam
714 5878 1093 5950 paenitentiam
1125 5881 1408 5952 agentibus
1437 5882 1713 5950 explicari,

124 5965 261 6037 juxta
294 5969 424 6028 illud
451 5972 694 6045 ejusdem
746 5973 1071 6034 Tertulliani
1119 5973 1339 6033 etl‘atum
1370 5991 1384 6030 :
1419 5992 1438 6027 ι
1476 5973 1715 6031 Exomo-

1812 4846 1932 4900 aliis
1960 4856 2272 4912 moverunt,
2307 4846 2401 4917 qui
2431 4846 2634 4917 optimc
2666 4847 2849 4904 vident
2880 4850 3004 4905 inde
3029 4850 3171 4907 haud
3203 4853 3416 4909 incerto

1812 4942 1992 5013 cnlligi
2024 4942 2243 5013 aliquod
2278 4931 2401 4999 esse
2430 4945 2804 5015 purgatorium,
2839 4945 2953 5000 sive
2985 4946 3245 5018 aliquem,
3276 4964 3413 5018 quo-

1811 5036 1945 5092 libet
1970 5036 2190 5090 nomine
2223 5044 2471 5102 vocetur,
2500 5037 2702 5103 locum,
2736 5037 2826 5091 ubi
2861 5038 3206 5092 morientium
3230 5039 3409 5108 justo-

1813 5139 1931 5179 rum
1958 5128 2175 5191 animm,
2199 5129 2523 5200 quibusdam
2556 5129 2821 5185 leviorum
2852 5140 3196 5199 peccatorum
3224 5146 3412 5186 macu-

1812 5220 1878 5275 lis
1927 5223 2293 5292 coinquinata!
2342 5232 2660 5295 purgantur.
2711 5223 3073 5291 Quantumvis
3124 5232 3304 5279 tamen
3358 5223 3414 5279 bi

1813 5314 2068 5370 dentibus
2109 5315 2416 5382 frendeant,
2454 5331 2755 5387 onlnesque
2783 5316 3079 5372 adhibeant
3111 5316 3411 5379 machinas,

1815 5425 2087 5481 nunquam
2131 5426 2263 5467 sane
2307 5410 2530 5465 Arnobii
2561 5409 2937 5465 auctoritatem
2968 5410 3275 5467 elcvabunt.
3309 5408 3416 5465 Cur

1813 5504 1978 5568 enim,
2014 5504 2207 5558 amabo
2248 5512 2320 5569 te,
2356 5504 2545 5557 harum
2592 5519 2839 5574 precum,
2880 5519 3015 5575 quas
3047 5503 3158 5567 ille,
3192 5504 3415 5558 minime

1814 5597 2097 5653 diminutis
2117 5597 2422 5668 argumenti
2447 5598 2527 5651 sui
2553 5598 2782 5665 viribus,
2814 5597 3235 5666 praetermittere
3263 5609 3417 5667 pete-

1808 5694 1919 5757 rat,
1942 5693 2272 5748 mentionem
2303 5692 2466 5748 facit?
2493 5692 2604 5748 Cur
2629 5709 2721 5747 eas
2763 5693 2993 5748 ethnicis
3026 5701 3132 5745 tam
3162 5692 3420 5746 audacter

1816 5788 2073 5857 obiectat,
2107 5789 2210 5843 nisi
2243 5789 2367 5859 quia
2410 5798 2561 5843 certo
2590 5787 2792 5841 certius
2831 5795 3074 5846 noverat.
3110 5787 3414 5855 antiquum,

1818 5898 2182 5943 communem,
2223 5898 2286 5937 ac
2325 5883 2471 5953 pium
2512 5882 2680 5936 fuisse
2718 5879 3137 5935 Christianorum
3174 5892 3419 5942 morem;

1818 5992 1927 6047 quo
1957 5977 2125 6032 Deum
2150 5992 2250 6047 pro
2270 5976 2501 6033 mortuis
2522 5972 2831 6031 hominibus
2851 5988 3009 6029 orare
3030 5972 3312 6029 solebant?
