3918 6388
465 411 570 466 495

1718 401 2169 464 DISSERTATIO
2208 399 2489 461 PRIEVIA
3640 403 3726 458 496

537 523 604 578 Et
636 536 764 578 vero
799 521 901 576 hoc
930 519 1351 577 christianorum
1382 519 1622 576 Arnobio
1670 520 2049 591 comquatium,

2164 541 2242 581 τες
2284 522 2428 592 ἡμεῖς·
2457 518 2588 596 ὑπὲρ
2631 515 2862 582 πάντων,
2893 513 3071 578 ἁπλῶς
3105 525 3203 572 τῶν
3233 519 3282 572 ἐν
3335 517 3455 588 ἡμῖν
3483 538 3730 594 apparitor

463 628 626 688 atque
658 616 1019 686 antiquiorum
1062 614 1364 671 institutum
1407 630 1721 684 moremque
1758 613 1923 670 fuisse
1951 629 2054 670 non

461 709 635 764 solum
669 709 964 779 scriptores
994 708 1232 763 Arnobio
1284 714 1441 762 mtate
1471 721 1646 777 pares,
1678 723 1862 762 verum
1893 707 2054 763 etiam

461 801 774 870 superiores
820 801 910 856 alii
964 800 1202 872 plurimi,
1261 798 1405 870 iique
1452 800 1597 854 omni
1647 799 1753 855 fide
1799 800 2054 870 majores,

459 895 802 965 apertissime
855 894 1232 948 tesﬁficantur.
1276 891 1409 946 Nam
1455 890 1821 947 Tertullianus
1871 901 2058 947 contra

459 986 702 1057 bigamos
745 985 864 1040 haec
903 987 1091 1042 scribit
1130 986 1182 1040 in
1224 985 1390 1041 verba
1431 1002 1443 1038 :
1480 1004 1498 1036 ‹
1547 985 1730 1056 Neque
1774 985 2058 1055 priSIinam

457 1096 684 1136 uxorem
714 1081 916 1150 poteris
969 1082 1173 1147 odisse,
1215 1081 1301 1136 cui
1337 1081 1499 1136 etiam
1533 1081 1927 1152 religiosiorem
1973 1096 2060 1136 re-

457 1187 643 1229 servas
672 1175 1034 1241 affectionem,
1069 1185 1129 1230 ut
1158 1175 1270 1244 jam
1309 1183 1543 1244 receptae
1571 1174 1712 1244 apud
1747 1175 2057 1239 Dominum,

457 1280 558 1334 pro
579 1267 730 1338 cujus
755 1268 949 1335 spiritu
981 1268 1239 1340 postulas,
1268 1283 1366 1337 pro
1393 1283 1495 1337 qua
1523 1267 1827 1323 oblationes
1853 1281 2058 1322 annuas

457 1357 665 1412 reddis.
699 1377 718 1409 ι
748 1357 1108 1426 (Tertullian.,
1144 1358 1233 1412 lib.
1269 1358 1330 1412 de
1371 1357 1598 1412 Exhort.
1628 1361 1820 1421 castit.,
1847 1373 1965 1425 cap.
1996 1373 2055 1423 tt,

454 1468 578 1522 pag.
611 1451 764 1524 671.)
807 1452 1015 1508 Rursus
1058 1463 1238 1507 autem
1275 1453 1522 1522 sequenti
1568 1451 1746 1506 libro:
1781 1469 1800 1501 ι
1834 1450 1997 1517 Uxor,
2032 1469 2050 1500 ι

453 1546 826 1617 ἰηίιυὶι,‹ρι·ο
879 1547 1057 1600 anima
1112 1546 1214 1600 viri
1269 1545 1353 1600 sui
1413 1555 1552 1609 orat,
1609 1554 1662 1600 et
1717 1543 2054 1613 refrigerium

452 1635 672 1692 interim
705 1639 1015 1708 adpostulat
1039 1639 1110 1705 ei,
1145 1647 1202 1694 et
1228 1639 1279 1692 in
1312 1639 1483 1708 prima
1509 1637 1906 1693 resurrectione
1927 1651 2056 1690 con-

454 1733 707 1795 sortium,
738 1741 793 1787 et
826 1731 984 1787 offert
1023 1731 1220 1786 annuis
1252 1731 1439 1786 diebus
1481 1731 1823 1785 dormitionis
1861 1729 1997 1800 ejus.
2032 1748 2051 1782 ›

453 1825 648 1895 (Ideni,
682 1827 770 1880 lib.
802 1827 864 1880 de
897 1826 1136 1894 Monog.,
1171 1831 1287 1896 ca‘p.
1323 1827 1412 1890 10,
1447 1842 1566 1895 pag.
1599 1823 1752 1896 68‘2.)

524 1917 633 1973 Nec
661 1926 745 1973 est
771 1933 903 1973 sane
935 1918 1078 1988 quod
1112 1919 1268 1972 nobis
1296 1916 1665 1972 heterodoxus
1694 1917 1891 1986 aliquis
1913 1916 2052 1987 obji-
2087 1955 2134 2015 Β

451 2013 556 2068 ciat
605 2011 1022 2079 Tertullianum,
1065 2028 1188 2066 cum
1233 2011 1331 2066 hos
1377 2010 1546 2065 libros
1591 2010 1934 2076 conﬁciebat,
1987 2009 2054 2064 ad

449 2106 832 2161 bmreticorum
858 2105 968 2175 jam
1001 2117 1180 2174 partes
1203 2103 1491 2168 defecisse,
1523 2113 1683 2173 atque
1706 2120 1772 2159 ex
1803 2105 2054 2159 Montano

451 2199 591 2254 hanc
618 2198 887 2254 delibasse
918 2198 1242 2253 doctrinam.
1270 2197 1568 2253 Enimvero
1598 2207 1884 2268 antequam
1916 2197 2054 2253 banc

444 2292 500 2346 in
551 2292 800 2347 hceresim
847 2292 1129 2362 prolapsus
1178 2300 1346 2356 esset,
1396 2305 1581 2346 sacros
1630 2288 2052 2346 Christianorum

449 2389 586 2442 ritus
625 2389 867 2442 breviter
906 2386 1265 2452 recensendo,
1294 2385 1485 2440 eadem
1517 2399 1738 2455 prorsus
1766 2385 2054 2440 tradidisse

450 2481 688 2550 legitur:
719 2497 738 2530 ι
768 2478 1101 2541 Oblationes,
1136 2498 1154 2530 ι
1188 2477 1362 2548 inquit
1397 2476 1589 2545 (Idem,
1624 2477 1741 2542 lib.,
1773 2477 1834 2532 de
1862 2477 2050 2532 (.‘oron.

450 2576 627 2640 milit.,
658 2590 776 2644 cap.
811 2572 892 2644 3),
925 2592 942 2624 ‹
971 2587 1069 2642 pro
1099 2570 1389 2637 defunctis,
1434 2585 1530 2640 pro
1571 2570 1832 2624 natalitiis
1877 2585 2051 2624 annua

449 2670 538 2724 die
582 2668 829 2724 facimus.
862 2686 880 2718 ι
913 2666 1143 2721 Tantum
1177 2665 1338 2735 igitur
1377 2663 1552 2727 abest,
1587 2673 1646 2716 ut
1689 2663 2052 2719 beterodoxo-

443 2781 566 2821 rum
599 2763 955 2833 responsione
986 2759 1246 2815 infirmari
1282 2758 1455 2828 possit
1485 2757 1629 2812 illius
1660 2756 1727 2812 de
1759 2758 1842 2812 his
1871 2759 2051 2827 preci-

445 2862 550 2916 bus
589 2859 992 2922 testimonium;
1025 2857 1152 2926 quin
1197 2853 1377 2925 potius
1418 2849 1543 2908 in‘de
1583 2852 1798 2923 plenius
1829 2853 2054 2906 demon-

449 2963 652 3011 stretur
680 2953 784 3009 hoc
813 2952 978 3007 fuisse
1003 2959 1109 3004 tam
1134 2948 1540 3013 haereticorum,
1569 2962 1728 3017 quam
1759 2947 2054 3002 catholico-

449 3065 573 3104 rum
599 3055 879 3108 constans,
907 3053 1226 3113 certumque
1255 3041 1660 3096 documentum.

522 3139 948 3210 Antiquissimus
969 3151 1101 3193 vero
1125 3133 1589 3190 Constitutionum
1620 3133 2052 3204 Apostolicarnm

448 3244 637 3290 auctor
675 3231 1005 3288 christianos
1045 3229 1112 3283 ad
1158 3230 1328 3284 Deum
1374 3244 1473 3300 pro
1520 3230 1750 3284 mortuis
1797 3229 2056 3282 fratribus

447 3329 562 3384 suis
582 3325 847 3382 orandum
874 3325 952 3380 sic
973 3324 1293 3378 hortabatur
1318 3342 1330 3377 ε
1362 3342 1380 3373 ‹
1414 3323 1519 3378 Pro
1545 3322 1802 3378 fratribus
1828 3323 2049 3390 nostris,
2082 3347 2126 3409 Ο

449 3422 540 3493 qui
591 3422 643 3476 in
693 3419 915 3476 Christo
963 3418 1347 3489 requieverunt
1386 3432 1628 3483 oremus,
1672 3425 1730 3471 ut
1773 3416 2052 3470 hominum

452 3529 643 3570 amans
669 3514 832 3578 Deus,
855 3512 947 3583 qui
975 3512 1210 3566 animam
1240 3510 1479 3566 defuncti
1507 3511 1762 3580 suscepit,
1791 3510 1837 3564 ei
1869 3511 2056 3565 remit-

452 3615 533 3662 tat
555 3623 718 3662 omne
740 3615 1018 3676 peccaturo
1042 3605 1406 3659 voluntarium
1435 3618 1498 3658 ac
1520 3619 1625 3657 non
1651 3602 2050 3668 voluntarium;

450 3709 509 3760 et
550 3701 815 3772 propitius
852 3699 1202 3767 clemensque
1232 3696 1427 3761 factus,
1470 3697 1699 3752 collocet
1729 3713 1851 3750 eum
1885 3698 1937 3750 in
1969 3712 2056 3750 re-

453 3795 613 3866 gione
638 3794 870 3864 piorum,
896 3791 1292 3861 quiescentium
1316 3791 1368 3844 in
1392 3789 1513 3844 sinu
1537 3789 1853 3855 Abrahami,
1884 3789 2056 3844 Isaaci

455 3896 512 3942 et
536 3885 720 3942 Jacobi
744 3900 866 3940 cum
889 3882 1162 3948 omnibus,
1186 3883 1331 3952 quia
1356 3881 1556 3937 smculo
1592 3882 1912 3952 placuerunt
1946 3880 2054 3938 Deo

453 3996 524 4038 ac
569 3981 686 4051 ejus
731 3978 1066 4034 voluntatem
1118 3979 1391 4042 fecerunt,
1444 3976 1584 4032 unde
1627 3977 1835 4049 aufugit
1873 3976 2052 4050 dolor,

450 4074 672 4129 tristitia
719 4081 774 4128 et
827 4071 1080 4142 gemitus.
1129 4089 1147 4121 ι
1198 4069 1436 4140 (Constit.
1488 4069 1744 4140 Apostol.,
1794 4069 1883 4124 lib.
1940 4086 2054 4135 vtn,

455 4183 575 4237 cap.
607 4167 677 4222 40
713 4175 758 4219 et
798 4164 892 4230 M,
932 4181 1053 4235 pag.
1103 4162 1205 4218 769
1244 4173 1291 4217 et
1331 4162 1493 4236 seqq.)
1540 4163 1742 4220 Deinde
1783 4180 1913 4220 vero
1942 4165 2060 4219 vult

457 4261 600 4315 diem
637 4259 706 4313 ab
748 4273 936 4314 eorum
977 4266 1152 4312 morte
1198 4258 1437 4323 tertium,
1484 4273 1708 4324 nonum,
1753 4259 2056 4331 quadrage-

458 4355 688 4421 simum,
746 4363 802 4410 et
847 4351 1279 4408 anniversarium
1340 4351 1473 4407 fusis
1529 4353 1778 4409 similiter
1806 4355 2059 4425 precibus

459 4447 750 4504 celebrari.

533 4542 807 4600 Praeterea
850 4542 1149 4615 Cyprianus
1189 4541 1257 4598 ad
1305 4539 1630 4597 lt‘urnitanos
1675 4540 1792 4599 haec
1831 4543 2054 4600 scribit:

467 4651 490 4690 ι
519 4635 676 4704 Quod
706 4635 947 4706 episcolii
977 4647 1350 4693 antecessores
1394 4635 1566 4691 nostri
1610 4646 1959 4704 censuerunt,
1991 4651 2061 4690 ne

2161 613 2414 684 μημένων,
2447 612 2692 683 μεγίστην
2722 605 2890 667 ὄνησιν
2919 611 3248 672 πιστεύοντες
3282 609 3490 666 ἔσεσθαι
3516 619 3625 672 ταῖς
3646 611 3730 683 ψυ-

2161 712 2307 775 χαῖς,
2339 705 2468 774 ὑπὲρ
2501 699 2566 755 ὧν
2595 700 2766 763 δέησις
2811 704 3114 779 ἀναφέρεται
3141 712 3232 762 τῆς
3259 702 3428 778 ἁγίας,
3460 709 3546 760 καὶ
3570 728 3734 782 φρικω-

2161 792 2413 853 Beat-ara;
2465 795 2796 870 προκειμένης
2845 796 3046 855 θυσίας.
3112 792 3373 863 Rogamus
3437 811 3606 849 omnes
3657 814 3734 866 pro

2162 887 2416 949 omnibus,
2448 887 2537 954 qui
2561 886 2693 939 inter
2718 901 2812 939 nos
2841 886 2942 939 vita
2977 887 3140 956 functi
3167 895 3306 952 sunt,
3331 889 3611 942 maximum
3647 906 3736 945 esse

2161 981 2419 1034 credentes
2450 981 2743 1034 animarum
2759 981 3024 1051 juvamen,
3062 995 3154 1049 pro
3181 979 3364 1049 quibus
3391 980 3604 1047 oﬂ'ertur
3632 998 3733 1050 pre-

2160 1075 2293 1128 catio
2327 1076 2491 1129 sancti
2530 1074 2671 1128 illius
2710 1083 2756 1127 et
2795 1073 3064 1136 tremendi,
3095 1072 3231 1142 quod
3271 1074 3324 1125 in
3353 1074 3510 1126 altari
3541 1076 3736 1143 positum

2163 1176 2256 1231 est,
2287 1167 2551 1234 sacriﬁcii.
2577 1166 2648 1221 At
2671 1168 2785 1220 haec
2813 1165 2997 1237 Cyrilli
3025 1165 3188 1220 verba
3219 1165 3403 1220 citavit
3431 1166 3734 1234 Eustratius,

2161 1261 2776 1331 Constantinopolitanze
2821 1257 3086 1314 Ecclesiae
3133 1258 3437 1330 presbyter,
3491 1260 3544 1312 in
3597 1260 3736 1324 libro,

2161 1371 2320 1425 quem
2379 1355 2522 1410 circa
2579 1353 2816 1409 medium
2872 1352 3127 1407 saeculum
3184 1363 3396 1407 sextum
3446 1352 3515 1408 de
3568 1353 3738 1410 iisdem

2161 1449 2580 1504 Christianorum
2625 1447 2878 1518 precibus
2919 1463 3015 1517 pro
3051 1445 3277 1501 mortuis
3315 1449 3637 1518 composuit,
3667 1450 3740 1505 ubi

2163 1541 2260 1595 bas
2301 1542 2543 1612 aliasque
2584 1540 2786 1612 Cyrillo
2813 1540 3044 1595 asseruit
3073 1539 3409 1595 catecheses.
3445 1541 3577 1609 Quis
3605 1557 3739 1612 ergo,

2161 1637 2358 1692 auditis
2377 1638 2525 1691 hisce
2546 1636 2688 1690 illius
2713 1635 2915 1701 verbis,
2942 1650 3049 1689 non
3072 1634 3354 1689 mirabitur
3376 1645 3740 1704 protestantes,

2160 1732 2251 1801 qui
2294 1731 2436 1786 serio
2481 1730 2816 1801 respondent
2858 1729 3004 1784 fusas
3052 1729 3184 1783 olim
3230 1744 3260 1782 a
3314 1728 3620 1786 cbristianis
3660 1731 3744 1783 has

2161 1839 2350 1894 preces
2379 1825 2429 1878 in
2458 1823 2601 1892 fidei,
2629 1825 2769 1892 spei,
2798 1832 2853 1877 et
2878 1823 3158 1877 charitatis
3185 1831 3470 1887 tesseram,
3497 1839 3599 1878 non
3630 1837 3744 1877 vero

2160 1918 2212 1972 in
2260 1916 2558 1973 subsidium
2604 1917 2932 1979 animarum,
2974 1931 3037 1971 ac
3080 1916 3217 1986 iguis
3265 1917 3563 1988 purgatorii
3603 1916 3746 1971 refri-

2162 2013 2365 2083 gerium
2385 2013 2410 2066 .9

2230 2105 2412 2161 Mirari
2461 2105 2624 2162 etiam
2664 2107 2796 2161 satis
2826 2121 2933 2161 non
2965 2120 3252 2177 possumus
3280 2104 3742 2171 Elmenhorstium,

2158 2201 2250 2271 qui
2292 2201 2349 2256 in
2389 2201 2502 2257 suis
2543 2200 2610 2256 ad
2654 2201 2796 2257 hunc
2825 2201 3051 2257 Arnobii
3084 2203 3252 2256 nostri
3283 2201 3462 2256 locum
3507 2202 3746 2257 observa-

2157 2293 2394 2348 tionibus
2446 2293 2702 2349 audacter
2745 2303 3021 2349 asseverat
3062 2294 3422 2364 Augustinum
3465 2295 3518 2348 in
3559 2308 3653 2350 suo
3690 2295 3750 2346 de

2161 2386 2296 2442 (Iura
2325 2388 2548 2460 gerenda
2591 2405 2684 2459 pro
2726 2391 2941 2443 mortuis
2986 2388 3125 2444 libro
3167 2390 3396 2460 ingenue
3436 2389 3589 2445 fateri
3630 2405 3749 2443 con-

2158 2490 2344 2550 ceptas
2376 2498 2474 2552 pro
2515 2483 2742 2537 mortuis
2776 2498 2966 2554 preces
3006 2482 3119 2537 sola
3156 2481 3420 2553 majorum
3462 2483 3560 2537 niti
3600 2480 3750 2537 tradi-

2158 2576 2325 2642 tione,
2361 2592 2464 2632 nec
2507 2579 2678 2633 sacris
2724 2577 2920 2633 litteris
2961 2578 3186 2633 firmari.
3234 2578 3361 2634 llaec
3403 2578 3599 2649 quippe
3637 2585 3752 2632 sunt

2157 2669 2448 2740 ipsissima,
2491 2688 2610 2743 quae
2654 2672 2746 2727 ille
2789 2688 2896 2728 non
2937 2673 3142 2738 retulit,
3175 2687 3275 2728 nec
3317 2673 3432 2727 suis
3475 2673 3633 2736 forte,
3665 2670 3751 2726 sed

2156 2763 2350 2819 alienis
2390 2765 2564 2820 oculis
2606 2766 2829 2836 legerat,
2864 2767 3147 2836 Augustini
3181 2766 3339 2822 verba
3367 2784 3380 2822 :
3410 2784 3429 2816 ‹
3460 2765 3518 2820 ln
3547 2763 3752 2819 Macha-

2156 2857 2396 2912 baaorum
2431 2859 2585 2914 libris
2633 2860 2863 2930 legimus
2901 2861 3141 2916 oblatum
3170 2877 3270 2932 pro
3295 2860 3523 2916 mortuis
3561 2860 3752 2916 sacrifi-

2156 2952 2321 3004 cium.
2351 2950 2458 3006 Sed
2485 2952 2589 3007 etsi
2618 2969 2884 3024 nusquam
2917 2955 2970 3008 in
3013 2954 3309 3025 Scripturis
3350 2955 3621 3010 veteribus
3646 2969 3748 3008 om-

2156 3045 2286 3100 nino
2342 3047 2632 3118 legeretur,
2685 3063 2793 3102 non
2839 3063 3002 3118 parva
3046 3060 3131 3104 est
3175 3049 3442 3104 universa:
3482 3048 3753 3113 Ecclesia,

2157 3151 2274 3207 qua:
2318 3137 2372 3193 in
2421 3139 2525 3194 hac
2569 3140 2964 3197 consuetudine
3009 3140 3178 3196 claret
3217 3140 3532 3206 auctoritas,
3577 3141 3664 3195 ubi
3706 3139 3753 3193 in

2159 3231 2414 3301 precibus
2444 3233 2761 3300 sacerdotis,
2803 3250 2922 3305 quae
2959 3234 3183 3290 domino
3212 3235 3324 3290 Deo
3352 3233 3420 3288 ad
3451 3233 3569 3303 ejus
3595 3233 3756 3287 altare

2158 3326 2473 3395 funduntur,
2522 3329 2699 3385 locum
2743 3345 2900 3385 suum
2947 3331 3112 3386 habet
3153 3330 3314 3386 etiam
3363 3327 3758 3385 commendatio

2159 3434 2512 3480 mortuorum.
2529 3425 2822 3498 )(August.,
2843 3424 2932 3479 lib.
2949 3425 3013 3480 de
3024 3424 3146 3480 Cur.
3163 3441 3269 3496 ger.
3292 3441 3386 3494 pro
3399 3434 3700 3494 niort.,cap.
3719 3437 3754 3484 ι.

2160 3527 2282 3572 tom.
2313 3519 2367 3583 6,
2393 3535 2515 3589 pag.
2548 3518 2705 3588 6f6.)
2730 3519 2920 3575 Nonne
2942 3519 3087 3574 enim
3117 3518 3190 3574 ibi
3218 3526 3406 3588 aperte
3429 3519 3759 3588 ingenueque

2157 3610 2356 3666 fatetur
2385 3611 2578 3666 harum
2627 3627 2848 3682 precum
2896 3613 2950 3666 in
2979 3611 3407 3666 Machabmorum
3438 3609 3609 3672 libris,
3633 3624 3761 3680 quos

2158 3721 2258 3775 pro
2289 3705 2569 3760 canonicis
2599 3705 2809 3773 habuit,
2839 3707 3171 3762 mentionem
3204 3705 3361 3760 ﬁeri?
3383 3704 3644 3773 Quamvis
3668 3719 3760 3757 au-

2159 3807 2268 3854 tem
2319 3800 2604 3870 negaveris
2651 3801 2751 3855 hos
2806 3799 2976 3854 libros
3026 3800 3220 3856 canoni
3267 3813 3440 3854 sacrae
3484 3799 3763 3869 scriptura:

2159 3894 2569 3960 adscribendos,
2602 3911 2698 3951 eos
2726 3903 2906 3950 tamen
2938 3895 3258 3966 antiquitate
3300 3909 3398 3948 sua
3432 3890 3765 3948 venerandos

2161 4006 2284 4047 esse
2331 4005 2532 4061 negare
2573 4006 2680 4046 non
2728 3999 2904 4061 potes.
2948 3989 3210 4058 Quamvis
3257 3989 3421 4044 etiam
3468 3986 3765 4059 ingenuinis

2161 4103 2337 4143 sacra:
2365 4088 2649 4156 scripturae
2676 4086 2831 4142 libris
2863 4086 3000 4142 nihil
3026 4087 3240 4155 penitus
3270 4084 3340 4141 de
3371 4084 3564 4140 iisdem
3591 4082 3765 4154 preci-

2161 4179 2266 4235 bus
2295 4182 2589 4251 legeretur,
2620 4179 2900 4236 contendit
2939 4165 3119 4235 tamen
3162 4177 3500 4249 Augustinus
3531 4193 3638 4233 non
3669 4175 3767 4231 mi-

2163 4275 2321 4329 nima:
2355 4276 2696 4330 auctoritatis
2723 4289 2846 4331 esse
2881 4274 3082 4330 veteris
3116 4273 3378 4330 Ecclesiae
3419 4270 3768 4329 consuetudi-

2164 4383 2311 4421 nem.
2338 4367 2445 4422 Sed
2470 4367 2576 4431 dic,
2607 4383 2814 4438 quaeso,
2839 4367 3016 4434 nobis,
3045 4365 3443 4433 Elmenhorsti,
3472 4375 3650 4421 utrum
3679 4361 3770 4434 qui

2161 4459 2367 4515 diserte
2405 4459 2641 4514 affirmat
2682 4460 2885 4530 aliquid
2939 4461 2992 4514 in
3025 4459 3179 4514 libris
3215 4457 3645 4514 Machabteorum
3679 4456 3772 4510 ba-

2163 4555 2303 4618 beri,
2333 4562 2497 4624 atque
2525 4554 2660 4609 satis
2690 4553 2909 4609 aliunde
2949 4553 3188 4622 probari,
3225 4551 3440 4608 tametsi
3485 4553 3539 4607 in
3571 4550 3770 4607 veteri-

2164 4644 2265 4701 bus
2290 4645 2587 4717 Scripturis
2620 4664 2725 4701 non
2753 4647 3048 4718 legeretur,
3076 4655 3278 4711 utrum,
3308 4645 3553 4716 inquam,
3584 4645 3629 4699 is
3658 4645 3772 4714 ipsc

459 4729 582 4799 quis
613 4727 776 4783 frater
803 4728 869 4781 ad
912 4727 1133 4782 tutelam
1173 4727 1255 4782 vel
1297 4743 1482 4782 curam
1523 4727 1782 4783 clericum
1817 4728 2057 4782 nomina-

2166 4737 2373 4794 idcirco
2400 4740 2678 4809 negaverit
2717 4738 2849 4794 illud
2881 4741 2932 4793 in
2971 4739 3143 4794 sacris
3176 4738 3471 4809 Scripturis
3512 4738 3774 4809 reperiri?

459 4831 548 4877 ret
575 4839 590 4877 :
623 4836 685 4876 ac
716 4821 760 4875 si
792 4821 912 4890 quis
945 4819 1049 4875 hoc
1089 4819 1324 4883 fecisset,
1368 4836 1472 4874 non
1515 4820 1803 4876 offerretur
1843 4835 1941 4890 pro
1970 4835 2058 4888 eo,

460 4934 565 4976 nec
592 4918 915 4974 sacrificium
957 4932 1052 4988 pro
1086 4916 1413 4971 dormitione
1455 4915 1572 4986 ejus
1611 4916 2000 4973 celebraretur.
2034 4937 2053 4970 ι

464 5011 736 5084 (Cyprian.
772 5011 938 5081 Epist.
968 5026 1005 5074 ι,
1031 5027 1150 5081 pag.
1179 5006 1260 5081 2.)
1292 5010 1421 5074 Quae
1447 5008 1663 5079 quidem
1691 5027 1721 5065 a
1748 5011 1900 5067 nobis
1928 5012 2059 5068 alibi

460 5106 625 5161 citata
655 5113 803 5171 sunt,
845 5103 934 5158 ubi
973 5102 1264 5169 Ambrosii,
1307 5111 1362 5157 et
1402 5102 1628 5159 aliorum
1669 5105 1927 5161 Ecclesia:
1958 5107 2059 5161 Pa-

457 5207 603 5255 trum
632 5198 952 5255 auctoritate
978 5198 1303 5252 sententiam
1335 5197 1404 5251 ab
1444 5198 1640 5269 ineptis
1677 5199 2059 5258 haereticorum

459 5295 912 5360 cavillationibus,
944 5294 1260 5365 frivolisque
1290 5294 1742 5364 responsionibus
1766 5297 2060 5354 vindicavi-

456 5410 581 5450 mus
623 5390 773 5465 (Not.
817 5392 871 5445 in
916 5388 1175 5454 Ambros.,
1221 5389 1282 5443 de
1325 5388 1448 5443 obit.
1497 5388 1746 5446 Valentia.
1781 5392 2060 5454 cons‘olat.,

463 5506 585 5560 pag.
616 5485 756 5542 ’1194
783 5496 830 5540 et
861 5501 1032 5554 supr.,
1063 5500 1182 5555 pag.
1221 5482 1352 5537 1121
1384 5493 1429 5538 et
1460 5485 1645 5556 H35).

536 5578 770 5635 Prodeat
793 5577 955 5634 etiam
982 5574 1212 5647 Cyrillus
1243 5574 1783 5648 Hierosolymitanus,
1814 5589 1870 5638 et
1897 5597 2059 5654 quem

462 5675 533 5732 de
573 5673 825 5746 precibus
853 5671 1268 5746 christianorum
1314 5687 1412 5743 pro
1445 5671 1585 5727 vivis
1612 5675 1934 5744 quibuslibet
1962 5677 2062 5732 ho-

466 5766 701 5825 minibus
745 5766 1106 5822 disserentem
1154 5766 1422 5836 superiori
1464 5767 1694 5824 articulo
1736 5770 2058 5839 audivimus,

459 5877 607 5918 nunc
646 5861 716 5918 de
760 5860 1012 5931 precibus
1052 5875 1150 5930 pro
1194 5861 1420 5916 mortuis
1461 5862 1733 5920 dicentem
1779 5864 2061 5924 audiamus

465 5954 693 6030 (Cyrill.,
721 5952 930 6013 Catuli.
959 5953 1014 6021 5,
1045 5952 1297 6026 Mystag.,
1331 5971 1450 6028 pag.
1481 5954 1610 6027 539)
1636 5973 1649 6013 :
1684 5958 1902 6032 Διὸμεθα
1928 5965 2060 6020 πάν-

2164 4831 2298 4900 Quis
2337 4847 2598 4902 unquam,
2629 4833 2734 4887 nisi
2772 4847 3020 4888 errorum
3070 4832 3400 4902 pra>judiciis
3442 4833 3772 4897 obcecatus,

2164 4927 2236 4981 ita
2281 4934 2692 4996 argumentatus
2730 4925 2848 4980 est?
2877 4924 2985 4982 Sed
3021 4924 3108 4992 dic
3138 4925 3337 4991 adhuc,
3370 4941 3579 4996 qutnso,
3613 4941 3776 4981 num-

2164 5021 2295 5094 quid
2335 5031 2441 5075 tam
2480 5021 2631 5091 parvi
2670 5020 2931 5090 ponderis
2976 5029 3060 5076 est
3105 5021 3376 5075 universae
3425 5020 3684 5077 Ecclesia:
3727 5027 3781 5075 et

2164 5115 2455 5187 Augustini
2495 5122 2675 5179 aetate,
2709 5121 2767 5168 et
2806 5113 2980 5183 plura,
3023 5123 3082 5168 ut
3119 5113 3374 5177 vidimus,
3407 5124 3537 5170 ante
3575 5113 3780 5170 saecula

2166 5210 2464 5264 auctoritas
2494 5217 2548 5264 et
2575 5206 2907 5263 consensus?
2935 5206 3091 5263 Unde
3123 5216 3304 5262 autem
3344 5207 3480 5263 illud
3513 5206 3780 5275 manavit,

2168 5299 2276 5356 nisi
2323 5315 2390 5355 ex
2436 5299 2822 5372 Apostolorum
2868 5299 3174 5370 discipulis,
3212 5311 3378 5372 atque
3416 5317 3485 5357 ex
3529 5301 3784 5374 ipsismet

2168 5399 2208 5450 A
2220 5395 2444 5468 postolis
2464 5397 2488 5448 ?

2241 5488 2431 5560 Neque
2456 5490 2634 5547 minus
2659 5508 2690 5547 a
2714 5507 2882 5563 scopo
2903 5491 3120 5549 aberrat
3145 5490 3285 5549 idem
3310 5491 3781 5560 Elmenhorsﬁus,

2169 5582 2263 5653 qui
2304 5581 2471 5638 instat
2517 5583 2876 5655 Epiphaniam
2921 5601 3148 5658 negasse
3194 5587 3398 5658 pariter
3446 5604 3640 5656 preces
3687 5605 3788 5662 pro

2170 5680 2404 5734 mortuis
2452 5677 2567 5736 ullo
2621 5695 2790 5738 sacrae
2831 5682 3155 5752 Scriptura,
3180 5681 3496 5738 testimonio
3545 5684 3788 5740 stabiliri

2173 5773 2492 5846 (Epiphan.,
2528 5774 2709 5831 turres.
2741 5777 2831 5845 75,
2864 5776 2892 5849 §
2920 5779 2953 5833 5
2983 5786 3031 5833 et
3057 5777 3138 5848 7).
3176 5774 3295 5843 Jam
3332 5776 3480 5833 enim
3511 5778 3703 5834 citatis
3733 5777 3788 5833 in

2172 5870 2520 5928 Ambrosium
2543 5871 3013 5930 observationibus
3033 5872 3233 5930 nostris
3253 5869 3333 5946 (Ν
3337 5881 3409 5928 ot.
3430 5873 3487 5927 in
3509 5873 3785 5940 Δητὼ-οι,

2173 5973 2299 6023 tom.
2333 5982 2394 6038 ιι,
2431 5983 2551 6040 pag.
2595 5964 2762 6042 1195)
2798 5968 2961 6040 plane
2989 5965 3330 6026 ostendimus
3369 5966 3436 6024 ab
3467 5964 3793 6040 Epiphanio
