3918 6370
179 374 274 432 497

1412 377 1478 434 ΙΝ
1516 377 1892 449 ARNOBIUM,
1932 379 2084 438 CAP.
2126 380 2194 437 Χ.

3382 386 3487 443 498

178 494 575 551 catholicorum
606 496 941 568 propugnari
972 497 1317 566 sententiam,
1358 506 1521 570 atque
1560 502 1779 572 opposi-
1806 503 1861 563 Α
1884 500 2052 558 fuisse
2081 502 2393 573 discrimen,
2423 506 2568 578 quod
2598 505 2687 562 illa
2717 505 2991 574 humanis,
3021 506 3136 564 haec
3173 521 3305 564 vero
3344 508 3482 565 divi-

180 598 276 643 tam
308 590 363 643 in
394 604 650 646 errorum
678 598 736 646 et
763 589 1066 646 hrcreseum
1105 591 1250 647 Aerii
1293 593 1483 662 reponi
1524 591 1773 650 numero.

179 679 287 748 Quo
320 696 460 751 ergo
491 683 639 754 jure,
670 684 715 739 is
746 684 837 755 qui
868 698 1056 755 preces
1088 699 1186 754 pro
1213 686 1442 740 mortuis
1470 685 1776 742 fundendas

176 788 349 846 negat,
390 777 689 833 hmreticus
727 778 835 833 dici
876 788 1075 848 potest,
1120 780 1223 833 nisi
1267 779 1389 850 quia
1430 778 1549 849 ejus
1590 780 1774 851 opinio

176 872 337 925 sacris
364 870 669 943 Scripturis
698 880 753 929 et
782 873 1055 930 constanti
1082 872 1344 930 Ecclesia:
1373 872 1649 930 traditioni
1678 873 1773 930 ad—

176 974 418 1021 versatur
433 964 460 1020 ’ἶ

776 1162 1070 1204 Αιιτιςυιυε
1108 1164 1179 1203 ιν.

172 1306 641 1371 Dechristianorum
663 1305 914 1371 altaribus,
932 1305 1198 1371 sacriﬁciis,
1219 1319 1275 1357 ac
1294 1308 1452 1359 thuris
1469 1322 1586 1371 usu;
1606 1314 1769 1362 utrum

227 1370 478 1434 Arnobius
509 1368 1006 1434 dercatecbuuienis,
1056 1373 1478 1434 sacratnentis‘que
1516 1368 1767 1434 Baptismi,

231 1440 281 1543 (fet
326 1430 669 1543 Epcharistiae,
720 1438 772 1481 et
792 1431 973 1482 divina:
1017 1433 1190 1495 gratia:
1236 1430 1536 1485 necessitate
1581 1430 1770 1488 locutus

251 1506 361 1544 uen
390 1531 402 1544 .

239 1646 567 1703 Christianis
586 1648 795 1703 crimen
818 1647 994 1705 adhuc
1012 1649 1280 1705 faciebant
1297 1651 1496 1707 ethnici
1520 1653 1763 1725 (Arnob.,

174 1740 258 1794 lib.
292 1755 365 1806 vt,
397 1756 521 1810 pag.
545 1738 676 1810 289)
708 1756 813 1796 non
840 1742 1017 1796 solum
1045 1742 1187 1811 quod
1216 1743 1382 1807 nulla,
1408 1745 1483 1797 uti
1507 1744 1761 1814 diximus,

175 1834 433 1889 haberent
477 1834 698 1905 templa.
730 1844 823 1890 aut
851 1836 1024 1890 nullas
1052 1849 1236 1891 sacras
1267 1837 1433 1904 aedes,
1465 1838 1561 1893 sed
1588 1839 1765 1894 nullas

1880 594 1964 650 nis
1996 594 2206 665 legibus
2231 599 2436 653 sancita
2468 597 2704 655 fuerint?

1951 685 2221 743 Praeterea
2248 691 2545 759 Arnobius,
2575 692 2665 747 ubi
2688 693 2970 763 gentilium
3001 694 3263 751 sacriﬁcia
3294 696 3478 766 exagi—

1879 789 1977 847 tat,
2013 791 2175 853 atque
2206 785 2469 854 explodit,
2502 786 2573 841 ibi
2611 787 2790 843 adhuc
2827 788 3031 844 diserte
3072 789 3236 844 tradit
3274 789 3476 858 (lbid.,

1876 891 1998 945 pag.
2048 872 2159 947 15),
2193 874 2328 931 nihil
2365 877 2434 932 ab
2472 878 2713 948 ipsismet
2749 879 2963 935 illorum
3005 881 3128 949 diis,
3170 881 3239 937 de
3278 896 3339 937 ea
3383 898 3475 937 ra—

1875 968 2043 1035 tione,
2076 984 2179 1040 qua
2212 969 2279 1025 ab
2308 971 2613 1029 hominibus
2650 968 2780 1041 celi,
2811 983 2867 1030 et
2893 973 3174 1030 sacriﬁciis
3214 973 3475 1030 honorari

1875 1061 2093 1129 vellent,
2139 1065 2519 1122 constitutum.
2565 1066 2707 1123 Ecce
2747 1067 2793 1123 si
2833 1066 3021 1124 audire
3059 1069 3215 1135 velis,
3248 1068 3478 1139 ipsamet

1875 1154 1992 1225 ejus
2034 1156 2237 1213 verba:
2270 1177 2289 1211 ι
2316 1158 2588 1230 Numquid
2626 1161 2703 1217 dii
2748 1162 2974 1233 aliquas,
3006 1182 3026 1214 ι
3060 1163 3232 1234 inquit
3269 1162 3473 1233 (Ibid.,

1873 1265 1995 1319 pag.
2050 1249 2217 1321 215),
2258 1270 2276 1303 ‹
2315 1251 2463 1324 leges
2515 1268 2748 1310 sanxere
2796 1254 3087 1326 aliquando
3133 1255 3474 1324 mortalibus,

1872 1343 2336 1415 constitutumque
2377 1357 2462 1401 est
2506 1346 2573 1403 ab
2615 1346 2701 1402 his
2740 1364 2976 1420 unquam
3021 1348 3149 1420 quid
3178 1364 3273 1405 eos
3312 1364 3477 1420 agere

1872 1436 2213 1502 conveniret,
2242 1438 2329 1493 vel
2359 1439 2487 1511 quid
2528 1456 2672 1506 non;
2706 1442 2835 1513 quid
2866 1444 3195 1505 consecrari,
3227 1442 3357 1513 quid
3388 1442 3474 1498 fu-

1871 1543 2023 1598 gere,
2050 1530 2134 1585 vel
2156 1531 2259 1586 coli
2283 1546 2343 1587 se
2366 1533 2557 1588 saltem
2581 1535 2776 1605 quibus
2798 1537 3098 1592 rationibus
3119 1547 3473 1608 cuperem...

1870 1619 1941 1677 Ut
1981 1623 2175 1692 opinor
2210 1625 2279 1680 ab
2321 1625 2405 1682 his
2449 1644 2743 1699 numquam
2784 1646 2961 1701 neque
3000 1632 3350 1687 constitutum
3389 1643 3477 1687 est

1869 1713 2096 1785 aliquid,
2151 1732 2329 1788 neque
2388 1720 2689 1788 sancitum;
2744 1723 2999 1793 quoniam
3059 1738 3159 1779 nec
3213 1724 3317 1780 visi
3369 1726 3476 1781 ali-

1868 1810 2108 1878 quando,
2135 1825 2311 1881 neque
2336 1812 2379 1866 si
2409 1824 2535 1868 sunt
2562 1815 2686 1882 visi,
2716 1817 3054 1887 apertissima
3082 1818 3257 1888 potuit
3282 1820 3474 1888 cogni-

174 1929 331 1982 ctiam
358 1942 506 1993 aras,
534 1928 679 1983 nulla
703 1928 918 1996 altaria,
942 1928 1087 1983 nulla
1113 1929 1399 1997 sacriﬁcia,
1426 1931 1573 1986 nulla
1598 1933 1754 1987 simu-

1871 1904 2016 1959 tione
2046 1904 2311 1976 dignosci.
2347 1925 2367 1959 ι
2400 1907 2591 1965 Nonne
2625 1926 2755 1981 ergo
2786 1913 2887 1966 hac
2926 1927 3142 1984 quoque
3179 1927 3474 1985 argumen-

171 2019 331 2085 lacra,
367 2021 572 2075 nullum
604 2020 779 2077 thuris
807 2036 985 2076 usum.
1015 2021 1288 2077 Arnobius
1315 2037 1445 2077 vero
1472 2023 1525 2078 id
1552 2025 1763 2094 penitus

171 2128 360 2182 negare
410 2129 517 2168 non
566 2114 816 2179 videtur;
870 2114 1036 2170 immo
1085 2130 1213 2170 vero
1263 2116 1434 2185 palam
1485 2117 1762 2173 declarare

172 2209 313 2261 nulla
335 2224 363 2261 a
384 2207 699 2263 christianis
724 2208 864 2263 facta
894 2208 1183 2275 sacriﬁcia,
1209 2225 1307 2264 nec
1328 2210 1582 2266 debuisse
1612 2210 1761 2266 facti-

172 2302 289 2355 tari.
324 2300 545 2356 Sextum
576 2302 720 2356 enim
755 2302 953 2357 librum
984 2318 1141 2357 suum
1179 2302 1247 2358 ab
1284 2301 1369 2357 his
1399 2302 1607 2357 orditur
1633 2319 1758 2358 ver—

172 2391 249 2447 bis
274 2411 286 2445 :
317 2412 334 2444 i
361 2392 497 2461 Quid
519 2410 671 2464 ergo,
700 2394 899 2449 dixerit
919 2395 1209 2466 quispiam,
1233 2395 1500 2451 sacriﬁcia
1525 2395 1760 2451 censetis

170 2488 310 2541 nulla
351 2503 471 2544 esse
508 2489 731 2544 omnino
767 2489 1053 2545 facienda?
1093 2488 1163 2545 Ut
1209 2491 1363 2545 vobis
1401 2505 1508 2546 non
1548 2501 1756 2558 nostra,

168 2578 257 2633 sed
280 2579 536 2636 Varronis
559 2582 725 2636 vestri
748 2580 1016 2637 sententia
1040 2582 1464 2651 respondeamus
1490 2600 1502 2635 :
1529 2581 1708 2638 Nulla.
1732 2603 1751 2636 ι

169 2672 399 2742 (Αηιοὸη
445 2673 537 2727 lib.
569 2690 665 2739 vn,
708 2692 831 2747 pag.
863 2674 1017 2745 ΞΗ.)
1056 2674 1162 2730 Sed
1201 2691 1361 2731 nemo
1399 2687 1504 2742 est,
1548 2676 1641 2746 qui
1685 2693 1756 2732 ex

165 2766 318 2820 citata
357 2766 423 2821 ab
465 2767 708 2823 Aruobio
752 2768 1012 2823 Varronis
1056 2769 1423 2833 auctoritate,
1474 2780 1529 2824 et
1575 2770 1755 2825 allatis

166 2860 351 2916 deinde
390 2872 577 2917 contra
621 2860 886 2918 sacriﬁcia
929 2862 1286 2934 argumentis,
1339 2861 1597 2919 facillime
1647 2878 1755 2918 non

168 2955 439 3026 intelligat.
482 2956 633 3011 illum
672 2956 745 3011 ibi
781 2956 849 3011 de
893 2956 1172 3012 sacriﬁciis
1221 2956 1561 3010 ethnicorum
1606 2972 1757 3012 more

168 3048 331 3115 factis,
374 3049 673 3120 disputare,
722 3059 883 3119 atque
933 3049 1134 3105 idcirco
1180 3065 1379 3119 negare
1425 3065 1487 3105 ea
1533 3049 1637 3104 diis
1676 3049 1757 3105 fa-

166 3143 365 3198 cienda.
402 3144 512 3200 Sed
553 3142 822 3200 Heraldus
859 3160 982 3199 eum
1022 3144 1306 3215 imperitia:
1337 3152 1392 3199 et
1426 3142 1755 3214 stupiditatis

166 3236 231 3290 ibi
257 3246 503 3303 accusat;
539 3238 663 3307 quia
693 3238 1035 3293 ethnicorum
1061 3238 1326 3293 sacrificia
1358 3237 1748 3308 impugnando,

1866 1998 2071 2055 talione
2092 1999 2181 2056 ille
2204 2000 2421 2071 rejectis
2446 2004 2789 2060 ethnicorum
2814 2008 3113 2075 sacrificiis,
3139 2008 3242 2062 alia
3267 2009 3472 2075 omnia,

1866 2106 1987 2162 quae
2037 2092 2181 2148 Deus
2229 2108 2258 2147 a
2306 2092 2509 2150 Iudaeis
2552 2096 2669 2151 ﬁeri
2709 2108 3058 2169 praceperat,
3112 2100 3272 2169 plane
3315 2102 3473 2171 peni-

1868 2195 2061 2257 tusque
2110 2189 2524 2259 comprobavit?
2567 2190 2638 2246 At
2685 2193 2899 2247 tametsi
2948 2193 3082 2248 nihil
3131 2194 3353 2249 omnino
3402 2195 3471 2251 de

1866 2279 1973 2333 illis
1999 2279 2245 2349 dixisset,
2273 2283 2375 2337 hoc
2401 2283 2679 2340 silentium
2700 2285 2753 2341 ei
2782 2301 3066 2357 perperam
3091 2287 3264 2358 culpa:
3289 2288 3469 2345 datur.

1865 2371 1999 2429 Nam
2038 2384 2400 2446 praeterquam
2437 2378 2580 2448 quod
2622 2389 2750 2435 tunc
2788 2380 3043 2451 abrogata
3074 2392 3230 2437 erant
3257 2382 3470 2440 Judae-

1865 2483 1985 2521 rum
2016 2469 2303 2537 sacriﬁcia,
2328 2472 2397 2525 dc
2419 2471 2526 2525 illis
2553 2480 2723 2538 certe,
2754 2473 2894 2527 sicut
2916 2472 3171 2539 diximus,
3206 2491 3312 2532 non
3339 2492 3471 2548 age-

1865 2557 2043 2625 batur,
2104 2560 2200 2615 sed
2250 2560 2320 2616 de
2370 2562 2550 2632 impiis
2600 2562 2942 2619 ethnicorum
2991 2566 3292 2634 sacriﬁciis,
3347 2585 3469 2638 qua:

1865 2655 2005 2711 ﬁctis
2044 2656 2303 2729 falsisque
2343 2658 2448 2714 diis
2480 2658 2640 2728 facta,
2670 2660 2952 2719 christiani
2983 2662 3107 2733 jure
3143 2665 3341 2722 merito
3366 2665 3467 2721 de-

1863 2760 1998 2807 testa
2008 2752 2221 2808 bantur.

1935 2847 2052 2914 Quo
2086 2863 2248 2917 porro
2294 2863 2457 2904 sensu
2496 2851 2611 2921 ipse
2656 2852 2761 2908 diis
2806 2852 3224 2909 sacriﬁcandum
3263 2866 3464 2926 negat;

1861 2938 2051 2993 eodem
2082 2939 2240 3007 plane
2264 2940 2331 2994 iis
2362 2956 2485 2996 aras
2515 2952 2571 2997 et
2608 2944 2897 3000 simulacra
2939 2946 3269 3002 exstruenda
3300 2946 3467 3003 fabri-

1860 3032 2139 3104 candaqne
2166 3034 2389 3089 omnino
2436 3034 2706 3092 inﬁciatus
2743 3050 2844 3093 cst.
2882 3040 2988 3096 Sed
3028 3040 3095 3096 de
3122 3040 3207 3097 his
3247 3042 3467 3098 abunde

1860 3127 2217 3184 disseruimus
2246 3130 2299 3184 in
2328 3132 2606 3201 superiore
2634 3132 2686 3186 in
2720 3133 2937 3190 Minucii
2960 3135 3241 3192 Octavium
3262 3136 3466 3193 disser-

1860 3220 2065 3275 tatione
2087 3220 2329 3291 (Dissert.
2349 3224 2402 3276 in
2424 3222 2648 3292 Mittam,
2665 3242 2780 3295 cap.
2808 3227 2898 3292 12,
2918 3240 3020 3284 art.
3039 3228 3154 3301 29).
3178 3228 3298 3284 Non
3315 3230 3464 3286 enim

169 3332 354 3387 nullam
394 3306 785 3387 sacriﬁciorum
829 3332 1016 3403 populi
1052 3330 1333 3387 Israelitici
1366 3331 1493 3387 fecit
1521 3333 1754 3388 mentio-

1866 3314 1966 3369 alio
1992 3315 2267 3370 Arnobius
2289 3316 2473 3383 modo,
2502 3332 2663 3388 quam
2692 3319 2806 3381 ille.
2829 3320 2897 3374 de
2924 3321 2985 3375 iis
3016 3331 3205 3377 contra
3232 3322 3464 3393 gentiles

168 3440 302 3478 nem.
342 3423 401 3479 in
431 3426 548 3479 suis
578 3439 723 3480 enim
750 3423 816 3479 ad
845 3423 1042 3478 librum
1070 3423 1213 3479 illius
1242 3424 1533 3494 septimum
1566 3425 1754 3495 primis

167 3517 718 3574 animadversionibus
743 3518 821 3572 sic
848 3534 969 3572 eum
997 3517 1223 3588 castigat
1250 3537 1263 3572 :
1293 3534 1313 3569 t
1342 3516 1551 3573 Vellem
1575 3526 1753 3572 tamen

168 3609 377 3666 dixisset
405 3610 609 3682 aliquid
638 3609 913 3665 Arnobius
945 3609 1014 3665 de
1043 3608 1326 3665 sacriﬁciis
1357 3610 1539 3679 pepuli
1584 3610 1755 3665 Israe-

168 3703 307 3770 litici,
336 3721 456 3775 quae
484 3705 663 3776 magni
693 3704 838 3759 illius
864 3704 1133 3773 sacriﬁcii,
1160 3721 1268 3776 quo
1294 3720 1467 3775 agnus
1495 3705 1753 3760 immacu-

167 3797 296 3854 latus
346 3814 440 3868 pro
485 3800 722 3871 peccatis
767 3802 971 3855 nostris
1015 3812 1141 3855 ante
1182 3800 1368 3855 mundi
1419 3799 1751 3857 creationem

169 3890 485 3959 immolatus,
537 3904 756 3961 peccata
806 3901 989 3948 nostra
1036 3894 1305 3964 purgavit,
1352 3902 1750 3949 sacramentum

166 3983 570 4039 constituebant.
622 3984 729 4040 Sed
768 3986 993 4040 Arnobii
1043 3985 1098 4040 in
1147 3986 1412 4057 religione
1459 3988 1748 4042 ruditatem

170 4076 287 4129 satis
313 4087 467 4131 antea
497 4076 821 4133 deteximus.
855 4098 874 4130 ι
912 4078 1106 4134 Verum
1140 4089 1193 4133 et
1222 4093 1319 4134 nos
1355 4079 1426 4134 ibi
1465 4080 1751 4150 ipsammet

170 4164 367 4222 Herahli
402 4170 454 4224 in
488 4170 752 4241 legendis,
795 4186 861 4227 ac
901 4173 1068 4241 probe
1112 4172 1477 4245 intelligendis
1520 4170 1747 4230 Arnobi'i

171 4261 324 4315 nostri
354 4260 504 4315 libris
533 4262 829 4327 ruditatem,
870 4264 915 4317 si
957 4264 1074 4331 ejus
1113 4264 1280 4319 verbo
1319 4267 1393 4319 uti
1427 4266 1609 4334 liceat,
1649 4282 1747 4324 seu

174 4353 333 4419 potius
373 4354 615 4425 iniquum
658 4356 897 4410 anitnum
933 4356 1413 4427 deprehendimus.
1450 4358 1564 4414 Non
1603 4360 1747 4416 aliud

173 4442 415 4512 siquidem
458 4463 525 4502 eo
573 4448 628 4502 in
672 4448 812 4504 libro
854 4450 1189 4520 propositum
1221 4452 1446 4508 Arnobii
1476 4452 1606 4520 fuit;
1641 4455 1747 4511 nisi

176 4547 226 4589 ut
244 4542 547 4597 ostenderet
573 4543 718 4597 nulla
740 4543 843 4598 diis
864 4546 1146 4614 gentilium
1171 4545 1410 4603 facienda
1434 4563 1556 4604 esse
1575 4550 1747 4604 sacri-

176 4628 299 4699 licia,
338 4650 507 4705 eaque
547 4640 671 4706 jure
716 4638 927 4693 merito
955 4655 984 4693 a
1026 4638 1541 4709 christianis'rejici.
1584 4644 1746 4715 Atqui

173 4735 362 4781 constat
391 4744 457 4783 ex
483 4729 607 4783 data
634 4746 665 4785 a
696 4732 853 4786 nobis
881 4731 1041 4803 hujus
1070 4733 1191 4789 libri
1220 4735 1453 4807 analysi,
1486 4746 1648 4809 atque
1679 4753 1748 4793 ex

174 4814 292 4871 infra
313 4818 577 4889 dicendis,
604 4822 707 4878 hoc
731 4823 797 4879 ab
820 4824 913 4879 illo
936 4825 1287 4884 validissimis
1308 4842 1746 4900 argumentorum

174 4913 439 4967 ammentis
466 4929 590 4970 esse
616 4915 1064 4975 demonstratum.
1089 4918 1222 4987 Quis
1247 4921 1408 4993 igitur
1427 4938 1573 4978 same
1596 4941 1748 4981 men-

173 5002 229 5055 tis
270 5004 420 5061 homo
461 5007 515 5063 id
556 5009 654 5073 illi,
689 5013 903 5067 tametsi
946 5012 1013 5067 de
1059 5013 1419 5070 lsraelitarum
1467 5016 1746 5074 sacriﬁciis

170 5098 361 5164 penitus
392 5102 673 5167 tacuisset,
706 5104 839 5158 satis
872 5104 1037 5161 fuisse
1068 5106 1435 5164 inliciabitur?

231 5190 359 5258 Quid
382 5209 537 5263 vero,
563 5196 707 5266 quod
737 5196 829 5252 ille
858 5198 1201 5268 apertissime
1231 5202 1489 5271 praedicat
1517 5204 1747 5274 gentiles

171 5280 567 5354 inquirentibus,
600 5304 721 5359 qua:
760 5290 1151 5348 sacrificiorum
1193 5308 1415 5349 suorum
1452 5311 1611 5351 causa
1654 5297 1745 5361 sit,

169 5372 347 5432 fntstra
378 5379 753 5449 adsignavisse
784 5396 970 5439 eorum
1009 5386 1382 5457 antiquitatem
1418 5402 1483 5443 ac
1515 5403 1747 5444 consuc-

169 5468 408 5525 tudinem.
434 5471 676 5544 Utraque
702 5476 847 5530 enim
870 5491 936 5531 ex
962 5476 1271 5534 hominibus
1297 5479 1588 5549 prodierat.
1613 5480 1747 5537 Nul-

170 5560 266 5618 lum
310 5582 438 5623 vero
485 5569 811 5625 sacriﬁcium
864 5570 967 5626 rite
1008 5570 1122 5627 ﬁeri
1171 5582 1372 5643 potest,
1419 5574 1522 5629 nisi
1568 5576 1746 5631 divina

173 5655 276 5727 lege
328 5660 629 5715 institutum
672 5680 686 5716 :
738 5682 756 5713 ι
814 5662 923 5733 Ego
983 5672 1197 5731 autem,
1247 5686 1265 5718 ι
1314 5668 1487 5737 inquit
1539 5666 1746 5737 (Ibid.,

172 5767 275 5819 pag.
305 5752 453 5826 227).
489 5774 508 5808 ι
543 5770 665 5811 cum
698 5757 915 5829 postulo
939 5774 1153 5815 causam
1184 5758 1315 5815 mihi
1347 5759 1617 5832 depromi,
1648 5779 1746 5818 au-

172 5840 276 5901 dire
301 5850 545 5906 desidero
565 5852 707 5908 cmlo
735 5852 940 5922 aliquid
972 5854 1201 5924 lapsum.
1236 5873 1255 5906 ι
1282 5855 1354 5909 At
1377 5855 1517 5926 quis,
1545 5870 1643 5912 oro
1671 5867 1746 5923 te,

175 5933 434 6006 dubitabit,
469 5944 568 5997 hoc
598 5944 739 5998 inter
767 5945 1045 6001 aemilium
1068 5957 1119 6002 et
1144 5946 1455 6002 intimorum
1485 5950 1748 6007 sacriﬁcia

1858 3406 2093 3478 disputat
2122 3409 2197 3463 uti
2229 3424 2300 3463 ex
2325 3408 2464 3464 infra
2487 3409 2731 3467 dicendis
2760 3413 2893 3467 satis
2924 3414 3150 3484 patebit.

1930 3501 2012 3557 Ad
2040 3501 2216 3557 thuris
2246 3513 2427 3559 autem
2461 3520 2619 3561 usum
2662 3507 2806 3578 quod
2854 3510 3081 3575 attinet,
3115 3511 3364 3567 ethnicos
3399 3514 3463 3568 il-

1858 3594 1967 3649 lum
1990 3610 2021 3649 a
2068 3595 2383 3651 chriStianis
2423 3610 2667 3668 spretum
2702 3602 3021 3670 objicientes
3043 3644 3059 3670 ,
3093 3619 3161 3660 eo
3190 3605 3463 3662 Arnobius

1856 3687 2055 3742 refellit
2085 3688 2329 3760 (Arnob.,
2361 3690 2449 3744 lib.
2480 3708 2573 3758 vn,
2609 3710 2731 3765 pag.
2761 3694 2914 3762 231),
2943 3696 3087 3766 quod
3117 3697 3258 3767 apud
3289 3699 3456 3770 ipsos,

1856 3790 1914 3836 ut
1937 3781 2315 3853 infraquoque
2337 3784 2675 3852 ostendetur,
2698 3788 2953 3858 antiquus
2978 3804 3087 3844 non
3114 3791 3297 3848 fuerit.
3318 3792 3456 3848 Ter-

1858 3873 2112 3929 tullianus
2136 3890 2297 3944 vero,
2337 3876 2406 3932 de
2444 3892 2551 3948 quo
2583 3894 2682 3933 nos
2712 3878 2883 3935 fusius
2926 3895 3025 3935 suo
3057 3882 3200 3948 loco,
3247 3890 3461 3941 tametsi

1854 3968 2051 4023 alicubi
2094 3970 2300 4025 nullum
2353 3986 2383 4025 a
2428 3972 2737 4030 christianis
2782 3976 2905 4031 thus
2950 3978 3163 4034 incendi
3196 3979 3459 4052 fateatur;

1855 4070 2109 4117 testatum
2138 4063 2490 4122 nihilominus
2519 4066 2647 4123 alibi
2676 4068 2824 4135 facit,
2856 4070 2985 4126 illud
3015 4071 3084 4126 ab
3107 4074 3172 4128 iis
3188 4071 3457 4146 adhiberi,

1853 4170 1975 4211 cum
2016 4168 2352 4213 mortuorum
2396 4174 2624 4231 corpora
2671 4162 3037 4235 sepeliebant,
3081 4174 3137 4220 et
3176 4180 3297 4219 cum
3323 4166 3459 4223 odor

1852 4251 1956 4307 loci
1986 4251 2210 4323 alicujus
2247 4252 2575 4311 offendebat.
2619 4256 2725 4313 Sed
2756 4274 2859 4312 non
2876 4260 3072 4327 eodem,
3106 4260 3299 4330 inquit,
3330 4263 3456 4330 ritu,

1852 4362 1944 4400 uec
1966 4347 2143 4401 eodem
2171 4347 2367 4414 habitu,
2390 4366 2481 4404 nec
2504 4351 2680 4406 eodem
2701 4364 2979 4423 apparatu,
2999 4371 3098 4425 quo
3119 4356 3292 4426 agitur
3316 4360 3457 4427 apud

1851 4441 2015 4495 idola.
2046 4441 2207 4498 Vides
2232 4444 2397 4513 igitur
2424 4460 2529 4499 non
2560 4461 2776 4502 omnem
2823 4447 2996 4503 thuris
3044 4464 3198 4505 usum
3230 4450 3300 4505 ab
3338 4451 3452 4516 illo,

1851 4535 2010 4590 sicuti
2045 4536 2113 4591 ab
2144 4537 2389 4593 Arnobio
2415 4538 2734 4610 improbari,
2768 4542 2862 4597 sed
2886 4557 3008 4597 eum
3027 4542 3327 4609 dumtaxat,
3348 4561 3459 4616 quo

1852 4627 2011 4685 idolis
2041 4646 2069 4682 a
2092 4630 2386 4701 gentilibus
2411 4632 2535 4687 thus
2558 4633 2895 4690 adolebatnr.
2923 4634 3032 4690 Nos
3057 4646 3238 4692 autem
3269 4638 3338 4693 de
3363 4638 3458 4694 illo

1778 4701 1828 4761 Ῑ)
1853 4722 1983 4778 alibi
2012 4724 2223 4795 egimus
2250 4726 2394 4795 (tom.
2425 4742 2467 4781 ι.
2496 4726 2775 4797 Apparat.,
2808 4728 2895 4783 lib.
2929 4744 2967 4793 ι,
2988 4728 3192 4784 dissert.
3221 4731 3307 4799 to,
3334 4748 3454 4801 cap.

1853 4815 1941 4883 16,
1975 4834 2096 4889 pag.
2130 4814 2279 4890 198),
2311 4827 2368 4881 et
2398 4818 2625 4874 inferius
2647 4820 2822 4876 adhuc
2851 4822 3141 4892 agendum.

1922 4909 2189 4981 Opinatus
2233 4921 2319 4966 est
2347 4910 2615 4967 Heraldus
2654 4914 2954 4970 Arnobium
3002 4916 3069 4972 de
3100 4920 3458 4976 sacramentis

1849 5001 2101 5073 baptismi
2133 5013 2187 5059 et
2236 5004 2579 5061 eucharistiam:
2622 5021 2929 5065 sermonem
2971 5010 3193 5077 habere.
3244 5011 3334 5067 ubi
3365 5013 3463 5069 do-

1850 5106 1936 5151 cet
1957 5097 2168 5153 animas
2200 5108 2416 5154 nostras
2443 5113 2604 5169 posse
2635 5100 2755 5157 ﬁeri
2785 5123 2803 5156 ι
2838 5103 3131 5176 longaevas,
3172 5127 3190 5159 ι
3217 5110 3331 5163 sive
3353 5110 3455 5165 im-

1852 5195 2136 5261 mortales,
2180 5215 2199 5247 ‹
2257 5197 2302 5251 si
2336 5196 2498 5252 modo
2540 5197 2711 5254 Deum
2761 5208 2973 5257 tentent
3014 5216 3347 5273 agnoscere,
3391 5219 3457 5261 ac

1850 5289 2047 5345 deinde
2076 5290 2370 5357 servitate,
2403 5301 2564 5363 atque
2610 5293 3005 5352 inhumanitate
3052 5297 3336 5368 depositis,
3370 5316 3455 5356 re-

1853 5391 2068 5437 sumaut
2094 5384 2309 5454 ingenia
2335 5385 2591 5452 mitiora;
2634 5396 2692 5441 ut
2734 5387 2800 5442 ad
2842 5387 2997 5457 illud,
3029 5390 3170 5460 quod
3211 5390 3452 5460 dabitur,

1852 5490 1972 5531 esse
2002 5477 2210 5546 possint
2244 5487 2468 5547 paratae.
2511 5500 2530 5532 ι
2576 5481 2819 5551 (Arnob.,
2849 5482 2937 5535 tib.
2962 5500 3021 5547 tt,
3050 5500 3171 5555 pag.
3204 5485 3320 5558 65.)
3347 5487 3455 5542 Sed

1850 5585 1977 5640 qua,
2008 5580 2187 5639 putas,
2212 5571 2426 5627 ratione
2457 5572 2722 5629 Heraldus
2744 5577 2947 5643 putavit
2972 5576 3153 5631 verbis
3184 5578 3457 5647 prioribus

1850 5663 2126 5733 baptismi,
2173 5673 2227 5718 et
2255 5666 2645 5733 posterioribus
2678 5666 3017 5724 eucharistia:
3055 5680 3457 5727 sacramentum

1853 5757 2158 5828 designari?
2190 5758 2350 5825 Audi,
2382 5774 2590 5829 qumso,
2635 5771 2690 5815 et
2718 5761 3027 5819 miraberis.
3055 5766 3454 5835 Antiquissimi,

1856 5854 2051 5925 inquit,
2085 5854 2346 5910 Ecclesia:
2368 5854 2556 5911 Patres
2582 5872 2688 5912 non
2717 5854 2893 5911 solum
2924 5858 3203 5931 gentilium
3237 5876 3457 5933 usurpa-

1857 5958 1981 6004 runt
2008 5951 2192 6016 verba,
2218 5950 2413 6020 quibus
2441 5951 2493 6007 in
2522 5948 2861 6024 explicandis
2901 5956 3013 6012 suis
3034 5957 3307 6027 mysteriis
3334 5967 3455 6013 nte-
