3918 6342
479 323 586 378 499

1719 311 2176 375 θιδδΕΒΤᾹΤΙΟ
2213 317 2498 375 ΡΒᾹΞἫΛ
3651 324 3732 380 500

477 439 714 501 bantur;
749 433 843 492 sed
873 446 939 490 ea
962 434 1124 490 etiam
1152 432 1221 488 ad
1246 433 1664 489 christianorum
1696 431 2075 488 accommoda—
2101 435 2157 498 Α
2180 432 2374 497 dimus,
2419 433 2682 490 adversus
2707 441 2897 505 gentes
2926 436 3106 506 operis
3137 448 3349 508 septem
3372 436 3427 491 in
3462 437 3617 494 libros
3641 440 3725 494 dis-

473 537 608 584 runt
633 537 1004 592 sacramenta,
1049 537 1212 597 atque
1254 525 1470 581 illorum
1516 524 1652 579 ritus
1685 525 2078 579 transtulerunt

476 623 535 676 in
564 619 886 675 Ecclesiam.
931 619 1091 688 Atqui
1122 618 1284 683 hunc,
1314 618 1506 687 inquit,
1532 618 1584 671 in
1609 615 1770 671 linem
1799 617 2074 673 Arnobius

474 713 642 769 citata
691 727 721 766 a
772 710 928 766 nobis
972 710 1137 766 verba
1183 724 1247 765 ex
1294 709 1378 763 bis
1425 707 1707 763 Ciceronis
1745 709 2019 777 excerpsit
2058 726 2073 763 :

484 825 504 858 ι
527 805 658 861 Mihi
685 818 808 860 eum
838 803 1008 859 multa
1039 803 1234 857 eximia
1257 802 1542 872 divinaque
1568 801 1818 856 videnlur
1847 800 2074 856 Athenre

475 909 582 956 tua:
611 902 907 971 peperisse,
937 905 1097 966 atque
1120 897 1172 950 in
1200 896 1306 950 vita
1344 895 1618 967 hominum
1643 895 1894 951 attulisse
1914 937 1926 961 ,
1959 907 2070 950 tum

477 993 611 1048 nihil
640 993 830 1046 melius
856 989 957 1044 illis
999 991 1272 1060 mysteriis
1309 989 1502 1060 quibus
1547 1004 1614 1044 ex
1643 990 1846 1060 agresti
1878 989 2070 1044 imma-

475 1089 638 1156 nique
661 1085 764 1138 vita
792 1081 1012 1147 exculti,
1037 1082 1104 1136 ad
1134 1082 1518 1137 humanitatem
1540 1091 1594 1138 et
1617 1083 1839 1153 mitigati
1863 1098 2069 1148 sumus;

472 1176 754 1246 initiaqtte,
800 1185 860 1231 ut
904 1175 1262 1246 appellantur,
1306 1176 1375 1230 ita
1416 1191 1602 1231 revera
1646 1177 1908 1247 principia
1949 1178 2071 1231 vine

471 1270 824 1341 cognovimus
862 1289 880 1322 ι
915 1267 1125 1342 (Cicer.,
1155 1269 1242 1324 lib.
1273 1285 1331 1336 It,
1356 1271 1419 1322 de
1441 1267 1643 1341 Legib.,
1669 1288 1788 1342 pag.
1822 1270 1949 1339 559,
1973 1271 2067 1324 lin.

471 1363 587 1435 51).
617 1362 685 1417 At
726 1361 854 1416 inde
887 1361 1149 1416 lleraldus
1175 1361 1450 1417 concludit
1477 1363 1776 1418 Arnobium
1819 1363 1886 1418 ad
1930 1364 2070 1419 hunc

467 1454 624 1509 latini
652 1452 886 1507 oratoris
914 1452 1089 1507 locum
1107 1451 1475 1520 collineando,
1507 1454 1620 1507 suis
1650 1451 1914 1522 prioribus
1948 1469 2069 1508 ver-

467 1546 553 1602 bis
577 1545 648 1602 de
677 1545 966 1615 baptismo,
1013 1547 1407 1615 posterioribus
1444 1546 1512 1601 de
1567 1546 1892 1602 eucharistia
1921 1547 2071 1602 locu-

469 1649 583 1693 tum
631 1637 817 1693 fuisse.
871 1637 915 1692 Ο
963 1639 1234 1709 egregiam
1289 1638 1534 1710 profecto
1575 1638 2062 1708 consequentiam!

469 1731 634 1800 Quasi
659 1746 791 1786 vero
816 1731 1088 1786 Arnobius
1114 1731 1316 1801 aliquid
1346 1747 1412 1787 ex
1444 1732 1550 1786 illis
1579 1732 1858 1786 Ciceronis
1885 1730 2064 1786 verbis

2183 525 2370 580 tributi
2401 537 2598 597 partes,
2639 542 2867 598 quarum
2896 544 3004 584 una
3025 529 3337 586 christiana:
3378 531 3636 602 religionis
3659 549 3730 588 ve-

2180 620 2414 688 ritatem,
2439 631 2494 675 et
2513 621 2680 675 altera
2713 621 2942 676 ethnicm
2960 621 3246 678 falsitatem
3273 622 3618 679 demonstrat.
3638 627 3730 681 lam

2182 728 2313 768 vero
2352 713 2706 782 expendimus
2755 716 2939 783 quanti
2986 715 3240 784 ponderis
3281 717 3391 771 sint
3430 731 3729 788 argumenta,

2179 805 2372 875 quibus
2411 805 2786 861 demonstrare
2816 808 3094 862 contendit
3133 808 3442 863 christianae
3474 811 3731 879 religionis,

2181 895 2673 967 praccipuorumque
2690 898 2806 968 ejus
2819 899 3127 970 dogmatum
3157 901 3464 967 veritatem,
3489 919 3731 959 sacrorum

2179 986 2318 1041 illius
2346 989 2726 1057 mysteriOrum
2750 998 2804 1044 et
2835 992 3035 1045 rituum
3067 975 3442 1060 sanctitatem,
3479 1010 3541 1050 ac
3566 1012 3723 1053 eorum

2176 1077 2264 1145 qui
2290 1093 2408 1132 eam
2441 1081 2654 1135 sincere
2678 1081 3043 1148 sectabantur,
3069 1084 3431 1154 integritatem
3456 1102 3669 1153 morum,
3691 1101 3731 1144 cl

2175 1186 2236 1226 ea
2264 1174 2440 1226 omnia
2484 1173 2552 1226 ab
2582 1174 2823 1243 repetitis
2867 1177 3064 1245 smpius
3109 1177 3446 1232 ethnicorum
3482 1182 3730 1236 calumniis

2175 1263 2427 1317 vindicet.
2453 1262 2708 1334 Superest
2738 1276 2792 1318 ut
2826 1265 2990 1320 simili
3032 1265 3190 1320 modo
3231 1266 3338 1322 alia
3369 1269 3726 1336 examinetnus,

2181 1369 2301 1424 qua:
2331 1355 2398 1408 ab
2429 1355 2523 1411 illo
2566 1358 2617 1410 in
2659 1357 2895 1411 secunda
2934 1359 3116 1426 operis
3153 1359 3232 1412 sui
3264 1369 3440 1430 parte,
3490 1363 3554 1416 ad
3593 1379 3729 1418 vanas

2172 1444 2450 1517 gentilium
2479 1449 2784 1517 religiones,
2809 1449 3002 1518 impios
3019 1453 3214 1514 cultus,
3243 1466 3307 1505 ac
3326 1451 3574 1508 ridiculas
3599 1456 3731 1525 plane

2172 1548 2227 1594 et
2253 1537 2670 1594 absurdissimas
2707 1541 3116 1611 superstitiones
3165 1541 3406 1599 funditus
3445 1548 3730 1602 evertendas

2171 1633 2413 1702 protulit.

2242 1750 2478 1805 Primum
2508 1753 2686 1824 itaque.
2725 1753 2968 1824 plurimis
2994 1766 3181 1812 auctor
3213 1767 3402 1815 noster
3430 1760 3732 1830 argumentis

466 1825 701 1879 mutuari
741 1839 847 1878 non
874 1825 1133 1894 potuerit,
1175 1824 1277 1879 nisi
1307 1823 1376 1878 de
1419 1824 1500 1878 his
1529 1823 1946 1878 christianorum
1975 1838 2064 1878 sa-
2096 1825 2143 1887 B
2174 1853 2278 1898 {am
2312 1846 2593 1916 perspicue
2615 1823 2776 1914 quam
2803 1849 3000 1905 invicte
3030 1851 3226 1921 probat
3271 1851 3434 1908 falsos
3462 1823 3656 1924 pénims
3681 1869 3731 1907 ac

469 1917 764 1972 eran‘ientis
786 1918 1141 1986 loqueretur?

542 2013 613 2066 At
656 2011 787 2066 nihil
831 2021 979 2066 certe
1018 2011 1086 2065 ab
1118 2012 1236 2082 ejus
1277 2021 1459 2067 mente
1489 2013 1659 2082 magis
1703 2011 1957 2066 alienum.
1988 2010 2066 2065 De

468 2104 590 2158 sola
619 2104 897 2159 enimvero
923 2102 1164 2173 disputat
1196 2102 1338 2160 felici
1377 2105 1571 2159 anima:
1611 2113 1811 2158 nostra:
1839 2103 2063 2158 immor-

468 2195 694 2264 talitate,
730 2212 890 2266 quam
919 2197 1022 2250 nisi
1048 2197 1232 2266 agnito
1256 2211 1386 2253 vero
1418 2197 1549 2263 Deo,
1578 2211 1640 2252 ac
1664 2197 1877 2250 feritate
1906 2197 2061 2250 vitio-

467 2303 612 2355 rum,
663 2296 718 2342 et
765 2302 976 2342 morum
1019 2287 1413 2342 inhumanitate
1456 2287 1749 2359 depositis,
1805 2288 2062 2357 consequi

466 2395 574 2434 non
620 2395 927 2450 possumus.
973 2379 1242 2448 Quorsum
1291 2381 1452 2452 igitur
1496 2381 1567 2435 ibi
1618 2380 2064 2434 commemoratio

464 2461 826 2541 baptismatis,
854 2472 922 2528 de
952 2487 1055 2542 qua
1082 2487 1186 2527 non
1218 2471 1636 2543 agebaturiCui
1665 2476 1828 2527 etiam
1869 2483 2065 2542 praster

463 2564 754 2621 Heraldum
802 2566 858 2620 in
911 2577 1144 2621 mentem
1190 2567 1378 2622 venire
1427 2566 1601 2636 potuit
1641 2565 1727 2620 his
1778 2564 2064 2634 postremis

466 2660 690 2715 Arnobii
722 2661 902 2716 verbis
934 2679 946 2714 :
984 2659 1050 2715 Ut
1072 2661 1140 2714 ad
1170 2661 1321 2727 illud,
1351 2659 1486 2731 quod
1513 2660 1740 2726 dabitur,
1770 2659 1939 2714 beata:
1961 2659 2062 2712 im-

468 2752 816 2807 mortalitatis
857 2754 1159 2822 przemium,
1204 2754 1398 2806 animae
1442 2751 1636 2820 possint
1685 2767 1792 2804 esse
1837 2761 2061 2820 paratte,

470 2846 850 2904 eucharistiam
899 2846 1230 2917 signiﬁcari?
1263 2845 1370 2901 Sed
1398 2844 1519 2900 vide
1549 2845 1834 2900 mirilicum
1864 2843 2065 2915 ingenii

471 2941 620 2994 illius
648 2955 900 2995 acumen.
935 2943 1010 2994 De
1041 2955 1123 3005 ea,
1159 2939 1350 3009 inquit,
1383 2938 1592 2992 obscure
1619 2938 1879 3008 ettrepide
1899 2939 2066 2992 Arno.

468 3031 611 3100 bius,
647 3042 704 3086 ut
733 3043 859 3104 pote
903 3033 1348 3096 catechumenus,
1379 3031 1640 3100 loquitur.
1685 3028 1871 3084 Nonne
1910 3030 2067 3100 lynce

468 3124 832 3196 perspicacior
884 3126 1001 3194 fuit,
1052 3126 1142 3196 qui
1196 3126 1246 3179 id
1295 3125 1457 3189 vidit,
1509 3127 1651 3194 quod
1697 3140 1803 3177 non
1848 3123 2065 3182 quidem

468 3219 718 3282 obscure,
749 3219 825 3272 uti
848 3221 942 3285 ait,
972 3219 1068 3274 sed
1090 3218 1234 3272 nullo
1258 3218 1415 3288 plane
1442 3221 1604 3271 modo
1625 3218 1898 3272 Arnobius
1919 3218 2066 3272 dixe-
2096 3210 2140 3273 C

467 3323 572 3376 rat,
603 3327 700 3366 nec
727 3313 906 3365 dicere
936 3311 1139 3365 voluit?
1187 3310 1325 3365 Nihil
1365 3311 1508 3364 enim
1556 3309 1700 3364 aliud
1721 3352 1737 3372 ,
1770 3312 1909 3365 sicut
1952 3328 2066 3363 nin-

468 3407 703 3471 nuimus,
744 3406 902 3471 dixit,
952 3423 1108 3476 quam
1142 3408 1350 3460 animas
1391 3406 1564 3460 beata:
1604 3406 1927 3460 atternitatts
1958 3423 2063 3459 non

467 3499 579 3553 fore
609 3499 914 3567 participes,
942 3500 1042 3553 nisi
1077 3499 1244 3552 Deum
1276 3509 1594 3568 agnoscant,
1641 3513 1704 3551 ac
1745 3500 2065 3568 purgatione

469 3592 720 3645 vitiorum
772 3591 839 3645 ad
891 3608 1006 3645 eam
1065 3592 1457 3661 as:equendatn
1490 3602 1692 3662 paratae
1717 3592 1842 3646 sint.
1882 3596 2065 3662 Apage

467 3699 619 3754 ergo,
673 3684 766 3736 has
817 3683 1054 3754 aliasque
1104 3685 1308 3737 similes
1351 3685 1674 3754 scriptorum
1705 3687 2062 3754 quorumdam

463 3778 874 3836 annotationes,
919 3792 1054 3846 quas
1091 3792 1154 3830 ea
1203 3777 1572 3830 tantui‘nnmdo
1605 3780 1812 3832 ratione
1861 3794 2061 3848 conge-

463 3878 614 3936 runt,
650 3877 706 3922 ut
734 3884 902 3923 vanos
936 3869 1074 3923 male
1112 3869 1336 3939 digesta:
1365 3869 1683 3924 eruditionis
1723 3874 2064 3927 rumusculos

462 3970 819 4030 aucupentur.

539 4052 707 4107 Multo
746 4053 908 4123 igitur
938 4051 1140 4106 certius
1165 4060 1250 4107 est
1274 4053 1509 4123 agnitum
1537 4052 1604 4106 ab
1632 4063 1851 4110 auctore
1879 4065 2065 4110 nostro

465 4148 657 4203 divina:
688 4148 873 4218 gratim
895 4191 908 4212 ,
938 4162 1032 4202 seu
1077 4146 1244 4201 divini
1275 4147 1466 4201 auxilii
1499 4147 1565 4202 ad
1599 4148 1936 4203 subeundqu
1969 4166 2066 4219 pro

466 4240 776 4295 christiana:
824 4241 1099 4309 religionis
1144 4239 1490 4296 confessione
1549 4242 1893 4311 martyrium.
1966 4243 2066 4297 Tot

466 4335 610 4389 enim
637 4334 865 4402 :‘tamque
907 4333 1172 4388 horrenda
1205 4334 1270 4389 ad
1309 4344 1535 4388 mortem
1580 4349 1749 4405 usque
1787 4337 2043 4407 supplicia

468 4437 576 4481 tam
608 4436 922 4481 constanter
954 4427 1158 4496 perpeti
1204 4429 1312 4482 sine
1336 4426 1478 4496 Deo,
1521 4429 1695 4498 inquit
1722 4445 1830 4483 non
1874 4441 2065 4498 potue~

464 4528 610 4575 runt.
643 4517 751 4574 Sed
782 4518 833 4573 id
881 4534 910 4573 a
942 4519 1096 4574 nobis
1127 4534 1286 4591 supra
1329 4522 1648 4592 explicatqu
1689 4539 1754 4577 ac
1781 4524 2062 4593 probatum

467 4614 663 4683 (supr.,
707 4627 824 4682 cap.
853 4612 909 4679 4,
944 4622 1044 4666 art.
1076 4612 1170 4684 ll)
1205 4612 1372 4669 fusius
1417 4616 1630 4686 probari
1677 4617 1809 4672 nihil
1844 4633 2064 4674 necesse
2092 4595 2144 4655 D

464 4717 569 4762 CSl.

1086 4821 1316 4879 CAPUT
1351 4821 1446 4877 Xl.

473 4937 846 4994 Examinantur
873 4939 1045 5008 priora
1081 4935 1294 4992 Arnobii
1319 4947 1641 5007 argumenta,
1683 4938 1861 5009 quibus
1901 4940 2069 4993 ethni-

671 5050 845 5089 corum
870 5033 1166 5106 religionem
1188 5031 1376 5104 falsam
1403 5047 1510 5086 esse
1532 5032 1860 5088 demonstrat.

995 5162 1295 5203 ARTICULUS
1333 5161 1549 5202 PRIIUS.

464 5262 790 5312 Excutiuntur
806 5264 1115 5325 argumenta,
1144 5257 1262 5325 inde
1282 5265 1452 5325 contra
1476 5259 1738 5325 gentilium
1764 5261 2057 5325 religionem

523 5326 585 5373 ab
620 5325 840 5387 Arnobio
867 5322 1037 5387 petita,
1075 5321 1424 5387 quodcthnici
1468 5321 1719 5384 explicare
1767 5321 2060 5387 non'potuc-

521 5389 640 5445 rint,
666 5383 1078 5448 ubiuan'tillorum
1095 5384 1165 5432 dii
1184 5384 1331 5432 vitam
1354 5383 1560 5446 degant,
1586 5396 1614 5430 ει
1636 5387 1814 5446 quibus
1836 5383 2059 5448 imposita

523 5453 621 5499 sint
659 5460 830 5510 eorum
878 5447 1090 5505 nomina,
1143 5454 1194 5494 et
1233 5451 1415 5510 quanta
1459 5447 1524 5494 sit
1571 5460 1742 5496 eorum
1783 5447 2058 5510 multitudo,

525 5522 675 5574 atque
702 5523 763 5556 ex
792 5507 1071 5574 Ciceronis,
1093 5507 1444 5574 przesetjtintde
1464 5517 1637 5558 natura
1661 5515 1882 5570 deorum,
1905 5507 2059 5573 libris,

525 5569 787 5636 de'quibus
807 5572 952 5634 quale
971 5569 1207 5636 judicium
1245 5569 1490 5636 Arnobius
1515 5573 1640 5636 [crat
1665 5569 1978 5636 eXpettditur,
2005 5569 2061 5626 ac

528 5630 726 5685 tandem
755 5630 1040 5698 Eubcnieri,
1066 5630 1530 5698 Nicagorte,l’elltci
1554 5630 1772 5697 Leontis,
1793 5630 2060 5698 Theodoti,

526 5698 781 5762 Hipponis,
808 5703 859 5746 et
882 5695 1086 5745 aliorum
1112 5695 1408 5746 testimonio.

542 5827 668 5883 Duae
695 5838 820 5885 sunt
842 5836 1049 5883 tantum
1073 5827 1235 5884 totius
1258 5825 1416 5895 hujus
1443 5827 1760 5887 Arnobiaui.
1779 5827 1855 5884 uti
1882 5838 2063 5889 Osten-

2167 1940 2562 1996 commentitios
2591 1956 2712 1997 esse
2740 1956 2928 1996 omnes
2950 1943 3102 2011 deos,
3133 1959 3269 2014 quos
3295 1939 3501 2001 etbhici
3529 1962 3626 2001 non
3652 1948 3733 2000 mi-

2167 2043 2268 2083 nus
2288 2029 2471 2101 impio,
2501 2047 2658 2102 quam
2691 2034 2912 2103 antiquo
2951 2035 3098 2089 cultu
3135 2037 3553 2092 venerabantur.
3583 2037 3656 2092 Ab
3678 2053 3731 2091 co

2167 2135 2343 2178 autem
2377 2124 2484 2192 ille,
2512 2127 2662 2196 quasi
2694 2128 2888 2196 prtevia
2921 2129 3265 2194 velitatione,
3301 2130 3511 2185 initium
3540 2131 3728 2185 dicendi

2168 2216 2294 2271 fecit
2324 2217 2567 2290 (Arnob.,
2600 2218 2689 2273 lib.
2735 2235 2826 2284 ιιι,
2859 2238 2980 2292 pag.
3019 2220 3169 2293 109.),
3205 2223 3348 2293 quod
3390 2223 3584 2277 ethnici
3614 2239 3733 2277 nuu-

2165 2325 2324 2379 quam
2357 2311 2628 2378 explicare
2656 2314 2928 2381 potuerint
2957 2314 3175 2369 ubinam
3212 2316 3454 2385 gentium
3494 2317 3646 2370 vitam
3673 2317 3732 2370 dii

2166 2405 2246 2459 sui
2276 2405 2493 2476 degant,
2517 2416 2610 2460 aut
2643 2417 2842 2476 quanta
2881 2408 2949 2462 sit
2993 2408 3212 2463 illorum
3248 2409 3554 2465 multitudo.
3593 2411 3734 2466 Certo

2167 2500 2309 2554 enim
2351 2499 2623 2556 affirmare
2653 2510 2929 2574 nequeunt
2957 2516 3054 2557 eos
3094 2503 3146 2557 in
3178 2503 3317 2558 ctelo
3362 2504 3598 2560 habitare
3621 2547 3634 2568 ,
3669 2515 3733 2558 ta-

2168 2591 2353 2660 lesque
2381 2591 2451 2646 ibi
2479 2607 2621 2658 esse,
2651 2593 2834 2663 quales
2877 2593 2928 2647 in
2979 2596 3137 2648 terris
3163 2595 3436 2650 coluntur.
3470 2595 3732 2650 Ccttlilllllll

2167 2682 2428 2752 siquidem
2459 2683 2638 2738 nullus
2665 2684 2794 2739 illuc
2837 2686 3147 2742 convolavit
3188 2702 3441 2758 unquam,
3473 2699 3526 2744 et
3551 2687 3730 2742 vultum

2168 2771 2508 2843 formamque
2537 2774 2751 2830 illorum
2785 2775 3008 2830 intuitus
3035 2788 3138 2832 est.

2240 2865 2423 2935 Neque
2452 2869 2612 2921 etiam
2648 2868 2752 2923 illis
2781 2870 3064 2940 explorata
3108 2873 3279 2942 magis
3323 2883 3437 2928 erat
3460 2875 3732 2938 nominum,

2169 2962 2361 3030 quibus
2389 2960 2462 3016 dii
2495 2963 2852 3030 vocabantur,
2887 2964 3060 3034 origo,
3097 2976 3154 3020 et
3178 2980 3205 3016 a
3237 2968 3432 3036 quibus
3461 2971 3732 3039 exciigitata

2169 3052 2399 3123 dataque
2441 3053 2676 3108 fuerunt.
2708 3055 2838 3122 Quis
2870 3058 3010 3111 enim
3061 3072 3307 3113 asserere
3349 3060 3540 3115 audeat
3578 3069 3732 3114 utrum

2169 3143 2241 3198 dii
2273 3146 2400 3208 lucc,
2437 3147 2605 3216 inquit
2635 3149 2924 3215 Arnobius,
2961 3149 3056 3203 sibi
3082 3151 3257 3204 diebus
3284 3153 3612 3223 imposuerint
3645 3154 3734 3206 lus-

2173 3240 2334 3303 tricis,
2367 3240 2418 3293 in
2452 3241 2598 3309 regio
2623 3242 2809 3296 codice
2851 3245 3222 3314 manuscripto
3255 3247 3467 3316 legitur,
3499 3247 3731 3307 ludibriis.

2171 3332 2222 3384 in
2244 3330 2477 3398 antiquis
2509 3332 2835 3388 cditionibns
2867 3335 3102 3395 ludicris,
3128 3335 3180 3390 in
3209 3337 3393 3390 ultima
3428 3338 3659 3400 lustricis,
3691 3349 3735 3390 ct

2173 3424 2220 3478 id
2252 3424 2464 3478 melius.
2500 3424 2592 3478 Est
2623 3427 2788 3490 cnim,
2822 3427 2990 3496 inquit
3030 3428 3331 3484 Macrobius
3364 3429 3633 3502 (iliaci-0b.,
3658 3431 3732 3482 lib.

2169 3533 2203 3582 t,
2239 3517 2532 3582 Salnrnnl.,
2565 3537 2681 3589 cap.
2735 3521 2820 3587 16,
2868 3541 2987 3592 pug.
3021 3523 3173 3590 307),
3200 3525 3440 3578 Instrit‘ns
3481 3527 3612 3590 dies,
3642 3542 3734 3595 quo

2171 3610 2400 3664 infantes
2432 3613 2748 3679 lustrantur,
2781 3625 2824 3666 et
2846 3631 3025 3667 nomen
3055 3616 3332 3684 accipiunt,
3358 3632 3420 3670 ac
3448 3634 3616 3672 mares
3638 3618 3735 3685 qni-

2169 3704 2289 3756 dem
2314 3719 2478 3770 nono,
2514 3705 2724 3758 femina:
2754 3715 2948 3760 octavo
2969 3749 2983 3770 ,
3014 3709 3469 3776 quemadmodum
3495 3726 3525 3761 τι
3571 3710 3737 3765 Servio

2168 3812 2380 3867 quoque
2411 3799 2748 3852 observatur.
2786 3803 2852 3852 At
2880 3799 2988 3868 dii,
3035 3816 3173 3870 quos
3199 3802 3401 3857 ethnici
3426 3845 3439 3864 ,
3473 3819 3572 3856 non
3599 3817 3737 3856 secus

2168 3905 2230 3945 ac
2257 3901 2487 3946 caderes
2528 3893 2794 3953 homines,
2828 3905 2983 3947 natos
3020 3909 3139 3948 esse
3172 3894 3494 3960 fatebantur,
3523 3906 3625 3948 tttm
3657 3909 3740 3946 no—

2169 3982 2310 4037 mina
2339 3984 2437 4037 sibi
2477 4000 2752 4039 assumere
2783 3999 2888 4038 non
2922 3994 3209 4054 potuerunt
3237 3984 3433 4059 (Fest.,
3467 3988 3526 4040 tle
3561 3987 3735 4040 vei-bar.

2171 4075 2402 4147 Signiﬁ.,
2448 4094 2567 4148 pag.
2620 4076 2770 4146 50?).
2814 4076 3000 4148 Neque
3045 4078 3208 4131 etiam
3257 4079 3323 4133 iis
3366 4078 3486 4133 data
3531 4088 3646 4131 sunt
3681 4075 3738 4128 ab

2171 4167 2496 4222 hominibus.
2531 4167 2697 4222 'l'anta
2742 4169 2886 4223 enim
2930 4180 3048 4222 erat
3081 4184 3144 4224 ac
3186 4184 3410 4240 prorsus
3455 4173 3737 4224 innumera-

2170 4259 2286 4314 bilis
2319 4260 2532 4316 illorum
2576 4260 2894 4327 multitudo,
2931 4271 2986 4315 ut
3031 4276 3220 4331 magna
3256 4277 3402 4331 pars.
3445 4263 3598 4317 sicuti
3638 4267 3740 4330 post

2171 4354 2561 4410 Tertulliamnn
2594 4355 2975 4420 ostendemus,
3019 4355 3290 4426 plerisque
3331 4356 3555 4411 diversis
3585 4354 3736 4426 genti-

2169 4447 2266 4502 bus
2297 4459 2346 4502 et
2378 4449 2591 4518 populis
2613 4466 2679 4503 ne
2709 4450 2927 4503 nomine
2959 4461 3115 4504 tenus
3145 4451 3358 4520 cognita
3390 4449 3567 4505 fuerit.

2243 4541 2412 4596 Velim
2446 4552 2623 4599 autem
2655 4543 2931 4612 expcndas
2980 4553 3158 4597 utrmn
3188 4555 3376 4597 auctor
3406 4553 3606 4607 noster,
3639 4541 3738 4594 haec

2169 4637 2476 4702 scribendo,
2519 4637 2652 4691 nihil
2697 4638 3026 4708 decerpserit
3073 4653 3136 4692 cx
3184 4637 3274 4691 illo
3306 4638 3575 4694 Ciceronis
3615 4637 3736 4697 loco,

2172 4730 2260 4785 ubi
2306 4728 2460 4783 Cotta
2511 4727 2612 4782 hoc
2652 4738 3024 4797 argumentum
3060 4738 3215 4799 urget
3239 4734 3453 4795 acrius,
3481 4729 3739 4793 nullosque

2171 4837 2290 4877 esse
2317 4821 2599 4892 gentilium
2628 4820 2757 4875 deos
2789 4821 3123 4875 demonstrat
3153 4840 3166 4875 :
3202 4840 3220 4873 ‹
3261 4824 3396 4893 Age,
3421 4833 3473 4877 et
3501 4823 3577 4876 his
3600 4833 3741 4873 voca—

2173 4913 2311 4968 bulis
2336 4914 2468 4967 deos
2495 4928 2616 4968 esse
2644 4913 2890 4975 facimus,
2921 4914 3117 4983 quibus
3142 4929 3170 4967 a
3200 4914 3356 4970 nobis
3390 4916 3736 4970 nominantur.

2172 5007 2240 5059 At
2267 5006 2492 5074 primum
2519 5013 2650 5074 quot
2686 5003 2960 5057 hominum
2995 5006 3210 5074 linguae,
3248 5015 3325 5060 tot
3371 5008 3582 5061 nomina
3626 5003 3739 5058 deo—

2172 5112 2310 5151 rum.
2346 5095 2464 5150 Non
2493 5098 2638 5150 enim
2663 5105 2719 5149 ut
2742 5105 2794 5149 tu
2824 5095 3081 5159 Velleius,
3107 5113 3491 5169 quoquumqne
3522 5095 3736 5156 veneris,

2169 5191 2247 5245 sic
2271 5189 2410 5244 itletn
2444 5189 2493 5242 itt
2525 5187 2672 5242 Italia
2697 5186 2990 5255 Vulcanus,
3023 5189 3163 5242 idem
3203 5190 3252 5242 in
3283 5189 3460 5244 AlriCa
3483 5235 3496 5256 ,
3532 5189 3660 5243 idem
3690 5187 3737 5238 iu

2168 5281 2442 5351 Hispania.
2475 5282 2677 5337 Deinde
2709 5284 2984 5337 nominum
3010 5298 3113 5337 non
3142 5299 3371 5352 magnus
3391 5299 3655 5343 numerus,
3679 5294 3739 5333 ne

2165 5365 2218 5429 ib
2245 5375 2533 5430 Pontiliciis
2560 5376 2771 5446 quidem
2804 5377 3032 5439 nostris;
3063 5375 3289 5430 deorum
3311 5375 3486 5433 autem
3510 5378 3739 5436 innume-

2168 5469 2368 5522 rabilis.
2405 5473 2484 5522 Au
2525 5469 2640 5523 sine
2673 5470 2979 5524 nominibus
3027 5469 3190 5524 sunt?
3231 5469 3378 5524 Istud
3422 5469 3627 5540 quidem
3672 5466 3736 5518 ita

2167 5559 2320 5613 vobis
2365 5559 2539 5613 dicere
2582 5574 2804 5613 necesse
2851 5570 2954 5615 est.
3000 5559 3137 5628 Quid
3177 5560 3321 5615 enim
3360 5560 3578 5625 attinet,
3622 5569 3734 5611 cum

2167 5667 2272 5707 una
2301 5651 2467 5706 facies
2493 5653 2582 5715 sit,
2615 5652 2766 5722 plura
2789 5667 2907 5708 esse
2927 5653 3140 5707 nomina
3159 5653 3182 5708 ?
3198 5652 3365 5721 Quam
3391 5651 3582 5707 bellum
3607 5657 3734 5714 erat,

2165 5746 2356 5807 Vellei.
2388 5747 2630 5802 conlitet-i
2661 5746 2837 5816 potius
2868 5747 3099 5814 nescire,
3132 5745 3275 5818 quod
3306 5745 3558 5806 nescires,
3585 5757 3734 5814 quani

2181 5842 2279 5896 ista
2299 5840 2630 5898 ell‘uticntem
2663 5841 2962 5898 nauseare?
2996 5839 3071 5896 Au
3118 5849 3172 5897 ιιι
3201 5839 3307 5897 mei
3345 5838 3562 5896 similem
3594 5847 3738 5891 natm

3517 6191 3872 6322 ﬁgi

3869 1719 3871 1816 1
