3918 6354
207 403 288 458 501
1380 396 1447 453 ΙΝ
1477 395 1775 457 ARNOBIU

1911 398 2068 458 CAP.
2112 401 2202 457 XI.

3377 405 3482 460 502

204 532 327 581 esse,
355 521 441 569 aut
470 513 546 568 tui
582 512 796 569 Deum?
830 512 1080 569 Profecto
1113 526 1221 568 non
1259 520 1434 582 putas.
1484 532 1502 564 ι
1550 511 1768 583 (Ciam,
1797 519 1852 578 Α
1878 516 2158 585 gentilium
2181 517 2527 586 opinionibus
2545 519 3072 591 indignariquidem,
3093 520 3188 576 sed
3216 540 3234 573 ι
3267 523 3478 585 conari,

207 612 280 666 lib.
307 625 342 672 ι,
371 609 429 662 de
455 605 587 663 Nat.
617 608 787 674 deor.,
835 624 958 678 pag.
998 605 1123 670 207,
1156 607 1250 660 lin.
1287 606 1406 677 29.)
1433 606 1597 661 Vides
1625 617 1775 661 certe

207 699 420 757 eamdem
455 715 580 755 esse
627 698 910 754 Ciceronis
949 709 1107 768 atque
1144 699 1367 752 Arnobii
1408 699 1579 753 nostri
1617 713 1774 768 argu-

206 797 582 860 mentationem,
619 812 720 865 qua
767 797 1077 851 ﬁctitiorum
1123 797 1404 852 numinum
1434 795 1773 852 divinitatem

203 888 304 958 jure
336 889 526 943 merito
554 888 812 958 explodit.

263 981 433 1050 Neque
471 980 543 1036 ibi
591 989 796 1035 tantum
837 989 1027 1036 auctor
1073 991 1255 1035 noster
1298 982 1494 1050 premit
1540 981 1772 1034 oratoris

207 1071 334 1126 latini
365 1070 581 1141 vestigia
615 1110 628 1123 .
662 1070 758 1125 sed
785 1071 912 1125 alibi
940 1070 1153 1140 sapius,
1193 1083 1284 1125 aut
1320 1071 1483 1126 verba
1511 1071 1648 1139 ejus.
1681 1081 1776 1124 aut

204 1181 393 1220 sensum
429 1165 703 1232 exprimit.
729 1165 799 1219 At
822 1180 883 1219 ea
914 1163 1093 1218 hausit
1125 1165 1460 1234 potissimum
1508 1179 1575 1216 ex
1605 1163 1775 1216 tribus

206 1257 327 1310 illius
349 1257 411 1310 de
435 1255 637 1310 Natura
669 1257 879 1309 deorum
918 1256 1086 1319 libris,
1134 1256 1207 1308 uti
1253 1270 1322 1310 ex
1360 1255 1493 1308 infra
1534 1253 1774 1307 dicendis

205 1365 370 1404 Omnes
403 1349 722 1416 intelligent.
771 1348 928 1402 Prius
958 1347 1137 1416 igitur,
1189 1363 1348 1416 quam
1396 1347 1619 1401 ulterius
1651 1360 1776 1414 pro-

204 1441 510 1510 grediamur,
535 1457 641 1494 non
690 1439 895 1494 inutilis
935 1438 1289 1509 proculdubio
1331 1453 1508 1508 opera:
1551 1437 1773 1508 pretium

205 1533 293 1587 erit
319 1534 629 1599 observare,
656 1533 798 1603 quod
828 1543 1015 1588 auctor
1056 1541 1240 1586 noster
1279 1531 1344 1584 de
1375 1531 1457 1584 bis
1499 1530 1776 1585 Ciceronis

204 1625 333 1680 libris
359 1626 493 1680 ferat
527 1627 812 1696 judicium,
845 1636 900 1681 et
928 1641 1022 1681 cur
1067 1641 1254 1682 eorum
1288 1625 1340 1679 in
1368 1626 1560 1696 primis
1587 1633 1776 1678 aucto-

202 1720 337 1774 ritate
363 1720 607 1774 ethnicos
635 1720 865 1774 refellat.

263 1810 328 1863 De
375 1811 606 1878 ipsumet
652 1821 834 1864 autem
881 1809 1173 1875 Cicerone,
1225 1810 1276 1862 in
1309 1808 1460 1863 hisce
1504 1806 1654 1862 libris
1695 1807 1772 1862 lo-

1879 609 2006 661 dum
2035 610 2484 667 consuetudinem
2517 611 2751 667 civitatis
2788 613 2959 676 timet,
2995 613 3315 684 religionem
3368 615 3481 667 lau-

1879 699 2011 755 dare
2037 702 2324 769 majorum,
2356 718 2582 772 eamque
2620 719 2649 757 a
2686 706 3074 772 superstitione
3116 705 3256 761 velle
3296 705 3480 776 sejun-

1878 809 2030 865 gere,
2057 795 2151 849 sed
2179 796 2450 866 quomodo
2486 797 2538 850 id
2569 797 2757 866 possit,
2803 814 2909 851 non
2958 798 3228 853 invenire.
3284 818 3302 851 ι
3355 798 3482 870 (Au-

1879 898 2040 958 gust.,
2059 887 2148 941 lib.
2177 904 2225 941 tv
2257 890 2320 942 de
2336 887 2512 954 Civit.,
2541 906 2658 959 cap.
2683 891 2776 955 50,
2804 907 2925 961 pag.
2961 894 3103 962 illi).
3127 892 3263 946 Tum
3286 891 3482 947 deinde

1881 982 2128 1048 sequenti
2159 980 2299 1034 libro
2319 982 2415 1048 ait,
2447 996 2572 1036 cum
2596 981 2686 1036 ille
2707 981 2914 1036 videret
2940 983 3338 1050 apertissimam
3358 999 3482 1038 esse

1883 1072 2171 1140 insaniam,
2203 1092 2221 1125 ι
2260 1075 2503 1129 conﬁteri
2550 1075 2716 1130 Deum
2746 1086 2800 1130 ct
2847 1092 3044 1146 negare
3087 1079 3372 1147 praescium
3403 1081 3484 1134 fu-

1881 1175 2149 1230 turorum,
2177 1169 2407 1222 tentavit
2435 1183 2701 1233 asserere,
2727 1169 2870 1238 quod
2896 1170 3156 1238 scriptum
3187 1182 3304 1225 est:
3329 1173 3480 1227 Dixit

1881 1256 2143 1326 insipiens
2170 1259 2218 1310 in
2243 1259 2409 1312 corde
2451 1275 2549 1314 suo
2583 1278 2596 1313 :
2644 1258 2760 1313 Non
2794 1271 2877 1315 est
2921 1264 3093 1327 iieus;
3128 1263 3231 1318 .sed
3278 1279 3385 1318 non
3417 1281 3482 1319 ex

1882 1363 1978 1403 sua
2027 1364 2274 1417 persona.
2320 1351 2467 1406 Vidit
2511 1355 2654 1406 enim
2696 1369 2856 1418 quant
2888 1366 3034 1409 esset
3060 1356 3390 1411 invidiosum
3431 1368 3487 1413 et

1881 1443 2201 1507 molestum;
2239 1445 2467 1516 ideoque
2494 1449 2702 1502 Cottam
2733 1449 2857 1503 fecit
2884 1449 3248 1518 disputantem
3277 1450 3347 1507 de
3385 1453 3486 1509 hac

1881 1553 1942 1592 re
1979 1538 2264 1592 adversum
2301 1539 2512 1594 Stoicos
2557 1543 2606 1593 in
2640 1541 2790 1594 libris
2816 1541 2882 1596 de
2911 1543 3136 1596 deorum
3181 1554 3394 1611 natura,
3434 1557 3489 1600 et

1883 1645 1981 1699 pro
2008 1629 2216 1686 Lucilio
2251 1632 2433 1696 Balbo,
2464 1633 2552 1687 cui
2575 1633 2868 1688 stoicorum
2901 1645 3079 1703 partes
3119 1636 3486 1693 defendendas

1882 1722 2052 1785 dedit.
2088 1724 2280 1778 maluit
2309 1725 2448 1781 ferre
2476 1730 2825 1793 sententiam,
2863 1745 3022 1798 quam
3058 1745 3155 1799 pro
3190 1730 3370 1797 Cotta,
3395 1736 3484 1802 qui

1883 1817 2086 1871 nullam
2139 1829 2386 1872 naturam
2440 1819 2673 1874 divinam
2717 1838 2837 1876 esse
2885 1823 3182 1878 contendit.
3240 1844 3258 1875 ι
3313 1823 3482 1895 (Idem

202 1912 395 1972 quente,
429 1904 507 1957 sic
546 1902 859 1974 pronuntiat
896 1920 907 1955 :
957 1922 975 1953 ι
1031 1903 1170 1958 Ante
1201 1915 1392 1957 omnes
1418 1899 1631 1956 Tullius
1657 1899 1769 1956 Bo-
1802 1911 1851 1972 Β
1878 1909 2027 1974 ibat,
2055 1911 2144 1964 lib,
2175 1926 2226 1975 ν,
2260 1927 2374 1980 cap.
2403 1911 2458 1979 9,
2490 1930 2608 1983 pag,
2635 1913 2786 1984 121.)

201 1996 323 2048 mani
375 1994 768 2050 disertissimus
806 1995 1050 2064 generis,
1100 1994 1305 2048 nullam
1343 1995 1548 2047 veritus
1580 1991 1774 2062 impie-

202 2088 310 2140 tatis
338 2087 610 2153 invidiam,
644 2088 896 2158 ingenue,
928 2096 1271 2150 constanter,
1313 2097 1366 2140 et
1398 2086 1598 2149 libere,
1648 2087 1776 2154 quid

202 2196 341 2251 super
382 2183 471 2235 tali
509 2183 820 2252 Opinatione
841 2225 855 2248 ,
948 2181 1199 2236 nimirum
1231 2181 1299 2233 de
1331 2179 1614 2248 gentilium
1646 2174 1772 2241 diis,

207 2293 223 2325 ι
255 2276 488 2341 sentiret,
521 2275 742 2345 pietate,
767 2289 889 2330 cum
918 2275 1121 2346 majore
1149 2273 1491 2329 monstravit.
1523 2273 1568 2328 A
1600 2288 1707 2342 quo
1729 2273 1776 2326 si

202 2383 276 2422 res
316 2385 524 2423 sumere
570 2368 758 2438 judicii
796 2370 1024 2423 veritate
1069 2368 1401 2437 conscriptas
1451 2363 1772 2435 pergeretis,

203 2472 426 2531 perorata
455 2473 600 2516 esset
635 2462 748 2516 haec
788 2476 975 2527 eausa,
1007 2476 1108 2516 nec
1135 2460 1421 2525 secundas,
1469 2470 1526 2511 ut
1557 2457 1772 2520 dicitur,

201 2553 419 2608 actiones
459 2555 615 2609 nobis
663 2553 732 2607 ab
773 2553 1059 2608 intantibus
1103 2553 1415 2622 postularet.
1465 2569 1483 2602 ι
1521 2549 1766 2621 (Arnob.,

201 2645 277 2698 lib.
304 2662 377 2708 ιιι,
409 2663 524 2717 pag.
556 2647 706 2710 105.)
728 2646 1090 2714 Quamobrem
1122 2662 1226 2699 non
1258 2645 1432 2715 pauci,
1465 2645 1634 2713 pergit
1660 2641 1773 2704 ille,

201 2740 566 2796 aversabantur
593 2742 856 2796 librorum
877 2741 996 2813 ejus
1023 2741 1092 2796 de
1122 2751 1310 2794 natura
1338 2741 1565 2794 deorum
1583 2737 1776 2792 lectio-

203 2847 333 2898 nem,
375 2834 626 2904 nulloque
664 2835 881 2904 penitus
917 2833 1077 2888 modo
1105 2849 1197 2887 nec
1225 2834 1277 2886 in
1308 2849 1484 2886 aurem
1525 2830 1777 2884 volebant

202 2923 464 2979 admittere
497 2944 509 2979 :
541 2925 632 2979 alii
663 2941 794 2980 vero
822 2940 917 2981 eos
961 2926 1430 2980 senatusconsulto
1456 2921 1772 2985 abolendos,

204 3031 257 3069 ac
284 3017 346 3072 de
383 3017 562 3072 medio
592 3017 861 3073 tollendos
887 3018 1206 3074 censebant.
1258 3015 1564 3084 Cardipalis
1594 3023 1773 3068 autem

202 3110 441 3165 Baronius
470 3112 723 3182 opinatus
759 3121 842 3166 est
874 3110 926 3166 id
959 3119 1259 3164 memorato
1287 3125 1314 3160 a
1343 3106 1500 3162 nobis
1526 3104 1776 3174 superius

202 3200 499 3257 Diocletiani
525 3202 705 3257 edicto
752 3201 970 3266 factum,
1024 3201 1252 3270 illosque
1299 3199 1464 3254 libros
1494 3194 1774 3250 Ciceronis

1953 2006 2022 2060 At
2053 2007 2097 2060 si
2125 2005 2316 2062 Cicero
2349 2009 2431 2061 his
2458 2010 2510 2062 in
2538 2009 2686 2064 libris
2716 2025 2910 2065 omnes
2938 2011 3177 2069 funditus
3201 2015 3488 2085 religiones

1881 2100 2116 2163 sustulit,
2161 2099 2206 2151 si
2247 2098 2314 2153 ad
2347 2101 2600 2154 invidiam
2634 2104 3046 2172 molestiamque
3084 2105 3482 2175 depellendam,

1881 2191 2048 2248 verbo
2076 2201 2283 2246 tantum
2314 2207 2413 2248 nec
2455 2195 2665 2249 sincera
2705 2205 2888 2251 mente
2915 2196 3047 2251 deos
3076 2200 3311 2253 existere
3337 2215 3484 2257 asse-

1881 2289 2008 2351 ruit,
2038 2305 2166 2357 quo,
2201 2290 2430 2359 inquies,
2451 2291 2574 2362 jure
2601 2293 2872 2347 Arnobius
2907 2302 3054 2350 tanta
3086 2297 3486 2351 asseveratione

1880 2379 2112 2435 afﬁrmat
2139 2380 2380 2450 (Arnob.,
2411 2384 2500 2437 tib.
2558 2401 2632 2448 ιιι,
2685 2403 2804 2454 pag.
2853 2386 2979 2458 104)
3023 2388 3122 2443 hos
3169 2389 3316 2459 ipsos
3362 2404 3484 2444 esse

1881 2472 2370 2539 Ciceronislibros,
2409 2496 2427 2528 ‹
2464 2478 2659 2548 quibus
2687 2480 2980 2534 christiana
3012 2483 3202 2553 religio
3229 2498 3484 2554 compro-

1882 2565 2058 2632 betur,
2084 2578 2138 2621 et
2171 2571 2454 2623 vetustatis
2479 2572 2816 2639 Opprimatur
2845 2577 3172 2629 auctoritas?
3203 2597 3220 2627 ι
3243 2576 3486 2646 Respon-

1882 2658 1997 2712 deri
2029 2659 2168 2714 haud
2198 2661 2380 2729 inepte
2412 2671 2592 2731 potest
2618 2663 2929 2719 christiana:
2961 2667 3240 2736 religionis
3265 2669 3486 2723 nomine

1882 2751 1951 2806 ab
1979 2752 2072 2805 illo
2089 2752 2377 2821 signiﬁcari
2419 2755 2561 2809 illius
2589 2755 2656 2810 de
2684 2772 2814 2811 vero
2845 2769 2899 2811 et
2920 2761 3080 2812 unico
3118 2759 3252 2822 Deo,
3281 2760 3488 2816 divina-

1883 2859 1986 2914 que
2017 2844 2158 2898 illius
2183 2847 2362 2900 omnia
2387 2845 2802 2904 administrante
2833 2851 3168 2918 providentia
3191 2851 3484 2906 documen-

1886 2946 2018 2992 tum.
2048 2936 2180 2992 Nam
2205 2954 2271 2993 eo
2297 2949 2504 2994 asserto
2521 2942 2842 3010 opprimitur
2869 2944 3148 2998 vetustatis
3170 2944 3484 3009 auctoritas,

1884 3045 2004 3100 quae
2035 3031 2362 3099 multiplices
2389 3044 2442 3087 et
2466 3033 2729 3100 inﬁnitos,
2763 3035 2904 3090 sicut
2931 3036 3181 3102 diximus,
3217 3036 3356 3092 Deos
3381 3035 3484 3089 ﬁn-

1883 3135 2054 3178 xerat.
2083 3125 2244 3194 Atqui
2272 3125 2465 3182 Cicero
2510 3128 2562 3181 in
2595 3129 2706 3182 suis
2743 3128 2805 3181 de
2842 3127 3051 3182 Natura
3079 3133 3292 3184 deorum
3331 3129 3485 3185 libris

1885 3217 2005 3272 haec
2035 3229 2140 3272 tam
2170 3230 2354 3288 aperte
2379 3219 2744 3287 domonstrat,
2774 3238 2934 3292 quam
2959 3224 3120 3277 lalsas
3150 3237 3272 3278 es~e
3295 3238 3486 3278 omnes

201 3310 310 3387 φη)
359 3295 775 3350 ⁰Ῑ¹τίδιί³¹¹⁰τί¹¹¹¹
826 3295 1041 3366 “rimis
1095 3296 1218 3387 Ῐεθθ
1258 3298 1847 3387 ΓθνθῘθ-θθηκηοδῦ
1879 3312 2162 3383 gentilium
2211 3315 2480 3384 quoslibet
2525 3317 2655 3370 deos
2709 3318 3000 3370 colentium
3051 3317 3358 3387 religiones.
3417 3320 3487 3372 At

201 3385 427 3456 (Baron.,
479 3388 546 3441 ad
597 3389 732 3442 Ann.
789 3387 917 3454 302,
967 3387 994 3460 ς
1053 3386 1140 3458 19,
1200 3387 1346 3456 725).
1382 3384 1490 3440 Sed
1517 3397 1771 3438 veremur

202 3494 263 3534 ne
286 3478 618 3534 doctissimus
645 3480 730 3534 vir
757 3481 994 3535 aniunnn
1036 3494 1142 3533 non
1182 3477 1312 3534 satis
1343 3477 1639 3530 adverterit
1661 3477 1772 3546 0p-

204 3583 352 3627 tatum
380 3583 431 3628 et
457 3574 770 3637 Eusebium,
803 3589 939 3643 quos
993 3573 1058 3628 dc
1106 3573 1297 3628 eodem
1340 3568 1776 3625 Diocletianide-

202 3676 334 3720 creto
353 3667 676 3722 disserentes
705 3667 830 3721 alibi
858 3669 1163 3730 citavituus,
1194 3681 1472 3720 sacrorum
1496 3666 1776 3718 dumtaxat

203 3756 374 3813 divinae
391 3758 699 3828 Scripturze,
724 3774 818 3815 seu
843 3759 1156 3815 deiﬁcorum
1176 3769 1486 3814 nostrorum
1513 3757 1771 3812 librorum

203 3849 372 3908 iecisse
402 3857 751 3909 mentionem.

268 3969 420 4024 Porro
460 3979 642 4027 autem
673 3985 832 4041 quam
875 3969 1114 4024 funditus
1145 3967 1337 4023 Cicero
1379 3967 1528 4022 hisce
1567 3966 1680 4022 suis
1719 3966 1773 4020 in

206 4060 336 4116 libris
369 4065 585 4130 impium
634 4063 857 4119 deorum
886 4063 1110 4128 cultum,
1143 4077 1438 4130 omnesque
1467 4060 1629 4114 falsas
1653 4061 1775 4114 eth-

208 4153 419 4210 nicorum
461 4157 748 4227 religiones
776 4155 1055 4219 everterit,
1086 4154 1283 4220 quidve
1326 4153 1393 4207 de
1438 4153 1626 4206 iisdem
1670 4152 1774 4206 diis

208 4252 428 4319 senserit,
477 4251 564 4306 hic
593 4251 905 4306 Lactantius
950 4249 1183 4320 explicat
1226 4251 1406 4304 verbis
1453 4267 1466 4302 :
1514 4249 1773 4303 Romamn

210 4340 533 4414 philosophia:
563 4347 836 4415 princeps,
869 4359 921 4400 et
950 4347 1282 4415 amplissimo
1305 4345 1613 4400 sacerdotio
1637 4360 1774 4414 pra:-

209 4435 348 4502 ditus,
379 4443 780 4495 enminentitios
822 4457 884 4494 ac
917 4443 1069 4495 liclos
1099 4441 1229 4495 deos
1276 4439 1549 4510 redarguit
1595 4457 1607 4492 :
1642 4426 1776 4508 quo-

209 4544 306 4583 rum
335 4532 500 4587 cultus
545 4531 963 4604 superstitiones
990 4548 1128 4602 pene
1166 4532 1337 4585 aniles
1366 4547 1486 4585 esse
1514 4539 1771 4595 testatur;

210 4619 334 4675 falsis
380 4624 756 4693 opinionibus,
786 4625 1171 4692 erroribusque
1221 4622 1545 4683 turbulentis
1590 4621 1772 4689 impli-

1878 3409 2242 3464 demonstrata
2313 3426 2500 3465 earum
2547 3410 2809 3474 falsitate,
2857 3411 3131 3466 Arnobius
3177 3412 3488 3466 necessario

1878 3504 2124 3559 concludi
2159 3519 2318 3574 posse
2342 3506 2566 3575 putavit,
2595 3506 2762 3559 solam
2784 3505 3131 3560 christianam
3167 3504 3482 3573 religionem

1878 3614 1999 3653 esse
2031 3615 2234 3666 veram,
2267 3609 2320 3655 et
2349 3600 2470 3656 aliis
2493 3601 2764 3656 veteribus
2792 3600 3114 3671 repudiatis,
3139 3600 3208 3656 ab
3233 3600 3485 3656 omnibus

1874 3691 2294 3764 suscipiendam.

1950 3786 2153 3841 Pnulet‘
2203 3784 2519 3842 Ciceronem
2569 3803 2720 3853 vero,
2755 3789 2900 3843 mille
2949 3789 3122 3852 alios,
3180 3803 3246 3843 ex
3287 3789 3484 3858 quibus

1877 3879 2168 3933 nonnullos
2219 3879 2530 3933 nominibus
2581 3881 2693 3934 suis
2767 3880 3037 3949 appellat,
3117 3895 3146 3933 a
3211 3895 3272 3934 se
3325 3880 3482 3935 citari

1877 3984 2040 4038 posse
2068 3980 2260 4024 auctor
2302 3979 2487 4024 noster
2517 3971 2710 4024 asserit
2747 3972 2837 4040 qui
2878 3972 3009 4025 deos
3051 3971 3332 4041 gentilium
3387 3971 3488 4024 fal-

1878 4078 1971 4118 sos
2019 4064 2264 4132 penitus,
2315 4079 2379 4118 ac
2408 4080 2588 4118 meros
2631 4065 2880 4117 homines
2916 4063 3083 4118 fuisse
3130 4065 3346 4134 scriptis
3390 4081 3487 4135 pu-

1879 4157 2033 4212 blicis
2092 4157 2428 4227 proclamare
2479 4173 2542 4212 ac
2601 4158 2830 4227 probare
2875 4173 2981 4212 non
3039 4159 3475 4213 dubitaverunt:

1887 4269 1905 4301 ι
1942 4249 2236 4304 Possumus
2281 4249 2499 4320 quidem
2532 4265 2724 4306 omnes
2769 4253 2922 4314 istos,
2961 4271 2981 4303 ι
3025 4252 3097 4305 ita
3132 4251 3220 4307 ille
3250 4251 3485 4321 loquitur

1881 4343 2098 4413 (idem,
2129 4345 2218 4398 lib.
2252 4359 2334 4407 tv,
2371 4340 2490 4414 pag.
2525 4345 2647 4414 M7)
2674 4387 2690 4411 ,
2738 4365 2755 4398 ι
2806 4346 2962 4400 nobis
2986 4386 3000 4407 ,
3044 4360 3179 4416 quos
3232 4346 3483 4399 inducitis

1880 4445 2042 4507 atque
2072 4436 2357 4508 appellatis
2396 4437 2558 4501 deos,
2620 4436 2867 4492 homines
2916 4438 3084 4493 fuisse
3142 4446 3481 4503 monstrare,

1881 4529 1966 4582 vel
2017 4529 2380 4598 Agragantino
2434 4528 2740 4585 Euhemero
2773 4529 3084 4598 .replicato,
3128 4530 3281 4597 cujus
3332 4529 3485 4585 libel-

1882 4623 1962 4678 los
2012 4623 2247 4689 Ennius,
2279 4623 2482 4677 clarum
2525 4633 2583 4677 ut
2616 4625 2764 4677 lieret
2809 4624 3052 4688 cunctis,
3085 4637 3392 4678 sermonem
3431 4626 3482 4678 in

209 4724 334 4767 catos
366 4731 477 4770 esse
506 4716 754 4770 homines
783 4717 1044 4784 queritur.
1081 4715 1209 4768 Nam
1247 4721 1388 4768 totus
1419 4713 1556 4766 liber
1587 4713 1774 4766 tertius
1801 4715 1854 4778 D
1888 4719 2075 4772 italum
2121 4706 2394 4773 transtulit
2416 4759 2428 4781 ,
2460 4719 2543 4772 vel
2595 4716 2855 4785 Nicagora
2883 4715 3119 4787 Cyprio,
3172 4716 3257 4769 vel
3287 4716 3488 4772 Pellaeo

209 4803 264 4858 de
282 4805 461 4861 Natura
490 4808 718 4862 deorum
748 4823 939 4862 omnes
971 4807 1206 4862 funditus
1238 4807 1526 4877 religiones
1553 4807 1772 4872 evertit,

209 4911 260 4951 ac
297 4899 449 4956 delet.
498 4901 637 4968 Quid
676 4915 808 4970 ergo
855 4917 883 4952 ει
929 4901 1082 4954 nobis
1131 4911 1448 4969 expectatur
1506 4899 1779 4970 amplius?

209 4991 324 5048 Num
350 4999 654 5067 eloquentia
686 5012 947 5068 Superare
977 5014 1264 5068 possumus
1293 4997 1655 5054 Ciceronem?
1683 4999 1779 5054 Mi-

208 5087 332 5144 nime
361 5093 407 5145 id
435 5095 674 5163 quidem.
711 5092 818 5147 Scd
845 5093 1036 5147 ﬁducia
1060 5093 1133 5147 illi
1165 5093 1354 5157 defuit,
1381 5094 1648 5163 ignoranti
1685 5110 1776 5150 vc-

207 5182 416 5238 ritatem.
448 5187 534 5241 Ait
564 5188 711 5241 enim
742 5187 948 5239 facilius
972 5201 1030 5240 se
1066 5201 1226 5256 posse
1267 5185 1473 5254 dicere,
1506 5187 1634 5256 quid
1668 5203 1776 5243 non

207 5276 282 5339 sit,
314 5295 460 5342 quam
491 5282 618 5350 quid
651 5283 744 5339 sit,
774 5281 877 5336 hoc
907 5289 1011 5340 est.
1043 5280 1174 5335 falsa
1206 5296 1265 5334 se
1295 5281 1622 5350 intelligere,
1653 5297 1778 5338 vera

207 5372 412 5426 nescire.
451 5393 468 5426 ι
503 5373 791 5440 (ιιὶισιιιιιιη
819 5374 908 5427 lib.
938 5389 973 5428 ι.
999 5372 1198 5438 Imtit.,
1228 5391 1346 5442 cup.
1382 5375 1470 5440 17,
1504 5392 1624 5445 pag.
1659 5373 1778 5444 90.)

266 5462 531 5521 Lactantio
564 5465 746 5537 igitur,
785 5467 1013 5536 aliisque
1037 5467 1448 5536 quamplurimis
1489 5467 1780 5522 eruditissi-

204 5555 292 5609 mis
311 5559 682 5629 scriptoribus,
707 5561 877 5613 visum
895 5569 979 5614 est
1008 5556 1091 5611 his
1110 5557 1390 5614 Ciceronis
1408 5558 1561 5614 libris
1591 5559 1780 5614 falsam

203 5647 515 5704 ethnicorum
559 5650 875 5716 religionem
919 5649 1158 5703 funditus
1185 5650 1391 5713 everti,
1438 5652 1650 5704 tametsi
1696 5649 1782 5704 ille

206 5737 348 5793 aliam
373 5758 554 5797 veram
579 5742 868 5797 ostendere
895 5753 949 5797 et
977 5743 1221 5797 stabilire
1252 5759 1359 5797 non
1389 5743 1643 5797 valuerit.

273 5836 586 5904 Augustinus
631 5849 762 5890 vero
809 5836 986 5890 citatis
1045 5834 1368 5904 quibusdam
1425 5851 1488 5889 ex
1546 5833 1786 5890 secondo

208 5927 458 5983 concludit
499 5929 648 5984 illum
696 5929 1112 5987 simulacrorum
1162 5929 1486 5986 institutioni
1534 5937 1589 5985 et
1639 5926 1788 5982 falsis

1886 4810 2092 4865 Leonte
2116 4854 2130 4876 ,
2184 4810 2269 4865 vel
2301 4809 2599 4880 Cyrenensi
2647 4810 2957 4875 Theodoro,
2989 4810 3075 4865 vel
3112 4810 3377 4879 Hippone,
3427 4826 3488 4865 ac

1886 4904 2115 4975 Diagora
2157 4904 2358 4967 Meliis,
2394 4908 2476 4960 vel
2506 4905 2818 4960 auctoribus
2848 4905 2967 4957 aliis
3001 4905 3176 4967 mille,
3209 4906 3296 4975 qui
3334 4921 3487 4961 scru-

1887 4998 2093 5066 pulosa:
2132 4996 2425 5067 diligentia:
2471 5013 2596 5051 cura
2649 4997 2699 5050 in
2744 4997 2919 5051 lucem
2953 5011 3042 5051 res
3066 4996 3274 5051 abditas
3322 4998 3488 5052 liber-

1888 5099 1997 5144 tate
2045 5092 2274 5158 ingenua
2323 5089 2686 5158 protulerunt.
2725 5109 2744 5140 ›
2781 5088 2951 5157 Quam
2983 5099 3162 5143 autem
3214 5089 3265 5144 id
3300 5106 3485 5145 verum

1885 5183 1978 5247 sit,
2005 5183 2138 5236 satis
2161 5182 2328 5251 liquet
2345 5196 2409 5237 ex
2430 5180 2535 5245 bis,
2557 5196 2678 5251 quas
2699 5196 2797 5236 nos
2817 5181 2886 5236 de
2911 5182 3139 5236 laudatis
3164 5182 3230 5235 ab
3255 5197 3322 5236 eo
3356 5185 3488 5238 scri-

1889 5277 2137 5348 ptoribus
2169 5277 2220 5330 in
2274 5277 2450 5346 priore
2481 5288 2771 5346 apparatus
2803 5280 2970 5332 nostri
3021 5287 3167 5332 tomo
3189 5320 3204 5342 ,
3238 5287 3291 5330 et
3335 5293 3493 5347 supe-

1884 5371 2030 5426 riore
2075 5368 2143 5424 de
2170 5368 2387 5424 Minucii
2413 5368 2638 5424 Octavio
2663 5369 3044 5424 dissertatione
3092 5369 3484 5436 disptttavimus

1880 5463 2031 5534 (tom.
2059 5479 2075 5518 ι
2106 5464 2358 5533 Apparet.
2382 5503 2397 5526 ,
2437 5462 2526 5517 lib.
2556 5478 2633 5524 ιιι,
2683 5461 2906 5517 Dium.
2939 5463 2990 5526 1,
3023 5478 3142 5530 cap.
3177 5462 3265 5528 ll,
3299 5472 3398 5515 art.
3428 5463 3483 5526 5,

1887 5573 2007 5629 pag.
2064 5556 2203 5620 785;
2247 5566 2295 5613 et
2341 5573 2490 5625 aeq.;
2520 5540 2735 5614 Diue".
2787 5559 2841 5610 in
2871 5557 3072 5610 Minue.
3110 5555 3325 5621 Oetam,
3366 5574 3484 5628 cap.

1893 5661 1940 5705 et
1992 5659 2092 5704 art.
2146 5649 2361 5720 ullim.).
2400 5649 2608 5705 Nemini
2658 5665 2820 5719 porro
2847 5649 3023 5715 ullus,
3071 5650 3149 5704 uti
3198 5658 3482 5719 putamus,

1891 5742 2170 5798 dubitandi
2235 5743 2387 5798 locus
2435 5754 2522 5798 est
2573 5757 2694 5796 cum
2744 5741 3101 5807 Ciceronem,
3156 5750 3268 5797 tum
3315 5741 3490 5808 alios,

1890 5851 2025 5903 quos
2049 5835 2322 5890 Arnobius
2349 5835 2671 5890 nominatim
2719 5833 2969 5901 vocavit,
3003 5848 3098 5890 eos
3143 5835 3288 5905 ipsos
3328 5847 3450 5887 esse
3479 5876 3491 5894 ,

1898 5928 1965 5984 de
2008 5927 2202 5997 quibus
2252 5928 2342 5985 ille
2383 5928 2510 5985 alibi
2564 5928 2821 5984 dixerat:
2862 5943 2881 5978 ι
2919 5925 3182 5984 Audimus
3235 5921 3501 5999 quosdam
