3918 6342
406 368 513 421 .‘iut‘i

1648 368 2099 427 {)ISSL'RTATIO
2135 370 2414 428 PREVIA

3595 374 3706 431 fit“

407 481 818 552 philosophandi
868 484 1048 538 studio
1089 484 1297 539 deditos
1344 485 1534 554 partim
1585 483 1746 538 ullam
1799 501 1995 553 negare
2025 491 2075 548 Α
2104 486 2306 542 tionem
2350 488 2512 543 etiam
2564 487 2886 559 Euripides,
2934 487 3137 558 aliique
3184 486 3398 542 Baccho
3457 487 3711 542 tribuunt

406 575 512 627 vim
559 589 679 629 esse
730 576 1001 640 divinam,
1059 578 1246 646 partim
1299 592 1366 630 an
1399 578 1502 643 sit,
1555 574 1793 647 quotidie
1842 592 1989 648 quae-

403 683 545 722 rere.
598 688 618 720 ›
655 669 870 740 (Arnob.
896 712 911 734 ,
947 671 1034 723 lib.
1069 686 1120 733 t,
1153 686 1273 741 pag.
1310 668 1424 739 18.)

477 760 567 813 llis
600 774 758 829 porro
791 763 861 815 ita
893 761 1226 823 constitutis,
1272 760 1339 814 ad
1369 761 1470 814 alia
1518 762 1795 816 veniamus
1837 777 1990 833 argu-

405 863 620 916 tnenta,
680 853 873 922 quibus
952 854 1042 908 ille
1105 853 1364 907 absurdus
1431 854 1708 922 gentilium
1775 855 1842 909 de
1890 855 1993 909 diis

406 947 520 1000 suis
567 949 882 1016 opiniones,
909 956 1070 1016 atque
1107 947 1244 1002 adeo
1282 963 1495 1002 omnem
1543 948 1753 1003 illorum
1803 947 1994 1002 falsam

404 1038 722 1109 religionem
773 1039 897 1095 inde
927 1041 1206 1104 concutit,
1254 1039 1394 1094 unde
1442 1041 1546 1095 illis
1601 1040 1816 1096 fundata
1862 1057 1995 1097 eon~

403 1141 709 1200 structaque
753 1131 1053 1187 videbatur.
1107 1131 1393 1187 Rationum
1459 1132 1723 1203 siquidem
1770 1149 1993 1189 suarum

403 1234 675 1278 momenta
725 1239 791 1278 ex
851 1225 915 1277 iis
967 1223 1223 1290 deducit,
1282 1241 1402 1292 qua:
1465 1224 1664 1280 ethnici
1719 1235 1994 1296 tamquam

401 1323 548 1370 certa
575 1325 630 1369 et
678 1316 900 1371 minime
948 1316 1110 1371 dubia
1163 1317 1337 1384 palam
1388 1317 1584 1388 ubique
1634 1317 1700 1372 de
1749 1317 1854 1372 diis
1883 1317 1995 1372 suis

404 1409 794 1477 prmdicabant.
818 1411 876 1466 In
902 1411 1006 1466 illis
1029 1426 1193 1481 porro
1227 1411 1572 1466 recensendis
1602 1421 1654 1464 et
1677 1412 1994 1466 examinan-

401 1503 485 1556 dis
519 1503 750 1572 positum
794 1504 863 1557 ab
894 1504 986 1557 illo
1039 1504 1322 1570 ordinem,
1368 1503 1545 1574 quoad
1599 1503 1711 1558 fieri
1766 1503 1991 1572 poterit,

404 1611 713 1665 sequemur.
749 1600 817 1651 At
861 1615 927 1652 ue
957 1597 1145 1652 eadem
1187 1597 1475 1666 aliquando
1504 1611 1623 1650 cum
1674 1611 1740 1651 eo
1783 1608 1996 1667 repeta-

405 1705 554 1751 mus,
612 1706 671 1744 ea
721 1691 898 1744 omnia
947 1706 1066 1759 qua:
1139 1690 1203 1743 ad
1257 1704 1416 1742 unam
1473 1688 1825 1759 eamdemque
1877 1704 1993 1743 rem

408 1780 647 1848 faciunt,
698 1792 751 1836 et
779 1783 823 1835 si
868 1783 936 1836 ab
965 1782 1059 1836 illo
1091 1782 1250 1836 variis
1281 1782 1334 1835 iu
1363 1781 1494 1837 locis
1537 1790 1763 1836 tractata
1785 1823 1799 1847 ,
1833 1773 1994 1836 simul

397 1875 672 1947 semelque
701 1875 1132 1932 retractabimus.

988 2052 1291 2094 Αιιτιουιυδ
1344 2052 1402 2090 ιι.

382 2169 650 2230 'Quomodo
674 2170 918 2218 Arnobius
935 2169 1243 2219 demonstret
1260 2168 1424 2218 falsam
1452 2167 1643 2218 illorum
1665 2167 1994 2230 divinitatem,

459 2233 543 2294 qui
568 2233 637 2281 dii
662 2233 936 2281 renuntiati
958 2242 1090 2289 sunt,
1117 2232 1196 2294 vel
1221 2234 1285 2280 ob
1306 2232 1416 2279 data
1439 2231 1717 2294 homigibus
1737 2230 1997 2291 beneficia,

459 2291 584 2344 sicut
608 2295 755 2342 Liber
783 2302 983 2355 proliter
1008 2295 1124 2348 viui.
1153 2293 1308 2343 Ceres
1345 2295 1499 2353 panis,
1547 2291 1854 2354 IEsculapius
1878 2294 1998 2341 her-

460 2361 651 2410 barum.
680 2356 897 2404 Minerva
922 2356 1064 2411 clem,
1092 2356 1421 2414 Triptolemus
1444 2356 1590 2403 aratri
1633 2357 1996 2414 inventionem;

462 2420 539 2468 vel
557 2420 621 2466 ob
649 2418 876 2482 praeclara
903 2417 1124 2482 qu:edarn
1157 2416 1302 2482 facta,
1330 2417 1454 2464 sicut
1477 2416 1724 2466 Hercules
1749 2423 1799 2466 et
1822 2415 1997 2466 Romu-

461 2484 552 2540 lus,
573 2479 959 2545 quiseuatorum
977 2481 1200 2530 manibus
1218 2479 1517 2528 dilaceratus
1541 2485 1634 2528 est.

473 2632 688 2688 Variam
723 2631 1044 2686 idololatriae
1098 2640 1152 2684 et
1201 2631 1349 2699 impii
1405 2630 1631 2685 deorum
1663 2632 1842 2686 cultus
1891 2631 2000 2686 ori-

403 2726 582 2796 ginem
619 2723 929 2793 fontesque
985 2723 1426 2792 corruptissimos
1481 2723 1590 2792 jam
1644 2722 2000 2792 patefecimus

406 2829 460 2872 et
507 2817 846 2872 ostendimus
884 2816 1048 2888 (tam.
1082 2832 1133 2880 ι,
1165 2816 1412 2884 Apparat.
1438 2855 1454 2879 ,
1503 2833 1623 2886 pag.
1658 2815 1766 2870 432
1793 2826 1840 2869 et
1867 2816 1994 2880 7l7,

401 2921 449 2965 et
479 2928 614 2978 seqq.
643 2951 657 2971 ,
711 2926 773 2961 ac
822 2907 1042 2962 Dissert.
1079 2925 1278 2977 super.,
1309 2924 1422 2974 cap.
1473 2909 1574 2970 M,
1617 2919 1719 2962 art.
1772 2907 1828 2978 5)
1881 2923 2000 2963 eam

407 3002 535 3057 inde
563 3001 900 3072 potissimum
933 3015 1216 3063 manasse,
1246 2999 1388 3069 quod
1424 2999 1586 3068 prisci
1626 3001 1866 3070 caecique
1899 2998 2003 3053 ho-

412 3101 585 3150 mines
630 3110 726 3149 eos
759 3095 810 3146 in
854 3093 1037 3146 album
1080 3093 1302 3147 deorum
1338 3091 1670 3155 retulerunt,
1729 3109 1758 3146 a
1809 3093 2004 3162 quibus

408 3189 641 3240 innxium
669 3202 728 3239 se
758 3185 1037 3252 accepisse
1085 3183 1348 3239 beneficia
1372 3225 1386 3245 ,
1415 3195 1508 3237 aut
1561 3184 1820 3252 prxeclara
1853 3200 2002 3254 quae-

2097 575 2362 650 (Euripid.
2397 582 2450 634 in
2494 577 2735 636 Bacchis.
2790 597 2921 634 vers.
2977 578 3084 634 277
3140 589 3187 634 et
3225 595 3373 650 seq.;
3420 579 3702 635 Dissertat.

2097 687 2213 742 sup.
2245 715 2260 739 ,
2291 690 2409 743 cap.
2443 673 2546 740 14,
2576 684 2678 729 art.
2721 672 2800 744 4).
2829 672 2935 730 Sed
2967 672 3036 728 de
3077 674 3179 728 hoc
3200 713 3218 740 ,
3263 683 3318 728 et
3366 671 3588 740 Cerere,
3629 673 3710 730 de

2097 765 2291 832 quibus
2339 782 2438 821 nos
2496 767 2548 821 in
2595 769 2862 838 superiori
2909 767 3326 836 dissertatione,
3396 767 3515 824 haec
3571 778 3712 825 sunt

2103 854 2344 912 Lucretii
2390 859 2628 914 carmina
2659 877 2674 914 :

2191 977 2411 1042 Eamque
2434 975 2589 1042 Ceres
2611 975 2768 1026 fertur
2791 975 2978 1042 fruges,
3005 977 3254 1042 Liberque
3284 977 3504 1042 liquores

2192 1037 2410 1100 Vitigeui
2433 1038 2630 1090 laticem
2653 1037 2942 1089 mortalibus
2964 1037 3257 1090 instituisse.

2625 1124 2859 1187 (Lucret.,
2883 1121 2968 1174 lib.
2993 1139 3043 1186 ν,
3070 1137 3195 1175 vers.
3217 1125 3276 1175 ll
3292 1130 3336 1176 et
3353 1127 3511 1190 seqq.)

2099 1251 2173 1306 Ea
2205 1261 2383 1307 autem
2413 1252 2580 1308 Ceres
2607 1252 2765 1324 panis
2795 1252 3098 1316 inventrix,
3148 1251 3216 1307 ab
3243 1252 3434 1307 eodem
3463 1251 3713 1309 Diodoro

2100 1343 2284 1398 Siculo
2322 1343 2520 1400 dicitur
2543 1345 2892 1400 serendarum
2919 1345 3131 1416 frugum
3157 1386 3172 1412 ,
3205 1356 3259 1401 et
3287 1346 3453 1401 totius
3497 1347 3711 1403 messis

2103 1438 2411 1503 rationem,
2462 1438 2602 1494 unde
2652 1439 2806 1508 panis
2851 1439 3168 1504 coniicitur,
3213 1455 3275 1494 ea
3320 1440 3438 1508 lege
3483 1438 3714 1508 Tripto.

2101 1531 2302 1585 lemum
2331 1532 2581 1587 docuisse
2607 1574 2622 1597 ,
2655 1541 2712 1586 ut
2759 1548 2877 1588 eam
2915 1548 3037 1588 cum
3069 1533 3336 1588 universis
3391 1531 3712 1587 hominibus

2102 1625 2528 1679 communicaret
2572 1623 2817 1694 (Diodor.
2871 1625 3078 1688 Sicul.,
3126 1625 3218 1679 lib.
3268 1641 3360 1692 tn,
3409 1622 3711 1692 Biblioth.,

2104 1735 2224 1789 pag.
2255 1717 2409 1790 232).
2451 1719 2794 1790 Quapropter
2822 1720 2968 1776 canit
3001 1718 3254 1789 Virgilius
3289 1736 3304 1771 :

2195 1833 2360 1882 Prima
2379 1833 2534 1884 Ceres
2557 1833 2692 1884 ferro
2714 1833 2950 1884 mortales
2967 1839 3169 1882 vertere
3189 1840 3373 1881 terram

2195 1896 2430 1959 Instituit,
2454 1910 2564 1946 cum
2577 1898 2676 1958 jam
2699 1896 2904 1959 glandes
2926 1905 3075 1959 ague
3092 1896 3263 1943 arbuta
3286 1907 3437 1943 sacrae

2195 1957 2481 2008 Deficerent
2495 1956 2660 2021 sylvas,
2688 1956 2741 2008 et
2764 1960 2942 2008 victum
2964 1956 3166 2005 Dodona
3191 1963 3420 2017 negaret.

2475 2042 2702 2109 (Virgil.,
2728 2042 2815 2093 lib.
2837 2059 2851 2092 ι
2877 2044 3071 2105 Georg.,
3096 2053 3221 2093 rcrs.
3242 2039 3329 2090 147
3359 2047 3403 2090 et
3421 2039 3584 2103 seqq.)

2103 2148 2326 2204 V'irailio
2347 2147 2588 2204 concinit
2612 2146 2840 2204 Ovidius
2873 2167 2885 2200 :

2318 2262 2482 2311 Prima
2507 2261 2676 2319 Ceres,
2704 2261 2888 2309 homini
2912 2261 2969 2309 ad
2996 2260 3202 2308 meliora
3229 2266 3416 2319 vocato,

2260 2324 2464 2373 Mutavit
2487 2322 2912 2386 glandesutiliore
2939 2324 3066 2372 cibo.

2201 2387 2282 2437 Illa
2301 2389 2422 2448 jugo
2438 2392 2605 2434 tauros
2623 2385 2798 2448 collum
2819 2386 3043 2448 praebere
3067 2386 3235 2446 coegit
3261 2399 3271 2432 :

2259 2447 2384 2499 Tum
2414 2450 2619 2513 primum
2638 2447 2770 2496 soles
2792 2447 2929 2496 eruta
2956 2449 3075 2496 vidit
3095 2448 3288 2494 humus.

2642 2528 2830 2595 (Ovid,
2853 2529 2936 2581 lib.
2966 2546 3032 2591 IV,
3064 2531 3216 2589 Fast.,
3244 2543 3354 2594 pag.
3384 2529 3521 2594 548.)

2109 2642 2280 2694 Porro
2319 2649 2498 2694 autem
2531 2649 2716 2694 narrat
2761 2638 2937 2694 adhuc
2985 2637 3282 2698 Diodorus.
3322 2639 3434 2707 jam
3481 2653 3512 2690 a
3555 2637 3722 2693 nobis

2106 2731 2396 2792 laudatus,
2454 2731 2607 2786 deam
2647 2729 2908 2785 Cererem
2957 2730 3026 2783 ab
3079 2729 3502 2784 Atheniensibus
3547 2745 3720 2800 prop.

2108 2837 2190 2882 ter
2230 2828 2330 2881 hoc
2356 2827 2675 2882 beneficium
2702 2825 2830 2894 ipsis
2861 2825 3118 2879 collatum
3143 2867 3156 2884 ,
3183 2823 3550 2878 oblationibus
3597 2826 3719 2878 vic—

2108 2923 2394 2987 timarum,
2439 2930 2599 2988 atque
2627 2919 2916 2973 Eleusiniis
2947 2917 3114 2972 initiis
3144 2917 3466 2971 honoratam
3494 2915 3721 2989 (Diod.,

2111 3012 2200 3065 lib.
2233 3027 2288 3076 v,
2313 3011 2564 3065 Bibliotlt.
2590 3052 2604 3075 ,
2637 3028 2759 3081 pag.
2784 3009 2938 3080 9.00).

2182 3109 2250 3160 At
2291 3105 2379 3160 ille
2420 3115 2712 3175 prznterea,
2747 3113 2800 3158 et
2838 3104 2928 3174 qui
2971 3103 3132 3158 verba
3165 3102 3281 3172 ejus
3316 3103 3726 3173 trauscripsere

2111 3197 2380 3252 Eusebius
2408 3207 2462 3252 et
2504 3197 2814 3251 Lactantius
2838 3237 2853 3260 ,
2887 3196 3231 3265 apertissime
3269 3195 3552 3250 declarant
3577 3195 3722 3250 Ais-

408 3279 530 3333 tlam
565 3279 802 3333 facinora
849 3277 994 3332 edita
1041 3275 1211 3330 fuisse
1250 3276 1674 3331 arbitrabantur.
1725 3277 2002 3341 Quamob-
2031 3273 2076 3336 C
2111 3291 2382 3359 culapium
2412 3305 2518 3344 non
2550 3288 2708 3343 modo
2739 3288 3024 3342 herbarum
3049 3327 3064 3352 ,
3088 3287 3184 3342 sed
3217 3287 3383 3340 totius
3405 3287 3568 3342 etiam
3597 3302 3728 3343 me-

417 3387 527 3423 rem
599 3370 868 3424 Arnobius
934 3371 1154 3423 insanos
1219 3367 1342 3421 illos
1403 3368 1634 3435 gentiles
1685 3367 1769 3422 his
1823 3367 2006 3422 verbis

411 3465 700 3535 compellat
727 3483 740 3519 :
765 3484 783 3515 ‹
824 3463 932 3517 Vos
974 3461 1252 3526 Liberum,
1286 3461 1430 3530 quod
1457 3475 1612 3515 usum
1642 3462 1846 3531 reperit
1875 3461 2002 3526 vini;

422 3558 564 3626 quod
595 3558 746 3626 panis
771 3599 784 3621 ,
832 3554 1087 3611 Cererem
1114 3571 1131 3620 ;
1183 3554 1556 3624 Aisculapium
1581 3596 1596 3620 ,
1636 3555 1778 3625 quod
1808 3553 2008 3610 herba-

415 3666 568 3715 rum;
619 3648 942 3713 Minervam,
994 3647 1138 3718 quod
1167 3649 1334 3710 olere;
1385 3649 1816 3718 Triptolemum,
1863 3649 2007 3719 quod

416 3748 615 3806 aratri;
663 3746 897 3815 denique
928 3744 1244 3808 Herculem,
1280 3743 1423 3814 quod
1453 3742 1597 3798 feras
1617 3787 1630 3808 ,
1655 3745 1800 3814 quod
1828 3744 2004 3811 fures,

413 3841 556 3911 quod
593 3838 967 3907 multiplicium
1000 3837 1234 3907 capitum
1266 3838 1540 3906 superavit
1569 3837 2010 3908 compescuitque

413 3937 679 4001 nutrices,
712 3935 960 3989 divorum
988 3932 1247 3988 retulistis
1269 3934 1322 3987 in
1346 3942 1570 3988 emtum.
1595 3929 1834 4006 (Arnob.,
1855 3933 1944 3988 lib.
1970 3951 2007 4000 ι,

417 4048 540 4102 pug.
573 4027 692 4097 at.)

489 4127 558 4180 At
586 4124 745 4194 quid,
779 4138 879 4178 oro
920 4131 1006 4184 te,
1051 4120 1174 4176 inde
1220 4119 1504 4190 sequitur,
1557 4119 1658 4174 nisi
1707 4134 1801 4175 eos
1829 4120 2012 4175 homi-

421 4234 516 4272 nes
540 4218 707 4272 fuisse
730 4260 744 4284 ,
771 4227 863 4270 aut
884 4216 1076 4271 saltem
1108 4214 1240 4269 deos
1269 4213 1561 4282 aliquando
1586 4227 1706 4268 esse
1737 4215 1968 4282 cmpisse
1995 4255 2011 4279 ,

417 4327 483 4362 ac
507 4310 733 4379 proinde
763 4310 954 4365 falsam
987 4310 1208 4364 omnino
1248 4309 1352 4362 illis
1386 4307 1731 4362 divinitatem
1759 4307 2015 4362 attribui?

421 4403 560 4459 Vera
607 4404 750 4458 enim
796 4403 1048 4457 divinitas
1077 4411 1278 4456 mterna
1326 4416 1449 4456 esse
1473 4400 1670 4468 debet,
1715 4416 1815 4456 nec
1844 4399 2014 4455 ullum

423 4516 674 4570 umquam
709 4500 882 4567 potuit
911 4498 1110 4552 habere
1149 4497 1379 4550 initium.

494 4592 675 4662 Neque
705 4591 823 4645 hate
857 4590 926 4643 ab
953 4588 1192 4644 Arnobio
1235 4603 1518 4658 perperam
1563 4588 1863 4658 excogitata
1891 4601 2015 4658 gra-

423 4684 601 4754 tisque
633 4685 754 4737 [icta
784 4683 1006 4737 dixeris.
1041 4681 1282 4736 Primum
1312 4681 1456 4736 enim
1482 4681 1751 4736 Diodorus
1775 4681 2011 4745 Siculus,
2038 4688 2091 4747 Ι)

425 4777 579 4832 testis
607 4793 668 4832 ea
703 4777 754 4830 in
783 4791 840 4830 re
863 4790 992 4830 sane
1017 4775 1501 4844 locupletissimus,
1521 4774 1880 4830 disertissime
1901 4784 2015 4828 tra-

427 4870 565 4923 didit
593 4887 622 4921 a
669 4851 960 4938 Dionysio,
993 4883 1090 4923 seu
1131 4867 1327 4922 Libero
1347 4909 1362 4931 ,
1385 4876 1478 4921 aut
1506 4867 1720 4922 Baccho
1741 4876 2014 4937 repertum

423 4966 592 5018 fuisse
642 4963 750 5017 vini
801 4978 953 5016 usum
1012 4960 1253 5033 (Diodor.
1310 4960 1512 5025 Sicul.,
1564 4961 1650 5015 lib.
1706 4979 1750 5026 ι,
1805 4978 1927 5032 pag.
1985 4960 2018 5016 9

426 5069 470 5110 et
503 5058 598 5122 10,
629 5066 676 5111 et
702 5056 791 5109 lib.
834 5071 926 5119 Ill,
973 5071 1094 5125 pag.
1147 5051 1306 5124 “9.).
1341 5053 1497 5108 Prius
1535 5068 1662 5108 vero
1702 5053 1754 5107 id
1799 5052 2019 5108 uberius

427 5159 778 5214 narraverat,
806 5146 896 5200 ubi
926 5147 1365 5202 commemoratis
1406 5144 1725 5215 quibusdam
1755 5145 1876 5200 aliis
1904 5146 2022 5214 ejus

429 5243 480 5296 in
533 5241 781 5295 homines
824 5239 1137 5302 beneficiis,
1193 5237 1312 5293 haec
1342 5237 1538 5308 adjecit
1565 5236 1764 5310 (lbid.,
1814 5257 1866 5306 p.
1917 5239 2020 5293 157

429 5345 472 5386 et
517 5332 640 5400 158)
674 5350 687 5387 :
713 5331 837 5386 ’.\v6'
864 5328 929 5386 ὧν
951 5327 1005 5386 εὖ
1029 5333 1278 5392 πάθοντας
1315 5335 1586 5403 duossimus
1612 5334 1762 5404 τιμὰς
1797 5332 2028 5393 ἰσοθέους

429 5427 572 5498 ἀντῷ
599 5428 684 5479 καὶ
732 5428 938 5488 θυσίας,
969 5425 1242 5498 προθύμως
1271 5424 1510 5480 ἁπάντων
1537 5425 1830 5501 ἀνθρώπων,
1858 5421 1944 5479 διὰ
1968 5425 2027 5479 τὸ

429 5521 638 5590 μέγεθος
688 5527 778 5578 τῆς
836 5519 1132 5590 εὐεργεσίας
1177 5517 1554 5591 ἀπονειμάντων
1597 5520 1686 5574 τήν
1718 5517 2017 5572 ἀθανασίαν.

433 5611 670 5673 Histam
694 5611 981 5681 ingentibus
1012 5611 1267 5680 beneficiis
1293 5619 1493 5664 tantum
1531 5610 1629 5665 sibi
1675 5612 1866 5681 favoris
1892 5627 2020 5665 con-

434 5705 657 5769 ciliavit,
704 5714 758 5756 ut
801 5702 1105 5773 propensius
1155 5703 1380 5756 omnium
1421 5702 1605 5757 studiis
1647 5701 2024 5755 immortalitati

435 5804 758 5849 consecratus
787 5837 803 5862 ,
873 5805 1130 5866 tamquam
1182 5790 1347 5859 Deus,
1401 5802 1448 5848 et
1498 5794 1667 5848 cultus
1717 5793 1926 5848 eximios
1976 5804 2024 5848 et

430 5886 742 5941 uictimarum
791 5886 1137 5941 solemnitates
1181 5885 1448 5955 reciperet.
1479 5883 1600 5942 Vini
1631 5899 1796 5956 porro
1835 5884 2024 5943 inven-

2112 3384 2305 3438 diciuae
2335 3382 2600 3438 creditum
2643 3380 2810 3435 fuisse
2849 3391 3206 3450 repertorem.
3248 3381 3318 3436 At
3347 3380 3415 3435 de
3469 3381 3563 3435 illo
3613 3397 3726 3436 nos

2115 3477 2166 3530 in
2189 3475 2469 3545 superiore
2491 3475 2794 3543 Apparatus
2817 3472 2986 3526 nostri
3021 3482 3168 3526 tomo
3197 3470 3430 3525 diximus
3459 3470 3722 3539 (Diodor.

2114 3571 2202 3624 lib.
2238 3587 2288 3630 v,
2341 3586 2459 3639 pag.
2510 3568 2656 3633 255;
2719 3565 2932 3626 Euseb..
2971 3565 3059 3618 lib.
3090 3582 3144 3628 v,
3181 3563 3421 3634 Prwpar.
3466 3562 3677 3635 Evang.
3706 3609 3723 3631 ,

2112 3675 2227 3734 cap.
2259 3663 2316 3728 2,
2356 3679 2472 3732 pag.
2504 3660 2569 3714 57
2596 3676 2612 3725 ;
2649 3659 2884 3714 Lactant.
2909 3700 2924 3723 ,
2955 3658 3050 3713 lib.
3083 3673 3136 3725 ι,
3179 3674 3295 3728 cap.
3326 3655 3429 3722 19,
3461 3673 3582 3728 pag.
3623 3658 3725 3723 98;

2115 3765 2238 3810 tom.
2270 3770 2320 3818 ι,
2354 3753 2636 3822 Apparat.,
2670 3769 2787 3822 pag.
2826 3750 3012 3822 “92).

2187 3848 2465 3904 Testatum
2518 3847 2673 3901 nobis
2704 3845 2877 3900 adhuc
2917 3845 3183 3900 Diodorus
3213 3843 3340 3900 facit
3387 3860 3415 3898 a
3468 3843 3726 3901 Minerva

2117 3942 2368 3999 traditam
2401 3940 2665 3997 olivarum
2702 3940 3086 4008 plautationem
3129 3947 3184 3992 et
3211 3939 3510 4000 culturam,
3552 3948 3729 4008 atque

2118 4035 2226 4090 olei
2255 4033 2663 4106 expressionem
2696 4030 2962 4103 (Diodor.,
2989 4031 3088 4083 loc.
3116 4031 3252 4098 cit.).
3283 4028 3540 4098 Quamvis
3568 4030 3728 4085 enim

2119 4127 2224 4182 hoc
2265 4127 2475 4180 arboris
2527 4139 2714 4195 genus,
2752 4123 3106 4194 sylvestribus
3163 4122 3486 4192 permixtum
3514 4165 3530 4188 ,
3591 4133 3729 4178 ante

2121 4223 2280 4293 hujus
2329 4221 2582 4276 Minervm
2629 4228 2808 4273 ortum
2863 4218 3170 4281 extitisset,
3217 4217 3397 4270 nullus
3441 4225 3628 4271 tamen
3658 4217 3730 4270 il-

2117 4318 2222 4372 lius
2250 4315 2426 4370 cultus
2465 4326 2519 4372 et
2567 4329 2694 4369 usus
2724 4311 2990 4367 hactenus
3024 4311 3280 4366 inventus
3313 4309 3508 4365 fuerat.
3563 4308 3730 4365 Unde

2120 4410 2372 4482 Virgilius
2404 4427 2417 4463 :

2865 4519 3102 4576 Oleteque
3121 4519 3337 4568 Minerva

2213 4588 2490 4648 lnventrix,
2517 4588 2731 4649 uncique
2755 4596 2884 4646 puer
2907 4588 3206 4632 monstrator
3231 4581 3401 4631 aratri.

2643 4665 2874 4731 (νίψει,
2898 4665 2983 4717 lib.
3010 4665 3245 4730 tGeorg.,
3271 4676 3396 4715 vers.
3426 4662 3530 4725 18.)

2117 4781 2212 4837 llis
2250 4789 2427 4834 autem
2460 4775 2847 4845 posterioribus
2876 4772 3057 4829 herbis
3082 4771 3298 4842 quidam
3341 4769 3568 4836 Osirim,
3612 4771 3713 4827 alii

2120 4872 2552 4944 Triptolemum,
2625 4869 2780 4937 cujus
2848 4866 3120 4921 Arnobius
3179 4875 3362 4918 uoster
3431 4863 3728 4929 meminit,

2123 4965 2393 5036 designari
2422 4962 2733 5034 opinantur.
2769 4957 2876 5016 Sed
2903 4955 3100 5012 videsis
3127 4956 3178 5009 in
3201 4955 3302 5010 hos
3325 4964 3380 5010 et
3408 4955 3734 5024 superiores

2127 5057 2278 5112 latini
2320 5064 2496 5128 poeta:
2541 5068 2730 5108 versus
2778 5049 2951 5108 Servii
2995 5047 3461 5104 commentarium.
3513 5045 3733 5102 Plinius

2126 5166 2258 5206 vero
2301 5149 2434 5203 dixit
2464 5146 2670 5218 (Plin.,
2715 5145 2804 5200 lib.
2838 5161 2940 5209 vn.
2990 5140 3185 5197 Natur.
3231 5140 3350 5194 Itist.
3377 5183 3389 5202 ,
3443 5154 3564 5208 cap.
3615 5139 3730 5207 56,

2130 5260 2249 5313 pag.
2279 5236 2374 5310 99)
2400 5239 2544 5294 illam
2577 5237 2739 5292 aratri
2761 5235 3121 5291 inventionem
3151 5231 3336 5302 Buzigi
3357 5229 3685 5288 Atheniensi
3713 5275 3730 5295 .

2129 5336 2217 5391 vel
2239 5333 2569 5404 Triptolemo
2593 5329 2846 5385 adscribi.
2872 5327 2978 5384 Sed
3000 5327 3068 5382 de
3095 5327 3190 5382 illo
3210 5338 3469 5396 expresse
3492 5321 3730 5381 Ovidius

2131 5425 2385 5483 Cererem
2416 5424 2493 5479 sic
2524 5423 2830 5493 loquentem
2863 5418 3110 5475 inducit:

2221 5540 2322 5589 Iste
2339 5536 2540 5601 quidem
2565 5534 2784 5601 mortalis
2807 5536 2918 5601 erit,
3055 5533 3240 5601 primus
3261 5530 3438 5591 arabit,

2221 5601 2284 5653 Et
2305 5594 2462 5660 se'ret,
2490 5606 2544 5649 et
2566 5595 2716 5654 culta,
2737 5594 2933 5659 praemia
2957 5594 3117 5651 tollet,
3135 5594 3298 5644 humo.

2671 5681 2857 5744 (om,
2878 5678 2961 5732 lib.
2983 5696 3050 5741 ιν,
3075 5680 3230 5739 ιἀει..
3255 5690 3369 5744 pag.
3398 5678 3537 5743 592.)

2121 5793 2199 5850 lbi
2226 5793 2408 5863 itaque
2443 5789 2812 5862 Triptolemus
2835 5789 3109 5859 expressis
3138 5787 3320 5844 verbis
3363 5785 3568 5844 dicitur
3597 5803 3726 5846 ara-

2125 5889 2195 5944 tri
2243 5887 2512 5956 inventor,
2541 5884 2680 5942 sicut
2706 5899 2738 5939 a
2782 5882 3014 5942 Diodoro
3060 5881 3240 5938 Siculo
3283 5881 3446 5952 paulo
3477 5891 3605 5938 ante
3635 5885 3725 5942 ci-
