3918 6360
239 403 336 457 505

1456 393 1521 449 IN
1560 389 1934 460 ARNOBIUM,
1975 390 2128 449 CAP.
2170 392 2262 449 XI.

3431 394 3533 448 506

240 526 346 572 tato
384 514 548 571 totius
577 513 934 586 agricultura:
960 512 1206 567 doctrina
1247 509 1501 565 imbutus.
1547 509 1620 564 De
1661 509 1824 566 aratri
1851 516 1905 576 Α
1928 507 2377 574 admirationem,
2452 517 2508 564 et
2575 507 2853 567 beneﬁciis
2912 507 3356 565 benevolentiam
3403 523 3531 581 gra-

241 622 395 678 porro
421 608 768 679 aliorumque
809 606 878 660 ab
917 605 1157 660 Arnohio
1184 612 1601 660 memoratorum
1635 603 1827 658 inven-

240 701 394 765 tione,
455 700 661 756 videsis
718 699 1049 770 Polydorum
1109 695 1435 766 Vergilium,
1488 694 1732 764 aliosque
1760 692 1830 748 de

236 793 802 850 reruminventoribus
819 793 1111 864 scriptores
1141 790 1380 864 (Diodor.
1399 789 1487 844 lib.
1521 806 1560 855 ι,
1591 806 1712 860 pag.
1735 790 1821 855 11,

236 888 321 954 12,
353 890 451 943 loc.
484 889 575 942 cit.
601 904 617 954 ;
653 886 846 958 Palyd.
887 884 1060 957 Verg.,
1095 884 1185 940 lib.
1209 900 1224 939 ι
1247 926 1262 950 ,
1287 883 1350 938 de
1369 883 1472 938 inv.
1503 898 1632 948 rer.,
1659 897 1705 935 c.
1729 880 1822 949 21,

233 992 278 1036 et
307 983 394 1036 lib.
423 982 512 1047 tit,
543 998 664 1052 cap.
695 981 730 1036 2
755 990 803 1035 et
829 980 906 1050 ὅ).

301 1073 384 1129 Ex
419 1074 503 1128 his
534 1083 740 1139 autem,
790 1089 909 1144 qua:
937 1071 1244 1136 retulimus,
1286 1070 1420 1125 illud
1457 1068 1613 1124 facile
1667 1067 1825 1124 intel-

233 1170 439 1241 ligitur,
472 1168 622 1239 quod
652 1166 924 1222 Arnobius
950 1165 1074 1220 alibi
1107 1164 1292 1220 scribit
1320 1161 1535 1235 (Arnob.
1558 1204 1573 1228 ,
1602 1159 1696 1215 lib.
1749 1176 1820 1226 ιι,

234 1277 347 1332 pag.
380 1257 473 1332 90)
525 1258 731 1329 primos
771 1257 1020 1313 homines
1050 1271 1156 1312 non
1187 1255 1356 1311 alium
1385 1253 1700 1309 adhibuisse
1739 1251 1822 1307 ei-

230 1356 386 1422 bum,
418 1369 584 1426 qnam
627 1353 887 1422 glandes,
936 1361 1028 1406 aut
1066 1366 1132 1406 ex
1173 1351 1338 1405 ramis
1381 1345 1686 1419 agrestibus
1723 1345 1822 1400 bu-

232 1447 408 1513 culos,
439 1462 542 1502 nec
570 1447 708 1501 alias
732 1460 891 1517 quam
918 1460 989 1500 ex
1016 1443 1311 1499 corticibus
1351 1450 1407 1498 et
1436 1439 1667 1511 pellibus
1697 1453 1820 1493 ves-

230 1550 323 1596 tes.
370 1539 526 1608 Quod
557 1539 736 1594 adhuc
774 1536 992 1593 Diodori
1018 1536 1182 1593 Siculi
1210 1577 1225 1600 ,
1273 1533 1489 1599 Ovidii,
1533 1531 1812 1596 Lucretii,

228 1643 279 1688 et
327 1632 555 1687 aliorum
618 1631 927 1688 testimonio
982 1629 1255 1685 stabilitur
1307 1643 1371 1682 ac
1422 1625 1815 1682 corroboratur

230 1724 465 1798 (Diador.
490 1768 504 1789 ,
527 1747 530 1750 ’
552 1725 641 1782 lib.
671 1741 718 1790 ι,
760 1728 890 1796 'pag.
923 1723 996 1790 5;
1030 1722 1220 1790 Ovid.,
1249 1721 1338 1775 lib.
1382 1738 1399 1775 ι
1447 1719 1680 1785 Easton,
1724 1716 1818 1772 sub

229 1817 314 1885 ﬁn.
340 1833 354 1880 ;
389 1816 603 1871 Lucret.
625 1860 639 1882 ,
671 1817 759 1871 lib.
807 1833 860 1882 v,
884 1833 1015 1872 vers.
1062 1815 1162 1872 951
1196 1823 1242 1868 et
1270 1813 1457 1886 seqq).

299 1910 425 1965 Post
451 1910 572 1965 hazc
600 1910 666 1965 ab
686 1919 908 1965 auctore
940 1919 1128 1965 nostro
1173 1908 1474 1980 appellatur
1518 1905 1777 1961 Hercules
1798 1946 1813 1968 ,
1844 1920 1893 1980 Β

229 2000 292 2055 de
306 2001 477 2072 cujus,
505 2011 564 2057 ut
580 2002 749 2067 aiunt,
774 2001 1051 2056 laboribus
1075 2001 1331 2072 loquitur.
1363 1998 1470 2055 Sed
1514 1998 1568 2053 bi
1599 1998 1814 2056 labores

226 2095 306 2148 cui
338 2095 505 2165 ignoti
535 2109 658 2150 esse
701 2095 965 2165 possunt?
994 2093 1050 2149 Si
1099 2093 1190 2147 ulli
1233 2101 1412 2147 tamen
1464 2091 1682 2146 curioso
1732 2091 1817 2144 ιιι-

227 2187 482 2258 comperti
527 2188 670 2254 sint,
719 2187 838 2242 illos
880 2187 948 2241 ab
997 2186 1186 2241 eodem
1247 2185 1485 2240 Diodoro
1535 2185 1717 2240 Siculo
1761 2193 1817 2240 et

224 2280 337 2335 aliis
389 2281 640 2352 plurimis
684 2282 980 2353 explicatos
1031 2281 1270 2337 inveniet
1300 2280 1560 2354 '(Diodar.
1606 2279 1813 2348 Sicul.,

226 2375 310 2431 lib.
339 2391 412 2442 Iv,
443 2375 606 2432 Bibli.
631 2418 644 2441 ,
685 2393 806 2448 pag.
839 2376 944 2431 145
971 2387 1017 2430 et
1059 2376 1249 2445 seqq.).
1298 2375 1372 2430 De
1398 2375 1490 2429 illo
1535 2383 1716 2428 autem
1764 2383 1818 2429 et

225 2465 412 2523 Libero
453 2470 620 2525 etiam
653 2484 748 2523 seu
799 2468 1032 2533 Baccho,
1086 2478 1139 2522 et
1179 2467 1300 2522 aliis
1353 2468 1443 2537 qui
1496 2466 1565 2521 ob
1617 2466 1816 2521 eximia

223 2562 375 2630 facta,
417 2575 473 2620 et
523 2563 788 2618 beneﬁcia
835 2561 1028 2617 collata
1061 2561 1370 2616 hominibus
1402 2560 1476 2614 dii
1521 2557 1817 2615 renuntiati

222 2669 369 2723 sunt,
406 2668 606 2728 praater
651 2657 986 2713 Lactantium
1016 2654 1311 2726 (Laetam,
1352 2654 1440 2708 lib.
1479 2670 1532 2721 ι,
1563 2669 1680 2724 cap.
1714 2652 1814 2720 19,

223 2769 339 2824 pag.
371 2752 444 2808 98
470 2764 515 2806 et
546 2751 735 2824 seqq)
768 2751 847 2806 sic
868 2749 1065 2806 cecinit
1097 2749 1349 2804 Horatius
1384 2767 1398 2802 :

308 2864 544 2915 Romulus
569 2872 622 2915 et
646 2865 797 2914 Liber
823 2873 977 2925 pater,
997 2873 1176 2914 etcum
1195 2862 1394 2914 Castore
1420 2861 1624 2925 Pollux,

308 2927 425 2977 Post
448 2930 669 2989 ingentia
694 2924 1045 2977 factadeorum
1071 2928 1121 2976 in
1141 2924 1322 2988 templa
1343 2928 1556 2989 recepti,

307 2990 432 3039 Dum
460 2987 623 3040 terras
649 2990 1004 3053 hominumque
1028 2991 1195 3038 eolnnt
1218 3001 1394 3053 genus,
1423 2987 1599 3053 aspera
1621 2987 1754 3039 bella

307 3053 634 3116 Componunt,
658 3066 805 3115 agros
828 3049 1096 3116 assignant,
1121 3052 1300 3115 oppida
1319 3049 1552 3099 condunt.

319 3153 330 3164 ο
400 3154 410 3164 ο
483 3153 496 3164 ο
571 3153 584 3164 ο
652 3151 666 3164 ο
736 3154 750 3167 ο
824 3154 835 3164 ο
907 3153 917 3163 ι
989 3155 999 3165 ι
1073 3154 1084 3164 ο
1155 3149 1166 3161 α
1240 3151 1252 3163 ο
1326 3153 1337 3164 ο
1408 3149 1420 3160 ³
1492 3147 1503 3159 ⁸

869 3177 1038 3226 Diram
1061 3181 1146 3239 qui
1168 3176 1391 3226 contudit
1408 3174 1629 3239 hydram,

308 3239 558 3304 Comperit
579 3239 808 3290 invidiam
830 3252 1064 3302 supremo
1080 3239 1179 3288 ﬁne
1193 3239 1398 3289 domari.

588 3324 805 3390 (Horat,
827 3321 908 3374 lib.
935 3337 990 3385 ιι,
1012 3321 1148 3388 epist.
1174 3338 1213 3386 ι,
1239 3334 1364 3374 vers.
1386 3323 1416 3373 5
1435 3328 1481 3373 et
1501 3321 1660 3388 seqq.)

311 3458 377 3511 At
429 3455 628 3512 merito
680 3453 952 3513 Arnobius
1016 3451 1274 3508 Romanis
1325 3450 1616 3521 exprobrat
1668 3449 1814 3512 quod

227 3548 360 3605 hunc
387 3549 676 3605 Romulum
700 3591 714 3614 ,
761 3563 921 3620 quem
956 3537 1218 3603 lloratius'
1252 3547 1485 3616 primum
1534 3545 1812 3612 nominat,

223 3644 290 3698 ob
312 3644 526 3715 egregia
571 3643 709 3698 facta
740 3658 804 3699 ac
844 3642 1042 3698 collata
1091 3642 1385 3709 benelicia,
1432 3642 1661 3697 deorum
1709 3658 1812 3696 nu-

226 3753 374 3794 rnero
416 3737 804 3808 adscripserint
873 3735 1195 3792 Senatorum
1244 3735 1510 3808 siquidem
1568 3736 1816 3792 manibus

230 3828 562 3902 discerptus,
609 3829 1034 3900 interfectusque
1081 3828 1298 3884 fuerat:
1340 3849 1358 3881 ι
1399 3829 1589 3886 Nonne
1638 3831 1814 3897 ipsum

229 3921 510 3979 Romulum
558 3932 802 3993 patrem,
873 3942 892 3975 ι
951 3923 1128 3992 inquit
1175 3921 1265 3976 ille
1321 3922 1576 3992 (Arnob.,
1630 3922 1719 3975 lib.
1753 3938 1812 3988 ι,

225 4032 340 4086 pag.
361 4014 498 4088 2.5),
518 4033 539 4067 ι
573 4022 885 4070 senatorum
919 4014 1170 4069 manibus
1195 4013 1542 4070 dilaceratum
1575 4025 1812 4084 centum,

228 4118 279 4162 et
305 4108 581 4177 Quirinum
618 4105 1028 4162 esscMartium
1076 4106 1290 4173 dicitis,
1339 4116 1395 4162 et
1443 4108 1816 4165 sacerdotibus

232 4211 282 4256 et
305 4200 667 4271 pulvinaribus
704 4201 1008 4266 honoratis,
1027 4210 1082 4258 et
1107 4201 1159 4255 in
1191 4199 1399 4256 aedibus
1429 4202 1663 4256 adoratis
1694 4219 1812 4258 am-

227 4293 510 4364 plissimis,
557 4301 612 4349 et
637 4302 760 4366 post
787 4294 901 4348 hate
927 4296 1111 4348 omnia
1151 4294 1349 4350 caelum
1379 4295 1690 4350 ascendisse
1728 4295 1814 4364 ju-

228 4386 369 4441 ratis.
431 4405 450 4439 ›
511 4387 689 4442 Vitam
742 4396 926 4441 autem
966 4386 1217 4452 gRomulo
1282 4393 1389 4441 tam
1436 4387 1730 4444 crudeliter
1782 4405 1814 4444 a

232 4479 561 4534 senatoribus
586 4479 752 4533 fuisse
792 4489 1070 4549 ereptam,
1115 4478 1330 4534 tametsi
1359 4479 1544 4535 Livius
1566 4481 1816 4536 dissimu-

228 4568 335 4626 lare
362 4581 620 4638 conetur,
657 4571 902 4628 Valerius
940 4583 1120 4628 tamen
1161 4571 1462 4638 Maximus,
1517 4583 1572 4629 et
1613 4575 1812 4647 Diony-

228 4661 334 4716 sius
362 4661 846 4736 llalyearnasseus,
896 4673 951 4719 et
972 4662 1061 4717 alii
1091 4663 1266 4732 palam
1306 4673 1601 4735 aperteque
1642 4664 1814 4733 faten-

231 4763 310 4807 tur
329 4752 460 4824 (Liv.
479 4797 494 4822 ,
524 4754 616 4809 lib.
645 4772 661 4810 I
685 4796 701 4820 ,
729 4771 845 4826 cap.
873 4755 961 4820 19.;
990 4754 1164 4810 Valcr.
1196 4755 1342 4811 Max.
1364 4798 1380 4824 ,
1410 4758 1501 4812 lib.
1527 4774 1580 4826 ν,
1602 4775 1719 4826 cap.
1755 4762 1810 4827 5,

231 4843 258 4916 §
295 4844 598 4918 l;Dionyr.
645 4845 824 4902 Italic.
851 4889 866 4912 ,
900 4847 992 4904 lib.
1028 4864 1099 4914 ιι,
1131 4849 1306 4919 Antig.
1333 4866 1558 4917 romam,
1590 4869 1645 4921 p.
1695 4852 1808 4926 18).

227 4934 340 5003 Quo
383 4956 541 5011 porro
598 4941 688 4996 ille
745 4941 906 4997 modo
950 4943 1002 4996 in
1050 4942 1274 4998 deorum
1324 4961 1630 5011 numerum,
1664 4947 1812 5019 pcje-

229 5039 374 5086 rante
398 5032 626 5089 Proculo
644 5076 662 5099 ,
698 5034 898 5089 relatus
924 5035 1032 5099 sit,
1059 5036 1110 5090 in
1132 5038 1396 5108 superiori
1425 5040 1811 5099 dissertatione

229 5127 548 5184 ostendimus
580 5127 823 5199 (Distert.
856 5130 912 5184 in
937 5127 1164 5198 Minuc.,
1198 5148 1317 5202 cap.
1352 5134 1442 5201 15,
1491 5145 1590 5190 art.
1632 5134 1714 5208 2).

294 5241 418 5310 Quis
457 5244 639 5315 igitur,
687 5244 789 5298 nisi
823 5246 983 5315 plane
1032 5246 1300 5316 insaniat,
1352 5249 1525 5314 hunc,
1564 5252 1806 5322 aliosque

228 5352 254 5391 .1
325 5341 470 5395 nobis
523 5353 895 5407 memoratos,
947 5359 1304 5416 qumcumque
1355 5354 1450 5400 aut
1497 5345 1652 5415 falsa,
1710 5359 1803 5404 aut

223 5444 344 5485 vera
371 5433 620 5489 beneﬁcia
647 5435 941 5513 contulisse
960 5479 976 5502 ,
1005 5446 1097 5491 aut
1124 5436 1261 5492 facta
1310 5439 1522 5510 egregia
1569 5439 1806 5498 edidisse

227 5521 470 5594 ferantur,
513 5527 649 5583 deos
698 5528 935 5585 dixerit?
981 5529 1112 5584 Nam
1169 5530 1222 5585 bi
1270 5534 1388 5603 puri
1440 5535 1658 5605 putique
1707 5537 1805 5592 ho-

227 5619 389 5676 mines
430 5621 673 5688 fnerunt,
741 5625 882 5695 iique
928 5625 1348 5682 sceleratissimi.
1402 5629 1656 5696 Quamvis
1701 5649 1803 5687 au-

229 5720 330 5767 tem
366 5725 464 5770 tam
495 5719 697 5784 sancti,
729 5733 889 5790 quam
917 5721 1132 5775 scelesti
1162 5730 1217 5775 et
1258 5720 1510 5793 ﬁagitiosi
1550 5723 1796 5794 fuissent,

229 5821 497 5880 numquam
547 5822 725 5869 tamen
771 5812 844 5868 illi
903 5813 1062 5868 etiam
1113 5829 1304 5870 omnes
1328 5816 1530 5884 simul,
1562 5827 1642 5873 tot
1665 5827 1801 5873 tam-

229 5915 327 5970 que
356 5918 413 5959 ae
439 5904 678 5965 Chrisuts
701 5949 717 5975 ,
747 5915 806 5963 ut
834 5920 995 5977 supra
1024 5904 1274 5975 vidimus,
1328 5909 1609 5980 stupendis
1649 5910 1800 5970 factis

1936 601 2082 671 tique
2107 600 2275 654 animi
2318 601 2638 655 memoriam
2681 601 2786 656 sibi
2824 599 3265 656 conciliaverunt.
3318 599 3376 656 Si
3418 599 3530 654 suis

1932 709 2060 766 ergo
2089 691 2383 749 rationibus
2411 693 2686 748 stetissent
2709 692 2909 749 ethnici
2928 735 2944 761 ,
2974 708 3080 748 non
3116 701 3366 764 poterant
3395 705 3531 750 sane

1930 787 2130 844 Christi
2161 799 2357 856 negare
2395 784 2734 841 divinitatem
2756 827 2771 852 ,
2798 795 2888 840 aut
2914 785 3141 854 rejicere
3181 784 3526 856 religionem,

1930 891 1985 936 et
2015 881 2066 935 in
2095 880 2211 951 ejus
2254 888 2550 934 sectatores
2586 888 2733 934 tanto
2779 879 2961 935 furore
3005 865 3349 935 debacchari.
3395 877 3528 947 Quis

1929 975 2112 1045 itaque
2159 988 2264 1029 non
2311 972 2494 1029 videat
2543 988 2701 1044 quam
2751 975 2902 1029 futile
2932 989 3236 1045 vanumque
3279 972 3351 1028 sit
3395 973 3526 1028 illud

1927 1066 2340 1138 argumentum?
2367 1065 2486 1121 .Iam
2539 1081 2669 1122 vero
2709 1066 2943 1122 vidimus
2967 1081 3070 1136 qua
3101 1065 3310 1121 ratione
3354 1063 3530 1120 Minu-

1929 1159 2043 1214 cius
2089 1157 2240 1214 Felix
2285 1157 2430 1212 bunc
2472 1172 2717 1214 errorem
2743 1159 3032 1224 everterit,
3073 1171 3136 1212 ac
3175 1155 3314 1212 infra
3345 1166 3530 1212 osten-

1926 1250 2116 1306 demus
2138 1250 2416 1321 quomodo
2444 1265 2476 1304 a
2529 1249 2809 1305 Lactantio
2834 1258 2890 1306 et
2931 1248 3265 1305 Tertulliano
3312 1247 3528 1304 refella-

1927 1352 2012 1401 tur
2041 1344 2290 1416 (lbidem,
2325 1353 2426 1399 art.
2461 1359 2512 1408 ι,
2545 1343 2815 1398 Disrerlat.
2849 1344 2903 1397 in
2931 1341 3172 1398 Lactant.
3200 1385 3216 1408 ,
3252 1357 3370 1414 cap.
3419 1341 3489 1399 50
3511 1384 3524 1410 ,

1925 1449 2026 1494 art.
2061 1439 2128 1508 5,
2176 1448 2222 1493 et
2268 1438 2323 1492 in
2372 1436 2679 1492 Tertullian.
2699 1478 2715 1505 ,
2745 1453 2864 1509 cap.
2907 1437 2979 1493 25
3003 1479 3018 1506 ,
3051 1447 3152 1492 art.
3181 1436 3260 1509 5).

2525 1568 2820 1611 AB‘I‘ICULUS
2859 1570 2938 1610 Ill.

1922 1693 2231 1758 Expenditur
2277 1693 2404 1743 aliud
2443 1691 2653 1758 Arnobii
2696 1700 2864 1743 contra
2890 1693 3204 1758 ethnicorum
3224 1691 3522 1758 religionem

1983 1755 2346 1817 argumentum,
2374 1755 2491 1820 inde
2534 1757 2753 1815 ductum,
2779 1755 2910 1820 quod
2955 1755 3137 1820 ethnici
3160 1755 3382 1803 dixerint
3403 1755 3526 1805 deos

1984 1816 2098 1868 Suus
2122 1831 2286 1868 mares
2311 1816 2605 1869 et‘feminas.
2635 1831 2691 1867 ac
2717 1816 2988 1867 celebratis
3025 1818 3236 1866 humano
3269 1829 3406 1866 more
3432 1830 3524 1866 nu-

1986 1884 2114 1944 ptiis,
2156 1881 2355 1943 alioque
2402 1881 2604 1944 turpiori
2630 1879 2791 1944 modo
2830 1879 3433 1944 ﬁliosuprocreasseuubi
3457 1880 3522 1929 de

1985 1940 2283 2006 septimanis
2299 1940 2506 2001 loeturis',
2523 1941 2834 2006 (Chalcidicis,
2848 1940 3282 2006 “Hellespontiaco
3321 1940 3522 2006 Priapo,

1983 2003 2170 2056 Cerere
2197 2018 2476 2064 mammosa,
2502 2004 2706 2053 deorum
2723 2003 2904 2058 nuptiis
2924 2017 3033 2061 usu,
3048 2003 3196 2063 farre,
3211 2003 3524 2066 eoemptiOnu

1983 2068 2268 2127 celebratis,
2318 2066 2646 2130 sponsalibus,
2686 2066 2986 2130 fescenninis
3026 2067 3342 2123 carminibus,
3383 2067 3521 2128 regia

1983 2131 2314 2202 Opis-sobole,
2345 2126 2528 2179 'infami
2573 2127 2784 2202 Veneris
2827 2126 3072 2202 gytberia:
3111 2135 3243 2188 ortu,
3281 2134 3332 2178 et
3356 2126 3524 2178 mere-

1980 2189 2154 2243 trieula
2178 2191 2400 2253 Venere,
2427 2204 2456 2242 a
2478 2204 2603 2255 rege
2628 2189 2801 2255 Cyprio
2815 2191 2988 2242 ditata.

1992 2366 2392 2423 Validissimum
2438 2382 2569 2422 sane
2607 2374 2794 2422 contra
2839 2366 3085 2423 ethnicos
3125 2374 3514 2438 argumentum

1921 2460 2046 2516 inde
2101 2459 2279 2515 adhuc
2343 2459 2476 2529 petit
2529 2460 2838 2524 Arnobius,
2902 2459 3044 2529 quod
3097 2459 3172 2514 illi
3230 2459 3361 2515 deos
3396 2473 3524 2514 suos

1921 2567 2099 2608 mares
2126 2563 2181 2607 et
2225 2553 2449 2607 feminas
2492 2553 2881 2623 prcedicarent,
2914 2568 2977 2608 ac
3008 2553 3231 2623 publicis
3270 2553 3382 2609 suis
3404 2569 3524 2625 pre-

1921 2646 2074 2702 cibus
2123 2646 2506 2716 proﬁterentur
2557 2666 2570 2700 :
2625 2665 2642 2694 ι
2699 2644 2834 2700 Nam
2891 2648 3198 2712 consuetis,
3235 2665 3256 2699 ι
3306 2647 3517 2717 inquit,

1921 2739 2152 2805 Arnob.,
2198 2739 2286 2793 lib.
2330 2754 2419 2804 ιιι,
2475 2755 2596 2810 pag.
2644 2737 2769 2808 159)
2831 2756 2851 2789 ‹
2888 2739 2939 2793 in
2987 2739 3235 2808 precibus
3269 2757 3282 2793 :
3315 2738 3432 2794 sive
3461 2747 3523 2795 tu

1921 2831 2055 2886 deus
2078 2845 2136 2886 es
2157 2871 2173 2895 ,
2204 2831 2317 2884 sive
2339 2830 2437 2886 dea
2457 2873 2473 2897 ,
2513 2831 2714 2886 dicere.
2747 2831 2877 2898 Qua:
2932 2831 3282 2887 dubitationis
3320 2847 3519 2904 excep-

1919 2925 2035 2996 ptio
2079 2923 2211 2980 dare
2246 2939 2342 2980 vos
2390 2925 2495 2981 diis
2548 2940 2734 2980 sexum
2776 2925 3138 2997 disjunctioue
3174 2943 3241 2982 ex
3286 2927 3399 2992 ipsa
3431 2926 3524 2982 de-

1919 3019 2110 3072 clarat.
2151 3038 2170 3070 ι
2200 3019 2352 3089 Apud
2382 3017 2679 3074 Varronem
2700 3035 2829 3074 vero
2850 3019 3079 3091 legimus
3102 3019 3373 3090 quomodo
3394 3035 3521 3090 pre-

1921 3125 2012 3168 ces
2041 3113 2146 3166 illae
2188 3111 2306 3167 ﬁeri
2336 3121 2734 3168 consueverant
2778 3131 2793 3167 :
2846 3131 2864 3165 ‹
2901 3113 3102 3169 Lucum
3129 3134 3147 3167 ι
3184 3115 3256 3168 ait
3308 3112 3517 3185 (Varr.,

1921 3205 2010 3260 lib.
2058 3205 2122 3260 de
2162 3204 2241 3259 Re
2284 3206 2431 3259 rasti.
2456 3248 2470 3271 ,
2511 3222 2630 3277 pag.
2664 3206 2823 3279 139),
2863 3226 2882 3258 ι
2921 3209 3243 3262 conculcare
3285 3221 3511 3263 romano

1843 3313 1888 3378 ο
1923 3315 2074 3354 more
2104 3301 2183 3355 sie
2225 3309 2460 3370 oportet.
2519 3301 2693 3357 Perco
2744 3302 2956 3372 piaculo
3001 3302 3181 3359 facito.
3227 3303 3316 3359 Sic
3357 3303 3522 3358 verba

1920 3394 2189 3463 coneipito
2222 3413 2235 3449 :
2269 3393 2323 3450 Si
2370 3394 2534 3460 deus,
2585 3395 2628 3448 si
2662 3394 2762 3450 dea
2791 3411 2886 3461 es,
2933 3397 3087 3464 cujus
3128 3397 3256 3451 illud
3305 3410 3518 3452 sacrum

1918 3497 2020 3544 est.
2055 3487 2162 3545 Sed
2211 3489 2326 3544 haec
2361 3489 2529 3546 fusius
2561 3489 2748 3560 probat
2777 3489 3083 3545 Brissonins
3112 3489 3370 3561 (Br-iason.
3392 3532 3408 3557 ,
3457 3491 3521 3544 de

1920 3579 2198 3649 Forntul.,
2239 3599 2356 3654 cap.
2409 3585 2500 3654 60)
2523 3627 2538 3650 ,
2567 3592 2620 3639 et
2664 3599 2764 3640 nos
2801 3584 2871 3639 de
2897 3584 2965 3639 iis
2994 3583 3193 3652 aliquid
3234 3583 3362 3639 alibi
3391 3585 3520 3640 atti—

1919 3675 2093 3746 gimus
2147 3674 2446 3749 (Dissertat.
2505 3678 2558 3731 in
2597 3676 2830 3742 Minue”
2877 3694 2994 3748 cap.
3057 3678 3154 3742 15,
3205 3687 3306 3732 art.
3365 3678 3442 3750 1).

1992 3767 2178 3839 Neque
2200 3768 2328 3823 sinit
2369 3768 2641 3824 Arnobius
2671 3769 2773 3825 sibi
2799 3769 2865 3824 ab
2895 3770 3299 3826 inconsiderato
3336 3769 3518 3842 aliquo

1918 3861 2117 3932 opponi
2133 3861 2459 3916 christianos
2473 3877 2689 3933 quoque
2708 3861 2936 3918 credere
2959 3877 3162 3918 marem
3181 3877 3300 3918 esse
3324 3862 3514 3933 Deum,

1918 3954 2356 4026 quandoquidem
2387 3971 2621 4022 nomen,
2654 3957 2824 4021 Deus,
2859 3958 3141 4014 masculini
3170 3960 3384 4028 generis
3411 3968 3514 4018 est.

1921 4050 1999 4106 Eo
2039 4051 2318 4105 enimvero
2351 4052 2570 4106 nomine
2613 4065 2718 4106 non
2744 4066 2943 4119 sexus,
2977 4050 3073 4106 sed
3106 4066 3206 4107 usu
3251 4053 3518 4107 sermonis

1919 4143 2191 4214 promitur
2218 4143 2313 4198 Dei
2363 4143 2706 4214 signiﬁcatio.
2736 4143 2852 4200 Non
2887 4145 3030 4201 Dens
3058 4159 3186 4216 ergo
3206 4185 3220 4213 ,
3251 4145 3348 4202 sed
3398 4147 3517 4216 ejus

1920 4251 2116 4292 nomen
2148 4251 2319 4304 genus
2346 4237 2700 4292 masculinum
2733 4238 3020 4309 signiﬁcat.

1994 4329 2060 4384 At
2088 4328 2220 4384 deos
2247 4344 2426 4384 mares
2455 4339 2512 4384 et
2535 4328 2766 4386 feminas
2791 4345 2915 4387 esse
2942 4346 3048 4388 non
3077 4347 3236 4404 posse
3271 4334 3350 4390 sic
3387 4350 3516 4406 pro-

1919 4422 2009 4478 bat
2032 4423 2320 4478 Arnobius.
2349 4423 2540 4491 Tales,
2591 4425 2764 4496 inquit
2789 4426 3006 4498 (Arnob.
3030 4469 3046 4494 ,
3079 4428 3167 4482 lib.
3202 4445 3293 4494 ιιι,
3326 4448 3380 4500 p.
3413 4430 3517 4486 106

1919 4523 1965 4568 et
1990 4514 2156 4585 seqq.)
2178 4555 2192 4580 ,
2223 4529 2344 4570 esse
2372 4525 2674 4585 nequeunt,
2707 4517 2836 4589 quin
2862 4533 2956 4574 eas
2990 4528 3175 4590 partes
3207 4536 3377 4591 eaque
3417 4521 3516 4577 ha-

1919 4607 2082 4662 beant
2121 4606 2399 4674 membra,
2444 4609 2638 4680 quibus
2681 4620 2908 4682 uterque
2936 4626 3099 4666 sexus
3138 4613 3514 4684 distinguitur,

1838 4720 1893 4781 Ῑ)
1917 4710 1974 4757 et
1999 4718 2119 4770 qua:
2143 4701 2211 4756 ad
2242 4703 2646 4774 propagandam
2693 4705 2937 4762 sobolem
2983 4706 3118 4762 facta
3159 4718 3301 4764 sunt.
3355 4711 3518 4782 Atqui

1918 4808 1998 4849 eae
2030 4805 2213 4864 partes
2267 4810 2441 4866 eaque
2483 4798 2732 4866 corporis
2763 4798 3003 4854 membra
3025 4841 3038 4863 ,
3068 4799 3114 4854 si
3160 4801 3212 4855 in
3241 4800 3345 4855 diis
3373 4802 3512 4869 sint,

1919 4886 2164 4952 inutilia,
2197 4887 2336 4943 sicut
2377 4890 2537 4944 etiam
2565 4892 2641 4946 ait
2680 4891 2893 4954 Cicero,
2934 4907 3042 4947 non
3067 4902 3354 4964 potuerunt
3381 4893 3512 4968 (Cic.

1917 4979 2003 5035 lib.
2040 4996 2077 5036 ιι
2107 4980 2172 5034 de
2201 4980 2394 5036 Natur.
2427 4984 2571 5039 deor.
2594 5027 2609 5050 ,
2639 5002 2760 5056 pag.
2791 4984 2899 5040 208
2929 4996 2975 5040 et
3005 4984 3192 5059 seqq).
3221 4986 3389 5042 Tanta
3419 4989 3517 5063 igi-

1914 5081 2003 5126 tur
2029 5071 2256 5128 deornm
2284 5073 2671 5131 immortalium
2699 5120 2714 5145 ,
2747 5078 2840 5150 qui
2871 5094 3170 5149 numquam
3199 5093 3510 5148 senescunt,

1913 5179 2016 5219 nec
2037 5166 2288 5234 corporis
2309 5166 2518 5223 viribus
2537 5168 2910 5237 debilitantur,
2938 5174 3211 5243 procreari
3239 5174 3514 5230 debuisset

1913 5256 2235 5326 multitudo,
2272 5270 2329 5315 ut
2353 5263 2532 5318 omnia
2576 5263 2641 5318 iis
2667 5263 2776 5333 jam
2810 5265 2967 5336 plena
2993 5267 3200 5336 forent,
3233 5283 3332 5323 nec
3358 5270 3512 5326 oculis

1911 5351 2209 5408 innumeris
2253 5367 2477 5424 possent
2519 5357 2754 5427 amplius
2792 5361 3081 5414 contineri.
3125 5361 3331 5418 Eodem
3375 5380 3509 5433 quo-

1908 5457 2012 5513 que
2062 5455 2383 5515 argumento
2431 5446 2722 5504 Minucium
2751 5450 2998 5522 aliosque
3023 5467 3150 5506 usos
3193 5453 3360 5512 fuisse
3395 5458 3506 5526 jam

1908 5536 2247 5592 ostendimus
2315 5536 2559 5608 (Dissert.
2611 5540 2665 5595 in
2712 5540 2910 5596 Minue.
2954 5541 3177 5607 Oetam,
3229 5561 3346 5616 cap.
3402 5547 3504 5616 16,

1909 5640 2011 5685 art.
2032 5630 2111 5702 Ξ).

1979 5725 2150 5794 Quam
2208 5727 2376 5782 multa
2425 5738 2604 5783 autem
2652 5729 2920 5796 absurda,
2973 5729 3263 5796 ohscmna,
3309 5740 3365 5786 et
3403 5729 3506 5784 diis

1910 5819 2126 5891 indigna
2159 5836 2228 5877 ex
2257 5821 2474 5877 diverso
2501 5822 2740 5891 ipsorum
2783 5837 2914 5877 sexu
2952 5831 3286 5892 sequantur,
3336 5823 3512 5876 Arno-

1909 5913 2030 5972 hius
2074 5913 2316 5972 breviter
2359 5915 2592 5986 explicat
2637 5915 2848 5986 (Arnob.
2875 5906 3010 5989 ,_lib.
3053 5929 3145 5982 ιιι,
3187 5931 3319 5991 pag.
3354 5909 3511 5979 104).
