3918 6346
305 339 412 401 507
1040 314 1043 319 ’
1540 346 1895 407 DlSSERTA';

2032 346 2311 407 PRIEVIA
3490 359 3598 415 508

306 462 436 518 inde
463 463 606 518 enim
625 505 638 529 ,
671 463 876 533 inquit,
902 465 1032 520 oriri
1062 464 1321 523 deberent
1346 466 1569 521 dearum
1593 475 1892 532 menstrua,
1924 466 1977 528 Α
2001 466 2215 524 Videsis
2234 468 2484 524 eumdem
2503 467 2748 524 Servium
2770 468 2823 524 in
2848 469 2946 526 lib.
2966 486 3019 526 tv
3048 469 3293 539 (Errant,
3314 478 3595 551 versJOS,

305 554 684 625 graviditates,
716 554 938 611 abortus
959 598 974 622 ,
1005 557 1145 611 soliti
1169 566 1355 629 partus
1382 556 1599 612 dolores
1620 601 1633 620 ,
1664 568 1708 611 et
1738 556 1894 628 septi-

307 662 477 700 muna:
524 646 742 716 fictum,
800 648 852 701 id
902 658 1017 712 est,
1066 648 1181 703 dea:
1232 649 1459 718 septimo
1498 663 1685 703 mense
1716 660 1892 718 partu-

307 739 531 795 rientes.
577 740 709 796 Inde
737 740 811 796 dii
843 752 897 795 et
926 742 1041 796 dcte
1068 742 1211 797 nudo
1236 758 1462 813 corpore
1492 743 1543 797 in
1575 743 1894 809 Chalcidicis,

308 830 411 886 hoc
434 842 550 899 est,
591 833 668 887 uti
716 834 1003 893 observant
1050 835 1333 891 Turnebus
1375 847 1430 891 et
1475 835 1746 907 Scaliger,
1789 852 1898 893 cm—

308 927 518 981 naculis
545 936 601 982 et
627 926 869 981 aediliciis
891 930 1123 999 magnis,
1150 942 1307 997 atque
1334 930 1548 985 infamis
1580 930 1897 999 Hellespon-

310 1017 436 1072 tiaci
468 1018 685 1088 Priapi,
720 1018 786 1073 de
828 1036 935 1091 quo
982 1020 1186 1076 Natalis
1213 1021 1437 1090 Comes,
1474 1023 1716 1083 Vossius.
1750 1024 1895 1078 liue-

310 1112 439 1178 tius,
462 1111 730 1166 horrenda
748 1106 1020 1183 turpitudo
1046 1113 1318 1186 (Turneb.
1338 1116 1426 1168 lib.
1462 1130 1617 1179 xvut,
1642 1133 1758 1184 cup.
1792 1117 1894 1181 5i;

309 1205 541 1276 Scalig.,
572 1207 625 1260 in
664 1206 854 1263 Euseb.
897 1206 1089 1264 Chron.
1135 1211 1201 1263 ad
1247 1227 1372 1267 ann.
1400 1211 1561 1276 2H”;
1588 1210 1663 1280 Ν,
1694 1210 1893 1276 Comes,

308 1299 398 1354 lib.
444 1317 495 1364 v,
530 1300 750 1373 Mytltol.
776 1345 790 1369 ,
821 1320 936 1373 cap.
974 1303 1073 1365 i5;
1126 1303 1367 1370 Vossius,
1399 1304 1487 1359 lib.
1532 1322 1604 1370 tt,
1637 1304 1701 1357 de
1750 1304 1893 1375 Orig.

307 1400 353 1446 et
390 1388 579 1462 Progr.
612 1393 737 1447 idat.
765 1435 780 1460 ,
813 1412 930 1464 cap.
957 1397 1018 1461 7,
1055 1412 1174 1466 pag.
1204 1399 1273 1451 75
1304 1409 1351 1451 et
1372 1415 1547 1466 seqq.;
1576 1396 1730 1451 ﬂuet.
1753 1440 1767 1463 ,
1798 1398 1898 1453 De-

308 1492 617 1551 monstrat.,
667 1502 785 1557 pag.
818 1486 922 1542 109
978 1498 1023 1541 et
1072 1487 1273 1561 seqq.),
1316 1501 1361 1543 et
1412 1491 1473 1542 ob
1523 1488 1688 1543 Iac/to
1748 1488 1897 1543 Ceres

308 1594 619 1643 mammosa,
666 1579 740 1633 ait
766 1592 952 1635 auctor
980 1594 1189 1648 noster,
1238 1600 1385 1635 musa
1418 1592 1473 1635 ut
1518 1582 1900 1652 prwdicatLu-

308 1671 487 1737 cretii,
524 1672 627 1727 hoc
656 1673 908 1728 nimirum
938 1689 1098 1729 versu
1123 1691 1137 1727 :

400 1803 463 1857 At
485 1806 683 1868 gemina
710 1815 762 1858 et
784 1821 1045 1859 unianimosa
1070 1808 1222 1860 Ceres
1246 1816 1324 1859 est
1347 1811 1447 1874 ipsa
1469 1811 1531 1860 ab
1550 1810 1711 1861 Iacho.

876 1890 1134 1954 ‘(Lucret.,
1156 1892 1238 1943 lib.
1259 1909 1324 1952 xv,
1343 1906 1467 1944 vers.
1488 1895 1653 1958 1161.)

306 2015 411 2073 Sed
452 2012 578 2073 haec
593 2019 771 2073 omnia
810 2020 1045 2088 pressius
1074 2016 1262 2074 Cicero
1305 2020 1538 2089 exagitat
1566 2037 1581 2074 :
1616 2039 1635 2072 ι
1669 2020 1820 2089 Quod
1851 2032 1904 2077 et

308 2124 486 2165 mares
524 2129 542 2162 ι
571 2152 582 2165 .
614 2110 788 2181 inquit
821 2110 1046 2181 (Cicera,
1096 2112 1185 2167 lib.
1214 2127 1249 2165 ll
1291 2112 1354 2165 de
1381 2124 1531 2165 natur
1581 2114 1747 2181 deor.,
1771 2132 1899 2186 pug.

305 2205 433 2270 209,
457 2206 548 2259 lin.
586 2204 697 2276 19),
738 2226 755 2258 ι
792 2206 922 2261 deos
946 2218 999 2261 et
1021 2206 1247 2260 feminas
1276 2221 1395 2261 esse
1423 2205 1629 2269 dicitis,
1651 2207 1775 2276 quid
1815 2224 1898 2263 se-

306 2307 533 2367 quatur,
564 2297 776 2354 videtis.
813 2298 1073 2369 Equidem
1118 2299 1299 2353 mirari
1347 2300 1481 2353 satis
1509 2316 1614 2353 non
1649 2314 1896 2369 possum,

304 2390 447 2444 unde
463 2391 529 2444 ad
553 2390 681 2445 istas
703 2390 987 2461 opiniones
1015 2401 1191 2446 vester
1222 2392 1310 2446 ille
1335 2393 1585 2462 princeps
1608 2395 1831 2455 venerit,
1873 2411 1892 2445 ι

304 2482 512 2539 scilicet
545 2483 828 2552 Epicurus.

372 2575 444 2631 At
486 2591 582 2630 cur
610 2575 911 2642 Arnobius,
936 2577 1142 2648 inquiet
1182 2576 1380 2649 aliquis
1405 2619 1421 2643 ,
1451 2587 1506 2633 et
1533 2576 1739 2632 Tullius
1762 2576 1895 2632 ridi-

304 2674 480 2728 culam
505 2675 672 2743 ipsius
724 2675 939 2743 Epicuri
970 2687 1406 2745 sectatorumque
1428 2674 1546 2743 ejus
1586 2689 1692 2729 non
1731 2673 1894 2730 refelo

302 2766 417 2820 lunt
447 2767 855 2837 responsionem
876 2809 890 2833 ,
933 2782 1035 2837 qua
1064 2767 1373 2837 garriebant
1392 2767 1524 2821 deos
1550 2782 1656 2821 non
1696 2765 1895 2823 habere

302 2857 517 2927 quidem
558 2872 753 2927 corpus
793 2869 845 2913 et
873 2860 1224 2929 sanguinein,
1271 2858 1363 2913 sed
1403 2858 1554 2928 quasi
1605 2873 1802 2925 corpus
1840 2865 1897 2913 et

301 2952 655 3023 Sanguinem?
700 2948 897 3008 Facilis
953 2952 1194 3023 Profecto
1244 2953 1413 3019 ratio,
1466 2963 1520 3008 et
1563 2953 1719 3009 obvia
1774 2969 1892 3009 om-

301 3044 459 3099 nibus
501 3054 603 3099 est.
640 3044 845 3100 Tullius
874 3044 1137 3114 siquidem
1168 3045 1328 3115 plane
1373 3054 1427 3099 et
1478 3028 1757 3114 perspicue
1806 3060 1894 3100 os-

301 3137 471 3193 tendit
517 3138 647 3193 illud
686 3138 902 3207 Epicuri
951 3136 1262 3207 figmentum
1307 3152 1335 3190 a
1388 3138 1604 3190 nemine
1645 3151 1892 3204 umquam

302 3231 539 3300 potuisse
593 3231 814 3300 intelligi
857 3228 1093 3302 (Cicera,
1138 3230 1358 3284 ιὶῡ.ι‹1ε
1388 3240 1493 3281 nat.
1536 3228 1679 3282 deor.

302 3324 429 3389 202,
490 3325 583 3379 lin.
617 3322 744 3396 45).
776 3324 981 3380 Deinde
1026 3339 1154 3378 vero
1185 3324 1413 3393 gentiles
1444 3338 1635 3378 revera
1678 3323 1895 3392 jactita—

302 3418 432 3473 bant
456 3416 588 3474 deos
618 3431 746 3474 suos
771 3432 903 3475 vero
933 3434 1164 3490 corpore
1211 3432 1265 3472 et
1311 3420 1573 3488 sanguine
1601 3417 1893 3489 pra‘ditos,

300 3513 681 3584 ell’rzenataque
711 3529 773 3569 ac
802 3515 1006 3585 perdita
1039 3513 1331 3584 voluptatis
1376 3511 1595 3566 libidine
1628 3514 1890 3580 percitos,

301 3605 579 3676 gignendis
629 3607 815 3661 liberis
863 3606 1079 3661 dedisse
1131 3620 1371 3676 operam.
1404 3604 1536 3672 Quia
1586 3620 1717 3660 vero
1764 3604 1894 3659 illud

302 3698 433 3753 satis
468 3700 673 3752 notavit
706 3698 1010 3764 Arnobius,
1045 3700 1171 3751 hinc
1214 3714 1320 3751 non
1353 3698 1557 3766 putavit
1600 3698 1809 3768 longius
1842 3699 1892 3751 in

305 3790 639 3847 confutando
670 3792 765 3845 illo
796 3793 985 3847 insano
1011 3792 1396 3861 Epicureorum
1422 3802 1729 3847 commento
1761 3802 1895 3848 tem-

300 3899 401 3955 pus
441 3898 561 3939 esse
589 3884 1037 3941 consumendum.

369 3999 541 4069 Quam
588 4009 739 4056 certo
780 4010 961 4055 autem
1013 3999 1217 4056 ethnici
1265 4000 1548 4057 crederent
1587 4000 1719 4056 deos
1768 4016 1895 4057 suos

299 4107 428 4148 vero
466 4094 808 4163 humanoque
838 4094 1003 4148 maris
1032 4103 1084 4148 et
1113 4095 1327 4150 feminae
1358 4110 1584 4165 corpore
1625 4096 1891 4151 constitu-

301 4196 414 4250 tos,
450 4186 574 4242 hinc
601 4204 731 4241 sane
759 4187 957 4259 liquet,
995 4188 1138 4258 quod
1169 4190 1383 4258 ipsimet
1421 4191 1567 4260 plura
1590 4233 1605 4257 ,
1655 4202 1707 4245 ut
1747 4201 1894 4246 recte

304 4280 479 4352 arguit
528 4280 822 4344 Arnobius,
856 4280 923 4336 de
976 4281 1309 4337 solemnibus
1356 4296 1543 4337 eorum
1592 4284 1890 4352 conjugiis,

299 4390 363 4430 ac
404 4373 666 4443 susceptis
711 4372 831 4428 inde
863 4373 1077 4436 liberis,
1129 4374 1427 4443 posteritati
1475 4384 1742 4443 tamquam
1790 4374 1891 4428 mi-

301 4470 449 4524 nime
477 4466 635 4523 dubia
669 4467 1021 4523 tradiderunt.
1054 4469 1177 4525 Suis
1204 4470 1343 4522 enim
1368 4483 1507 4538 pene
1543 4468 1794 4522 omnibus
1840 4468 1891 4524 in

300 4564 451 4621 libris
476 4566 893 4622 venditaverant
940 4564 1151 4635 nuptias
1176 4581 1205 4617 a
1235 4564 1337 4620 diis
1363 4565 1474 4619 suis
1523 4566 1760 4619 humano
1790 4565 1894 4620 ritu

2002 571 2056 617 et
2080 562 2432 628 Brissonium,
2454 561 2545 617 lib.
2572 561 2635 616 de
2648 564 2801 617 veteri
2821 562 2943 617 Ritu
2975 565 3294 635 nuptiarum,
3324 578 3458 622 tom.
3492 586 3590 624 χιιι

2000 655 2230 722 Antiqnit
2274 670 2430 717 ram.,
2478 670 2595 724 pag.
2644 655 2785 712 1016
2808 664 2863 711 et
2914 672 3090 727 seqq.,
3138 667 3301 729 atque
3350 660 3588 727 ibidem,

2001 768 2055 821 p.
2078 749 2214 805 “38
2240 760 2293 803 et
2314 763 2460 818 seqq.
2489 748 2774 805 Holmanui
2792 794 2806 817 ,
2834 750 3029 805 librum
3052 753 3115 806 de
3138 753 3293 807 veteri
3319 752 3441 808 Ritu
3460 772 3594 826 nup-

2001 846 2220 910 tiarum,
2253 858 2374 914 cap.
2414 845 2482 901 20
2509 853 2564 898 et
2602 859 2776 914 seqq.,
2808 845 2897 914 qui
2938 845 3035 898 hos
3080 856 3294 905 veteres
3344 849 3512 911 ritus,
3540 859 3599 903 et

1997 936 2140 1006 quod
2162 937 2431 991 Arnobius
2451 937 2770 1006 desperatis,
2799 938 2992 1004 pactis,
3012 940 3228 1006 sponsis
3243 949 3297 994 et
3326 938 3599 994 fescenni—

1999 1029 2081 1081 nis
2104 1026 2330 1094 addidit,
2363 1029 2474 1082 suis
2503 1030 2554 1083 in
2588 1026 2900 1083 tractatibus
2928 1029 3215 1099 explicant.
3272 1029 3600 1086 Fescenniui

1999 1134 2159 1189 porro
2184 1136 2369 1175 versus
2390 1120 2515 1175 dicti
2534 1131 2678 1187 sunt,
2705 1121 2873 1192 inquit
2893 1122 3105 1187 Festus,
3129 1123 3214 1177 vel
3236 1124 3361 1193 quia
3380 1125 3449 1179 ab
3467 1126 3602 1179 urbe

1998 1213 2331 1269 Fescennina
2354 1217 2516 1281 allati,
2550 1217 2631 1271 vel
2661 1218 2779 1284 quia
2828 1216 3086 1271 fascinum
3128 1232 3319 1272 arcere
3351 1216 3607 1273 ferebam

2000 1317 2086 1361 tur
2111 1305 2305 1379 (Libris
2330 1309 2494 1369 citat,
2516 1326 2549 1376 ρ
2580 1309 2738 1374 1012,
2771 1308 2928 1374 1017,
2960 1308 3121 1372 illi,
3147 1309 3510 1373 1124;1¹ἐει.,
3534 1311 3607 1363 de

1997 1399 2327 1471 verb.Sign.)
2347 1400 2681 1469 Quapropter
2707 1400 2894 1455 festive
2917 1400 3189 1455 Arnobius
3218 1391 3339 1455 cum
3369 1401 3606 1456 ethnicis

1996 1491 2249 1561 iocando,
2270 1493 2507 1557 aitdeas,
2533 1491 2675 1559 quod
2708 1493 2995 1564 participes
3023 1490 3460 1547 fescenninorum
3490 1511 3603 1547 non

2000 1592 2205 1645 essent,
2242 1582 2582 1650 perturbasse
2602 1581 2889 1637 discordiis
2917 1583 3119 1638 omnia.
3157 1602 3175 1635 ι
3211 1584 3469 1654 (Arnob.,
3499 1585 3602 1639 lib.

1999 1688 2074 1739 tv,
2106 1691 2155 1740 p.
2190 1673 2339 1748 MO.)
2375 1674 2515 1728 Deos
2544 1683 2721 1729 autem
2765 1676 2993 1730 aliorum
3027 1676 3227 1747 nuptiis
3248 1718 3262 1743 ,
3304 1692 3611 1748 earumque

2001 1768 2348 1823 celebrationi
2374 1770 2680 1825 interfuisse
2697 1770 2831 1824 varii
2851 1773 3143 1840 scriptores
3160 1784 3322 1842 atque
3340 1774 3391 1825 in
3412 1773 3612 1843 primis

1929 1871 1980 1935 Β
2007 1859 2268 1916 Homerus
2311 1864 2506 1933 saepius
2552 1872 2855 1918 memorant
2892 1862 3164 1936 (ﬂamen,
3196 1864 3383 1932 Iliad.,
3416 1882 3537 1921 xxw
3558 1865 3607 1936 ).

2081 1955 2236 2010 Brevi
2265 1968 2446 2011 autem
2478 1956 2881 2012 enumeratione
2913 1958 3104 2029 probat
3132 1959 3408 2015 Arnobius
3434 1958 3607 2025 deos,

2004 2046 2301 2105 fatentibus
2326 2050 2555 2104 ethnicis
2576 2092 2588 2112 ,
2622 2050 2764 2106 filios
2805 2066 2909 2105 non
2942 2052 3169 2106 solemni
3218 2062 3421 2106 tantum
3470 2067 3616 2107 con-

2005 2141 2171 2196 nubio
2197 2184 2211 2205 ,
2241 2142 2335 2197 sed
2387 2143 2495 2198 alio
2537 2143 2695 2213 longe
2743 2146 2966 2214 turpiori
3000 2136 3163 2200 modo
3205 2147 3609 2216 procreavisse.

2005 2234 2142 2302 Quid
2193 2236 2429 2292 validius
2478 2248 2656 2291 autem
2706 2240 2771 2292 ad
2825 2238 3015 2294 falsam
3066 2255 3131 2293 ac
3177 2240 3614 2295 commentitiarn

2002 2329 2219 2384 illorum
2241 2331 2599 2396 divinitatem,
2636 2333 2753 2401 ipso
2775 2332 2889 2387 sole
2914 2332 3115 2390 clarius
3148 2334 3573 2403 patefaciendam
3596 2377 3614 2398 ,

2004 2422 2237 2493 proferri
2261 2424 2481 2493 potest?
2514 2424 2749 2479 Primum
2776 2425 2959 2495 itaque
2986 2436 3169 2481 narrat
3196 2437 3384 2482 auctor
3418 2436 3620 2482 noster

2003 2514 2244 2586 (Aruob.,
2274 2517 2365 2571 lib.
2397 2534 2457 2583 ιι,
2496 2535 2617 2590 pag.
2645 2519 2715 2573 92
2740 2530 2787 2572 et
2816 2520 2922 2581 94;
2953 2520 3043 2573 lib.
3076 2536 3152 2588 tv,
3186 2538 3303 2592 pag.
3336 2521 3459 2591 145)
3490 2536 3621 2578 me-

2001 2609 2190 2662 moriae
2211 2609 2279 2663 ab
2300 2611 2529 2665 ethnicis
2556 2612 2826 2681 proditum
2856 2610 3023 2667 fuisse
3043 2612 3331 2668 Saturnum
3359 2614 3425 2668 ab
3448 2612 3619 2669 leo

2000 2711 2056 2757 et
2088 2702 2285 2759 Hecata
2309 2745 2323 2769 ,
2359 2714 2520 2774 atque
2548 2708 2619 2761 ab
2645 2708 2835 2763 eodem
2864 2706 3097 2763 Saturno
3122 2718 3175 2762 et
3198 2705 3339 2777 Ope,
3373 2719 3424 2760 ut
3470 2707 3624 2763 alibi

2001 2797 2305 2850 notavimus
2333 2796 2352 2869 (
2372 2796 2588 2855 Dissert.
2626 2800 2679 2853 in
2707 2798 2928 2866 Minue,
2962 2816 3080 2867 cap.
3121 2800 3209 2861 15,
3242 2810 3343 2853 art.
3372 2799 3460 2868 2),
3508 2798 3622 2854 ,Ιο-

1998 2904 2119 2944 vem
2150 2890 2452 2958 fratresque
2482 2892 2600 2963 ejus
2640 2894 2967 2963 Neptunum,
3001 2904 3055 2947 et
3083 2893 3393 2960 Plutonem,
3420 2911 3483 2950 ac
3506 2894 3620 2950 Juo

2000 2998 2198 3038 nonem
2230 3000 2473 3040 sororem
2518 2986 2759 3056 aliosque
2798 2995 3118 3057 generatos;
3151 2995 3421 3042 servatum
3469 3003 3617 3045 vero

1999 3075 2185 3131 Jovem
2218 3093 2246 3129 a
2277 3078 2563 3132 Curetibus
2588 3117 2604 3143 ,
2634 3093 2700 3133 ne
2726 3093 2755 3131 a
2783 3088 2937 3148 patre
2965 3092 3064 3131 suo
3084 3120 3098 3142 ,
3146 3078 3618 3149 quemadmodum

2000 3170 2176 3225 adhuc
2222 3170 2625 3225 observavimus
2647 3214 2661 3237 ,
2695 3171 3070 3226 devoraretur.
3100 3173 3271 3238 Quam
3314 3172 3621 3241 proculdu-

1702 3270 1716 3295 ’
1769 3245 1887 3335 ιξέιφ
1923 3266 1969 3329 C,
2000 3264 2087 3331 bjo
2115 3264 2183 3318 ob
2211 3278 2428 3318 causam
2463 3266 2562 3318 hos
2605 3264 2897 3331 Arnobius,
2933 3264 3059 3334 Opis
3082 3262 3277 3319 soboles
3304 3268 3470 3333 regias
3507 3280 3623 3335 ap-

2004 3356 2180 3425 pellati
2214 3356 2424 3427 (Arnob
2504 3356 2594 3410 lib.
2620 3373 2677 3423 ιι,
2707 3372 2828 3428 pag.
2869 3354 2983 3426 20).
3016 3356 3082 3409 Et
3107 3367 3253 3411 certe
3283 3360 3549 3424 scriptum
3587 3375 3621 3413 a

1998 3448 2233 3502 Diodoro
2264 3448 2442 3504 Siculo
2489 3450 2714 3518 legimus
2756 3448 3032 3518 (Diodotu,
3063 3449 3153 3503 lib.
3196 3464 3250 3511 ν,
3276 3466 3395 3519 pag.
3436 3448 3615 3519 239.).

1997 3544 2185 3623 Κρόνου
2216 3545 2301 3598 καὶ
2330 3543 2465 3606 Ῥέας
2492 3543 2693 3614 λέγεται
2731 3544 2963 3615 ’γένεσθαι
2991 3547 3082 3602 τὴν
3136 3541 3189 3598 δέ
3234 3542 3454 3606 Ἐστία-ν,
3514 3552 3623 3600 καὶ

1995 3639 2286 3712 Δήμητραν,
2316 3640 2403 3690 καὶ
2449 3633 2627 3714 Ἦραν.
2658 3633 2733 3690 ἔτι
2778 3634 2832 3690 δὲ
2882 3639 2992 3698 Δία,
3036 3638 3124 3689 καὶ
3170 3635 3475 3701 Ποσειδῶνα,
3521 3643 3625 3692 καὶ

1999 3726 2149 3789 Αδήν.
2168 3726 2214 3780 Ε
2242 3728 2470 3783 Saturno
2500 3738 2546 3781 et
2579 3726 2747 3795 Rhea,
2772 3744 2891 3797 quae
2919 3727 3125 3782 Latinis
3144 3727 3254 3799 Ops
3276 3740 3377 3793 est,
3412 3727 3581 3783 Vesta
3602 3776 3619 3795 ,

1998 3820 2168 3888 Ceres,
2194 3818 2359 3887 Juno,
2395 3820 2687 3891 Neptunus,
2741 3831 2787 3875 et
2822 3820 2978 3875 Pluto
3016 3822 3125 3874 nati
3172 3822 3431 3875 dicuntur.
3467 3820 3624 3878 Huic

1997 3915 2285 3979 Hesiodus,
2308 3916 2696 3971 ctauctoriibri
2723 3916 2785 3971 de
2810 3900 3170 3981 Universitate,
3194 3916 3387 3984 aliique
3410 3930 3623 3983 magno

1997 4024 2225 4064 numero
2254 4017 2309 4061 ct
2342 4022 2609 4062 consensu
2638 4006 2993 4075 suffragantur
3030 4006 3299 4077 (Hesiod.,
3331 4006 3611 4077 Tlteogon.

1998 4118 2128 4157 vers.
2160 4100 2267 4156 455
2297 4110 2343 4153 ct
2372 4116 2545 4171 seqq.;
2576 4096 2766 4161 Cicer.,
2825 4098 2916 4151 lib.
2955 4099 3018 4152 de
3068 4097 3304 4153 Univers.
3338 4099 3617 4170 Append.)

2068 4191 2209 4261 Quid
2232 4200 2411 4245 autem
2445 4192 2651 4261 turpius
2681 4190 2985 4261 i'cediusque
3010 4191 3302 4261 excogitari
3326 4192 3497 4259 potuit
3526 4193 3623 4247 in-

1996 4284 2127 4341 fami
2161 4284 2384 4340 Veneris
2409 4284 2679 4356 Cytheris:
2710 4293 2864 4348 ortu,
2900 4298 3058 4354 quem
3088 4294 3349 4353 perpetuo
3386 4282 3621 4339 silentio

1996 4379 2385 4445 damnandum,
2420 4387 2522 4432 eta
2550 4378 2838 4447 gentilibus
2858 4377 3103 4445 deposita
3152 4378 3297 4432 omni
3344 4392 3622 4432 verecun-

1997 4471 2084 4527 dia
2116 4471 2443 4542 publicatum
2475 4470 2744 4524 Arnobius
2767 4479 2950 4524 noster
2972 4470 3087 4524 lucc
3114 4469 3167 4523 in
3197 4469 3361 4523 verba
3388 4470 3468 4524 eis
3506 4484 3621 4525 ex-

1999 4563 2274 4634 probravit
2305 4580 2318 4616 :
2356 4582 2376 4614 ι
2414 4560 2683 4631 Numquid
2716 4576 2744 4612 a
2769 4560 2926 4614 nobis
2965 4580 2985 4611 ι
3022 4560 3191 4630 inquit
3230 4558 3477 4632 (Arnob,
3509 4562 3617 4617 lib.

299 4662 353 4717 et
398 4660 773 4716 conditionibus
793 4702 807 4723 ,
861 4671 920 4715 ut
963 4660 1038 4713 alt
1078 4658 1344 4713 Arnobius
1396 4658 1623 4744 (Arnob.
1643 4700 1657 4723 ,
1693 4657 1782 4712 lib.
1814 4672 1891 4727 tv,
1920 4658 1975 4721 D
1999 4673 2079 4725 tv,
2108 4674 2228 4727 pag.
2249 4657 2399 4726 MS),
2434 4673 2453 4707 ι
2488 4655 2685 4710 dicitur
2702 4668 2765 4710 ex
2796 4655 2967 4737 pelagi
2987 4670 3173 4724 spuma
3193 4695 3209 4721 ,
3235 4663 3285 4709 et
3308 4670 3370 4708 ex
3394 4653 3555 4722 lei,
3590 4676 3611 4709 ι

302 4772 423 4826 pag.
454 4754 633 4827 HO),
683 4754 941 4825 qucrsitis,
991 4764 1152 4823 atque
1193 4769 1316 4820 mu,
1363 4757 1535 4825 farre,
1584 4754 1900 4823 coemptione

301 4848 632 4917 celebratas.
657 4847 732 4902 Ea
762 4859 943 4903 autem
971 4847 1153 4901 omnia
1174 4888 1188 4913 ,
1223 4852 1359 4901 teste
1391 4846 1581 4902 Servio
1604 4848 1811 4914 (Serm,
1845 4848 1899 4901 in

302 4939 390 4994 tib.
426 4981 442 5005 ,
475 4937 662 5011 Georg.
705 4938 870 5011 Virg.,
915 4956 1045 4994 vers.
1078 4938 1195 5010 50),
1221 4939 1286 4992 ad
1313 4940 1561 5009 antiquos
1590 4941 1898 5009 nuptiarum

299 5033 436 5089 ritus
489 5032 829 5103 pertinebant
874 5052 887 5085 :
941 5048 959 5083 ί
996 5031 1194 5087 Tribus
1245 5032 1385 5087 enim
1431 5032 1643 5100 modis,
1689 5030 1896 5103 inquit,

301 5123 440 5196 apud
474 5134 683 5180 veteres
725 5126 927 5194 nuptiae
971 5124 1203 5191 flebant;
1234 5138 1331 5179 usu
1352 5132 1379 5189 ,'
1416 5126 1461 5180 sl
1492 5124 1641 5180 verbi
1689 5127 1892 5196 gratia,

302 5216 495 5273 mulier
523 5232 668 5271 anno
693 5232 814 5272 cum
852 5216 998 5283 viro,
1040 5217 1165 5271 licet
1214 5217 1333 5270 sine
1383 5216 1609 5287 legibus,
1658 5218 1847 5272 fuisset
1880 5237 1893 5273 :

305 5307 480 5375 farre;
522 5324 644 5364 cum
676 5324 772 5378 per
792 5308 1109 5363 Pontilicem
1134 5309 1448 5376 maximum,
1470 5320 1524 5364 et
1544 5309 1751 5365 Dialem
1768 5309 1889 5364 Fla-

305 5388 503 5456 miuem
530 5417 624 5471 per
654 5399 833 5469 fruges
862 5411 913 5455 et
942 5402 1136 5456 molam
1168 5401 1367 5456 salsam
1396 5401 1859 5472 conjungebantur
1877 5446 1892 5471 ,

304 5494 445 5550 unde
470 5492 794 5550 confatratio
822 5493 1193 5563 appellabatur
1214 5535 1228 5556 ,
1263 5505 1329 5547 ex
1355 5493 1547 5564 quibus
1573 5495 1772 5563 nuptiis
1806 5508 1897 5564 pa-

308 5588 451 5643 trimi
507 5594 562 5641 et
615 5587 848 5640 matrimi
906 5585 1675 5657 nascebantur:coemptione
1732 5601 1897 5654 vero,

303 5694 463 5753 atque
496 5683 549 5737 in
578 5696 793 5737 manum
841 5680 1197 5764 conventione
1221 5724 1238 5749 ,
1280 5698 1401 5737 cum
1434 5681 1523 5736 illa
1556 5682 1608 5735 in
1654 5683 1774 5737 illize
1823 5682 1901 5735 lo-

310 5790 465 5839 cum,
505 5772 743 5829 .maritus
771 5773 825 5827 in
870 5774 1038 5843 patris
1086 5775 1369 5840 veniebat,
1422 5774 1543 5829 utsi
1585 5775 1706 5844 quis
1756 5774 1905 5844 prior

324 5868 505 5933 fuisset
532 5869 813 5925 defunctus
833 5909 848 5938 ,
878 5859 1051 5925 locum
1075 5868 1415 5927 litrreditatis
1441 5872 1593 5927 alteri
1622 5870 1844 5929 faceret.
1880 5892 1900 5927 ν

2002 4754 2154 4823 cujus
2180 4750 2339 4822 paulo
2370 4758 2495 4804 ante
2540 4750 2866 4804 mentionem
2917 4746 3167 4810 fecimus,
3207 4767 3226 4800 ‹
3279 4748 3620 4818 genitalibus

2003 4844 2317 4915 amputatis,
2336 4843 2604 4915 Cytheris:
2623 4842 2844 4897 Veneris
2864 4852 3173 4897 concretum
3190 4840 3456 4896 coaluisse
3475 4856 3622 4899 can-

2002 4936 2216 4995 dorem?
2252 4955 2271 4990 ι
2294 4935 2399 4991 Sed
2430 4936 2531 4989 hoc
2547 4932 3227 4990 Clemens‘Alexandrinus
3249 4937 3408 5002 paulo
3434 4933 3619 4992 fusius

2001 5042 2056 5087 et
2084 5029 2306 5087 liberius
2332 5030 2386 5083 in
2415 5027 2633 5083 eosdem
2663 5027 2911 5081 ethnicos
2938 5068 2954 5091 ,
2984 5037 3044 5081 ut
3071 5025 3271 5081 salubri
3295 5025 3511 5097 aliquo,
3567 5029 3618 5084 si

2002 5128 2239 5195 unquam
2266 5122 2376 5178 fieri
2403 5132 2635 5192 poterat,
2663 5120 2865 5190 pudore
2885 5118 3336 5185 suli'underentur,
3358 5120 3435 5173 sic
3452 5131 3620 5191 urget

2002 5218 2257 5291 (Clemens
2280 5216 2588 5279 Almanam,
2613 5214 2859 5268 admonit.
2877 5212 2945 5265 ad
2973 5211 3148 5279 Gent.,
3180 5229 3300 5283 pag.
3330 5212 3419 5280 10)
3438 5212 3619 5288 εἈγο-

2002 5314 2139 5389 prbe.»
2160 5310 2215 5366 δὲ
2236 5307 2517 5385 ἀναφανδὸν
2544 5313 2611 5366 τὰ
2635 5308 2983 5380 κεκρυμμένα,
3012 5308 3103 5360 οὐκ
3127 5303 3424 5375 αἰδούμενος
3442 5305 3612 5381 Mysis

2002 5404 2037 5461 ἃ
2062 5410 2364 5480 προσκυνεῖν
2417 5404 2511 5457 οὐκ
2547 5392 2944 5471 αἰσχύνεσθαί)
3090 5392 3178 5451 οὖν
3218 5399 3499 5473 ἀφρογτύής
3554 5421 3617 5455 τε

2003 5503 2089 5555 καὶ
2127 5500 2477 5574 κυπρηενῆς,
2508 5497 2538 5553 ἦ
2580 5495 2771 5569 Κινύρα
2824 5492 2967 5566 φίλη,
3016 5487 3404 5566 τῆν’Δφροδίτ-ην
3450 5490 3611 5565 λέγω,

2004 5596 2095 5651 τὴν
2134 5576 2435 5662 Φὶλομηδέα,
2469 5585 2544 5643 ὅτι
2588 5584 2784 5659 μηδέων
2834 5585 3122 5659 ἐξεφαάνθη,
3155 5581 3352 5655 μηδέων
3406 5586 3618 5639 ἐκείνων

2004 5692 2106 5741 τῶν
2167 5681 2594 5753 ἀποκικομμένων
2663 5682 2905 5757 οὐρανοῦ,
2950 5685 3049 5733 τῶν
3093 5675 3300 5747 λάχνων
3348 5684 3451 5731 τῶν
3477 5686 3621 5750 μετά

2005 5781 2096 5836 τήν
2118 5778 2276 5847 τομήν
2301 5775 2360 5829 τὸ
2384 5778 2525 5844 κῦμα
2541 5771 2908 5846 βεϐιασμένων*
2936 5774 3004 5831 ὡς
3026 5769 3249 5842 ἀσελγῶν
3272 5770 3392 5842 uuis
3420 5773 3619 5846 μορίων

2010 5854 2175 5931 ἄξιος..
2210 5862 2471 5938 ’Δφροδίτη
2510 5866 2700 5936 γίνεται
2722 5866 2920 5943 κάρπος
2942 5864 2994 5919 ἄν
3015 5868 3130 5923 ταῖς
3152 5860 3401 5924 τελεταῖς.
3425 5861 3622 5930 Aperte
