3918 6334
284 340 376 399 509
1506 355 1571 410 ΙΝ
1609 353 1845 412 ΑΒΝΟΒ

1957 358 1990 421 l,
2026 310 2179 411 cur.
2223 353 2314 411 xu.

3477 359 3583 416 510

280 467 432 513 autem
450 459 581 529 dico,
612 477 739 533 qua
756 474 873 521 sunt
894 467 1106 536 occulta,
1138 486 1241 526 non
1269 470 1562 526 erubescens
1582 469 1753 525 dicere
1778 486 1859 535 ea,
1889 471 1943 530 Α
1968 466 2220 536 Hesiodo,
2256 470 2347 541 qui
2380 470 2559 528 Solem
2591 489 2620 526 a
2648 470 2815 529 'l‘heia
2846 478 3020 527 matre
3046 486 3141 528 sua
3159 513 3174 541 ,
3198 481 3252 527 et
3281 480 3435 545 patre
3468 472 3582 544 Hy-

276 566 377 618 quae
400 569 495 607 non
522 555 690 621 pudet
717 574 804 612 vos
833 559 1069 615 adorare.
1104 562 1232 631 Quae
1270 581 1389 635 ergo
1415 580 1478 618 ea:
1504 580 1708 631 spuma,
1744 573 1796 617 et
1815 565 1869 617 in

276 640 431 713 Cypro
458 655 528 700 est
554 649 757 719 genita,
787 648 994 722 Cinyra:
1015 655 1199 719 amica,
1256 653 1499 709 Venerem
1526 656 1640 711 dico
1682 654 1869 710 Philo-

269 734 501 803 medeam,
534 740 662 807 quia
689 754 867 797 exorta
912 754 984 798 est
1011 762 1074 800 ex
1102 746 1428 818 genitalibus,
1478 765 1541 804 ea:
1569 748 1823 804 salucibus
1848 792 1863 815 ,

266 827 480 897 inquam,
502 836 842 903 genitalibus,
886 855 1000 908 qua:
1029 840 1166 895 Cirta
1187 844 1411 897 abscissa
1435 853 1572 910 sunt,
1604 861 1717 913 quw
1754 856 1865 913 post

262 917 615 977 abscissionem
661 926 844 993 ﬂuctui
868 929 968 982 vim
1004 934 1283 987 attulerunt
1330 950 1348 988 :
1388 945 1645 1004 tamquam
1697 935 1863 990 libidi-

262 1014 389 1065 nosis
415 1017 599 1070 vestris
628 1020 857 1086 partibus
884 1023 1070 1095 dignus
1091 1028 1289 1097 fructus
1328 1028 1393 1082 sit
1430 1027 1596 1082 Venus
1622 1030 1676 1083 in
1704 1032 1862 1085 sacris

260 1106 529 1173 mysteriis.
590 1107 892 1167 Macrobius
946 1132 1074 1171 vero
1101 1118 1191 1173 ubi
1221 1119 1288 1173 de
1318 1120 1553 1175 Saturno
1600 1120 1818 1178 disserit
1846 1143 1860 1180 :

259 1192 406 1247 Hunc
424 1197 611 1263 aiunt,
642 1200 844 1271 inquit.
877 1206 1150 1264 abscidisse
1195 1208 1323 1265 Caeli
1363 1214 1524 1281 patris
1594 1214 1857 1283 pudenda,

255 1286 428 1357 quibus
449 1288 509 1341 iu
538 1308 680 1345 mare
724 1294 959 1363 dejectis,
1018 1298 1262 1356 Venerem
1305 1314 1655 1370 procreatam,
1688 1322 1802 1375 qua
1828 1324 1859 1360 α

254 1395 426 1448 spuma
447 1424 466 1448 ,
536 1383 674 1438 unde
720 1388 945 1471 coaluit,
974 1392 1234 1471 ’Λφροδίτη
1261 1412 1445 1451 nomen
1480 1399 1694 1466 accepit.
1757 1398 1858 1454 Adi

252 1482 516 1541 prreterea
570 1477 911 1545 Ciceronem,
946 1486 1032 1552 qui
1082 1487 1220 1541 hanc
1248 1488 1538 1543 secumlam
1586 1488 1854 1545 Venerem

251 1573 543 1632 nuncupat.
560 1566 798 1625 Consule
815 1573 979 1628 etiam
996 1575 1040 1629 si
1064 1576 1219 1643 velis,
1247 1578 1561 1649 llesiodum,
1583 1579 1852 1646 Servium,

250 1650 569 1724 Gregorium
617 1660 1052 1736 Nazianzenum,
1105 1678 1160 1726 et
1209 1671 1346 1726 alios
1396 1671 1689 1745 (Macrob.,
1717 1674 1854 1729 lib.|

247 1744 542 1818 SahtrnaL,
592 1770 707 1824 cap.
732 1756 782 1817 8.
811 1775 931 1830 pag.
954 1760 1095 1825 209;
1144 1761 1307 1820 Cicer.
1340 1764 1429 1819 lib.
1460 1781 1517 1831 ιι,
1567 1766 1630 1819 de
1657 1765 1849 1823 Natur.

1977 563 2198 630 perione
2249 572 2431 618 natum
2481 564 2695 620 cecinit.
2729 565 2920 621 Cicero
2968 566 3131 620 etiam
3162 564 3390 633 triplicis
3438 562 3582 621 Solis

1970 663 2152 725 patres
2182 667 2448 723 recenset,
2478 672 2705 727 quorum
2756 658 2886 711 alter
2908 698 2921 722 ,
2949 658 3157 727 inquit,
3190 668 3350 712 natus
3393 656 3579 729 Hype-

1968 750 2149 813 rione;
2175 750 2270 804 sed
2302 750 2368 804 dc
2396 749 2500 805 hoc
2526 750 2652 807 Sole
2678 751 2749 804 ibi
2778 751 2871 805 ille
2895 766 2999 804 non
3034 751 3204 819 plura.
3232 750 3373 805 Nihil
3399 759 3579 806 tamen

1972 842 2025 896 id
2068 843 2263 897 mirum
2287 884 2299 905 ,
2334 844 2771 913 quandoquidem
2813 844 2895 899 'de
2928 845 3235 914 Hyperione
3264 845 3353 897 alii
3402 844 3578 913 scrip-

1969 945 2114 991 tores
2141 940 2347 993 variant
2376 936 2394 1010 (
2420 937 2655 1004 Hesiod.,
2694 937 2978 1008 Theogon.,
3012 954 3140 993 vers.
3174 938 3299 1004 571,
3332 948 3380 993 et
3404 954 3576 1009 seqq.;

1966 1028 2152 1090 Cicer.,
2188 1028 2276 1082 lib.
2305 1044 2361 1084 ιιι
2398 1030 2462 1084 de
2489 1028 2685 1085 Natur.
2733 1030 2993 1096 deorum,
3033 1047 3154 1101 pag.
3181 1030 3309 1095 247,
3335 1031 3428 1085 lin.
3458 1031 3576 1095 45).

1965 1124 2035 1176 At
2063 1139 2182 1176 cum
2208 1134 2435 1192 utroque
2465 1122 2699 1178 Hesiodo
2728 1132 2782 1178 et
2809 1123 3074 1179 Cicerone
3100 1125 3153 1177 in
3184 1123 3249 1178 iis
3278 1123 3419 1179 belle
3447 1138 3582 1178 con-

1963 1216 2127 1269 sentit
2168 1216 2474 1279 Arnobius,
2504 1217 2595 1286 qni
2642 1218 2985 1273 continenter
3028 1215 3225 1283 adjecit
3256 1257 3269 1270 .
3310 1234 3330 1268 ε
3365 1215 3443 1271 Ex
3474 1216 3578 1271 La—

1965 1316 2089 1363 tona
2117 1314 2172 1363 et
2214 1309 2404 1364 eodem
2433 1309 2566 1364 Jove
2605 1309 2912 1365 arcitenens
2968 1310 3151 1363 Delius
3198 1319 3252 1365 et
3300 1312 3576 1381 sylvarum

1961 1400 2223 1471 captatrix
2258 1400 2439 1455 Diana.
2480 1420 2502 1453 ι
2536 1400 2775 1474 (Aruob.,
2805 1403 2889 1455 lib.
2926 1417 2995 1468 tv,
3028 1418 3148 1472 pag.
3184 1400 3332 1472 141.)
3368 1401 3491 1457 Sive
3521 1411 3580 1456 ut

1961 1492 2068 1545 alio
2097 1493 2147 1545 in
2178 1492 2316 1546 libro
2341 1492 2554 1547 dixerat
2578 1512 2599 1563 γε
2634 1512 2651 1543 ι
2685 1495 3085 1549 Arcitenentem
3116 1495 3277 1548 Diana
3301 1503 3355 1549 et
3384 1494 3577 1564 Apollo

1960 1586 2258 1641 circumlati
2294 1602 2389 1655 per
2414 1585 2566 1656 fugas
2594 1588 2802 1651 matris,
2848 1597 3012 1657 atque
3038 1589 3091 1641 in
3122 1586 3310 1642 insulis
3336 1588 3574 1643 erranti-

1958 1678 2061 1733 bus
2100 1681 2189 1734 vix
2216 1680 2334 1736 tuti.
2378 1700 2395 1733 i
2431 1679 2619 1755 (Ibid.,
2653 1679 2742 1736 lib.
2772 1697 2818 1749 ι,
2849 1700 2969 1754 pag.
3005 1682 3108 1749 2t);
3154 1681 3370 1737 Hesiad.
3400 1682 3574 1737 Theo-

1957 1787 2102 1841 gon.,
2141 1787 2271 1826 vers.
2327 1772 2431 1826 917
2457 1783 2504 1826 et
2526 1788 2698 1841 seqq.;
2743 1771 2877 1834 Cic.,
2905 1775 2993 1827 lib.
3020 1789 3076 1828 tu
3100 1773 3163 1827 de
3190 1772 3383 1828 Natur.
3403 1774 3572 1840 deor.,

246 1838 403 1906 deum,
434 1860 561 1916 pag.
590 1846 717 1914 248,
738 1849 830 1905 lin.
856 1850 948 1917 27;
972 1852 1212 1919 Hesiod.,
1244 1855 1528 1930 Tlieogon.,
1560 1875 1690 1914 vers.
1724 1860 1849 1927 195,
1883 1870 1930 1930 Β
1959 1838 2078 1931 pag.
2108 1861 2240 1926 248,
2269 1862 2361 1917 lin.
2389 1862 2487 1929 l7;
2524 1838 2759 1929 nomen,
2789 1863 2979 1931 Iliud.,
3024 1878 3136 1929 xw,
3183 1880 3312 1920 vers.
3372 1864 3480 1919 525
3528 1838 3578 1918 et

245 1944 288 1988 et
312 1950 496 2008 seqq.;
537 1937 689 1995 Serv.
722 1942 774 1996 iu
810 1944 941 2000 lib.t
974 1946 1162 2021 Georg.
1198 1949 1367 2023 Virg.,
1403 1970 1524 2023 pag.
1561 1954 1696 2022 “5;
1732 1954 1859 2009 Gre-

243 2041 373 2096 gor.,
406 2039 546 2084 erat.
576 2047 590 2084 ι
617 2032 671 2085 in
694 2032 926 2100 Julian.,
955 2048 1074 2094 ante
1100 2040 1262 2110 βω).-

312 2117 392 2172 Ex
445 2120 643 2176 eodem
676 2138 838 2193 porro
885 2126 1166 2186 Clemente
1238 2132 1610 2190 Alexandrino
1650 2138 1861 2194 videtur

244 2212 511 2269 Arnobius
539 2215 590 2269 id
622 2216 979 2289 deliberasse,
1000 2225 1141 2294 quod
1171 2226 1371 2297 adjecit
1400 2231 1647 2285 eamdem
1680 2248 1858 2288 mere-

244 2306 491 2361 triculam
522 2308 793 2365 Venerem
817 2328 849 2368 a
872 2315 1073 2387 Cynira
1097 2334 1222 2390 rege
1251 2320 1452 2392 Cyprio
1479 2324 1724 2391 dilatam,
1775 2327 1857 2381 di-

240 2411 531 2469 vorumque
578 2417 947 2461 consecratam
986 2409 1040 2464 in
1069 2428 1316 2469 numero.
1348 2414 1500 2482 Quod
1533 2418 1751 2485 quidem
1791 2414 1857 2475 ει

244 2504 273 2543 a
294 2489 435 2547 Julio
454 2490 693 2550 Firmico
723 2501 1097 2556 conlirmatum
1122 2505 1364 2562 invenies
1382 2516 1397 2577 (
1414 2509 1634 2575 Arnob.,
1659 2512 1747 2566 lib.
1773 2528 1850 2581 IV,

248 2600 363 2654 pag.
395 2587 543 2651 14“5;
575 2585 807 2644 Clemens
832 2594 1095 2650 Alexandr
1124 2641 1136 2664 ,
1169 2600 1420 2654 admonit.
1442 2602 1511 2655 ad
1531 2601 1662 2657 (ἕρπε
1691 2646 1706 2671 ,
1728 2624 1849 2677 pag.

248 2677 340 2742 lo;
383 2677 520 2734 Juli.
577 2680 775 2750 Firm.,
825 2687 890 2740 de
932 2705 1035 2742 err.
1060 2695 1197 2763 prof.
1230 2692 1406 2763 relig.,
1447 2711 1569 2767 pag.
1605 2696 1715 2767 15).
1746 2698 1852 2753 Nos

247 2778 419 2825 autem
454 2771 523 2828 de
550 2774 639 2829 illa
670 2778 871 2848 aliquid
896 2782 1020 2837 alibi
1062 2786 1477 2854 perstrinximus
1500 2788 1674 2860 (Tom.
1702 2807 1719 2846 ι
1746 2792 1852 2862 Ap—

246 2874 438 2935 parat.,
470 2885 573 2941 pag
585 2910 599 2924 .
631 2870 757 2944 79.9)
769 2911 783 2926 .

844 3024 1138 3067 ARTICULUS
1178 3027 1249 3068 IV.

247 3160 491 3220 Quomodo
514 3162 763 3213 Arnobius
785 3163 950 3213 falsam
995 3164 1132 3215 Jovis
1175 3166 1486 3217 divinitatem
1533 3169 1847 3220 demonstret

305 3238 365 3275 ex
390 3227 500 3292 eius
536 3226 797 3292 adulteriis
835 3240 945 3292 cum
983 3228 1286 3290 Hyperione,
1310 3232 1466 3292 unde
1512 3232 1593 3280 Sol
1630 3246 1844 3292 aureus;

302 3301 409 3355 cum
434 3287 638 3355 Latona,
661 3290 791 3337 unde
810 3287 1150 3355 arciteuentes
1183 3287 1352 3355 Apollo
1377 3299 1431 3341 et
1452 3292 1609 3341 Diana
1636 3297 1683 3343 in
1707 3287 1844 3345 iusuQ

303 3347 360 3399 lis
389 3352 703 3418 errantibus;
748 3365 858 3400 eum
903 3350 1055 3411 Leda,
1084 3347 1234 3418 unde'
1262 3354 1492 3405 Castores
1531 3356 1838 3418 'l‘yudaridte,

299 3425 386 3481 seu
413 3410 660 3481 Dioscu_ri.
686 3427 887 3481 ovorunt
915 3410 1198 3477 progenies,
1217 3428 1427 3481 quorum
1453 3410 1585 3466 alter
1604 3410 1843 3481 equorum

297 3473 526 3542 domitor,
546 3474 689 3542 alter
715 3473 1026 3542 pugillatur;
1042 3485 1089 3525 et
1114 3473 1269 3542 cestu
1310 3473 1696 3542 insuperabilis:
1724 3484 1843 3532 item

298 3534 405 3585 aliis
442 3534 916 3606 ίί-οηῆδἐθάιιιιεεξνὶίδὲ
947 3551 1056 3606 cum
1096 3538 1351 3606 Alcmena.
1394 3534 1524 3592 unde
1565 3542 1841 3606 Hercules;

298 3610 403 3663 gum
441 3596 666 3653 Semele,
713 3600 843 3663 unde
880 3600 1121 3661 Bacchus,
1161 3615 1252 3650 seu
1292 3602 1539 3663 Bromius,
1581 3605 1763 3663 Nisius,
1792 3596 1844 3658 et

299 3657 465 3729 Evins,
492 3672 561 3708 ex
602 3661 907 3729 genitalibus
944 3657 1116 3729 matris
1152 3663 1355 3729 fulmine
1396 3657 1538 3723 ictus,
1583 3677 1731 3729 atque
1755 3657 1842 3720 ὀὲ

295 3723 663 3789 seminepatris
684 3726 861 3789 iterum
888 3732 1030 3773 natus
1057 3738 1067 3771 :
1100 3727 1214 3789 item
1245 3726 1382 3776 Jovis
1403 3742 1513 3777 cum
1538 3723 1683 3789 Maia,
1705 3734 1840 3781 unde

296 3780 605 3850 mercurius;
632 3798 743 3850 cum
790 3786 1003 3850 Electra,
1033 3787 1167 3835 unde
1190 3788 1480 3850 Dardanus;
1527 3805 1634 3839 eum
1658 3780 1841 3843 Laoda-

296 3845 408 3903 mia,
448 3848 582 3911 unde
621 3846 899 3911 Sarpedon,
925 3850 1009 3899 ubi
1033 3850 1097 3897 de
1130 3850 1348 3900 Minerva
1384 3867 1443 3902 ex
1471 3845 1610 3902 Jovis
1633 3858 1841 3907 cerebro

297 3915 423 3967 nata,
451 3920 508 3957 ac
532 3909 597 3956 de
619 3909 839 3970 ejusdem
861 3911 997 3960 Jovis
1023 3913 1072 3960 in
1097 3916 1257 3962 varias
1301 3916 1617 3965 animantium
1661 3918 1841 3968 formas

294 3970 667 4039 mutationibus,
696 3974 1036 4039 atque‘dehis
1054 3977 1223 4023 verbis
1248 3990 1257 4022 :
1282 3976 1527 4039 Tisianes,
1550 3986 1602 4029 et
1625 3979 1841 4032 Bocores

292 4035 460 4095 mauri,
489 4041 643 4096 atque
658 4035 880 4085 habet-ali
896 4037 1264 4088 adolescentes.

302 4179 508 4252 Jupiter
531 4198 654 4239 cum
684 4183 1130 4241 Junone.sorore
1180 4202 1275 4243 sua
1332 4189 1603 4256 incestas,
1658 4199 1716 4244 ut
1763 4192 1838 4246 ait

232 4273 517 4343 Arnobius,
542 4286 598 4331 et
622 4287 779 4334 antea
808 4279 1175 4336 Tertullianus
1216 4282 1457 4352 (Arnob.,
1494 4284 1583 4340 lib.
1616 4302 1687 4351 tv,
1712 4303 1832 4360 pag'

236 4366 365 4434 145;
420 4368 664 4427 Tertull.
726 4373 973 4445 Apolog.,
1025 4392 1140 4445 cap.
1176 4376 1283 4446 li),
1334 4377 1530 4448 aliique
1559 4391 1831 4448 notarunt,

235 4450 439 4543 nuptias
467 4463 785 4520 celebravit.
808 4465 912 4520 Sed
958 4482 1183 4535 magnus
1215 4469 1303 4523 ille
1331 4468 1464 4524 deus
1502 4471 1832 4529 libidinosis-

233 4553 395 4617 simus
440 4556 539 4611 hac
570 4573 771 4624 uxore,
825 4558 998 4629 inquit
1046 4571 1235 4615 auctor
1278 4573 1491 4628 noster,
1544 4575 1831 4622 contentus

232 4660 336 4700 non
366 4646 482 4715 fuit,
504 4652 751 4719 quamvis
780 4654 888 4707 oris
910 4654 1191 4725 dignitate,
1215 4665 1267 4709 et
1296 4655 1539 4711 ulnarum
1564 4658 1819 4723 candore.
1852 4660 1906 4720 D

227 4736 343 4793 sive
370 4748 426 4793 ut
464 4740 731 4796 Homerus
755 4785 770 4810 ,
800 4743 1201 4816 Grcgoriusque
1233 4747 1601 4805 Nazianzenus
1630 4752 1823 4806 λουκὼ-

234 4829 370 4891 ὶενος
420 4831 697 4899 albiulna,
730 4845 891 4901 atque
938 4838 1133 4892 eximia
1191 4842 1377 4894 lormte
1430 4842 1825 4909 pulchritudine

205 4926 431 4978 .czeteris
458 4926 707 4981 omnibus
735 4940 881 4983 esset
925 4931 1208 4986 amabilior
1235 4932 1474 5003 (Arnob..
1505 4935 1676 4997 lib.tv,
1701 4953 1820 5008 pag.

200 5018 361 5083 ,141;
390 5016 629 5096 Romen,
666 5018 825 5076 Iliad.
858 5037 907 5091 ι,
935 5038 1066 5077 vers.
1097 5022 1161 5078 14
1192 5036 1235 5078 et
1258 5025 1414 5093 alibi;
1474 5024 1628 5096 Greg.
1663 5026 1822 5093 Ναί..

190 5116 199 5207 l‘
224 5120 361 5165 orat.
391 5095 496 5166 δίη
542 5110 776 5179 Iulium,
812 5132 933 5186 pag.
966 5115 1120 5187 257).
1174 5118 1255 5172 Ex
1282 5118 1444 5173 variis
1470 5095 1614 5174 enim
1668 5122 1826 5193 pelli-

221 5203 372 5258 cibus
398 5214 451 5259 et
473 5206 705 5267 scortis,
739 5218 900 5278 atque
929 5209 1064 5265 adeo
1089 5209 1307 5267 totidem
1339 5211 1613 5268 adulteriis
1634 5257 1648 5277 ,
1687 5215 1825 5273 ﬁlios

176 5360 184 5377 γ’
220 5300 521 5368 suscepisse
554 5300 894 5371 perhibetur.
941 5302 1129 5374 Neque
1177 5304 1226 5359 id
1259 5304 1460 5360 ethnici
1505 5322 1705 5377 negare
1734 5326 1827 5364 au-

178 5372 435 5501 idehant.
475 5391 840 5460 Quamobrem
873 5372 1148 5452 Arnobius
1177 5398 1300 5454 illos
1333 5399 1416 5453 his
1459 5400 1637 5455 verbis
1687 5403 1825 5458 allo-

184 5485 441 5563 lquitur:
478 5504 499 5537 ι
536 5486 615 5541 Ex
664 5487 999 5558 Hyperiona,
1042 5510 1061 5543 ι
1096 5492 1270 5563 inquit
1309 5493 1554 5563 (Arnob.,
1604 5496 1692 5549 lib.
1735 5513 1823 5563 tv,

212 5592 338 5647 pag.
370 5577 513 5647 141),
568 5589 733 5634 matre
752 5591 799 5634 et
850 5598 912 5636 ea:
937 5581 1067 5637 Jove
1105 5586 1401 5655 jaculalore
1446 5587 1678 5657 fulminis
1733 5590 1827 5645 Sol

186 5672 399 5752 puteus
437 5672 869 5744 ﬂagrantissimus
895 5684 1048 5730 natus
1092 5686 1187 5731 est.
1217 5677 1362 5733 Alibi
1397 5693 1563 5743 vero,
1614 5678 1822 5752 (lbid.,

248 5782 338 5835 ag.
384 5763 505 5836 ~l53)
539 5783 552 5832 ;
589 5786 608 5818 ι
646 5766 738 5823 Sol
770 5766 1041 5823 secundus
1072 5784 1224 5840 seque
1260 5771 1408 5827 Jovis
1438 5772 1596 5839 lilius,
1630 5784 1683 5827 et
1712 5774 1821 5846 lly-

276 5857 436 5910 eriona
477 5859 719 5922 proditus
744 5860 1025 5924 genitrice.
1067 5880 1087 5914 ι
1123 5864 1230 5921 Sed
1259 5864 1420 5933 plane
1445 5865 1713 5927 discrepat
1758 5867 1827 5925 ab

1964 1968 2135 2022 seqq.;
2190 1953 2392 2021 Strab.,
2448 1954 2535 2008 lib.
2592 1970 2625 2009 Χ
2687 1953 2873 2027 Geogr.
2924 1973 3045 2027 pag.
3101 1956 3242 2021 485;
3300 1953 3470 2011 Catul.
3520 1955 3573 2009 in

1963 2060 2126 2098 carm.
2168 2045 2347 2100 stecul.
2392 2045 2590 2110 Diam;
2624 2046 2798 2114 0vid.,
2838 2048 2926 2102 lib.
2972 2064 3040 2103 xv
3062 2047 3433 2119 Metamorph.,
3461 2048 3567 2119 fab.

1962 2136 2046 2208 9.)
2081 2139 2156 2193 De
2184 2141 2247 2194 iis
2271 2140 2550 2197 enimvero
2582 2143 2695 2197 inec
2724 2154 2851 2199 sunt
2877 2142 3096 2199 Hesiodi
3129 2143 3366 2199 carmina
3400 2160 3415 2195 :

2117 2272 2221 2322 ᾼητὼ
2246 2265 2281 2305 δ’
2305 2269 2507 2307 Απόλλωνα.
2539 2270 2602 2307 καὶ
2628 2259 2806 2321 Aesepus,
2828 2272 3040 2322 ὶοχίαιμιν,

2118 2319 2311 2380 Ῐμιρόιντα
2334 2333 2436 2381 γόνον
2459 2336 2538 2383 uel
2560 2319 2703 2371 sinunt
2728 2319 2979 2384 obeunti-time,

2117 2395 2256 2431 τύπτ’
2280 2390 2326 2444 ἄρ
2339 2423 2351 2440 ,
2373 2396 2557 2446 Δὶτιόχοιο
2582 2397 2662 2441 Διὸς
2686 2396 2853 2447 Ῠιλότητι
2873 2402 3030 2447 gat-(sica.

2055 2481 2242 2534 Latona
2274 2496 2440 2535 autem
2464 2486 2741 2549 Apollinem
2772 2496 2826 2537 et
2860 2488 3088 2550 Dianam,
3113 2491 3304 2554 sagittis
3342 2487 3566 2599 gratiﬁca-

3174 2552 3191 2554 ἡ
3380 2559 3478 2602 tem

2054 2608 2329 2675 Amabilem
2351 2611 2536 2675 prolem
2560 2626 2710 2675 super
2734 2628 2906 2663 omnes
2934 2615 3137 2675 czirlites,
3356 2552 3377 2614 [
3483 2590 3498 2613 ’

2053 2672 2235 2723 Geuuit
2257 2686 2397 2735 sane,
2422 2672 2642 2738 Aigioclii
2663 2675 2801 2727 Jovis
2820 2690 2990 2728 amore
3014 2672 3186 2728 mixta.

1958 2776 2147 2833 Tulius
2192 2794 2321 2834 vero
2353 2799 2371 2832 ε
2420 2781 2611 2851 Apollo
2667 2784 2856 2838 tertius
2904 2786 3038 2841 Jove
3087 2789 3248 2842 tertio
3297 2797 3457 2844 natus
3505 2799 3561 2846 et

1956 2870 2159 2926 Latona
2181 2916 2194 2940 ,
2228 2889 2385 2943 quem
2417 2892 2483 2929 ex
2534 2876 2898 2948 Hyperboreis
2932 2881 3166 2951 Delphos
3196 2882 3372 2938 ferunt
3399 2886 3564 2939 adve-

1959 2964 2123 3019 nisse.
2169 2984 2187 3018 ι
2239 2966 2332 3020 llis
2366 2982 2522 3033 vero,
2576 2979 2775 3037 prznter
2818 2971 3144 3041 Homerum,
3196 2976 3558 3039 Strabonem.

1954 3055 2252 3123 Catullum,
2308 3069 2363 3116 et
2402 3064 2538 3119 alios
2585 3066 2821 3121 concinit
2845 3064 3098 3134 Ovidius,
3130 3069 3219 3124 ubi
3254 3069 3561 3140 Apollinem

1954 3147 2223 3204 dicentem
2262 3151 2463 3210 inducit
2495 3172 2507 3207 :

2637 3271 2753 3337 Mihi
2774 3272 3012 3337 Delphica
3032 3273 3182 3327 tellus

2044 3327 2107 3402 ξίν,
2130 3327 2390 3402 C_laros,et
2412 3332 2661 3402 Tenedos,
2686 3327 3005 3401 l‘atarze'aque
3032 3341 3171 3402 regia
3196 3342 3367 3402 servit,

2042 3389 2238 3455 Jupiter
2262 3401 2337 3443 est
2352 3398 2566 3457 genitor.

1947 3494 2027 3548 Ex
2054 3495 2326 3551 Herodoto
2349 3515 2509 3569 porro
2534 3502 2708 3557 disces
2730 3544 2743 3569 ,
2777 3519 2875 3559 cur
2905 3506 3048 3561 idem
3079 3509 3270 3577 Apollo
3298 3520 3353 3565 et
3378 3510 3547 3565 Diana

1948 3590 2018 3641 ab
2048 3590 2292 3644 Aruobio
2342 3593 2624 3657 dicantur,
2666 3615 2683 3645 ι
2723 3598 3073 3670 circuniligati
3104 3616 3199 3670 per
3245 3601 3396 3669 fugas
3444 3621 3554 3658 ma-

1949 3683 2045 3735 tris
2075 3725 2087 3747 ,
2120 3694 2281 3754 atque
2305 3690 2358 3739 in
2389 3688 2581 3742 insulis
2622 3692 2926 3745 errantibus
2957 3693 3041 3746 vix
3076 3697 3193 3748 tuti.
3237 3715 3256 3747 ι
3288 3695 3363 3764 lbi
3410 3698 3553 3751 enim

1946 3773 2039 3828 ille
2062 3788 2250 3831 narrat
2276 3779 2581 3849 Apollinem
2616 3792 2669 3835 et
2695 3783 2915 3837 Dianam
2940 3803 2968 3839 a
2991 3784 3195 3840 Latona
3226 3787 3280 3840 in
3312 3788 3555 3845 Chetutni

1945 3869 2117 3922 insula
2141 3912 2152 3932 ,
2200 3887 2318 3938 qutt-
2350 3887 2536 3942 postea
2568 3877 2828 3931 innatavit
2851 3919 2865 3944 ,
2898 3880 3196 3935 occultatus
3226 3893 3281 3937 cl
3309 3894 3554 3937 servatos

1947 3961 2255 4031 (Ilerodot.,
2308 3965 2397 4019 lib.
2430 3980 2465 4020 ιι
2489 4010 2503 4033 ,
2541 3967 2569 4038 §
2606 3970 2739 4035 156,
2789 3988 2910 4042 pag.
2950 3972 3045 4026 151
3072 3991 3084 4039 ;
3115 3974 3337 4041 Arnob.,
3374 3975 3461 4029 lib.
3499 3993 3548 4043 ι,

1943 4070 2066 4123 pag.
2092 4057 2206 4126 ι20).

2011 4144 2314 4205 Subscribit
2362 4152 2558 4208 iterum
2608 4153 2857 4211 Ciceroni
2914 4168 3103 4213 auctor
3154 4172 3369 4227 noster,
3424 4178 3548 4218 cum

1948 4252 2136 4309 postea
2170 4246 2392 4301 tradidit
2420 4263 2485 4303 ex
2517 4251 2634 4318 ipso
2673 4252 2849 4308 adhuc
2877 4254 3011 4310 Jove
3031 4259 3239 4324 genitos
3264 4258 3548 4327 Castores,

1945 4351 1965 4386 t
2002 4333 2227 4401 Graece,
2266 4358 2284 4390 ›
2320 4340 2491 4410 inquit
2515 4341 2713 4414 (lbid.;
2772 4345 2862 4400 lib.
2896 4362 2970 4412 ιν,
3001 4364 3125 4417 pag.
3159 4347 3299 4418 141)
3336 4370 3353 4400 ο
3392 4350 3548 4407 Dios-

1938 4425 2079 4479 curis
2134 4442 2329 4484 nomen
2378 4442 2479 4487 est.
2520 4453 2536 4485 »
2574 4434 2801 4503 Scriptis
2838 4438 3117 4493 enimvero
3144 4440 3335 4495 Cicero
3385 4451 3545 4497 antea

1938 4515 2053 4571 ltmc
2082 4520 2432 4577 mandaverat
2463 4542 2473 4576 :
2506 4528 2799 4603 Δίοσκουροι
2830 4526 2988 4582 etiam
3014 4530 3153 4599 apud
3187 4529 3378 4586 Graius
3404 4535 3544 4588 mul-

1938 4613 2006 4667 tis
2036 4614 2208 4669 modis
2253 4617 2711 4675 nominautur.....
2768 4623 3000 4678 Secundi
3049 4623 3182 4679 Jove
3224 4628 3381 4680 tertio
3433 4627 3545 4681 uati

1931 4721 1997 4759 ex
2039 4706 2183 4761 Leda
2208 4706 2398 4765 Castor
2424 4722 2479 4765 et
2522 4712 2731 4768 Pollux.
2765 4736 2785 4767 ι
2816 4715 3085 4788 (Cic.,lib.
3127 4735 3183 4773 ιιι
3234 4722 3295 4773 de
3346 4718 3543 4775 Natur.

1932 4797 2098 4864 deor.,
2146 4819 2197 4871 p.
2235 4801 2384 4875 147.)
2438 4803 2661 4875 Utrique
2704 4807 3061 4878 adstipulator
3118 4813 3326 4868 accedit
3366 4813 3542 4868 Theo-

1930 4892 2098 4946 critus
2121 4904 2273 4963 poeta
2295 4910 2505 4966 grmcus
2537 4898 2621 4952 his
2651 4880 2983 4958 carniiuibus
3017 4901 3335 4974 (leocrit.,
3372 4904 3536 4979 Idyll.

1929 4984 2023 5057 ea)
2055 5003 2071 5039 τ

2082 5095 2260 5144 Υμνιομις
2284 5090 2406 5143 Avidis
2430 5111 2471 5137 τι
2494 5100 2555 5137 καὶ
2578 5101 2733 5151 Alfi.le
2760 5102 2839 5145 Διὸς
2863 5096 2941 5152 uir}.

2085 5158 2275 5208 Κάστῡρα,
2298 5160 2359 5195 ui.
2378 5160 2532 5211 φισιρὸν
2555 5158 2787 5202 Habaciist
2810 5164 2877 5206 πὺξ
2904 5164 3055 5215 ιξιθὶζιν
3075 5195 3085 5211 ,

2086 5221 2221 5269 Χιῖρᾳς
2246 5218 2487 5265 ιιιζιῦξαντι
2510 5226 2635 5271 plcet;
2663 5228 2820 5274 βοιοισιν
2844 5229 2988 5274 ἱμᾶσιν.

2021 5286 2212 5360 11γῐηιιο
2231 5291 2544 5343 celebramus
2569 5295 2715 5360 Ledae
2736 5305 2787 5345 et
2803 5297 2940 5345 Jovis
2964 5297 3187 5360 digiochi
3207 5300 3330 5349 lilios

2023 5350 2290 5423 Castorem,
2318 5361 2374 5423 et
2393 5356 2673 5423 terribilem
2695 5360 2966 5423 Pollucem,

2022 5412 2142 5461 Cum
2164 5427 2307 5465 manu
2332 5418 2489 5468 cinxit
2508 5419 2707 5469 bubulis
2731 5421 2865 5471 loris.

1931 5494 2140 5551 Videsis
2188 5509 2448 5568 praeterea
2480 5502 2697 5559 Homeri
2747 5505 3005 5576 hymnum
3049 5508 3101 5561 in
3138 5506 3286 5562 Jovis
3315 5521 3531 5576 pueros,

1930 5602 1993 5641 ac
2025 5587 2420 5648 Theodorctum
2449 5594 2767 5664 (Πισαίου-η
2792 5616 2947 5653 serm.
2981 5600 3015 5653 2
3044 5603 3106 5653 de
3138 5601 3319 5671 Angcl.
3351 5609 3398 5653 et
3427 5602 3533 5655 da:-

1930 5694 2092 5745 mon.,
2123 5683 2311 5753 pagiil
2330 5684 2399 5755 l).

2002 5777 2272 5831 Arnobius
2298 5792 2428 5832 vero
2454 5780 2643 5834 ambos
2668 5780 2863 5837 fratres
2919 5798 3025 5837 uno
3054 5783 3389 5853 smipliciqne
3432 5797 3532 5835 no-

1929 5866 2078 5922 mine
2124 5866 2377 5925 Castores
2428 5870 2698 5940 appellat;
2750 5893 2767 5925 ι
2823 5874 2976 5941 quia.
3034 5894 3050 5923 ›
3099 5875 3266 5937 inquit
3306 5872 3531 5927 Servius
