3872 6342
358 326 458 384 5H

1567 325 2019 386 DISSEBTATIO
2056 325 2334 384 PR/EVIA
3543 324 3636 382 519.

359 441 559 514 (Serm,
607 439 662 496 in
719 437 808 495 lib.
866 440 1054 514 Georg.
1121 442 1265 516 Virg.
1321 459 1449 500 vers.
1482 442 1571 511 88,
1621 460 1742 516 pag.
1794 441 1942 513 425),
1973 445 2164 506 Atum
2207 441 2524 513 singularis,
2574 441 2690 498 sine
2733 440 3066 512 diphthongo
3115 439 3352 497 balteum
3409 438 3635 508 Veneris,

367 553 386 585 ι
419 532 579 588 ambo
621 533 845 590 licenter
867 544 922 591 et
975 536 1225 594 Polluces
1274 547 1327 593 et
1373 537 1628 592 Castores
1673 547 1951 594 vocantur.

359 623 494 680 Nam
519 633 574 681 et
600 625 710 683 ludi
733 670 749 697 ,
781 637 838 684 et
859 629 1138 702 templum,
1170 639 1223 687 et
1247 630 1420 687 stella:
1449 628 1733 687 Castorum
1759 646 1956 688 vocan-

360 725 467 772 tur.
509 736 529 770 ι

434 809 618 866 Primo
645 821 826 869 autem
867 815 920 869 in
941 814 1077 871 libro
1104 815 1372 872 Arnobius
1393 817 1608 874 dixerat
1643 838 1655 874 :
1690 838 1709 870 ι
1738 818 1956 891 Tynda-

360 899 494 958 ridae
540 901 794 961 Castores
834 905 974 977 (ms.
1027 921 1141 978 reg.
1169 906 1319 964 Tunc
1352 908 1468 964 dari
1518 909 1586 965 de
1631 907 1956 982 Castores,)

361 1011 532 1068 equos
557 1013 695 1054 unus
719 998 983 1055 domitare
1018 999 1242 1068 solitus,
1271 1002 1408 1057 alter
1435 1001 1721 1074 pugillator
1742 1003 1916 1059 bonus
1941 1045 1957 1070 ,

362 1101 419 1147 et
461 1091 631 1148 crudo
656 1093 1099 1164 inexsuperabilis
1119 1104 1290 1151 caestu
1317 1114 1332 1150 :
1359 1095 1581 1154 Thanes
1600 1109 1656 1154 et
1696 1097 1955 1163 Bocores,

364 1184 506 1259 (ms.
540 1201 654 1258 reg.
683 1186 928 1244 Tisianes
959 1197 1013 1244 et
1058 1188 1356 1262 Bucures,)
1391 1191 1595 1257 Mauri,
1639 1201 1696 1248 et
1738 1208 1960 1248 ovorum

361 1279 648 1349 progenies
679 1279 759 1335 Dii
785 1280 926 1351 Syri.
960 1301 980 1334 ι
1025 1281 1268 1354 (Arnob,
1301 1283 1390 1339 lib.
1415 1300 1464 1350 ι,
1493 1301 1613 1357 pag.
1644 1284 1770 1358 20.)
1799 1285 1962 1340 Vides

362 1385 496 1427 sane
524 1386 684 1443 quam
732 1370 875 1428 foede
917 1372 1005 1429 hic
1035 1374 1183 1430 locus
1226 1377 1498 1446 imperitia
1527 1377 1725 1434 librarii
1770 1377 1963 1448 depra-

363 1475 519 1520 vatus
548 1465 638 1520 sit.
679 1465 1018 1538 Quapropter
1047 1467 1222 1524 lucem
1248 1470 1479 1541 aliquam
1505 1471 1614 1537 illi,
1644 1472 1819 1542 quoad
1846 1471 1963 1527 ﬁeri

365 1557 595 1626 poterit,
651 1555 845 1613 atferre
891 1559 1230 1615 conabimur.
1255 1560 1493 1616 Primum
1540 1561 1649 1626 ibi,
1701 1572 1757 1618 et
1784 1562 1963 1619 adhuc

364 1650 490 1706 alibi
540 1648 733 1708 Castor
759 1661 815 1708 et
843 1652 1057 1720 Pollux,
1088 1653 1404 1726 Tyndaridas
1438 1655 1694 1724 Castores,
1743 1658 1812 1714 ab
1865 1661 1966 1714 Ar-

364 1741 556 1808 nobio,
586 1751 642 1797 et
669 1757 699 1796 a
720 1741 982 1800 Cicerone
1027 1744 1343 1816 Tyndarida:
1371 1748 1762 1816 tantummodo,
1793 1759 1847 1806 et
1896 1750 1965 1805 ab

2059 536 2347 606 signiﬁcat.
2383 557 2400 589 ι
2432 537 2696 604 Quocirca
2721 537 3063 604 Theocritus,
3092 545 3151 591 ut
3179 537 3342 607 paulo
3367 545 3493 593 ante
3518 536 3636 591 vidi-

2060 643 2200 692 mus,
2229 614 2637 685 cecinitmanus
2666 629 2934 686 Polluscis
2977 630 3183 685 cinctas
3220 631 3442 684 Βοέοισιν
3482 630 3638 703 ἱμᾶσιν

2063 722 2260 776 bubulis
2304 721 2447 785 loris,
2489 721 2646 776 sicuti
2686 722 2920 778 reddidit
2961 721 3080 792 ejus
3123 722 3414 792 interpres,
3461 720 3510 776 id
3547 731 3638 784 est,

2061 813 2332 871 aestibus.
2363 813 2569 883 Quibus
2598 813 2815 887 adjungi
2861 825 3037 886 potest
3065 813 3293 882 Seneca,
3327 812 3422 886 qui
3461 812 3638 871 alicubi

2061 905 2197 962 dixit
2227 924 2239 960 :

2405 1064 2562 1116 Cedet
2584 1065 2785 1117 Castore
2809 1080 2921 1117 cum
2942 1080 3033 1117 suo

2407 1127 2600 1190 Pollux,
2625 1130 2852 1179 caestibus
2878 1132 3052 1192 aptior.

2773 1210 2990 1274 (Senec.,
3012 1206 3064 1262 in
3081 1210 3277 1273 Medea,
3302 1216 3398 1262 act.
3416 1210 3473 1275 ι.)

2065 1361 2133 1414 At
2163 1358 2228 1414 de
2257 1367 2423 1414 cmstu
2449 1359 2649 1429 aliquid
2680 1361 2733 1415 in
2764 1361 2946 1430 priore
2971 1361 3279 1431 Apparatus
3306 1365 3482 1421 nostri
3512 1373 3642 1421 torno

2065 1453 2441 1507 annotavimus
2486 1452 2633 1525 (tom.
2678 1469 2715 1522 ι,
2763 1454 3042 1525 Apparal.,
3093 1455 3182 1510 lib.
3232 1471 3311 1524 ιιι,
3365 1458 3559 1516 dissert.
3597 1459 3646 1528 2,

2067 1562 2186 1618 pag.
2219 1547 2358 1603 1195
2379 1557 2426 1602 et
2445 1548 2634 1619 ηιμ).

2140 1639 2309 1710 Major
2339 1642 2519 1709 itaque
2549 1640 2845 1698 difficultas
2874 1651 2960 1699 est
2987 1644 3041 1699 in
3084 1645 3400 1715 penultimis
3444 1645 3647 1702 Arnobii

2069 1734 2248 1788 verbis
2283 1751 2297 1788 :
2333 1731 2546 1788 Titanes
2575 1744 2628 1789 et
2650 1733 2875 1792 Bocores
2907 1736 3116 1803 Mauri,
3145 1747 3238 1793 aut
3266 1748 3324 1794 ut
3351 1739 3405 1794 in
3437 1755 3537 1794 ms.
3563 1755 3648 1795 co-

364 1834 557 1890 Ovidio
581 1835 908 1909 Tyndaridae
935 1837 1129 1895 fratres
1149 1851 1522 1911 nuncupantur
1539 1840 1558 1915 (
1577 1842 1747 1911 Idem,
1776 1843 1864 1898 lib.
1897 1861 1964 1910 ιι,

2079 1826 2192 1884 dice
2221 1830 2369 1898 regio
2402 1830 2617 1898 legitur,
2654 1829 2886 1887 Tisianes
2913 1842 2961 1886 et
2989 1832 3196 1888 bucules
3220 1836 3392 1889 mauri
3427 1834 3646 1924 (Arnob,

366 1945 488 1999 pag.
511 1929 612 1996 9'5;
636 1928 800 1984 Cicer.
820 1930 910 1986 lib.
935 1947 972 1986 ιι
998 1933 1061 1986 de
1085 1931 1277 1988 Natur.
1310 1935 1474 2001 deor.,
1502 1953 1624 2008 pag.
1641 1937 1770 2000 2H;
1794 1947 1841 1992 et
1868 1938 1959 1994 lib.

368 2036 455 2085 ιιι,
489 2038 608 2092 pag.
642 2020 737 2088 24;
770 2021 972 2091 .Ouid.,
1001 2025 1089 2078 lib.
1123 2042 1155 2079 ν
1181 2024 1422 2094 Fastor.,
1449 2027 1542 2082 sub
1580 2028 1724 2100 βω).
1757 2029 1961 2086 Nomen

366 2124 545 2171 autem
573 2115 705 2172 illud
748 2117 923 2173 sortiti
953 2128 1077 2174 sunt
1101 2136 1117 2185 ;
1145 2121 1268 2191 quia
1316 2136 1412 2177 eos
1438 2137 1504 2178 ex
1543 2122 1795 2195 Tyndaro
1838 2141 1965 2196 rege

368 2207 607 2264 Oebalia
632 2218 689 2264 et
712 2208 859 2265 Leda
916 2211 1033 2281 ejus
1079 2227 1248 2269 uxore
1297 2224 1588 2286 prognatos
1635 2217 1958 2280 credebant;

367 2302 613 2374 quamvis
635 2317 705 2358 cx
731 2302 928 2359 furtivo
959 2303 1140 2371 lovis,
1171 2306 1223 2361 in
1271 2322 1504 2378 cygnum
1531 2310 1778 2366 conversi
1800 2354 1815 2378 ,
1844 2327 1966 2366 cum

366 2396 513 2453 Leda
565 2412 860 2469 congressu
891 2399 1001 2454 nati
1028 2398 1277 2455 fuissent.
1322 2399 1400 2455 Ex
1445 2401 1579 2457 Jove
1627 2404 1772 2459 enim
1821 2404 1965 2461 Leda

368 2487 478 2545 duo
504 2491 714 2560 peperit
740 2504 863 2556 ova,
893 2505 961 2546 ex
985 2491 1181 2563 quibus
1209 2508 1314 2548 non
1340 2494 1513 2549 solum
1544 2493 1742 2552 Castor
1763 2509 1817 2551 et
1839 2497 1934 2552 Pol
1956 2533 1966 2540 -

371 2581 498 2649 lux,
543 2580 640 2638 sed
684 2580 887 2637 Helena
918 2583 1078 2638 etiam
1131 2583 1603 2658 etClytemnestra
1650 2589 1776 2644 editi
1826 2589 1970 2646 iere-

368 2674 585 2732 bantur.
624 2677 800 2748 Atque
831 2676 968 2733 hanc
993 2694 1124 2735 sane
1177 2679 1248 2735 ob
1277 2695 1495 2736 causam
1543 2682 1783 2739 Dioscuri
1823 2689 1970 2741 Δίοσ·

371 2790 575 2847 κουροι,
631 2777 690 2824 ιιι
713 2769 948 2826 diximus
967 2812 983 2838 ,
1014 2786 1044 2825 a
1074 2786 1209 2828 voce
1237 2775 1346 2834 Διὸς
1396 2773 1560 2840 Jovis,
1593 2785 1649 2832 et
1675 2776 1813 2850 κόροι
1859 2778 1971 2833 sive

373 2865 582 2932 κοῦροι,
622 2858 717 2915 lilii
747 2863 1113 2932 cognominati
1158 2873 1303 2918 sunt.
1348 2865 1686 2936 Quapropter
1725 2870 1972 2925 nonnulli

371 2953 668 3022 conjiciunt
709 2956 761 3009 in
792 2957 1013 3012 Arnobii
1042 2968 1190 3014 textu
1238 2973 1336 3028 pro
1383 2957 1472 3014 Dii
1499 2961 1644 3033 Syri,
1690 2963 1971 3034 legendum

2068 1919 2158 1974 lib.
2191 1937 2228 1986 ι,
2278 1939 2399 1993 pag.
2431 1923 2550 1995 20),
2589 1940 2708 1994 qua:
2751 1924 3019 1981 Heraldus
3057 1928 3315 1998 explicari
3358 1919 3471 1984 non
3509 1942 3651 1999 posse

2069 2013 2214 2069 ultro
2235 2013 2456 2070 fatetur.
2485 2014 2872 2086 Suspicabatur
2897 2028 3080 2078 autem
3111 2021 3451 2078 Stewechius
3481 2022 3649 2094 legen-

2068 2106 2197 2162 dum
2223 2125 2236 2160 ε
2264 2107 2420 2180 Ignes
2452 2122 2499 2164 et
2527 2113 2757 2183 fulgores
2778 2113 2999 2180 marini;
3027 2114 3152 2184 quia
3173 2113 3368 2170 Castor
3394 2125 3448 2171 et
3474 2115 3648 2171 Pollux

2101 2201 2240 2257 tella:
2279 2212 2406 2257 sunt
2447 2204 2823 2276 navigantibus
2863 2207 3148 2263 salutares.
3195 2207 3422 2264 Seneca:
3461 2217 3646 2273 autem,

2121 2293 2252 2360 linii,
2286 2305 2342 2349 et
2383 2297 2613 2352 aliorum
2658 2299 2971 2354 testimonio
3016 2300 3150 2355 illud
3197 2302 3416 2362 (innare
3459 2310 3652 2372 poterat

2075 2385 2311 2455 (Senec.,
2332 2389 2421 2444 lib.
2447 2407 2487 2456 ι,
2512 2389 2702 2445 Natur.
2731 2392 2947 2459 Quiut,
2971 2410 3091 2466 cap.
3122 2395 3176 2463 1,
3206 2395 3477 2470 pag.l05;
3497 2394 3649 2461 Plin,

2073 2479 2161 2534 lib.
2195 2496 2255 2547 ιι,
2287 2480 2484 2538 Natur.
2508 2483 2675 2551 Ilist.,
2710 2503 2827 2556 cap.
2862 2487 2975 2558 57).
3017 2487 3126 2543 Sed
3155 2489 3278 2546 aliis
3309 2490 3524 2546 minime
3546 2490 3648 2559 pla-

2074 2570 2185 2624 cuit
2229 2570 2347 2627 htec
2376 2574 2670 2632 Stewechii
2706 2577 3038 2648 conjectura.
3084 2579 3324 2636 Meursio
3359 2582 3549 2653 margis
3573 2596 3651 2636 ar—

2074 2661 2193 2717 risit
2241 2664 2414 2722 Grotii
2458 2669 2722 2725 divinatio
2743 2713 2756 2737 ,
2791 2687 2898 2740 qua
2931 2669 3190 2727 Tisianira
3219 2682 3267 2728 et
3307 2673 3499 2729 Bucero
3527 2675 3648 2740 nali,

2070 2765 2420 2822 scribendum
2443 2764 2832 2835 augurabatur.
2853 2764 3121 2822 Tisianira
3143 2767 3290 2822 enim
3309 2779 3391 2824 est
3407 2765 3648 2830 Nemesis,

2075 2863 2190 2918 sive
2226 2861 2368 2915 Leda
2391 2902 2406 2923 ,
2435 2869 2492 2914 et
2523 2859 2738 2928 Jupiter
2767 2857 3034 2924 Bucerus,
3067 2869 3123 2914 ut
3155 2873 3309 2930 pote,
3360 2861 3414 2916 in
3461 2870 3651 2916 taurum

2077 2953 2368 3024 aliquando
2406 2961 2664 3007 mutatus.
2696 2951 2963 3007 Bucerum
3000 2952 3142 3006 enim
3171 2968 3366 3022 pecus,
3395 2963 3448 3008 et
3476 2952 3653 3006 bucera

372 3043 648 3102 Dioscuri.
684 3049 949 3106 Seldenus
997 3066 1127 3107 vero
1170 3052 1497 3122 peculiarem
1539 3054 1608 3110 de
1652 3055 1756 3112 diis
1805 3057 1975 3129 Syriis
2079 3056 2322 3103 armenta
2340 3047 2479 3102 idem
2499 3061 2563 3101 ac
2584 3046 2758 3102 boves
2781 3046 3112 3118 significant.
3134 3045 3244 3101 Sed
3265 3047 3502 3116 quamvis
3522 3044 3654 3100 lovis

370 3136 569 3194 librum
599 3139 905 3211 divulgavit.

2080 3155 2379 3212 cognomen
2429 3138 2618 3195 fuisset
2663 3138 2906 3208 Bucero,
2957 3138 3175 3212 probari
3225 3149 3403 3194 tamen
3446 3136 3654 3192 debebat

445 3231 526 3287 Ex
570 3231 657 3287 his
699 3245 879 3291 autem
913 3280 927 3303 ,
985 3251 1107 3307 quae
1146 3239 1304 3308 paulo
1353 3251 1480 3296 ante
1525 3242 1966 3314 observavimus,
1998 3236 2044 3300 C
2077 3250 2175 3290 cur
2206 3233 2279 3288 ibi
2319 3233 2596 3288 Arnobius
2637 3231 3264 3288 mentionenrhabuerit
3309 3231 3452 3286 Jovis
3496 3231 3654 3300 potius

374 3323 532 3380 facile
575 3326 890 3399 intelligitur
933 3343 1032 3385 cur
1049 3329 1240 3387 Castor
1288 3343 1341 3389 et
1369 3332 1580 3402 Pollux,
1613 3337 1682 3391 ab
1729 3339 1969 3395 Arnobio

373 3416 622 3475 dicantur
668 3421 908 3489 (Arnob,
963 3424 1053 3478 lib.
1075 3440 1112 3492 ι,
1177 3443 1298 3498 pag.
1343 3426 1470 3500 120)
1503 3443 1726 3484 ovorum
1780 3448 1972 3503 proge-

375 3508 518 3580 nies,
559 3510 784 3582 Jupiter'
811 3529 977 3570 vero:
1032 3514 1382 3573 Candidorum
1422 3532 1716 3590 procreatur
1763 3539 1971 3578 ovorum

377 3601 569 3674 (Idem
599 3605 689 3660 lib.
716 3622 786 3672 tv,
819 3625 940 3679 pag.
966 3609 1114 3681 142),
1143 3610 1210 3666 de
1233 3611 1428 3681 quibus
1447 3622 1645 3682 praeter
1667 3615 1802 3670 alios
1830 3615 1970 3671 Vos-

377 3697 512 3751 sius.
537 3697 608 3752 At
652 3697 794 3754 istud
823 3699 1019 3766 adhuc,
1061 3711 1117 3757 et
1141 3703 1284 3773 quod
1324 3714 1510 3760 auctor
1540 3715 1721 3762 noster
1774 3708 1972 3764 ibidem

378 3787 579 3864 adjecit
621 3804 784 3845 unum
833 3806 1000 3862 equos
1054 3792 1317 3850 domitare
1369 3795 1617 3862 solitum,
1652 3809 1706 3854 et
1742 3799 1970 3856 alterum

378 3881 580 3937 bonum
609 3883 983 3954 pugillatorem
1010 3885 1195 3955 fuisse,
1230 3887 1478 3947 Horatius
1510 3890 1612 3948 hoc
1640 3909 1801 3951 versu
1819 3875 1971 3953 bello

379 3974 667 4030 confirmat
697 3994 710 4030 :

473 4066 844 4193 gaudet
866 4073 1026 4136 equis,
1045 4086 1140 4126 ovo
1155 4082 1425 4140 prognatus
1457 4079 1632 4130 eodem

975 4198 1358 4262 (Horal.,serm.
1383 4201 1469 4254 lib.
1504 4220 1556 4267 ιι,
1575 4218 1696 4260 vers.
1713 4208 1816 4275 25.)

383 4303 525 4359 Alibi
547 4319 678 4360 vero
705 4305 840 4363 illud
868 4310 1082 4380 repetit,
1107 4325 1312 4383 eosque
1332 4312 1495 4372 Leda:
1518 4314 1661 4372 filios
1683 4314 1830 4375 hisce
1857 4335 1976 4377 car-

383 4396 624 4454 minibus
650 4401 886 4470 appellat
918 4421 932 4456 :

476 4489 648 4567 Ricam
674 4501 726 4543 et
744 4493 987 4567 Alcidem,
1017 4514 1292 4567 puerosque
1312 4502 1479 4566 Ledae,

475 4551 620 4626 Hunc
641 4558 802 4620 equis,
828 4551 1422 4631 illum'superarepugnis

478 4615 720 4670 Nobilem.

914 4686 1099 4750 (Idem,
1123 4687 1209 4741 lib.
1231 4707 1267 4752 ι,
1290 4692 1373 4742 od.
1402 4692 1478 4756 12,
1504 4707 1628 4748 vers.
1656 4695 1761 4761 ‘33.)

386 4785 608 4843 Horatio
661 4789 883 4858 pulchre
933 4791 1158 4852 Ovidius
1206 4795 1632 4872 Propertiusque
1685 4802 1980 4861 concinunt

387 4877 593 4950 (Ouid.,
626 4882 717 4938 lib.
762 4901 814 4951 v,
845 4883 1054 4942 Faster.
1074 4906 1094 4954 ;
1139 4887 1411 4962 Propert.,
1442 4893 1529 4947 lib.
1582 4909 1662 4958 ιιι,
1697 4895 1826 4966 eleg.
1863 4897 1977 4965 13).

458 4974 597 5044 Quid
638 4978 708 5032 sit
746 4989 928 5036 autem
967 4993 1186 5051 caestus,
1230 5000 1338 5055 quo
1369 4985 1558 5043 Pollux
1598 4990 1981 5058 insuperabilis

387 5068 604 5139 dicitur,
652 5071 827 5129 disces
867 5090 934 5130 ex
975 5075 1168 5133 Servio
1216 5080 1268 5134 in
1314 5079 1486 5146 hunc,
1528 5082 1596 5138 ad
1640 5098 1800 5155 quem
1843 5084 1982 5141 forte

387 5161 592 5217 Auctor
619 5173 805 5220 noster
834 5169 1094 5240 respexit,
1124 5171 1331 5243 Virgilii
1362 5188 1579 5229 versum
1613 5193 1625 5229 :

480 5275 585 5326 Seu
602 5278 753 5328 crudo
775 5279 881 5333 fidit
902 5296 1115 5348 pugnam
1139 5290 1449 5339 committere
1464 5297 1635 5342 aestu.

633 5377 638 5382 '
872 5365 1099 5429 (Virgil.,
1117 5369 1198 5421 lib.
1224 5386 1254 5422 v
1280 5369 1493 5434 Λειιεὶά..
1511 5386 1634 5426 vers.
1657 5375 1762 5439 68.)

389 5467 466 5525 lhi
495 5469 758 5541 siquidem
787 5470 877 5528 ille
903 5473 1020 5530 haec
1049 5477 1428 5534 animadvertit
1458 5499 1472 5534 :
1509 5499 1527 5532 ι
1565 5479 1744 5536 Crudo
1770 5491 1935 5539 casta
1967 5502 1981 5540 :

388 5573 480 5618 aut
504 5562 732 5632 crudeli,
758 5575 850 5620 aut
874 5565 1034 5632 duro,
1065 5578 1122 5623 ut
1149 5571 1221 5625 sit
1243 5572 1564 5642 simpliciter
1587 5573 1810 5640 dictum.
1840 5575 1982 5646 quod

389 5673 459 5713 ex
502 5659 655 5714 corio
703 5658 840 5716 duro
885 5661 990 5717 sint
1041 5675 1237 5719 caestus
1272 5685 1284 5720 :
1317 5678 1409 5722 aut
1450 5684 1546 5737 per
1589 5667 1981 5740 diphthongum

391 5754 632 5827 pugilum
659 5768 809 5811 arma
845 5756 1134 5829 significat.
1168 5759 1342 5817 llabet
1380 5763 1643 5834 pluralem
1673 5781 1978 5834 numerum,

389 5858 446 5906 ct
469 5858 553 5906 est
577 5860 782 5922 quarta:
808 5849 1014 5912 formae.
1037 5853 1174 5914 Nam
1202 5867 1396 5917 caestus
1421 5858 1596 5927 cresti,
1624 5859 1836 5916 numeri
1864 5870 1980 5918 tan-

2075 3323 2323 3380 conversi
2371 3325 2425 3378 in
2479 3332 2695 3378 taurum
2740 3339 2904 3396 quam
2954 3313 3326 3395 in‘xcygnum,
3374 3323 3473 3378 sub
3516 3321 3653 3390 cujus

2075 3418 2250 3472 forma
2281 3416 2504 3471 violavit
2525 3415 2751 3484 Ledam,
2779 3415 2847 3472 de
2875 3433 2978 3488 qua
3005 3405 3077 3474 ibi
3099 3416 3359 3496 diSputat.
3385 3415 3461 3471 Ad
3491 3427 3650 3468 veram

2076 3513 2238 3583 igitur
2296 3510 2592 3566 Arnobiani
2650 3521 2831 3567 textus
2885 3512 3192 3570 lectionem
3244 3508 3650 3569 restituendam,

2075 3605 2212 3659 alios
2255 3613 2402 3660 certo
2448 3605 2793 3676 incorruptus
2822 3606 2996 3661 codex
3023 3604 3425 3683 manuscriptus
3461 3599 3653 3656 deside-

2075 3707 2247 3754 ratur.
3343 3711 3354 3721 “

2151 3789 2331 3860 Pergit
2356 3789 2629 3847 Arnobius
2663 3791 2902 3862 (Arnob.,
2937 3792 3026 3847 lib.
3061 3811 3134 3858 ιν,
3168 3812 3295 3868 pag.
3331 3789 3469 3861 lli),
3492 3796 3543 3843 et
3564 3783 3652 3839 alia

2077 3883 2226 3942 Jovis
2267 3883 2534 3939 adulteria
2589 3883 2666 3939 sic
2711 3896 2899 3940 contra
2939 3887 3199 3944 Etlmicos
3260 3903 3420 3962 urget
3468 3900 3532 3935 ε(
3584 3877 3652 3932 Εε

2079 3979 2341 4034 Alcmena
2367 3988 2423 4035 et
2452 3977 2643 4034 eodem
2669 3977 2804 4035 Jove
2831 3991 2990 4036 nntus
3019 3993 3103 4036 est
3129 3982 3394 4040 Hercules
3428 3975 3508 4038 ille
3529 3970 3652 4027 Τιιο⁶

2080 4073 2271 4137 banus,
2303 4089 2463 4144 quem
2493 4074 2645 4129 clava
2677 4075 2942 4145 pellisque
2972 4085 3158 4132 tutata:
3186 4088 3353 4134 sunt:
3384 4095 3453 4136 ex
3466 4063 3654 4125 semel”

2076 4177 2238 4238 atque
2267 4169 2384 4240 ipso
2420 4167 2601 4234 Liber,
2632 4173 2724 4240 qui
2750 4169 3000 4225 Bromius
3037 4171 3258 4242 dicitur,
3292 4183 3350 4230 et
3377 4191 3442 4231 ex
3472 4160 3650 4229 semine

2082 4261 2277 4317 iterum
2309 4273 2468 4318 natus
2496 4263 2668 4334 patris
2697 4279 2712 4319 :
2743 4279 2808 4319 cx
2838 4265 2957 4332 ipso
2988 4281 3179 4321 rursus
3200 4279 3258 4323 et
3288 4268 3446 4337 Maia,
3477 4267 3652 4322 Mercu’

2079 4357 2192 4414 rius
2231 4371 2328 4412 ore
2374 4355 2667 4423 facundus,
2711 4367 2765 4412 et
2794 4361 3052 4428 gestator
3093 4358 3388 4417 alfabilium
3435 4347 3652 4417 colubra-

2082 4465 2223 4515 rum,
2263 4470 2281 4503 ι
2311 4451 2428 4506 sive
2461 4451 2756 4506 draconum
2785 4452 2838 4506 in
2870 4452 3127 4519 caduceo,
3158 4469 3269 4524 quo
3302 4453 3430 4509 belli
3455 4453 3581 4508 lini}.
3607 4446 3652 4491 ει

2084 4544 2233 4615 pacis
2274 4545 2486 4600 initium
2516 4545 2875 4602 indicebatur.
2927 4546 3033 4604 Sed
3065 4547 3182 4604 haec
3216 4550 3305 4604 cui
3349 4549 3525 4618 ignota
3555 4545 3649 4600 eise

2002 4636 2058 4697 D
2085 4641 2344 4712 possunt?
2389 4642 2464 4696 De
2505 4643 2703 4712 triplici
2743 4653 2923 4698 autem
2963 4643 3114 4699 Jovis
3155 4645 3444 4710 adulterio,
3472 4655 3578 4712 quo
3600 4640 3645 4680 ’ἰ

2085 4735 2256 4791 tribus
2279 4735 2493 4791 feminis
2515 4736 2734 4792 totidem
2765 4736 2904 4791 illius
2929 4738 3238 4808 suscepisse
3265 4738 3455 4801 fertur,
3483 4732 3642 4787 Hesio

2083 4827 2184 4885 dus
2211 4828 2326 4885 haec
2354 4829 2550 4885 cecinit
2575 4826 2814 4900 (Hesiod.
2842 4827 3130 4900 Tlieogon.,
3164 4846 3216 4895 ν,
3250 4828 3352 4886 957
3378 4835 3425 4882 et
3450 4818 3609 4893 seqq.)
3642 4836 3656 4874 :

2243 5003 2327 5049 Ζηνὶ
2349 4998 2383 5039 δ’
2403 4997 2461 5052 ἆρ’
2487 4993 2661 5049 Asiani;
2684 5004 2784 5051 Μαίη
2801 5005 2880 5040 tiu
2896 4998 3046 5050 ιῢδιςων
3069 4993 3187 5053 lippis
3205 5031 3215 5046 ,

2244 5065 2377 5113 vapux'
2401 5065 2600 5110 ἀθανάτων,
2623 5065 2716 5115 ἱιρὸν
2735 5065 2838 5116 λάχος
2863 5064 3098 5103 domum.

2241 5123 2406 5175 Καδμείη
2440 5125 2476 5166 δ’
2498 5123 2569 5177 ἄρα
2591 5127 2624 5164 οἱ
2648 5129 2776 5176 Σιμὶλη
2795 5132 2876 5167 xlxs
2894 5123 3060 5178 ᾳιὶὃῖμω
3082 5127 3157 5164 υἱὸν
3171 5156 3181 5170 ,

2241 5189 2408 5240 Mtﬂs‘la’
2434 5191 2469 5228 ιν
2491 5189 2670 5240 φιλότητι,
2693 5193 2861 5228 Διόνυσον
2878 5191 3081 5239 solum“:

2243 5241 2431 5290 Ᾰοάνατον
2454 5253 2576 5301 θνητή.
2603 5256 2661 5290 νῦν
2685 5249 2720 5291 δ’
2739 5254 2934 5304 ἀμφότιροι
2966 5253 3040 5291 hei
3062 5255 3150 5292 ιὶσιν
3169 5282 3177 5296 ,

2241 5304 2408 5364 λλιμήνη
2432 5310 2467 5353 δ’
2491 5311 2551 5364 ἄρ’
2577 5315 2693 5354 ita“
2721 5318 2800 5364 βίην
2820 5305 3042 5366 [ipsinam

2245 5377 2409 5429 Μιχθιίσ⁵
2440 5380 2475 5415 ιν
2498 5378 2662 5428 φιλότητι
2683 5380 2763 5425 Διὸς
2785 5379 3070 5429 νιᾳληγιριταο.

2178 5489 2289 5561 {ovi
2312 5503 2431 5540 vero
2453 5491 2490 5540 Α
2499 5489 2665 5561 tlantis
2681 5490 2776 5540 tilia
2799 5493 2996 5561 peperit
3012 5491 3270 5553 gloriosum
3287 5485 3575 5561 “egentium:

2179 5552 2464 5618 lfrteconem
2487 5554 2712 5618 deorum,
2751 5545 2937 5618 sacrum
2961 5545 3144 5618 lectum
3165 5545 3490 5618 conseendens.

2183 5614 2343 5680 Cadmi
2368 5613 2466 5664 lilia
2493 5628 2612 5680 verq
2634 5609 2836 5680 Semele
2861 5616 3255 5680 peperiticlarum
3279 5609 3432 5664 ﬁlium,

2181 5677 2304 5743 item
2325 5691 2434 5743 cum
2451 5692 2513 5727 eo
2536 5677 2740 5743 habens,
2762 5677 3045 5743 Dionysium
3066 5679 3278 5743 hilarem,

2181 5740 2510 5792 immortalem
2535 5741 2752 5789 mortalis
2775 5755 2787 5788 :
2813 5739 2942 5791 nunc
2965 5743 3106 5791 ambo
3123 5739 3193 5788 dii
3207 5741 3329 5785 sunt.

2181 5802 2416 5866 Alcmene
2443 5815 2571 5866 vero;
2585 5804 2780 5866 peperit
2801 5806 2898 5853 vim
2916 5802 3263 5855 Herculaueam

2181 5865 2333 5917 Mixta
2357 5880 2520 5921 atmre
2545 5864 2664 5916 JOvi'
2681 5867 2965 5929 nnhicogo..

3769 5947 3819 6217 ἲ
