3872 6346
64 6001 224 6245 \

225 359 325 419 5ὶῦ

1462 356 1522 411 IN
1561 353 1939 421 ARNOBIL‘M,
1983 356 2136 413 CAP.
2180 352 2270 412 XI.

3425 357 3530 422 till

227 479 301 533 De
330 477 432 530 hoc
459 483 641 531 autem
687 476 960 532 Alcmena:
991 482 1144 548 partu
1184 471 1372 531 Cicero
1402 491 1414 526 :
1449 476 1638 530 Sea-tus
1688 474 1821 529 llcr-
1849 479 1900 537 Λ
1926 474 2099 530 adhuc
2127 483 2440 545 excerptum
2475 476 2763 542 fateberis,
2794 477 2938 547 quod
2969 485 3156 534 auctor
3185 489 3374 539 noster
3400 485 3531 540 sub-

225 571 403 630 eules.
435 570 640 640 inquit,
686 586 752 623 ea:
790 570 1065 632 Alcmena,
1094 585 1242 638 quem
1267 567 1471 638 Jupiter
1495 571 1699 638 genuit,
1731 568 1820 622 sed
1922 567 2133 636 junxit,
2168 583 2230 622 ex
2264 571 2454 622 eodem
2499 567 2630 622 J0ve
2659 576 2714 624 et
2739 568 2873 622 Maia
2904 571 3144 640 genitum
3170 588 3292 628 esse
3319 573 3531 630 Mercu-

225 666 396 720 tertius
425 664 655 735 Jupiter.
701 663 895 730 Plura,
929 665 972 718 si
1007 664 1184 730 lubet,
1227 663 1366 732 apud
1401 663 1689 717 Diodorum
1732 661 1846 718 Si-'

224 759 424 826 culum,
456 757 778 822 Hesiodum,
827 757 1092 822 Plautum,
1136 766 1190 811 et
1229 755 1478 811 Vossium
1510 755 1692 825 legere
1728 770 1822 825 po-

225 850 372 906 teris.
429 849 595 904 Addit
646 864 776 903 vero
824 849 1028 903 Auctor
1081 856 1268 903 noster
1315 857 1440 918 post
1489 846 1822 902 Clementem

224 941 649 998 Alexandrinum
682 949 980 996 transactus
1007 941 1074 995 ab
1097 941 1287 996 eodem
1316 940 1447 995 Jove
1479 955 1673 995 novem
1702 954 1824 993 cum

225 1038 480 1092 Alcmena
513 1047 724 1092 noctes.
770 1037 844 1091 De
876 1036 977 1091 hoc
1006 1051 1170 1106 porro
1217 1034 1445 1105 aliisque
1472 1033 1538 1088 ab
1581 1033 1826 1089 Arnobio

225 1140 408 1188 nostra
436 1131 758 1186 memoratis
793 1131 943 1185 Jovis
982 1129 1267 1184 adulteriis
1295 1129 1491 1184 videsis
1529 1127 1824 1183 Homerum

224 1224 374 1295 (Cia,
407 1226 445 1278 ι.
480 1239 562 1289 ιιι,
589 1223 650 1276 de
679 1221 871 1276 Natur.
900 1223 1067 1284 dear.,
1093 1239 1146 1292 p.
1170 1220 1300 1286 205,
1332 1220 1427 1276 lin.
1451 1220 1547 1274 ult.
1580 1218 1825 1285 Diodar.,

225 1322 258 1372 l.
288 1335 364 1385 tv,
399 1318 570 1385 Bibl.,
604 1336 657 1387 p.
691 1319 822 1382 157;
857 1315 1102 1382 Hesiod.,
1134 1315 1196 1368 de
1238 1324 1383 1368 scuto
1415 1313 1574 1367 Herc.
1619 1313 1824 1376 Plaut.,

223 1411 273 1464 in
302 1411 562 1481 Amphit.;
606 1408 778 1476 Vass.,
810 1409 848 1461 l.
877 1425 914 1473 ι,
944 1408 1007 1461 de
1033 1408 1166 1479 orig.
1199 1416 1245 1460 et
1276 1422 1451 1476 progr.
1481 1405 1632 1469 idal.,
1663 1421 1708 1457 c.
1736 1405 1825 1470 M,

225 1523 275 1574 p.
313 1503 448 1568 162;
491 1502 713 1566 Arnab.,
762 1502 799 1556 ι.
841 1516 920 1567 tv,
973 1519 1023 1570 p.
1076 1499 1211 1564 145;
1245 1497 1477 1554 Clemens
1519 1497 1824 1562 Alexandr,

225 1597 486 1650 Admonit.
535 1595 605 1649 ad
651 1603 814 1666 gent.,
859 1611 913 1663 p.
945 1592 1048 1658 20;
1085 1590 1301 1645 Homer.
1334 1589 1524 1658 lliad.,
1565 1606 1676 1654 xlv,
1719 1605 1830 1649 ver-

223 1709 306 1747 sus
333 1692 442 1748 516
471 1701 520 1746 et
547 1690 738 1760 seqq.).

292 1775 573 1853 Exlilicata
615 1798 830 1854 quoque
864 1783 1132 1849 invenies,
1183 1797 1304 1853 qua:
1341 1781 1617 1837 Arnobius
1646 1780 1834 1836 scribit

224 1876 476 1934 Liberum
511 1919 527 1944 ,
562 1891 658 1933 seu
690 1876 960 1932 Bacchum
993 1892 1059 1932 ex
1079 1877 1212 1932 Jove
1237 1887 1290 1932 et
1316 1876 1550 1941 Semele,
1580 1885 1739 1946 atque
1764 1891 1831 1930 ex
1860 1879 1908 1940 B

229 1976 449 2036 semine,
476 1986 580 2027 seu
611 1970 819 2026 femore
845 1971 1013 2040 patris
1037 1985 1224 2026 rursus
1265 1978 1484 2035 natum;
1519 1979 1576 2026 et
1620 1979 1678 2024 ut
1705 1969 1830 2024 alibi

224 2061 484 2135 loquitur,
515 2079 585 2119 ex
617 2063 943 2135 genitalibus
971 2064 1157 2118 matris
1185 2062 1408 2119 fulmine
1439 2062 1832 2132 praecipitatum

230 2156 469 2225 (Arnob.,
502 2159 595 2212 lib.
640 2173 676 2220 ι,
709 2174 828 2227 pag.
871 2157 944 2211 20
971 2167 1017 2210 et
1045 2157 1155 2220 24;
1195 2167 1242 2210 et
1282 2158 1372 2211 lib.
1417 2173 1495 2220 tv,
1529 2173 1647 2227 pag.
1679 2152 1829 2226 Ml).

230 2255 418 2311 Narrat
463 2254 610 2310 enim
662 2252 927 2307 Diodorus
977 2251 1251 2307 Semelem
1296 2267 1326 2305 a
1375 2251 1531 2318 Jove,
1581 2251 1670 2318 qui
1718 2249 1836 2317 ejus

230 2364 409 2404 amore
453 2347 739 2419 ﬂagrabat.
773 2345 1025 2418 precibus
1067 2344 1180 2399 suis
1206 2345 1527 2407 extorsisse,
1557 2352 1617 2397 ut
1663 2340 1730 2395 ad
1776 2357 1834 2396 se

232 2459 294 2496 ex
322 2442 411 2497 illo
442 2448 842 2511 prmguantem,
875 2438 994 2510 pari
1020 2447 1182 2506 atque
1213 2436 1278 2491 ad
1304 2436 1574 2491 Junonem
1606 2433 1833 2498 honore,

234 2535 281 2589 id
328 2544 433 2601 est,
484 2535 690 2590 tonitru
722 2543 775 2590 et
804 2532 1032 2587 fulmine
1071 2540 1314 2586 armatus
1356 2528 1642 2585 accederet
1680 2525 1836 2599 (Dia-

235 2628 344 2683 tlor.
409 2628 608 2694 Sicul.,
662 2628 750 2682 lib.
798 2642 888 2692 XL,
935 2623 1210 2688 Biblioth.,
1264 2640 1384 2694 pag.
1434 2622 1558 2686 158,
1611 2630 1658 2674 et
1699 2618 1839 2690 apud

237 2719 446 2788 Enseb.,
484 2720 577 2774 lib.
617 2736 674 2783 ιι,
714 2719 950 2788 Prwpar.
1003 2717 1230 2788 Evaug.,
1281 2733 1398 2786 cap.
1448 2715 1503 2777 2,
1554 2732 1676 2786 pag.
1721 2714 1836 2780 52).

236 2812 336 2868 Sed
363 2828 487 2867 cum
521 2811 613 2865 illa
647 2820 849 2865 tantam
896 2810 1123 2880 fulgoris
1167 2824 1230 2864 ac
1278 2807 1512 2878 fragoris
1557 2807 1665 2860 vim
1700 2805 1842 2863 ferre

238 2904 598 2975 nequivisset,
649 2904 832 2960 statim
881 2903 1187 2959 exanimata
1234 2901 1483 2956 abortum
1525 2900 1674 2955 fecit.
1705 2899 1839 2953 Tum

239 3013 361 3052 vero
393 2997 610 3068 Jupiter
649 2997 907 3051 infantem
957 3010 1054 3050 suo
1106 2995 1273 3050 insuit
1325 2994 1551 3060 femori,
1611 3005 1843 3061 eumque

239 3100 374 3146 stato
412 3101 666 3160 tempore
712 3089 936 3153 enixus,
966 3087 1166 3159 Nysam
1207 3085 1423 3143 Arabia:
1466 3086 1518 3140 in
1567 3085 1844 3141 civitatem

240 3183 562 3256 deportavit.
595 3181 670 3237 Ibi
701 3197 732 3236 a
756 3180 1018 3252 Nymphis
1043 3179 1326 3247 educatus,
1360 3196 1390 3234 a
1420 3189 1594 3250 patre,
1625 3188 1678 3234 et
1699 3177 1842 3243 loco,

241 3278 323 3332 ubi
359 3287 520 3332 natus
553 3284 667 3341 est,
699 3273 920 3346 Dionysi
963 3273 1172 3343 accepit
1203 3287 1422 3329 nomen.
1465 3272 1615 3327 Alios
1644 3280 1842 3338 testes,
1869 3278 1916 3341 α

240 3371 282 3426 si
306 3372 399 3426 tibi
433 3371 553 3426 dari
591 3369 755 3434 velis,
788 3370 897 3424 cito
921 3367 1170 3425 dabimus
1202 3368 1523 3435 Homerum,
1554 3366 1805 3424 Nonnum
1826 3408 1842 3434 ,

245 3465 515 3531 Ovidium,
561 3475 617 3520 et
654 3461 997 3529 Ciceronem,
1051 3477 1207 3533 quos,
1256 3476 1380 3516 cum
1420 3461 1650 3526 lubebit,
1696 3461 1846 3517 adire

245 3557 395 3614 facile
431 3558 640 3628 poteris
671 3554 936 3628 (ﬂamen,
966 3553 1128 3608 Iliad.
1160 3569 1275 3619 xlv,
1309 3569 1440 3607 vers.
1469 3552 1576 3608 255
1607 3562 1653 3606 et
1679 3568 1846 3623 seqq.;

248 3651 446 3720 Nann.,
470 3652 558 3705 lib.
588 3666 629 3712 ι,
656 3648 876 3720 Dianys.
901 3649 1044 3713 init.;
1063 3645 1240 3713 Ovid.,
1262 3647 1351 3702 lib.
1373 3661 1449 3700 ιιι.
1470 3645 1844 3716 Metamorplt.,

248 3743 349 3814 §3,
375 3761 498 3816 pag.
526 3740 632 3798 102
653 3753 700 3796 et
719 3758 885 3812 seqq.;
907 3741 1095 3806 Cicer.,
1119 3739 1208 3795 lib.
1233 3755 1270 3807 ι,
1298 3738 1535 3803 Tuscul.,
1554 3756 1675 3810 pag.
1697 3738 1846 3809 119).

313 3837 540 3892 Interim
588 3835 817 3891 observa
868 3833 1117 3889 Liberum
1148 3834 1216 3887 ab
1247 3841 1468 3888 auctore
1516 3844 1701 3887 nostro
1741 3847 1847 3886 non

247 3931 417 3986 solum
444 3929 795 3993 Semeleion,
828 3927 879 3982 id
921 3937 1035 3996 est,
1067 3928 1313 3985 Semeles
1340 3927 1540 3992 filium,
1589 3925 1686 3981 sed
1719 3925 1852 3981 Bro-

245 4026 408 4079 mium
465 4039 720 4094 quoque,
779 4021 1037 4094 Nysium,
1099 4030 1259 4092 atque
1317 4019 1510 4074 Evium
1570 4019 1848 4089 appellati.

250 4120 454 4192 Βρόμιον
483 4117 560 4185 δέ,
609 4117 784 4187 inquit
820 4115 1015 4171 citatus
1040 4130 1068 4168 a
1098 4113 1254 4169 nobis
1295 4113 1559 4170 Diodorus
1604 4112 1852 4178 Siculus,

251 4217 348 4270 ἀπὸ
377 4221 468 4271 τοῦ
485 4215 623 4268 κατὰ
648 4217 738 4270 τὴν
762 4213 955 4282 γένεσιν
977 4212 1138 4264 αὐτοῦ
1175 4209 1442 4283 γενομένου
1468 4208 1690 4284 βρόμου.
1723 4206 1854 4261 Bro—

253 4308 378 4360 mius
407 4307 471 4360 ab
504 4305 726 4359 excitato
752 4305 888 4357 circa
918 4304 1233 4356 nativitatem
1261 4303 1374 4371 ejus
1403 4303 1622 4354 tonitrus
1649 4304 1856 4371 fragore

252 4409 593 4474 nuncupatus
618 4409 736 4465 est,
767 4399 962 4470 Nysius
991 4413 1122 4454 vero
1154 4413 1263 4452 non
1293 4413 1324 4452 a
1348 4397 1457 4467 jam
1485 4396 1709 4468 praefata
1731 4437 1745 4462 ,
1779 4397 1855 4451 uti

254 4498 494 4563 videtur,
545 4495 679 4551 urbe
722 4493 931 4550 Arabia:
971 4492 1145 4565 Nysa,
1178 4493 1273 4549 sed
1321 4493 1500 4562 potius
1535 4491 1680 4564 Nyso
1712 4491 1855 4545 illius

255 4604 420 4664 patre.
451 4591 586 4648 Nam
616 4591 832 4658 Cicero,
855 4600 976 4660 post
999 4605 1158 4661 quem
1183 4598 1373 4644 auctor
1404 4597 1590 4642 noster
1617 4586 1856 4658 quinque

1927 659 2064 713 rium
2117 660 2355 729 (Aruab.,
2405 661 2495 716 lib.
2539 676 2611 727 ιν,
2662 678 2783 732 pag.
2828 662 2964 728 136;
3008 674 3130 718 tam.
3179 682 3218 733 ι,
3250 668 3529 737 Apparat.,

1929 753 2018 808 lib.
2062 770 2141 819 ιιι,
2180 755 2386 809 dissert.
2428 758 2482 821 5,
2520 773 2564 809 c.
2613 754 2666 822 9,
2713 766 2814 811 art.
2859 757 2914 823 2,
2963 776 3084 830 pag.
3136 762 3282 826 757).
3311 761 3534 819 Litteris

1928 845 2126 916 quippe
2148 846 2347 903 latinus
2374 857 2556 902 orator
2585 848 2700 903 hate
2727 850 3078 920 consiguasse
3098 851 3316 923 legitur.
3342 874 3360 906 ι
3395 855 3534 911 Mcr—

1929 940 2112 994 curius
2160 941 2350 995 tertius
2378 943 2510 996 Jove
2557 943 2716 997 tertio
2761 951 2916 996 natus
2945 960 3010 998 ex
3037 944 3204 1012 Maia,
3245 961 3312 1002 ex
3343 962 3449 1018 quo
3479 959 3536 1002 et

1932 1031 2198 1102 Penelopa
2236 1033 2379 1088 Pana
2420 1043 2603 1089 natum
2634 1035 2834 1090 ferant.
2873 1055 2892 1088 ι
2931 1036 3197 1093 Diodorus
3227 1048 3406 1095 autem
3450 1040 3532 1095 Si-

1933 1124 2122 1178 culus:
2163 1144 2181 1175 ι
2222 1124 2464 1181 Fuerunt
2494 1127 2619 1182 filia:
2659 1138 2868 1198 septem
2910 1129 3206 1186 Atlanti....
3237 1131 3372 1186 Maia
3406 1144 3532 1187 natu

1934 1218 2167 1271 maxima
2197 1233 2227 1272 e
2251 1218 2400 1274 Jovis
2429 1221 2713 1289 complexu
2757 1221 3079 1276 Mercurium
3122 1223 3412 1278 multarum
3443 1240 3534 1279 ar-

1936 1306 2064 1361 tium
2107 1319 2441 1378 repertorem
2479 1331 2498 1363 ι
2534 1313 2720 1382 genuit
2757 1309 2969 1382 (Cicer.,
3001 1313 3094 1368 lib.
3122 1329 3202 1381 ιιι,
3244 1316 3306 1369 de
3341 1313 3534 1371 Natur.

1936 1400 2103 1466 dear.,
2137 1419 2256 1474 pag.
2287 1402 2411 1467 248,
2444 1404 2536 1457 lin.
2585 1404 2648 1469 6;
2683 1403 2902 1458 Diodar.
2948 1406 3138 1470 Sicul.,
3187 1406 3275 1460 lib.
3332 1423 3408 1473 ιιι,
3441 1406 3539 1460 Bi-

1936 1493 2140 1560 blioth.,
2189 1513 2312 1566 pag.
2345 1496 2492 1564 155).
2521 1494 2752 1567 Utrique
2776 1507 2954 1551 autem
2985 1509 3180 1568 prteter
3207 1497 3536 1554 Macrobium

1939 1587 2219 1658 (Macrab.,
2248 1589 2336 1642 lib.
2367 1605 2406 1653 ι,
2436 1590 2737 1656 Saturnal.,
2762 1608 2808 1646 c.
2850 1591 2938 1658 12,
2973 1609 3092 1662 pag.
3121 1592 3248 1664 122)
3277 1593 3540 1666 suifraga-

1937 1689 2022 1735 tns
2049 1688 2134 1735 est
2161 1681 2414 1752 Virgilius
2444 1676 2801 1738 his'versibus
2837 1702 2851 1738 :

2029 1780 2181 1848 lfobis
2204 1781 2482 1848 Mercurius
2507 1792 2645 1846 pater
2663 1791 2759 1844 est,
2785 1798 2934 1848 quem
2959 1785 3162 1837 candida
3185 1786 3316 1837 Maia

2037 1843 2267 1908 Cyllenes
2290 1845 2458 1904 gelido
2475 1843 2771 1908 conceptum
2795 1843 2983 1899 vertice
3006 1851 3145 1899 fudit.

2032 1907 2095 1977 At
2116 1905 2288 1977 Maiam
2317 1909 2518 1966 (auditis
2539 1911 2579 1956 si
2604 1905 2870 1977 quidquam
2895 1912 3165 1977 credimus)
3188 1912 3325 1965 Atlas

2031 1967 2170 2017 Idem
2190 1967 2328 2016 Atlas
2352 1978 2580 2031 generat,
2601 1967 2715 2020 coeli
2736 1967 2821 2034 qui
2841 1973 3018 2035 sydera
3038 1967 3178 2026 tollit.

2216 2049 2446 2116 (Virgil.,
2466 2051 2550 2102 lib.
2574 2068 2656 2103 vm
2677 2054 2886 2117 τεηεὶάη
2907 2069 3033 2110 vers.
3056 2060 3145 2110 158
3161 2068 3209 2112 et
3228 2063 3386 2126 seqq.)

1936 2159 2080 2227 Quos
2110 2158 2163 2214 in
2187 2173 2380 2216 versus
2407 2160 2608 2216 videsis
2637 2162 2812 2218 Servii
2841 2165 3277 2224 observationes.

2009 2253 2154 2309 Mille
2182 2270 2349 2326 porro
2372 2255 2494 2311 aliis
2517 2265 2569 2311 et
2595 2258 2896 2329 virginibus
2923 2269 2977 2317 et
3005 2263 3357 2332 mulieribus,
3385 2266 3547 2323 sicuti

1939 2346 2066 2402 alibi
2108 2358 2376 2404 memorat
2420 2350 2693 2406 Arnobius
2739 2353 2982 2424 (Arnob.,
3013 2356 3101 2410 lib.
3152 2373 3204 2425 ν,
3240 2375 3364 2430 pag.
3395 2359 3546 2431 172),

1941 2442 2258 2512 pudicitiam
2309 2444 2526 2500 infamis
2572 2445 2786 2517 Jupiter
2831 2450 3053 2519 eripuit.
3100 2452 3176 2508 lbi
3223 2463 3403 2509 autem
3455 2455 3553 2510 ille

1943 2533 2216 2590 Electram
2267 2552 2330 2591 ac
2383 2537 2733 2595 Laodamiam
2784 2534 3103 2598 nominatim
3162 2547 3422 2616 appellat.
3484 2550 3556 2603 At

1946 2625 2156 2681 blectra
2187 2627 2423 2698 nympha
2467 2630 2565 2683 fuit
2600 2631 2802 2687 Oceani
2834 2642 2889 2688 et
2918 2634 3179 2692 Thethios
3211 2636 3340 2702 filia,
3372 2654 3494 2710 quae
3522 2655 3554 2694 a

1942 2716 2077 2773 Jove
2129 2729 2476 2789 constuprata
2498 2764 2513 2788 ,
2546 2721 2852 2780 Dardanum
2881 2735 3018 2782 teste
3051 2726 3264 2796 Ovidio,
3323 2731 3459 2797 sive,
3500 2741 3556 2786 ut

1945 2811 2238 2883 Dionysius
2268 2812 2715 2871 Halicarnasseus
2741 2818 3014 2889 apinatnr,
3047 2821 3356 2877 Dardanum
3383 2831 3440 2878 et
3467 2822 3556 2878 Ja-

1945 2920 2064 2961 sum
2094 2908 2304 2977 peperit
2324 2906 2571 2980 (Diong.,
2601 2908 2902 2978 Halicarn.,
2927 2913 3016 2966 lib.
3047 2928 3086 2979 ι,
3115 2913 3368 2983 Antiquit.
3393 2931 3554 2983 ram.,

1947 3016 2065 3070 pag.
2091 2999 2206 3070 49).
2230 2999 2408 3056 Ovidii
2429 3011 2610 3058 autem
2638 3002 2752 3059 haec
2776 3012 2902 3058 sunt
2925 3019 2990 3060 ea
3013 3004 3079 3060 de
3105 3021 3165 3061 re
3194 3008 3433 3062 carmina
3468 3025 3481 3060 :

2041 3107 2304 3181 Dardanon
2328 3109 2524 3181 Electra
2548 3115 2770 3164 nesciret
2793 3113 3046 3181 Atlantide
3072 3125 3284 3181 cretum,

2136 3171 2338 3224 Scilicet
2358 3172 2610 3225 Electram
2637 3178 2961 3229 concubuisse
2980 3178 3112 3230 Jovi.

2480 3261 2667 3326 (0vid.,
2685 3260 2773 3316 lib.
2800 3278 2880 3315 xxv
2900 3265 3115 3328 Fastar.,
3139 3279 3267 3320 vers.
3293 3269 3399 3333 49.)

2022 3348 2101 3404 Ex
2126 3349 2419 3406 Laodamia
2442 3367 2575 3407 vero
2597 3351 3034 3425 BellerOphontis
3052 3355 3156 3411 filia
3181 3357 3321 3414 idem
3347 3358 3559 3430 Jupiter

1949 3446 2135 3513 genuit
2183 3443 2574 3513 Saperdonem,
2606 3443 2787 3516 Lyciae
2830 3461 3046 3518 regem,
3099 3449 3558 3519 quemadmodum

1949 3535 2096 3590 canit
2125 3534 2394 3590 Homerus
2426 3534 2691 3608 (flamen,
2717 3536 2984 3610 Iliadum,
3014 3556 3142 3595 vers.
3172 3540 3274 3597 197
3298 3552 3346 3598 et
3375 3543 3508 3614 seq.)
3539 3561 3555 3598 :

2107 3655 2320 3720 ,γιᾳδαμιὶῃ
2343 3661 2407 3708 μιν
2430 3660 2657 3712 περιλίξατο
2689 3665 2843 3711 μητίετα
2866 3662 2946 3711 ζιὺς
2965 3694 2976 3710 ,

2113 3719 2140 3760 Η
2168 3719 2205 3760 δ’
2229 3722 2323 3761 ἱτιι⁹
2343 3725 2505 3762 ἀντίϐιον
2527 3722 2737 3776 Σαρτιδόνα.
2761 3727 3071 3779 χαὴοιορὺστήν.

2048 3818 2166 3891 Qum
2190 3819 2450 3870 Laodamia
2472 3822 2675 3932 quidem
2700 3823 2968 3872 concubuit
2989 3823 3186 3886 Jupiter
3204 3825 3504 3887 consiliator,

2049 3881 2219 3932 haaue
2252 3885 2452 3932 uenerit
2509 3885 2692 3932 iviuum
2731 3885 3073 3932 Sarpedonem
3109 3896 3314 3932 aeratam
3349 3891 3504 3932 bellari

2049 3881 2219 3945 anue
2252 3885 2452 3947 peperit
2473 3881 2692 3934 divinum
2731 3881 3073 3949 Sarpedonem
3109 3896 3314 3938 iuratum
3348 3881 3561 4013 Ibellam--

3369 3965 3492 4002 rem.

2029 4049 2252 4105 Tantam
2300 4068 2464 4121 porro
2506 4055 2702 4110 asserit
2748 4055 3018 4113 Arnobius
3064 4066 3278 4130 tamque
3324 4057 3562 4130 flagitio-

1958 4159 2096 4212 sam,
2130 4162 2192 4202 ac
2225 4148 2512 4217 perditam,
2557 4150 2626 4204 dc
2657 4166 2758 4221 qua
2786 4166 2886 4206 nos
2925 4152 3050 4207 alibi
3078 4153 3318 4222 (Amob.,
3352 4153 3442 4209 lib.
3484 4169 3559 4220 tv,

1959 4253 2080 4308 pag.
2110 4238 2235 4303 MS,
2286 4250 2408 4294 tant.
2441 4256 2476 4304 ι,
2510 4241 2787 4311 Apparat.,
2827 4259 2948 4313 pag.
2980 4245 3104 4312 753,
3136 4245 3263 4311 805,
3309 4246 3469 4311 1242,
3515 4255 3562 4301 et

1957 4327 2147 4400 seqq.),
2181 4329 2348 4385 fuisse
2371 4330 2521 4387 Jovis
2551 4332 2863 4397 libidinem;
2894 4345 2951 4390 ut
2970 4335 3037 4390 ad
3062 4352 3204 4401 eam,
3228 4337 3275 4391 si
3307 4353 3560 4407 umquam

1958 4425 2245 4495 potuisset,
2276 4426 2597 4496 explendam
2629 4429 2680 4482 in
2709 4443 2923 4495 aurum,
2947 4429 3560 4501 satyrum,draconem;

1959 4519 2168 4585 alitem,
2204 4529 2417 4574 taurum
2437 4562 2451 4584 ,
2495 4536 2559 4576 ac
2589 4520 2872 4577 formicam
2903 4536 3028 4578 sese
3053 4531 3269 4578 vertere
3301 4538 3406 4577 non
3437 4538 3564 4578 eru-

1960 4615 2158 4671 buerit.
2205 4617 2336 4684 Quae
2381 4616 2546 4687 paulo
2587 4616 2788 4674 clarius
2833 4618 3114 4675 enucleata
3153 4608 3383 4674 Ovidius
3422 4617 3565 4675 hunc

259 4686 544 4759 Dionysos,
600 4686 716 4741 sive
765 4684 993 4740 Liberos
1048 4693 1318 4746 recenset,
1377 4682 1582 4739 diserte
1635 4680 2527 4765 asserit,D,.emmin'mod'um1

259 4781 482 4848 quintum
515 4776 569 4832 Ν
573 4794 666 4849 gso
689 4786 866 4831 uatum
895 4786 940 4830 et
966 4775 1183 4853 Tln'oue2
1229 4775 1344 4830 Evii
1387 4773 1620 4845 denique
1651 4789 1856 4845 cogno-

261 4888 377 4928 men
409 4871 623 4927 Baccho
653 4871 881 4925 inditum
911 4869 1128 4940 quidam
1159 4877 1384 4940 putant;
1418 4868 1540 4940 quia
1569 4877 1854 4936 postquam

264 4965 311 5021 in
362 4967 575 5024 leonem
627 4974 885 5031 mutatus,
936 4979 1377 5034 unumquemque
1435 4978 1503 5018 ex
1549 4962 1856 5033 gigantibus

265 5062 566 5126 occidisset,
597 5075 626 5115 a
652 5059 786 5116 Jove
813 5069 963 5130 patre
988 5073 1086 5111 suo
1117 5055 1337 5120 Euhion,
1366 5055 1482 5111 sive
1514 5057 1685 5111 bonus
1716 5055 1856 5110 filius

265 5155 672 5224 euguominatus
692 5152 808 5207 fuit.
837 5148 938 5204 Alii
964 5149 1305 5219 suspicantur
1327 5147 1427 5203 hoc
1456 5163 1651 5202 nomen
1675 5154 1854 5201 ortum

267 5264 296 5304 a
321 5249 485 5307 verba
515 5247 670 5313 Evoe,
700 5261 795 5302 seu
822 5248 976 5308 Εὐὰν,
1006 5259 1114 5315 quo
1150 5242 1486 5297 Bacchantes
1515 5244 1568 5296 in
1595 5243 1707 5296 suis
1738 5257 1859 5314 my-

270 5344 443 5399 steriis
467 5339 702 5405 Baccho,
745 5348 802 5393 ut
847 5337 974 5392 alibi
1020 5337 1422 5400 annotavimus,
1459 5335 1632 5405 palam
1677 5337 1859 5390 accla-

272 5436 483 5491 mabant
517 5431 754 5504 (Arnob.,
787 5431 874 5486 lib.
911 5447 980 5497 tv,
1017 5447 1136 5502 pag.
1173 5429 1297 5494 111,
1321 5438 1368 5483 et
1395 5428 1484 5482 lib.
1518 5445 1574 5494 v,
1606 5443 1726 5501 pag.
1760 5427 1862 5484 176

272 5530 464 5588 c1177:
505 5538 551 5584 et
595 5527 692 5583 lac.
729 5528 816 5580 cit.
857 5525 1075 5582 Diodar.
1121 5525 1310 5589 Sicul.,
1352 5525 1440 5580 lib.
1476 5540 1553 5588 ιιι,
1587 5523 1857 5588 Bibliot/t.,

275 5639 386 5694 pag.
418 5620 552 5685 M9;
581 5629 631 5674 et
671 5618 811 5689 apud
852 5616 1067 5681 Euseb.,
1120 5616 1207 5671 lib.
1253 5632 1310 5670 ιι.
1359 5614 1596 5686 Prwpar.
1631 5614 1860 5686 Evang.,

275 5731 316 5768 c.
340 5715 391 5781 2,
412 5731 532 5786 pag.
558 5712 660 5778 54;
685 5711 875 5780 Cicer.,
898 5712 986 5768 lib.
1013 5727 1090 5778 ιιι,
1114 5710 1178 5765 de
1195 5705 1388 5765 Natur.
1405 5709 1570 5776 dear.,
1591 5726 1714 5782 pag.
1733 5707 1863 5779 248,

277 5812 360 5868 lin.
385 5813 502 5883 25).

341 5907 417 5967 Ex
443 5909 610 5968 citato
640 5905 802 5981 paulo
835 5913 996 5964 antea
1023 5904 1290 5966 Cicerone
1316 5903 1450 5964 illud
1490 5898 1866 5978 proculdubio

2054 4821 2475 4950 galgggiesmelusam
2497 4827 2727 4890 designat
2752 4827 3018 4890 imaginem
3044 4831 3172 4880 tauri

2055 5011 2200 5078 Eecit
2230 5019 2284 5078 et
2305 5015 2534 5078 Astorien
2559 5017 2718 5078 aquila
2742 5016 2964 5070 luctante
2984 5022 3166 5076 teneri,

2056 5074 2200 5126 Fecit
2221 5076 2426 5126 olorinis
2450 5074 2633 5128 Ledam
2656 5082 2902 5130 recubare
2925 5082 3019 5132 sub
3045 5074 3170 5130 alis:

2058 5137 2291 5211 Addidit,_
2303 5143 2517 5211 utsatyri
2541 5139 2743 5211 celatus
2751 5145 2966 5211 imagine
2981 5142 3207 5211 pulcram

2055 5201 2253 5268 Jupiter
2280 5201 2497 5268 implerit
2509 5205 2707 5266 gemino
2725 5201 2947 5256 Nictéida
2974 5201 3047 5268 (⁷1)
3067 5205 3220 5256 ftrtu:

2057 5263 2568 5332 Amphytrioilfuenrt,
2595 5280 2704 5332 cum
2729 5277 2781 5332 te
2803 5263 3059 5332 Tirynthia
3083 5269 3156 5332 (2)
3183 5268 3335 5332 cepit.

2061 5326 2261 5392 Aureus
2285 5334 2340 5376 ut
2359 5326 2563 5378 Danaen
2586 5329 2797 5391 AsOpida
2825 5326 3260 5392 (3)'luserit'ignis,'

2059 5389 2427 5454 Mnemosyuem
2453 5397 2612 5454 pastor
2632 5407 2646 5443 :
2675 5389 2839 5443 varius
2861 5389 3052 5444 Deoida
3071 5389 3301 5455 serpens.

1967 5499 2161 5555 Postea
2217 5511 2348 5553 vero
2405 5496 2697 5569 Gregorius
2745 5498 3117 5556 Nazianzenus
3164 5496 3346 5570 (Greg.
3398 5495 3562 5566 Naz.,

1963 5603 2088 5647 tam.
2123 5608 2180 5659 ιι,
2209 5607 2369 5647 carm.
2405 5590 2496 5659 61,
2531 5607 2648 5662 pag.
2681 5590 2806 5661 142)
2836 5608 2851 5646 :

2039 5728 2117 5801 (ι)
2145 5729 2433 5800 Antiopem
2457 5727 2627 5786 Nictei
2659 5729 2842 5785 ﬁliam.

2040 5801 2118 5875 ('2)
2149 5802 2468 5875 Alcumena.

2038 5873 2121 5948 (3)
2151 5873 2345 5948 Egina
2371 5884 2456 5932 est
2477 5875 2642 5948 Asopi
2665 5874 2888 5934 Bmotlzn
2913 5875 3058 5948 regis
3076 5874 3204 5936 lilia.
