3872 6346
302 365 407 422 513

453 479 561 544 “est
578 488 627 539 δή
646 493 850 543 πρώτιστον
874 490 931 530 δυ’
950 489 1079 531 Etleva
1103 492 1346 543 μιρτθσλνηῖσι
1364 522 1375 539 ,

453 557 609 605 ταῦρος,
625 555 764 601 κύκνος,
784 555 927 605 χρυσὸς,
949 554 1040 605 ὄφις,
1062 557 1181 600 πόσις,
1202 551 1347 605 ἄρκτος,
1364 548 1507 594 eam.

450 608 561 656 ὸσοά
579 630 637 665 μιν
659 616 751 663 ius,
773 613 905 667 ἄνωγεν
922 616 1030 667 ερας,
1049 619 1177 668 κηρός
1198 617 1235 656 τ’
1256 613 1487 663 ἀλιπιενις,

452 670 501 723 de
523 679 630 719 αὖτοί
649 680 681 730 τ’
706 680 871 717 blitumst
892 678 979 721 σύν
1000 680 1205 730 aha-:19“
1226 675 1390 718 ἀιιδνῶν.

387 812 549 875 Cerne
571 812 689 875 mihi
715 817 949 875 quotnam
974 812 1168 871 formas,
1191 816 1277 875 qui
1298 808 1487 874 primus
1512 825 1684 863 eorum
1696 820 1791 873 est,

390 873 579 937 Induat,
608 874 828 924 ardentis
849 874 1062 937 Veneris
1084 876 1197 925 dum
1210 873 1431 937 carpitur
1448 876 1607 937 igne?

387 936 528 1001 pinno
552 943 742 992 taurus.
766 950 897 985 nunc
920 935 1058 985 albus
1082 937 1206 1001 olor,
1232 935 1362 986 nunc
1383 935 1594 1001 caerulus
1615 938 1808 1001 anguis,

386 998 529 1049 Nunc
565 1010 753 1059 aurum,
796 1010 1039 1060 ursusque
1079 999 1307 1058 eilicitur,
1355 1011 1482 1049 nunc
1506 998 1726 1123 deniqu'f
1748 999 1891 1112 giudid-

390 1121 429 1123 ﬂ
468 1122 477 1123 ,
1252 1122 1255 1123 ,
1712 1077 1745 1123 (1

387 1121 505 1186 Yult
525 1136 679 1186 amor,
704 1123 1023 1186 inﬁrmusque
1051 1136 1193 1186 puer,
1218 1122 1291 1172 sic
1311 1124 1472 1172 dicitis
1494 1127 1607 1186 ipsi,
1692 1077 1745 1126 Ν

388 1183 635 1235 imbecilla
656 1187 793 1247 juvat
812 1183 1149 1248 quos’ﬂng‘ere
1173 1188 1371 1234 numina
1385 1183 1581 1236 dextra.

294 1333 370 1387 De
406 1332 649 1400 ejusdem
682 1341 861 1387 autem
908 1330 1055 1386 lovis
1102 1330 1351 1395 ridicula,
1401 1340 1458 1385 ut
1503 1327 1889 1403 Eurymedusae

291 1433 535 1493 stuprum
564 1422 784 1479 all'erret
807 1466 823 1489 ,
859 1422 1156 1478 mutatione
1180 1422 1307 1478 alibi
1338 1422 1541 1492 aliquid
1567 1422 1888 1492 perstrinxi-

292 1530 413 1569 nius
440 1514 586 1585 (tom.
612 1531 650 1579 t,
680 1514 961 1585 Apparat.,
990 1514 1078 1568 lib.
1112 1530 1190 1581 ιιι,
1225 1513 1432 1568 dissert.
1468 1530 1505 1575 ι,
1535 1529 1583 1567 c.
1617 1512 1671 1579 9,
1700 1523 1797 1566 art.
1833 1513 1887 1578 1,

291 1622 409 1676 pag.
447 1604 597 1674 752).
628 1603 847 1660 Videsis
867 1606 1041 1660 adhuc
1066 1604 1134 1660 de
1163 1603 1483 1673 quibusdam
1514 1604 1619 1657 illis
1644 1602 1890 1658 nefandis

1544 362 1997 423 DlSSERTATlO
2037 363 2319 423 ΡΒΛΕἾΙΑ

1923 481 1975 542 Α

3495 364 3595 421 Sit}

2603 475 2830 536 CAPUT
2870 476 2985 534 XII.

1998 618 2264 686 Quomodo
2289 617 2544 672 Arnobius
2571 616 2890 672 ethnicorum
2932 615 3231 687 religionem
3272 633 3335 672 ea:
3374 616 3595 672 aliorum

2066 713 2295 775 deorum,
2330 719 2479 781 atque
2503 710 2717 765 dearum
2753 708 3041 777 adulteriis,
3082 719 3129 765 et
3157 709 3375 780 ﬂagitiis
3405 709 3593 780 falsam

2066 822 2171 860 esse
2193 804 2444 860 ostendat.

2510 931 2811 973 ARTICULUS
2849 931 3060 973 ιιιιιιιιῖε.

1992 1052 2147 1117 Quam
2167 1054 2347 1117 invicte
2368 1053 2613 1104 Arnobius
2636 1055 2918 1117 probaverit
2941 1052 3179 1117 absurdas
3194 1065 3316 1117 esse
3332 1053 3586 1117 gentilium

2052 1114 2117 1178 de
2142 1116 2238 1166 diis
2260 1118 2365 1165 suis
2383 1114 2657 1178 opiniones.
2680 1130 2743 1165 ex
2765 1116 2961 1178 saturni
2978 1130 3088 1166 cum
3115 1114 3309 1178 Philyra
3322 1114 3590 1177 adulterio;

2054 1175 2224 1240 Martis
2245 1192 2357 1228 cum
2380 1175 2610 1234 Venere;
2645 1177 2877 1228 Herculis
2914 1192 3025 1227 cum
3066 1175 3423 1240 quinquaginta
3461 1175 3592 1228 The-1

2053 1241 2133 1288 stii
2150 1238 2363 1303 liliabus;
2390 1240 2606 1303 Neptuni
2625 1253 2734 1303 cuin
2752 1240 3069 1303 Amphitrite,
3086 1238 3388 1303 Amymone,
3406 1242 3587 1303 Alope;

2054 1254 2133 1288 sui
2150 1254 2363 1312 altanus;
2391 1254 2606 1349 neat-3m
2625 1254 2734 1290 cum
2752 1254 3069 1303 Amphitrite,
3096 1254 3388 1312 Amymone.
3406 1254 3587 1303 Atope;

2054 1302 2295 1366 Apollinis
2312 1316 2420 1366 cum
2447 1342 2463 1350 -
2505 1344 2523 1366 _.
2541 1302 2987 1366 tuoe,_Aretbusa,‘
3014 1301 3303 1366 HypSijle,
3338 1300 3589 1366 Ilarpissa,

2052 1362 2340 1428 Zeuxippo,
2380 1363 2911 1428 Proth9e,_Daphne,
2959 1362 3218 1423 Sterope,
3255 1374 3403 1428 atque
3445 1362 3592 1413 etiam

2053 1425 2315 1489 Coronide,
2341 1425 2471 1477 unde
2500 1425 2805 1489 disculapius
2824 1427 3041 1477 avaritias
3078 1438 3225 1476 causa
3249 1425 3457 1477 fulmine
3478 1439 3593 1489 per-

2050 1501 2239 1539 008805.

2060 1596 2177 1651 Non
2211 1598 2380 1669 major
2424 1596 2524 1653 fuit
2569 1597 2798 1652 aliorum
2828 1597 3077 1657 deorum.
3112 1612 3272 1667 quam
3314 1596 3468 1653 Jovis
3505 1612 3595 1653 ca-

289 1697 435 1752 .lovis
459 1698 901 1753 conversionibus
926 1697 1195 1753 Justinum
1218 1696 1525 1766 Martyrem,
1550 1694 1887 1751 Clementem
1990 1691 2143 1744 stitas
2188 1699 2244 1744 et
2283 1689 2561 1761 pudicitia.
2595 1688 2727 1744 Nam
2759 1689 3043 1754 Saturnus,
3094 1690 3169 1745 uti
3214 1689 3291 1744 ait
3321 1688 3594 1745 Arnobius

290 1791 736 1856 Alexandrinum,
765 1790 1147 1859 Epiphaniam,
1176 1789 1373 1844 Julium
1408 1788 1722 1853 Firmicum,
1752 1786 1889 1843 Vos-
1992 1782 2234 1855 (Arnob.,
2264 1784 2351 1837 lib.
2384 1799 2459 1846 IV,
2511 1800 2632 1855 pag.
2667 1784 2813 1855 145),
2859 1784 3101 1854 quamvis
3149 1793 3431 1840 senectute
3460 1799 3592 1841 con-

288 1888 447 1952 sinm,
482 1895 536 1940 et
558 1885 690 1941 alios
716 1884 955 1953 (lusum,
987 1884 1195 1939 Cohort.
1229 1883 1287 1949 2,
1318 1884 1385 1936 ad
1414 1881 1609 1947 (ima,
1638 1899 1759 1954 pag.
1794 1882 1885 1947 38,
1916 1872 1964 1931 B
1994 1878 2196 1945 lectus,
2245 1889 2525 1946 poetarum
2575 1889 2753 1937 tamen
2780 1900 2799 1934 ι
2832 1881 3166 1936 carminibus
3218 1881 3488 1937 indicatur
3526 1882 3595 1938 ab

289 1978 445 2031 Clem.
496 1977 765 2037 Alexadta,
798 1977 1060 2030 Adiuanit.
1105 1975 1172 2029 ad
1216 1984 1380 2047 gent.,
1426 1992 1546 2046 pag.
1575 1972 1646 2030 25
1672 1985 1720 2027 et
1754 1989 1886 2042 seqq

292 2069 465 2141 Epipls
490 2113 509 2136 ,
538 2072 810 2136 Amorne,
851 2088 972 2141 pag.
1005 2070 1137 2135 108,
1173 2068 1415 2132 Ιῖίιηιίεη
1442 2070 1505 2122 de
1545 2085 1644 2123 err.
1674 2072 1881 2139 profuit.

288 2164 462 2234 relig.,
505 2180 625 2233 pag.
656 2164 753 2227 lii;
814 2162 988 2227 Voss.,
1020 2163 1109 2216 lib.
1146 2178 1183 2225 ι,
1217 2163 1281 2215 de
1310 2160 1373 2216 Oi
1387 2164 1455 2232 ig.
1478 2172 1523 2215 et
1553 2178 1728 2232 progr.
1756 2159 1885 2228 idol.

287 2271 402 2325 cap.
434 2256 527 2318 id;
558 2256 775 2318 Arnob,
809 2254 897 2308 lib.
927 2270 982 2318 ll,
1014 2271 1134 2324 pag.
1163 2254 1235 2309 95
1259 2264 1305 2307 et
1335 2250 1484 2323 118).

359 2350 531 2403 Ninus
570 2348 794 2405 forsitan
838 2349 1262 2405 inverecundum
1295 2348 1564 2416 aliquibus
1596 2345 1882 2409 videbitur,

284 2447 426 2517 quod
468 2456 593 2517 post
626 2447 971 2517 Apollonium
1007 2447 1273 2502 lthodium
1295 2490 1311 2512 ,
1360 2446 1646 2512 Nomium,
1694 2446 1885 2501 Lucia-

285 2558 434 2606 num,
467 2541 806 2602 Pausaniam.
836 2541 1106 2606 Ovidium,
1132 2541 1374 2609 aliosque
1403 2541 1729 2609 complures,
1756 2554 1883 2593 nar-

284 2645 367 2689 rat
419 2635 689 2690 Arnobius
742 2634 1033 2689 Minervam
1088 2651 1152 2689 ex
1210 2633 1363 2689 Jovis
1418 2634 1646 2690 cerebro
1702 2644 1880 2687 natam

282 2726 576 2797 (.lpollon.,
606 2727 697 2780 lib.
725 2742 803 2790 Iv,
834 2729 1143 2798 Argonaut.,
1172 2743 1303 2781 vers.
1337 2726 1476 2782 1309
1506 2737 1554 2781 et
1579 2742 1711 2797 seq.;
1734 2724 1884 2779 Non-

281 2836 398 2885 nus,
432 2818 523 2874 lib.
549 2836 589 2885 ι,
615 2819 937 2889 Dionysiac.,
972 2837 1100 2873 vers.
1130 2820 1163 2873 9
1194 2830 1241 2873 et
1267 2836 1396 2889 seq.;
1418 2818 1661 2880 Lucium.
1686 2820 1878 2889 dialog.

284 2914 451 2975 deum,
480 2928 601 2982 pag.
636 2913 704 2966 75
747 2922 795 2965 et
830 2927 963 2980 seq.;
992 2928 1052 2964 ac
1083 2914 1145 2964 tle
1177 2911 1391 2982 Sacriﬁ,
1420 2929 1539 2981 pag.
1571 2911 1703 2975 183;
1734 2910 1882 2964 Pau-

282 3022 421 3068 sam,
467 3004 558 3058 lib.
590 3021 631 3070 ι,
665 3022 780 3075 pag.
816 3005 918 3068 22;
964 3005 1141 3068 Ouid.,
1174 3005 1261 3058 lib.
1289 3020 1368 3059 ιιι.
1401 3003 1610 3059 Faster.
1641 3006 1735 3058 sub
1758 3006 1878 3071 βω,

284 3094 498 3160 Αιίιοὸ.,
548 3095 636 3148 lib.
688 3111 759 3160 tv,
796 3113 917 3165 pag.
954 3096 1048 3150 1-11
1100 3106 1145 3149 et
1183 3093 1369 3165 .1qu.).
1416 3096 1522 3150 Sed
1557 3096 1659 3150 hoc
1702 3105 1881 3151 tamen

280 3201 531 3255 supremo
558 3185 780 3240 deorum
812 3196 959 3254 patre
979 3188 1192 3256 penitus
1222 3187 1497 3257 indignum
1528 3186 1696 3242 luisse
1723 3204 1879 3243 nemo

1989 1988 2157 2027 uxore
2203 1973 2254 2027 in
2298 1972 2566 2028 adulterio
2592 1973 3045 2044 comprehensus,
3092 1972 3337 2029 induisse
3365 1972 3593 2029 formam

1990 2064 2113 2129 feri,
2143 2074 2205 2120 et
2240 2067 2341 2122 sub
2388 2067 2603 2136 pecoris
2648 2068 2831 2136 specie
2883 2067 3177 2122 hinnitibus
3204 2066 3447 2122 evolasse
3481 2065 3597 2136 jac-

1988 2160 2131 2213 tatis.
2165 2178 2183 2211 ι
2217 2160 2286 2213 At
2320 2160 2400 2214 his
2427 2160 2521 2214 ille
2551 2161 2733 2215 verbis
2760 2159 2993 2215 fabulam
3033 2169 3182 2213 notat
3208 2158 3277 2213 ab
3308 2157 3595 2229 Apollonio

1989 2253 2200 2308 Rhodio
2228 2254 2451 2322 (Apoll.,
2502 2254 2594 2309 lib.
2643 2270 2703 2319 ιι,
2756 2255 2973 2324 Argon.,
3017 2269 3149 2307 vers.
3186 2251 3324 2308 1555
3352 2261 3399 2306 et
3426 2248 3593 2323 seqq.)

1989 2348 2361 2412 decantatam,
2395 2361 2496 2413 qua
2536 2344 2809 2401 Saturnus
2854 2344 3139 2417 Philyram.
3176 2342 3375 2399 Oceani
3427 2344 3592 2399 tiliam

1987 2437 2271 2492 adamasse
2316 2437 2647 2507 perhibetur.
2700 2435 2833 2491 Cum
2877 2438 2966 2491 illa
3013 2438 3214 2493 etenim
3243 2436 3589 2502 commixtus,

1989 2545 2060 2584 ne
2079 2528 2148 2584 ab
2180 2529 2507 2585 adveniente
2537 2528 2651 2599 Ope
2681 2530 2795 2585 sive
2825 2528 2975 2585 Rhea
3008 2545 3178 2584 uxore
3204 2544 3298 2584 sua
3326 2543 3590 2601 agnosce-

1988 2636 2159 2687 retur,
2204 2625 2258 2678 in
2298 2640 2495 2695 equum
2539 2639 2599 2679 se
2628 2624 2915 2681 convertit.
2951 2624 3025 2678 Εις
3057 2639 3124 2680 eo
3167 2630 3347 2679 autem
3388 2637 3593 2678 concu-

1986 2716 2103 2771 bitu
2128 2714 2327 2771 Chiron
2354 2725 2646 2771 centaurus
2686 2725 2843 2771 natus
2873 2725 2976 2781 est,
3009 2716 3101 2787 qui
3151 2725 3304 2785 parte
3345 2715 3593 2784 corporis

1986 2809 2256 2864 anteriore
2286 2811 2579 2871 hominem,
2607 2819 2665 2864 et
2707 2810 3013 2878 posteriore
3052 2823 3251 2877 equum
3294 2806 3585 2863 referebat.

1986 2902 2139 2958 Unde
2170 2902 2297 2958 illud
2329 2902 2500 2959 Ovidii
2529 2918 2749 2962 carmen
2785 2920 2798 2956 :

2080 2994 2145 3045 Ut
2165 2995 2403 3057 Saturnus
2428 3008 2556 3057 equo
2572 2996 2831 3057 seminum
2853 2993 3063 3057 Chirona
3082 2996 3289 3044 creavit.

2264 3055 2454 3120 (Uvid.,
2479 3054 2566 3107 lib.
2584 3054 2639 3108 iv
2667 3054 3057 3121 Mettmwrph.,§
3079 3061 3129 3119 3,
3154 3070 3269 3123 pag.
3296 3055 3432 3117 eos.)

1982 3165 2142 3221 Plura
2186 3165 2325 3235 apud
2367 3165 2609 3220 Natalem
2653 3163 2918 3220 Comitem
2970 3165 3175 3220 videbis
3212 3162 3368 3237 (Nat.
3416 3162 3589 3231 Com.,

282 3294 412 3334 sane
436 3279 775 3335 diliitebitur.
809 3279 1000 3333 Nonne
1030 3282 1174 3334 enim
1206 3280 1330 3332 inde
1358 3280 1666 3335 necessario
1698 3283 1881 3350 sequi-

2011 3260 2079 3314 ib.
2114 3275 2190 3325 tn,
2223 3258 2541 3331 .llgtholog.,
2572 3277 2689 3329 cap.
2726 3259 2840 3329 12).

283 3382 367 3426 tur
393 3371 582 3428 Jovem
610 3371 778 3428 fuisse
807 3371 1101 3435 hominem,
1125 3372 1349 3425 cerebro
1379 3371 1605 3440 aliisque
1635 3370 1883 3427 humanis

281 3464 537 3520 membris
558 3464 949 3533 compositum;
975 3478 1037 3518 ac
1066 3462 1360 3518 Minervam
1406 3472 1565 3519 antea
1602 3480 1711 3519 non
1744 3467 1883 3519 exti-

282 3559 429 3620 tisse,
463 3568 518 3614 et
564 3573 844 3628 perperam
894 3557 946 3611 in
988 3556 1211 3611 dearum
1253 3572 1534 3611 numerum
1567 3559 1883 3628 aggregari‘?

353 3650 483 3716 Quis
524 3666 653 3720 ergo
701 3664 805 3703 noo
840 3648 1091 3718 intelligit
1139 3664 1297 3717 quam
1347 3658 1495 3704 recte
1517 3648 1790 3705 Arnobius
1815 3665 1881 3705 ex

284 3744 367 3796 his
392 3742 671 3805 omnibus,
721 3756 841 3811 quin
867 3756 898 3793 ιι
928 3742 1085 3794 nobis
1117 3741 1377 3795 hactenus
1420 3752 1673 3795 enarrata
1724 3750 1880 3808 sunt,

283 3836 567 3889 Concludat
586 3832 772 3887 iovem
804 3847 909 3885 non
939 3831 1180 3898 potuisse
1204 3831 1665 3902 majoriumquam
1687 3846 1882 3887 comu-

284 3929 441 3983 melia
474 3927 676 3989 vexari,
706 3942 867 3996 quam
896 3924 963 3979 ab
990 3925 1075 3989 iis,
1111 3926 1202 3993 qui
1249 3924 1449 3993 palam,
1474 3935 1529 3980 et
1556 3926 1757 3997 ubique
1783 3928 1881 3982 im-

283 4025 549 4092 pudenter
593 4018 818 4076 nefanda
858 4019 975 4087 ejus
1016 4018 1281 4073 adulteria
1324 4017 1707 4088 prtedicabant.
1742 4022 1880 4088 Quid

280 4116 423 4170 cnim
455 4114 559 4167 diis
596 4114 764 4182 magis
797 4110 1147 4180 injuriosum,
1193 4126 1354 4181 quatn
1403 4110 1525 4165 illos
1571 4127 1691 4169 reos
1721 4128 1882 4181 agere

280 4206 561 4269 adulterii,
602 4202 746 4275 quod
798 4203 943 4273 leges
984 4202 1260 4267 humanae,
1314 4204 1769 4272 quemadmodum
1815 4222 1881 4262 ex

280 4296 635 4353 Justiniameo
679 4294 868 4349 codice
915 4308 979 4347 ac
1023 4291 1370 4348 Theodoreto
1417 4304 1601 4364 patet,
1654 4304 1709 4349 et
1756 4296 1881 4351 alibi

281 4390 681 4453 annotavimus,
699 4387 910 4458 capitali
930 4402 1085 4456 paena
1110 4387 1285 4457 puniri
1305 4388 1623 4442 voluerunt?
1646 4389 1783 4460 (Lib.
1809 4408 1879 4458 ix,

282 4485 398 4539 cod.
428 4481 645 4545 Justin.,
673 4481 747 4534 tit.
782 4496 863 4546 ix,
891 4479 957 4533 ad
986 4480 1083 4551 leg.
1118 4480 1315 4533 Iuliam
1344 4480 1407 4533 de
1435 4479 1687 4545 adultam;
1712 4483 1883 4540 T/ieo-

284 4577 470 4639 dorct.,
501 4590 656 4629 serm.
684 4572 737 4639 5,
772 4572 833 4625 de
869 4572 1040 4642 angcl.
1082 4580 1127 4625 et
1154 4572 1327 4638 diem,
1364 4588 1485 4642 pag.
1522 4574 1648 4640 151,
1684 4584 1807 4630 tom.
1841 4593 1879 4643 1,

282 4670 560 4739 Apparat.,
592 4684 713 4738 pag.
746 4665 851 4721 805
875 4674 1072 4735 etseq.,
1104 4674 1145 4719 et
1181 4665 1309 4721 liii
1338 4678 1385 4721 et
1416 4668 1545 4739 seq.)

358 4764 599 4831 Denique
647 4760 842 4815 ibidem
894 4758 1101 4813 addidit
1155 4762 1357 4815 Auctor
1407 4773 1591 4819 noster
1632 4764 1883 4818 eumdem

282 4860 469 4914 Jovem
499 4872 561 4911 ca
592 4858 789 4909 arsisse
810 4869 957 4910 cmcn
990 4854 1351 4925 indomitaqne
1381 4857 1623 4927 libidine,
1648 4868 1705 4913 ut
1736 4859 1885 4914 babe-

284 4954 382 5005 cali
409 4948 957 5004 adolescentessolent.
983 4948 1048 5001 Et
1080 4949 1148 5001 ita
1180 4948 1396 5018 quidem
1427 4954 1477 5003 in
1513 4954 1881 5022 manusCripto

284 5044 471 5101 codice
520 5044 685 5113 regio,
736 5043 824 5112 qui
872 5041 1032 5096 solita
1078 5042 1282 5095 librarii
1316 5042 1521 5099 inscitia
1569 5045 1729 5115 plane
1756 5062 1880 5103 cor-

284 5150 473 5208 ruptus
520 5137 751 5191 videtur.
803 5134 1164 5203 Quamobrem
1212 5152 1312 5205 pro
1356 5136 1615 5205 babecali,
1660 5142 1879 5212 quidam

285 5233 537 5303 suspicati
568 5240 691 5285 sunt
723 5230 1008 5299 legendum
1034 5231 1233 5301 vagari,
1262 5231 1349 5284 alii
1380 5247 1507 5287 vero
1534 5235 1794 5305 bacchari,
1828 5249 1883 5293 et

286 5328 335 5382 id
367 5335 514 5380 tanto
544 5324 761 5390 melius,
795 5332 995 5393 quanto
1046 5325 1268 5395 propius
1312 5323 1383 5378 ad
1429 5327 1649 5383 Arnobii
1684 5347 1880 5400 propo-

286 5421 444 5474 situm
478 5418 707 5473 accedit.
736 5416 886 5471 Jovis
917 5417 1057 5471 enim
1089 5417 1562 5486 intemperantiam
1596 5422 1665 5476 ibi
1697 5423 1875 5477 Arno-

289 5515 406 5569 bius
434 5513 700 5583 exagitat,
730 5526 963 5579 eumque
1001 5511 1219 5567 tametsi
1254 5526 1443 5567 senem
1475 5524 1531 5567 et
1555 5529 1748 5571 canum
1775 5534 1881 5573 non

287 5607 511 5671 minori,
567 5621 724 5675 quam
778 5604 1183 5671 adolescentes,
1238 5604 1309 5659 ad
1360 5604 1587 5662 leminas
1645 5609 1883 5666 libidinis

287 5703 479 5756 ardore
530 5702 797 5755 exarsisse
848 5699 1085 5754 ostendit
1133 5698 1328 5771 (Idem,
1382 5700 1531 5768 ibid.,
1575 5720 1695 5777 pag.
1742 5706 1877 5773 713;

290 5794 505 5859 Arnob.,
539 5796 626 5848 lib.
662 5810 733 5860 tr,
768 5810 884 5864 pag.
920 5790 1069 5862 161).

2058 3353 2175 3407 Jam
2210 3368 2341 3407 vero
2388 3354 2440 3407 in
2474 3352 2744 3423 superiori
2783 3361 2967 3407 nostra
3015 3352 3405 3409 dissertatione
3454 3350 3589 3406 illud

1986 3446 2322 3508 notavimus,
2355 3446 2497 3516 quod
2529 3444 2806 3500 Arnobius
2834 3445 2901 3500 de
2930 3445 3098 3499 Marte
3124 3453 3427 3501 memorat:
3452 3441 3593 3497 Dum

1983 3537 2297 3609 genitalibus
2324 3538 2539 3591 insultat
2572 3537 2753 3591 alienis
2779 3579 2793 3601 ,
2837 3537 3044 3591 hwsisse
3074 3538 3129 3589 in
3160 3536 3355 3607 laqueis
3383 3536 3592 3589 involu-

1986 3641 2111 3693 tum,
2148 3629 2199 3684 id
2232 3638 2339 3693 est,
2374 3630 2777 3700 deprehensum
2808 3644 2931 3684 cum
2956 3628 3175 3685 Venere
3206 3629 3259 3683 in
3289 3627 3593 3693 adulterio,

1986 3735 2148 3795 atque
2179 3740 2207 3777 ει
2236 3724 2499 3787 Vulcano,
2536 3724 2614 3779 uti
2645 3722 2941 3794 Gregorius
2972 3724 3344 3780 Nazianzenus
3373 3737 3596 3794 quoque

1985 3821 2209 3889 scribit,
2247 3831 2300 3877 et
2323 3836 2421 3875 nos
2456 3821 2587 3877 alibi
2630 3822 2973 3884 notavimus,
3010 3836 3074 3877 ac
3102 3821 3336 3877 vinculis
3361 3820 3599 3876 constri-

1984 3928 2130 3970 Ctum
2168 3916 2184 3987 (
2224 3913 2497 3969 Disserlal.
2541 3916 2593 3968 in
2627 3912 2853 3981 Minue,
2884 3932 2999 3985 cap.
3037 3915 3124 3979 18,
3158 3924 3259 3968 art.
3292 3914 3594 3981 4;Arnob.,

1984 4010 2074 4064 lib.
2109 4026 2195 4073 tv,
2231 4025 2354 4080 pag.
2390 4009 2516 4074 1M,
2547 4020 2593 4062 et
2621 4008 2710 4063 lib.
2746 4024 2810 4070 ν,
2848 4026 2966 4081 pag.
3002 4008 3140 4075 186;
3174 4008 3329 4077 Greg.
3364 4018 3503 4062 orat.
3537 4008 3595 4075 3,

1984 4117 2072 4153 seu
2114 4100 2164 4166 l,
2207 4100 2261 4153 in
2302 4100 2507 4154 Julian.
2537 4140 2551 4165 ,
2598 4115 2721 4171 pag.
2764 4099 2917 4163 258;
2966 4099 3188 4155 Dissert.
3237 4100 3293 4153 in
3350 4098 3596 4168 Militia,

1983 4210 2101 4261 cap.
2137 4192 2224 4259 l7,
2253 4201 2353 4246 art.
2386 4194 2419 4246 4
2448 4196 2487 4261 ).

2055 4284 2188 4352 Quis
2216 4295 2395 4338 autem
2440 4283 2674 4339 Hercule
2716 4285 3204 4355 intemperantior,
3235 4302 3300 4341 ac
3339 4287 3598 4357 petulan-

1987 4377 2127 4431 tior?
2161 4395 2179 4428 ι
2211 4377 2440 4431 Sanctus
2476 4376 2640 4440 Deus,
2682 4395 2702 4429 ι
2755 4388 2811 4432 ιιι
2842 4379 3019 4449 lepide
3052 4380 3254 4435 Auctor
3283 4390 3476 4434 neSter
3502 4379 3595 4449 jo—

1985 4480 2140 4523 catur
2164 4511 2178 4535 ,
2212 4488 2230 4521 ‹
2264 4482 2421 4524 natas
2468 4469 2857 4539 quinquaginta
2901 4470 2970 4525 de
3008 4469 3236 4527 Thestio
3273 4480 3437 4526 nocte
3483 4486 3596 4527 una

1987 4565 2271 4634 perdocuit
2298 4573 2351 4619 et
2385 4579 2581 4619 nomen
2620 4564 2949 4633 virginitatis
2994 4580 3270 4634 exponere
3293 4607 3307 4631 ,
3348 4577 3403 4621 et
3432 4567 3591 4637 geni-

1901 4660 1954 4720 D
1982 4657 2172 4711 tricum
2198 4656 2437 4723 pondera
2453 4658 2745 4713 sustinere.
2763 4677 2781 4710 ι
2810 4658 3056 4729 (Arnob,
3084 4660 3267 4725 lib.tv,
3287 4676 3409 4731 pag.
3439 4660 3592 4731 115.)

1987 4746 2119 4802 Tam
2149 4761 2279 4801 vero
2310 4747 2755 4813 immoderatam,
2801 4758 2962 4819 atque
2990 4750 3253 4805 hactenus
3285 4750 3591 4807 inauditam

1986 4840 2235 4896 Herculis
2284 4840 2633 4910 petulantiam
2671 4841 2903 4897 ethnicis
2948 4844 3205 4898 similiter
3239 4843 3591 4912 olijertarnnt

1985 4932 2265 5000 Tatianus,
2294 4932 2546 4988 Clemens
2578 4933 3004 4999 Alexandrinus,
3032 4934 3327 5005 Gregorius
3350 4935 3592 4993 Nazian-

1982 5041 2169 5089 zenus,
2202 5036 2256 5081 et
2285 5023 2948 5092 Theodoretus(1‘atian.,
2978 5024 3127 5079 Orat.
3164 5035 3355 5092 contr.,
3387 5024 3585 5097 Gram,

1984 5136 2103 5191 pag.
2158 5120 2301 5186 l59;
2348 5118 2511 5174 Clem.
2569 5120 2897 5185 Alexandr.,
2952 5121 3218 5177 Admonit.
3279 5124 3347 5177 ad
3403 5135 3587 5195 gent.,

1991 5228 2109 5285 pag.
2156 5212 2263 5280 20;
2313 5210 2468 5285 Grcg.
2515 5212 2682 5281 Naz.,
2734 5224 2866 5269 orat.
2912 5213 2947 5269 5
2992 5230 3084 5269 seu
3126 5214 3195 5276 1,
3243 5215 3298 5269 in
3338 5214 3588 5286 Iuliam,

1990 5324 2111 5377 pag.
2142 5306 2284 5371 263;
2315 5304 2647 5373 Tltcodorct.,
2677 5324 2831 5362 scrm.
2859 5306 2892 5361 8
2916 5354 2931 5379 ,
2960 5307 3025 5361 de
3052 5318 3293 5381 utartgr.,
3325 5326 3448 5380 pag.
3479 5311 3590 5370 59L

1988 5411 2033 5453 et
2064 5404 2255 5471 seqq.).
2300 5399 2379 5455 Ex
2426 5388 2707 5471 gentilium
2748 5411 2931 5457 autem
2971 5402 3340 5475 Scriptoribus
3385 5404 3591 5462 Pansa-

1988 5496 2101 5549 nias
2130 5496 2297 5551 refert
2321 5536 2336 5564 ,
2383 5510 2504 5566 qua:
2540 5495 2740 5553 fuerint
2769 5497 3037 5566 majorum
3070 5512 3132 5553 ea
3162 5497 3233 5554 de
3271 5512 3332 5553 re
3361 5510 3591 5555 senten-

1984 5588 2109 5653 tiae;
2156 5597 2317 5657 atque
2351 5588 2576 5645 Ovidius
2602 5590 2670 5645 ad
2700 5606 2795 5647 eas
2825 5590 3079 5662 respicit,
3126 5591 3415 5662 ipsumque
3439 5592 3584 5651 Her-

1983 5681 2159 5736 culem
2188 5682 2267 5737 sic
2295 5683 2589 5753 alloquitur
2620 5700 2633 5736 :
3198 5661 3204 5677 ’

2078 5770 2183 5821 Non
2206 5773 2295 5823 tibi
2318 5776 2510 5823 crimen
2530 5781 2675 5824 erunt
2696 5775 3022 5827 Teuthrantia
3043 5775 3189 5827 turba
3210 5791 3408 5830 sorores

2172 5836 2389 5895 Quarum
2408 5837 2472 5899 de
2497 5835 2675 5899 populo
2692 5838 2824 5888 nulla
2848 5840 3021 5889 relicta
3043 5841 3150 5889 tibi.

2449 5897 2639 5964 (om,
2662 5900 2821 5965 φάει,
2846 5900 3057 5957 ιιεγοια.
3078 5901 3127 5966 9,
3150 5918 3263 5973 pag.
3287 5904 3391 5969 89.)
