3872 6356
325 340 427 398 5f!)

1581 323 2026 388 DlSSEll'l'ATlO
2067 323 2341 382 PRxlSV’lA

3516 308 3624 363 5'20

335 457 479 511 γεω-ὁ.
533 453 669 527 sign.
698 453 718 525 )
751 468 765 505 :
795 450 1119 509 Catamitum
1158 460 1258 520 pro
1293 446 1591 505 Ganimede
1631 447 1904 506 dixerunt.
1935 443 1989 504 Α
2016 443 2230 512 quando
2257 443 2383 497 illuc
2413 453 2534 496 cum
2567 436 2891 507 Argonautis
2914 432 3226 504 navigabat.
3263 429 3463 488 Postea
3487 446 3624 486 vero

322 553 414 622 qui
459 550 559 606 fuit
587 548 739 605 Jovis
768 547 1123 604 concubinus.
1157 563 1177 597 ι
1216 543 1347 598 Eam
1378 542 1447 596 ob
1473 556 1690 596 causam
1724 540 1773 593 in
1805 554 1916 593 coe-

325 646 438 699 lum
478 653 663 715 raptus
690 659 813 700 esse
841 645 1011 699 fertur
1035 684 1048 707 ,
1099 639 1262 710 idque
1296 635 1517 693 Ovidius
1549 633 1632 690 his
1669 632 1915 690 versibus

317 737 622 794 decantavit
657 753 669 790 :

419 891 526 942 Rex
548 905 778 954 superum
803 891 1004 955 Phrygii
1024 891 1266 955 quondam
1308 887 1601 955 Ganymedis
1620 899 1788 936 amore

419 956 569 1024 Arsit,
597 951 646 1004 et
667 951 918 1024 inventum
942 951 1025 1024 est
1042 951 1242 1024 aliquid,
1268 952 1398 1024 quod
1416 951 1610 1024 Jupiter
1639 962 1772 1024 esse,

420 1019 574 1076 Quam
596 1018 724 1079 quod
747 1023 872 1075 erat,
895 1014 1080 1063 mallet.
1104 1014 1253 1079 anla_
1265 1021 1428 1079 tamen
1451 1014 1568 1079 alite
1595 1014 1718 1061 verti

421 1074 674 1140 Dignatur,
701 1079 793 1126 nisi
819 1074 928 1139 qUze
951 1079 1104 1139 possit
1121 1090 1213 1140 sua
1232 1074 1427 1124 fulmina
1451 1074 1603 1140 ferre.

419 1139 522 1191 Nec
544 1154 696 1195 mora.
730 1151 962 1201 percusso
984 1139 1297 1188 mendacibus
1319 1151 1437 1186 aere
1463 1139 1640 1201 pennis

419 1203 616 1266 Abripit
635 1202 816 1266 Iliaden
838 1237 852 1259 ,
868 1203 954 1262 qui
975 1214 1103 1266 nunc
1126 1213 1322 1266 quoque
1336 1202 1510 1266 pocula
1534 1202 1726 1256 miscet,

421 1263 668 1328 luvitaque
687 1263 793 1314 Jovi
823 1274 992 1314 nectar
1010 1263 1035 1311 J
1044 1276 1204 1313 unone
1229 1263 1490 1312 ministrat.

573 1391 761 1456 (0vid.,
788 1391 875 1442 lib.
897 1406 931 1440 χ
954 1395 1172 1452 Metam,
1193 1390 1220 1454 §
1242 1390 1291 1452 ι,
1316 1402 1429 1456 pag.
1456 1389 1547 1438 565
1571 1393 1615 1439 et
1633 1387 1788 1452 seqq.)

327 1550 443 1606 Non
493 1547 691 1604 mirum
747 1546 925 1618 itaque
975 1546 1020 1602 si
1069 1543 1341 1600 Arnobius
1389 1545 1624 1598 immane
1674 1539 1803 1595 illud
1856 1553 1919 1595 ac

327 1657 552 1714 prorsus
575 1639 896 1696 detestabile
925 1637 1131 1692 facinus
1159 1636 1388 1692 ethnicis
1435 1635 1602 1690 semel
1635 1643 1690 1688 et
1721 1632 1914 1686 iterum

322 1737 582 1808 objecerit
624 1736 641 1806 (
671 1735 863 1788 Arnob.
889 1775 904 1797 ,
949 1734 1038 1786 lib.
1065 1749 1117 1797 ν,
1151 1749 1269 1802 pag.
1309 1731 1408 1785 187
1432 1730 1471 1800 ).
1519 1730 1709 1785 Cicero
1741 1737 1917 1781 tamen

2015 549 2138 589 eum
2165 534 2230 589 ad
2263 548 2474 602 aquam.
2505 547 2573 587 ex
2601 530 2832 586 Ascanio
2861 527 3082 582 flumine
3107 566 3121 589 ,
3154 541 3249 580 seu
3293 521 3624 578 Calciamuis

2017 626 2164 682 fonte
2194 623 2544 680 hauriendam
2586 624 2770 688 misit,
2818 636 2978 690 quem
3012 616 3264 691 nymphae
3289 657 3306 681 ,
3351 615 3470 686 ejus
3498 613 3622 685 pul-

2015 720 2323 776 chritudine
2374 727 2583 790 capue,
2640 725 2957 787 rapuerunt.
3012 713 3270 768 Hercules
3312 727 3446 766 vero
3490 723 3620 765 cum

2017 813 2166 867 illum
2209 810 2407 865 frustra
2440 810 2775 880 quiesivisset
2800 851 2815 873 ,
2869 809 2919 860 in
2946 806 3113 876 ipsius
3154 805 3419 858 honorem
3462 817 3622 856 sacra

2015 905 2285 969 instituit,
2339 905 2392 958 in
2444 903 2639 973 quibus
2692 899 3006 957 solemniter
3069 896 3206 967 Hyla
3256 894 3614 950 clamabatur.

2016 997 2171 1055 Unde
2201 997 2452 1068 Virgilius
2483 1013 2497 1050 :

2114 1153 2204 1204 His
2217 1153 2438 1215 adjungit
2459 1149 2650 1215 Hylam,
2675 1155 2838 1215 nautis
2860 1162 2958 1215 quo
2981 1147 3114 1215 fonte
3137 1144 3364 1198 relictum

2113 1211 2410 1266 Clamasserit
2422 1229 2436 1276 ;
2457 1211 2519 1263 ut
2535 1214 2672 1263 littus
2689 1214 2812 1276 Hyla
2833 1215 2844 1261 !
2865 1211 2989 1275 Hyla
3007 1211 3018 1258 !
3038 1223 3185 1260 omne
3208 1216 3428 1260 sonaret.

2589 1336 2818 1400 (Virgil,
2848 1335 2998 1400 eclog.
3020 1350 3086 1395 vt,
3109 1348 3232 1386 vers.
3259 1334 3363 1396 43.)

2018 1488 2166 1556 Quos
2198 1487 2250 1542 in
2281 1501 2469 1542 versus
2499 1485 2697 1540 videsis
2737 1485 2912 1540 Servii
2940 1485 3350 1540 observationes
3374 1497 3439 1538 ac
3467 1483 3623 1539 Stra-

2019 1580 2241 1644 bonem,
2270 1578 2616 1649 Apollonium
2643 1620 2660 1645 ,
2689 1575 3036 1632 Theocritum
3057 1617 3071 1641 ,
3099 1585 3155 1631 et
3183 1576 3320 1629 alios
3348 1575 3369 1647 (
3400 1573 3578 1630 Strab.
3604 1615 3621 1639 ,

2021 1674 2112 1728 lib.
2139 1690 2213 1728 xu
2241 1715 2254 1736 ,
2286 1672 2472 1743 Geogr.
2500 1712 2516 1738 ,
2564 1689 2684 1743 pag.
2719 1670 2856 1735 564;
2904 1669 3167 1740 Apolloni.
3196 1711 3211 1731 ,
3253 1669 3340 1722 lib.
3382 1684 3421 1722 l.
3459 1684 3574 1739 arg.
3604 1707 3622 1734 ,

2021 1784 2152 1823 vers.
2181 1767 2320 1823 1207
2351 1777 2396 1820 et
2427 1782 2605 1836 seqq.;
2635 1763 2921 1828 Tlteocrit.,
2951 1761 3111 1832 ldgll.
3147 1762 3216 1817 15
3242 1761 3280 1832 ).

319 1831 450 1934 Ψιιά
485 1836 815 1900 pmposmre
837 1827 903 1880 ab
933 1825 1192 1934 Home?”
1221 1825 1460 1934 {mnam
1487 1821 1552 1876 ad
1581 1819 1713 1934 dﬁos
1743 1829 1917 1923 transf
1946 1833 1994 1892 B
2027 1819 2455 1934 "Hyacinthum
2697 1901 2711 1925 ,
2746 1819 2987 1928 Amyclae
3019 1819 3174 1925 regis
3213 1819 3379 1909 filium
3405 1895 3420 1920 ,
3467 1853 3628 1923 cujus

319 1927 527 1983 ferente
552 1967 567 1991 ,
611 1927 793 1978 fictum
825 1930 1031 1976 censet.
1065 1919 1273 1974 Alicubi
1295 1920 1438 1973 enim
1473 1919 1574 1972 hoc
1600 1917 1668 1971 ab
1692 1930 1760 1970 eo
1787 1915 1922 1970 scri-

323 2022 429 2091 ptis
461 2016 719 2074 traditum
754 2015 852 2070 fuit
884 2032 897 2067 :
937 2033 955 2065 (
991 2012 1102 2067 Nec
1133 2012 1423 2066 Homerum
1465 2010 1660 2073 audio,
1692 2009 1782 2078 qui
1811 2007 1917 2063 Ga-

323 2113 610 2184 nymedem
644 2125 674 2163 a
701 2108 803 2162 diis
831 2117 1041 2178 raptum
1065 2106 1139 2159 ait
1169 2114 1391 2175 propter
1420 2103 1644 2156 formam
1669 2145 1682 2167 ,
1718 2113 1778 2155 ut
1802 2100 1918 2156 Jovi

325 2217 513 2280 poeula
544 2205 875 2260 ministraret
912 2220 924 2255 :
956 2215 1060 2255 non
1082 2202 1221 2269 justa
1251 2213 1410 2252 causa
1444 2213 1539 2251 cur
1569 2193 1920 2250 Laomedonti

328 2311 470 2356 tanta
507 2301 658 2354 lieret
701 2297 915 2365 injuria.
950 2294 1211 2362 Fingebat
1247 2291 1362 2346 hare
1407 2290 1700 2353 Homerus,
1744 2297 1798 2340 et
1825 2285 1922 2338 hu-

326 2408 481 2448 mana
508 2392 575 2446 ad
605 2391 737 2446 deos
763 2387 1127 2444 transferebat
1151 2429 1166 2450 ,
1191 2385 1372 2440 divina
1403 2383 1620 2437 mallem
1648 2380 1714 2435 ad
1738 2395 1856 2433 nos.
1897 2396 1914 2428 ι

322 2488 523 2558 (Cicer.
555 2527 570 2550 ,
606 2485 694 2539 lib.
723 2501 737 2538 ι
762 2527 777 2552 ,
808 2482 1023 2536 Tuscul.
1057 2523 1071 2542 ,
1104 2497 1221 2551 pag.
1251 2478 1384 2542 125,
1419 2479 1513 2530 lin.
1541 2477 1631 2532 27.
1669 2475 1687 2544 )
1728 2474 1833 2530 Sed
1869 2472 1921 2526 id

325 2599 430 2638 non
465 2579 768 2651 impedivit,
794 2577 1084 2647 quominus
1113 2582 1317 2628 tantum
1349 2571 1526 2626 scelus
1557 2570 1624 2624 ab
1651 2567 1924 2637 plerisque

323 2673 574 2729 omnibus
613 2669 842 2726 ethnicis
871 2667 1135 2722 creditum
1166 2680 1228 2719 ac
1254 2663 1605 2726 venditatum,
1643 2661 1722 2714 cis
1749 2660 1924 2713 Arno-

321 2767 441 2826 bius
465 2808 480 2832 ,
513 2774 566 2820 et
596 2762 768 2818 Julius
798 2758 1064 2814 Firmicus
1091 2758 1214 2826 jure
1244 2755 1439 2810 merito
1470 2748 1927 2820 exprobraverint

321 2858 454 2930 (Jul.
488 2855 680 2921 Firm.,
707 2855 769 2906 de
794 2869 896 2907 err.
932 2851 1070 2921 prof.
1107 2849 1279 2918 relig.,
1305 2863 1424 2917 pag.
1446 2843 1514 2899 15
1537 2842 1581 2913 ).
1611 2841 1733 2906 Adi,
1764 2841 1807 2896 si
1831 2857 1924 2895 ve-

323 2953 412 3016 lis,
445 2949 695 3004 Vossium
728 2948 747 3018 (
782 2944 927 2999 Voss.
956 2985 972 3007 ,
1004 2941 1091 2996 lib.
1125 2957 1176 3004 ι,
1210 2940 1272 2992 de
1300 2938 1448 3008 Orig.
1478 2946 1525 2990 et
1552 2952 1730 3006 progr.
1771 2933 1922 2997 idol.,

321 3064 440 3118 pag.
475 3045 536 3099 6f
579 3043 622 3113 ),
651 3042 742 3112 qui
777 3048 1065 3111 propterea
1094 3034 1410 3091 Ciceronem
1443 3030 1704 3087 memoria
1736 3027 1806 3082 ibi
1835 3027 1927 3081 de-

322 3148 537 3211 ceptum
568 3138 735 3192 fuisse
765 3133 976 3204 arguit,
1011 3130 1155 3201 quod
1179 3125 1551 3200 Ganymedem
1580 3121 1925 3178 Laomedon-

324 3235 391 3288 tis
425 3233 593 3287 lilium
640 3230 856 3284 dixerit.
912 3226 986 3281 De
1014 3223 1266 3280 Catamiti
1311 3237 1473 3291 porro
1516 3218 1736 3274 nomine
1782 3215 1922 3270 idem
1954 3222 1999 3284 ρ

324 3327 550 3382 Vossius
579 3323 702 3380 alibi
730 3322 969 3392 disputat
1001 3321 1019 3389 (
1046 3317 1216 3384 Idem,
1246 3316 1300 3370 in
1332 3313 1626 3384 Etgmolog.
1657 3354 1669 3376 ,
1701 3309 1920 3374 Arnob.,

326 3420 414 3476 lib.
446 3436 524 3488 tv,
555 3436 674 3490 pag.
700 3415 805 3472 145
827 3412 868 3484 ).

395 3515 548 3586 Quod
593 3522 775 3569 autem
828 3513 1028 3566 Auctor
1071 3515 1257 3564 noster
1295 3503 1379 3559 his
1419 3500 1616 3572 adjecit
1649 3521 1660 3554 :
1699 3518 1718 3551 ι
1757 3497 1826 3552 Ει
1866 3504 1926 3552 ut

325 3608 473 3667 .lovis
519 3607 731 3663 dicatur
769 3604 987 3675 pullus,
1034 3602 1085 3656 in
1130 3597 1374 3670 partibus
1425 3595 1622 3650 Fabius
1675 3589 1924 3645 aduritur

326 3703 580 3762 mollibus
609 3744 622 3767 ,
655 3700 1080 3770 obsignaturque
1110 3693 1331 3764 posticis
1351 3735 1364 3757 ,
1403 3707 1420 3740 ι
1462 3687 1544 3742 liis
1565 3685 1710 3741 Festi
1741 3681 1924 3736 verbis

327 3797 490 3869 paulo
537 3793 740 3849 clarius
779 3789 1140 3858 explanatur:
1180 3802 1199 3835 ‹
1239 3781 1423 3836 Pullus
1463 3778 1612 3834 Jovis
1643 3774 1926 3831 dicebatur

330 3865 529 3946 l’ahius
549 3929 566 3955 ,
596 3885 685 3941 cui
711 3881 932 3938 Eburno
963 3891 1264 3948 eognomen
1291 3881 1443 3937 erat,
1473 3878 1693 3942 prepter
1717 3865 1926 3921 cando-

327 3999 464 4050 rem,
503 3978 646 4051 quod
679 3978 796 4047 ejus
827 3975 965 4029 uatis
997 3970 1220 4026 fulmine
1254 3968 1357 4021 icta
1385 3973 1523 4020 erat.
1570 3959 1793 4031 Antiqui
1830 3973 1926 4011 au—

330 4091 439 4134 tein
471 4088 699 4147 puerum
723 4113 738 4136 ,
769 4083 928 4141 quem
955 4067 1077 4137 quis
1109 4061 1364 4125 amabat,
1397 4057 1599 4130 pullum
1631 4055 1749 4124 ejus
1776 4051 1924 4108 dicc-

331 4171 480 4227 bant.
525 4187 543 4219 »
575 4164 742 4238 (Fest.
774 4161 842 4214 ad
868 4159 1078 4214 verbum
1103 4154 1363 4223 Pullus.)

401 4263 602 4318 Verum
632 4257 700 4314 ad
727 4255 831 4311 alia
861 4268 983 4310 cum
1012 4249 1255 4307 Arnobio
1284 4254 1473 4301 nostro
1501 4257 1811 4314 pergamus.
1836 4239 1928 4294 Sic

332 4366 513 4413 autem
564 4353 655 4408 ille
699 4352 961 4421 ipsosmet
999 4342 1250 4400 ethnicos
1304 4340 1537 4394 affatur:
1576 4355 1594 4387 ‹
1634 4334 1770 4403 Quid
1819 4349 1926 4388 non

334 4449 573 4509 contenti
599 4445 815 4503 feminei
843 4441 1059 4515 generis
1090 4435 1404 4492 attribuisse
1432 4433 1536 4488 diis
1561 4445 1740 4492 curas,
1764 4430 1924 4482 etiam

333 4562 497 4604 sexus
547 4541 845 4612 adjungitis
888 4537 1167 4592 adamatus
1215 4531 1283 4587 ab
1338 4529 1422 4583 his
1478 4524 1698 4581 mares?
1740 4522 1927 4593 Hylam

2021 1955 2219 2011 deinde
2265 1954 2538 2011 Arnobius
2580 1951 2861 2016 meminit,
2909 1949 2979 2004 ab
3004 1948 3252 2019 Apolline
3278 1957 3335 2003 et
3370 1947 3628 2018 Zephyro

2023 2051 2232 2122 perdite
2285 2060 2522 2105 amatum
2569 2047 2766 2104 cecinit
2812 2045 3035 2101 Ovidius
3079 2043 3314 2115 (0vid.,
3372 2042 3460 2096 lib.
3519 2041 3624 2105 1‘2,

2025 2146 2263 2213 Metam,
2297 2145 2467 2202 fabul.
2495 2144 2561 2208 5;
2587 2142 2704 2198 Jul.
2730 2140 2920 2203 Firnu,
2950 2140 3012 2193 de
3049 2155 3210 2192 error.
3267 2140 3402 2209 prof.
3447 2136 3626 2206 relig.,

2026 2256 2147 2312 pag.
2181 2240 2270 2302 15,
2302 2249 2348 2291 et
2376 2255 2511 2307 seqq.
2543 2236 2593 2304 );
2628 2248 2728 2289 nec
2757 2234 2847 2288 ulli
2877 2233 2929 2286 id
2959 2233 3350 2299 incompertum
3373 2244 3496 2284 esse
3523 2243 3628 2296 po-

2027 2339 2151 2385 test.
2183 2332 2251 2384 At
2279 2329 2454 2384 Julius
2485 2326 2750 2381 Firmicus
2777 2325 2843 2380 de
2875 2325 2968 2378 illo
2997 2333 3051 2378 et
3074 2323 3226 2392 Hyla.
3260 2331 3316 2377 et
3342 2322 3463 2375 aliis
3485 2320 3630 2375 duo-

2028 2427 2125 2479 bus
2170 2425 2368 2494 PeIOpe
2411 2432 2466 2478 et
2513 2421 2817 2493 Chrysippo
2863 2418 3092 2484 eadem,
3145 2427 3304 2486 atque
3351 2415 3630 2469 Arnobius

2028 2525 2249 2580 noster,
2296 2516 2388 2571 sed
2422 2516 2580 2585 paulo
2602 2515 2802 2568 clarius
2825 2512 3047 2576 retulit,
3096 2519 3256 2580 atque
3289 2507 3413 2564 inde
3438 2516 3631 2562 contra

2026 2612 2274 2669 ethnicos
2305 2611 2381 2666 sic
2411 2610 2652 2680 disputat
2681 2627 2694 2664 :
2728 2628 2746 2660 ‹
2776 2608 3072 2663 Puerorum
3096 2606 3290 2676 aliquis
3322 2603 3630 2660 delecmtur

2027 2704 2388 2774 amplexibus,
2419 2701 2786 2773 Ganymedem
2821 2701 2872 2754 in
2900 2701 3021 2754 sinu
3047 2698 3196 2753 Jovis
3233 2705 3460 2769 quaerat,
3491 2695 3633 2750 Her-

2027 2798 2202 2853 culem
2242 2797 2420 2851 videat
2466 2795 2657 2866 Hylam
2701 2791 3001 2865 impatienti
3028 2805 3214 2846 amore
3262 2799 3625 2859 quaerentem,

2029 2890 2314 2960 Hyacinthi
2343 2887 2616 2944 desiderio
2647 2895 2864 2955 captum
2893 2884 3199 2955 Apollinem
3230 2883 3424 2939 discat.
3455 2883 3635 2954 Chry—

2030 2983 2242 3053 sippum
2270 2984 2428 3048 alius,
2457 2982 2594 3036 alius
2627 2981 2881 3049 Pelopem
2904 2978 3102 3043 videat,
3134 2987 3193 3032 ut
3220 2993 3315 3048 per
3341 2978 3477 3032 deos
3498 2992 3631 3031 suos

2030 3076 2134 3131 sibi
2157 3076 2328 3131 licere
2353 3075 2530 3141 dicat,
2563 3071 2817 3144 quidquid
2851 3072 3011 3128 hodie
3050 3071 3397 3127 severissime
3425 3070 3633 3124 Roma-

2031 3168 2115 3222 nis
2146 3168 2354 3238 legibus
2383 3167 2706 3221 vindicatur.
2739 3185 2760 3217 ι

2102 3263 2147 3316 Λ
2173 3277 2281 3332 quo
2315 3271 2494 3317 autem
2536 3261 2816 3315 adamatus
2857 3258 2926 3314 sit
2967 3258 3197 3329 Pelops,
3245 3257 3314 3313 de
3351 3273 3462 3328 quo
3505 3256 3634 3312 alibi

2031 3355 2170 3412 idem
2199 3355 2370 3410 Julius
2393 3395 2407 3419 ,
2441 3355 2525 3410 his
2558 3353 2816 3408 'l‘atianus
2845 3353 2863 3424 (
2898 3352 3035 3406 Ibid.
3062 3394 3078 3419 ,
3109 3370 3228 3424 pag.
3256 3350 3360 3416 20;
3397 3350 3634 3415 Tatian.,

2028 3457 2163 3503 orat.
2193 3458 2325 3503 cont.
2363 3446 2563 3513 Grcam,
2602 3464 2721 3517 pag.
2784 3445 2930 3516 162)
2974 3445 3154 3500 verbis
3193 3443 3462 3498 indicasse
3485 3441 3637 3497 vidc-

2295 3540 2308 3561 Ἰ
2351 3542 2362 3556 ⁸
2415 3549 2435 3558 .-
2495 3539 2507 3556 ί
2603 3540 2613 3552 ’
2746 3537 2770 3555 κ
2801 3546 2823 3556 -ι
3023 3545 3043 3555 η
3171 3545 3192 3555 ο
3311 3539 3318 3550 ο
3626 3538 3638 3550 0

2026 3549 2115 3595 tur
2146 3557 2164 3594 ε
2185 3562 2292 3616 παρ
2339 3564 2458 3611 υμιν
2487 3563 2513 3594 ο
2553 3539 2712 3610 Πελοψ
2741 3551 2940 3593 ὸειπνον
2979 3561 3080 3593 των
3105 3539 3227 3591 Οεων
3270 3557 3465 3608 γινςται
3489 3576 3503 3597 ,
3550 3556 3640 3588 και

2029 3631 2336 3694 Ποσειδῶνος
2385 3631 2655 3708 ἕρὼμενος.
2701 3631 2852 3702 Apud
2882 3647 2967 3685 vos
3002 3629 3198 3700 Pelops
3240 3631 3456 3683 deorum
3504 3646 3635 3698 epu-

2028 3728 2092 3781 lis
2122 3726 2432 3798 apponitur,
2463 3735 2542 3790 et,
2587 3740 2685 3780 seu
2713 3724 2849 3790 etsi,
2893 3734 3096 3778 amatus
3123 3739 3156 3776 a
3187 3720 3442 3788 Neptuno
3481 3737 3633 3791 puer.

2028 3820 2294 3878 Pindarus
2314 3835 2441 3876 vero
2464 3818 2737 3893 (Pindar.,
2768 3817 2840 3873 ol.
2874 3818 2986 3874 Ode
3017 3834 3054 3885 ι,
3087 3834 3219 3873 vers.
3249 3816 3318 3872 58
3341 3825 3391 3870 et
3422 3815 3624 3886 seqq.):

2285 4017 2296 4030 .
2369 4015 2380 4028 .
2453 4017 2464 4028 .
2531 4016 2546 4030 .
2610 3987 2740 4029 ,Τοῦ
2774 3990 3018 4043 μιτασθινῆς,

2282 4048 2473 4106 ἐράσσατο
2511 4058 2683 4106 pholoe
2716 4051 2914 4094 Ποσειδῶν.

2776 4190 2935 4250 Quem
2965 4197 3266 4255 prtepotens,

2776 4205 2935 4250 quem
2997 4205 3231 4255 teporem

2218 4256 2410 4308 Amavit
2436 4261 2680 4308 terrarum
2707 4255 2933 4304 ambiens
2952 4205 3231 4318 Reputans.

2031 4409 2276 4478 Denique
2308 4409 2605 4465 Athenaeus
2637 4417 2752 4462 haec
2777 4405 2846 4461 de
2875 4404 3182 4476 Chrysippo
3207 4445 3220 4469 ,
3250 4413 3308 4460 et
3339 4419 3633 4476 puerorutn

2029 4519 2211 4559 arnore
2241 4503 2461 4558 tradidit
2487 4501 2725 4575 (Λυκίη,
2756 4501 2846 4554 lib.
2885 4515 3006 4565 xm,
3041 4517 3159 4570 pag.
3195 4499 3302 4554 60?.
3327 4511 3376 4553 et
3407 4499 3585 4571 seqq.)
3619 4543 3632 4556 .

335 4640 518 4696 nescio
553 4595 672 4705 quis
702 4595 906 4703 diligit,
950 4624 1252 4699 Hyacinthe
1296 4631 1380 4677 est
1423 4619 1560 4674 alius
1597 4623 1922 4684 occupatus,

2030 4597 2198 4655 ’Ἄλλοι
2223 4597 2278 4653 δὲ
2304 4621 2430 4671 φασι
2449 4605 2548 4652 τῶν
2574 4597 2817 4651 τοιούτων
2849 4597 3051 4669 ἐρώτων
3073 4595 3430 4670 κατάρξασθαι
3457 4598 3634 4660 Actio-1,

333 4735 422 4789 ille
451 4730 664 4800 Pelopis
689 4724 978 4782 desideriis
1006 4723 1217 4792 flagrat,
1246 4719 1335 4774 hic
1359 4714 1719 4787 Chrysippum
1745 4710 1925 4777 suspi-

334 4836 418 4882 rat
443 4823 741 4880 ardentius.
781 4839 799 4871 ι
835 4815 1051 4889 (Arnob.
1078 4857 1094 4883 ,
1124 4813 1214 4868 lib.
1246 4828 1296 4866 iv
1317 4852 1331 4878 ,
1361 4827 1481 4883 pag.
1520 4809 1671 4875 MS.)
1702 4805 1782 4860 Ex
1814 4801 1937 4858 Cle-

335 4929 517 4976 mente
543 4925 724 4971 autem
747 4909 1120 4967 Alexandrino
1146 4919 1206 4959 ea
1238 4903 1532 4958 Arnobium
1565 4897 1932 4967 desumpsisse

333 5030 400 5069 ex
429 5012 509 5066 his
542 5009 695 5065 facile
734 5004 1002 5073 intelliges
1033 4999 1176 5054 illius
1201 4995 1381 5051 verbis
1415 5014 1427 5050 :
1461 4993 1590 5050 οὐδὲ
1611 4995 1714 5068 γὰρ
1736 4989 1931 5046 παίδων

334 5110 635 5178 ἀπέσχοντο
687 5101 733 5155 οἱ
778 5097 901 5173 παρ’
947 5098 1065 5166 ὑμῖν
1103 5094 1225 5147 Θεοί.
1261 5091 1284 5144 ὁ
1318 5091 1403 5160 μὲν
1438 5111 1538 5154 τις,
1565 5086 1765 5143 Ὕλλου.
1799 5085 1824 5140 ὀ
1877 5083 1932 5139 δὲ

335 5206 600 5260 Υακίντου·
643 5198 669 5252 ὁ
701 5196 754 5252 δὲ
787 5195 1031 5250 Πέλοπου.
1064 5189 1089 5243 ὁ
1117 5187 1172 5243 δὲ
1210 5188 1542 5252 Χρυσίππου.
1596 5180 1735 5236 Ναηι
1773 5195 1866 5233 nec
1901 5194 1932 5230 a

339 5299 507 5371 pueris
532 5293 745 5365 quidam
772 5289 844 5342 dii
867 5287 1016 5342 vestri
1039 5284 1346 5338 abstinuere.
1389 5278 1532 5333 Unus
1562 5277 1767 5351 quidem
1799 5272 1930 5338 Hul-

339 5367 441 5447 lani
468 5433 482 5453 ,
528 5388 662 5443 alius
700 5399 814 5438 vero
859 5378 1242 5454 Hyacinthum,
1287 5374 1421 5428 alius
1471 5371 1749 5440 Pelopem,
1800 5367 1934 5421 alius

337 5482 684 5552 Chrysippum
722 5484 951 5529 amantes
999 5475 1016 5540 (
1045 5470 1278 5525 Clemens
1307 5465 1585 5521 Alexandr.
1617 5507 1630 5531 ,
1665 5460 1928 5518 Admonit.

339 5581 407 5635 ad
428 5587 592 5651 gent.,
619 5592 737 5646 pag.
765 5572 831 5627 21
865 5571 906 5640 ).

413 5649 577 5744 Hylas
606 5680 787 5725 autem
819 5659 1267 5725 Theodamantls,
1305 5657 1561 5726 Driopum
1592 5654 1756 5724 regis,
1790 5649 1936 5706 illius

341 5770 457 5832 fuit,
499 5775 554 5822 et
576 5767 622 5821 is
652 5779 785 5819 sane
812 5755 1237 5815 formosissimus
1259 5795 1275 5818 ,
1308 5766 1470 5823 quem
1517 5747 1776 5803 Hercules
1801 5786 1815 5811 ,
1844 5757 1937 5799 oc-

346 5863 459 5922 ciso
510 5869 664 5938 patre
712 5855 867 5928 ejus,
920 5859 1174 5926 raptum,
1228 5845 1462 5904 Colchos
1501 5856 1685 5900 secum
1737 5838 1935 5906 duxit,

2031 4697 2175 4768 παρὰ
2204 4694 2402 4756 Πᾶοπι,
2447 4695 2533 4747 καὶ
2551 4692 2834 4766 ἐρασθέντα
2861 4696 2951 4742 τοῦ
2973 4693 3085 4742 υἱοῦ
3114 4691 3272 4742 αὐτου
3296 4691 3636 4763 Χρυσίππου,

2032 4783 2084 4840 ὃν
2107 4788 2523 4860 καίἁρπάσαντα
2571 4788 2658 4836 καί
2699 4783 2997 4852 ἀναθέμενον
3031 4783 3098 4839 εἰς
3130 4780 3292 4854 ἅρμα,
3339 4783 3410 4840 εἰς
3461 4781 3639 4840 Θήϐας

2033 4888 2224 4954 φυγεῖν.
2268 4877 2520 4954 Πραξίλλα
2539 4875 2591 4930 δὲ
2627 4878 2656 4932 ἡ
2687 4878 2931 4929 Σικυωνία
2958 4875 3060 4928 ὑπὸ
3097 4875 3207 4932 Διὸς
3235 4878 3383 4944 φησὶν
3426 4874 3639 4947 aptate.

2034 4974 2177 5032 θῆναι
2207 4973 2292 5025 τὸν
2335 4971 2662 5044 Χρύσιππον.
2714 4965 2816 5018 Alii
2872 4967 3048 5021 dicunt
3078 4981 3356 5035 puerorum
3407 4981 3640 5019 amarent

2035 5073 2204 5118 ortum
2253 5061 2412 5129 fuisse
2440 5077 2473 5112 a
2513 5059 2675 5124 Laio,
2722 5057 2790 5110 ad
2829 5055 3096 5126 Pelopen,
3140 5057 3424 5120 diversato,
3455 5057 3542 5125 qui
3572 5057 3641 5109 ad

2035 5166 2263 5208 amatum
2306 5154 2414 5219 eius
2445 5152 2612 5221 filium
2651 5147 2999 5220 Chrysippum
3019 5189 3034 5213 ,
3085 5164 3198 5201 cum
3231 5158 3435 5217 raptum
3465 5147 3640 5217 impo-

2035 5251 2219 5304 suisset
2272 5248 2490 5310 currui,
2540 5245 2739 5300 Thebas
2796 5243 3018 5315 aufugit.
3087 5241 3326 5295 Praxilla
3384 5240 3641 5312 Sicyonia

2038 5342 2387 5413 Chrysippum
2412 5357 2445 5394 a
2471 5337 2600 5394 Jove
2626 5347 2832 5408 raptum
2871 5337 3028 5405 fuisse
3067 5335 3247 5405 inquit.
3286 5333 3500 5388 Videsis
3540 5333 3642 5389 ad-

2038 5437 2142 5492 huc
2173 5434 2447 5490 Elianum
2473 5473 2487 5498 ,
2531 5434 2575 5487 si
2603 5433 2816 5486 animus
2845 5439 2962 5495 est,
2994 5428 3089 5484 sed
3120 5428 3190 5483 ibi
3222 5428 3314 5483 ille
3345 5426 3496 5481 Jovis
3531 5441 3641 5480 non

2035 5530 2282 5587 meminit
2309 5530 2328 5600 (
2356 5528 2560 5584 Αῖιὶαη.
2583 5570 2597 5593 ,
2630 5528 2720 5582 lib.
2753 5542 2870 5586 xui.
2905 5541 3011 5579 var.
3045 5524 3165 5577 Inst.
3188 5566 3202 5586 ,
3237 5540 3351 5591 cap.
3384 5522 3417 5575 5
3445 5521 3485 5584 ).
3533 5521 3641 5576 Ye—

2035 5640 2155 5680 runi
2177 5622 2298 5694 quis
2325 5621 2427 5677 hos
2457 5629 2569 5674 tam
2599 5616 2906 5675 execrando
2926 5657 2943 5683 ,
2983 5631 3081 5670 nec
3105 5613 3234 5669 ullis
3266 5614 3482 5684 ignibus
3507 5613 3641 5668 satis

2038 5733 2290 5790 umquam
2330 5713 2600 5788 expiando
2644 5728 2829 5771 amore
2871 5711 3159 5781 ﬂagrantes
3205 5707 3336 5764 deos
3378 5706 3486 5762 dici
3529 5721 3639 5763 non

2045 5813 2269 5871 horreat
2290 5811 2313 5867 ?
