3872 6338
180 360 269 416 διι

764 488 1054 531 Αιτισυιυε
1096 488 1173 530 ΙΙΙ.

178 587 409 648 Quomodo
424 585 682 639 Arnobius
700 588 867 639 talsam
888 589 1093 639 deorum
1114 587 1427 637 divinitatem
1453 587 1677 639 ostendat
1696 599 1761 637 ex

233 650 465 713 impudico
504 650 703 713 illarum
729 653 776 700 in
800 651 1232 713 hominesamore,
1278 650 1480 713 Auroga‘.
1512 650 1565 700 in
1588 650 1762 713 Titho-

230 710 354 777 nttjn,
383 711 535 777 Luna
553 716 608 777 _i_u
633 711 1263 777 EudymionemLNereidis
1292 714 1342 777 lu
1382 710 1600 777 Eacum,
1625 712 1763 777 The-

230 773 339 825 tidis
360 778 407 823 in
431 774 638 825 Achillis
654 773 957 838 genitorem,
989 774 1639 838 ProserpinteinAdonem,
1664 774 1762 826 Ce-

230 838 349 899 reris
377 838 429 886 iu
466 835 774 899 rusticanum
810 835 1097 899 Jasionean,
1124 835 1345 887 Veneris
1379 837 1429 886 in
1470 836 1758 899 Vulcanum,

226 898 568 962 Phaetontem,
613 898 840 962 Martem,
886 906 956 962 et,
982 897 1265 962 Anchisem,
1314 906 1367 949 et
1400 911 1488 949 cur
1510 897 1760 949 hchio—

228 964 350 1020 ueia,
377 968 430 1011 et
444 960 611 1011 Troici
636 960 729 1011 viri
754 969 913 1012 mater
929 960 1137 1012 dicatur.

234 1087 435 1157 Quanta
462 1087 631 1145 etiam
662 1087 824 1144 fuerit
844 1088 1069 1144 dearum
1092 1087 1455 1161 impudicitia,
1480 1088 1567 1145 his
1587 1090 1761 1146 Arno-

172 1181 310 1247 bius,
344 1191 465 1252 post
491 1181 831 1239 Clementem
860 1181 1287 1239 Alexandrinum
1310 1226 1327 1252 ,
1354 1184 1618 1255 exemplis
1648 1200 1761 1239 ma-

171 1276 347 1332 nifeste
384 1275 765 1335 demonstrat:
798 1295 819 1330 ι
848 1276 1037 1333 Nonne
1074 1280 1274 1335 vestris
1301 1289 1517 1335 cautum
1556 1289 1640 1336 est
1670 1280 1761 1334 lit-

173 1372 290 1425 teris
334 1370 648 1427 adamatum
678 1384 802 1427 esse
824 1370 895 1427 ab
939 1375 1149 1428 Aurora
1181 1371 1472 1429 Tithonum
1496 1415 1511 1438 ,
1555 1373 1759 1430 arsisse

178 1462 224 1518 in
263 1463 654 1536 Endymionem
686 1466 893 1523 Lunam
918 1509 935 1535 ,
966 1464 1257 1524 Nereidem
1299 1468 1351 1523 in
1392 1468 1620 1525 Eacum
1644 1512 1660 1537 ,
1702 1470 1758 1526 in

174 1555 383 1612 Achillis
410 1558 716 1628 genitorem
745 1556 964 1625 Thetin,
992 1558 1374 1632 Proserpinam
1400 1561 1454 1616 in
1486 1560 1755 1631 Adonem,

173 1663 381 1709 matrem
409 1652 529 1726 ejus
546 1652 802 1711 Cererem
829 1657 881 1710 in
906 1654 1180 1713 lasionem
1208 1657 1396 1713 nescio
1413 1673 1572 1727 quem
1597 1657 1759 1713 rusti-

170 1757 345 1799 canum
370 1787 386 1813 ,
438 1757 491 1802 et
526 1758 651 1818 post
672 1746 971 1803 Vulcanum
1013 1748 1368 1805 Phaetontem
1391 1792 1405 1817 ,
1450 1750 1674 1807 Martem
1703 1752 1755 1807 in

172 1835 406 1894 Anchisa:
451 1838 669 1909 nuptias
718 1841 889 1910 ipsam
922 1841 1065 1896 illam
1104 1840 1404 1911 Venerem,
1446 1842 1751 1900 Eneadnm
1783 1869 1832 1930 Β

174 1940 415 1998 matrem,
446 1942 503 1986 et
530 1931 789 1987 Romana:
815 1932 1202 1990 dominationis
1234 1946 1511 1992 auctorem
1550 1955 1569 1990 ι
1602 1937 1621 2007 (
1654 1936 1741 1991 Ar-

171 2020 276 2075 nob.
304 2062 319 2087 ,
374 2022 465 2076 lib.
505 2038 599 2091 tv,
650 2040 771 2096 pag.
807 2023 911 2080 145
954 2036 1002 2080 et
1043 2024 1233 2098 seqq.).
1276 2026 1531 2083 Clemens
1574 2038 1752 2083 autem

178 2114 565 2172 Alexandrinus
626 2117 774 2187 prius
836 2116 1041 2173 eisdem
1112 2119 1403 2191 gentilibus
1482 2121 1756 2191 objecerat

174 2204 192 2277 (
224 2205 447 2263 Clemens
473 2209 759 2263 Alemdr.
788 2251 803 2273 ,
855 2210 1116 2265 Admonit.
1162 2212 1230 2265 ad
1255 2222 1390 2285 gent.
1440 2230 1559 2285 pag.
1594 2214 1657 2269 21
1692 2214 1750 2283 ):

168 2298 209 2353 Ἠ
233 2301 295 2361 ὣς
321 2304 406 2357 επὶ
433 2305 657 2367 Τιϐωνῶ,
683 2304 859 2363 Σελήνη
882 2302 1192 2377 Ἐνδυμίωνι,
1221 2309 1413 2382 Νηρηὶς
1450 2308 1535 2362 ἰπὶ
1559 2309 1748 2379 Αἰακῷ,

168 2398 243 2448 καὶ
266 2396 348 2450 ἐπὶ
389 2397 542 2455 nam
584 2400 734 2459 Θέτις
764 2413 776 2427 ⁸
809 2401 895 2453 ἐπὶ
918 2397 971 2454 δὲ
1007 2399 1223 2454 Ἰασίωνι
1249 2406 1507 2476 Δημήτηρ,
1543 2407 1629 2457 καὶ
1668 2404 1756 2458 ἐπὶ

167 2484 368 2543 Ἀδώνιδι
380 2490 693 2565 Οερεφάττα·
707 2488 970 2572 ’Δφροδίτη
991 2489 1043 2546 δέ
1060 2492 1141 2547 ἐπ’
1154 2488 1295 2568 "Apri
1311 2496 1748 2568 κατῃσχυμμίνη,

168 2580 385 2651 μετῆλθεν
410 2582 497 2638 ἐπὶ
516 2584 754 2660 Κινύραν,
787 2587 874 2638 καὶ
896 2584 1142 2657 Ἀγχίσην
1170 2582 1372 2660 ἔγημαν
1400 2592 1486 2643 καὶ
1505 2590 1752 2646 Φαέθοντα

167 2674 339 2745 ἐλόχα,
382 2679 470 2731 καὶ
492 2676 597 2752 ὅρα
622 2675 900 2738 Ἀδώνιδος.
941 2677 1143 2733 Aurora
1183 2689 1409 2751 propter.
1436 2678 1746 2751 Tithonum,

167 2764 301 2820 Luna
337 2780 553 2839 propter
595 2765 977 2841 Endymionem
997 2812 1011 2835 ,
1047 2770 1232 2826 Nereis
1260 2783 1468 2843 prapter
1496 2771 1746 2840 Eccum,

165 2868 205 2911 et
225 2870 423 2930 propter
476 2859 694 2916 Peleum
742 2860 918 2919 Thetis
941 2906 956 2929 ,
1008 2873 1215 2934 propter
1265 2863 1532 2921 losionem
1580 2875 1749 2920 autem

167 2947 331 3017 Ceres,
381 2962 427 3007 et
451 2963 665 3025 propter
707 2952 993 3009 Adonidem
1036 2952 1351 3027 Proserpina
1378 2974 1397 3012 :
1427 2957 1593 3013 Venus
1634 2974 1747 3014 vero

166 3054 357 3113 propter
401 3043 625 3100 Martem
649 3056 722 3101 est
748 3047 935 3116 probro
961 3057 1009 3102 et
1043 3047 1291 3104 dedecore
1317 3048 1506 3118 cﬁ'scta
1539 3091 1556 3118 ,
1599 3062 1747 3105 tran-

165 3135 236 3188 siit
262 3136 325 3188 ad
348 3134 600 3206 Cyniram
624 3178 642 3204 ,
686 3148 734 3191 et
761 3139 934 3207 nupsit
964 3139 1201 3195 Anchisa:
1220 3182 1236 3207 ,
1267 3152 1316 3196 et
1343 3143 1541 3214 paravit
1568 3141 1746 3198 Phae-

168 3232 284 3283 tonti
311 3231 551 3295 insidias,
594 3240 642 3287 et
667 3234 857 3286 amavit
883 3233 1191 3290 Adonidem.

231 3324 494 3381 Tithonus
533 3335 713 3381 autem
755 3325 1175 3393 Laomedontis,
1218 3328 1572 3402 Trojanorum
1612 3331 1757 3403 regis

166 3414 333 3483 frater,
359 3426 418 3471 ut
446 3418 527 3472 ait
551 3416 774 3473 Servius
802 3418 1023 3485 (Servi.,
1059 3419 1113 3475 in
1136 3436 1256 3475 mox
1279 3423 1471 3477 citand.
1505 3421 1689 3493 Virgil.
1708 3431 1751 3495 ),

162 3509 223 3564 ab
244 3511 447 3568 Aurora
479 3513 549 3567 ob
578 3514 765 3569 lormte
793 3516 1157 3583 praestantiam
1186 3515 1466 3573 adamatus
1489 3527 1543 3573 et
1568 3526 1753 3587 raptus

160 3602 281 3673 fuit,
312 3619 475 3680 atque
514 3607 566 3663 in
598 3606 931 3678 Ethiopiam
971 3609 1214 3679 ejusdem
1258 3627 1417 3667 curru
1458 3610 1746 3677 advectus,

163 3694 227 3751 ibi
250 3712 313 3753 ex
340 3698 429 3755 illa
458 3700 645 3771 genuit
670 3698 1034 3757 Memnonem.
1065 3698 1218 3757 Unde
1240 3701 1494 3774 Virgilius
1520 3703 1746 3760 cecinit:

894 3816 994 3866 Aut
1008 3818 1104 3883 ubi
1126 3816 1498 3883 pallidasurget

258 3874 455 3929 Tithoni
484 3891 711 3930 croceum
740 3876 973 3943 linquens
993 3874 1178 3931 Aurora
1197 3880 1376 3931 cubile.

691 3963 919 4030 (Virgil,
950 3964 1068 4017 lib.t
1091 3967 1287 4033 Georg,
1311 3980 1434 4020 vers.
1456 3967 1592 4029 446.)

160 4063 218 4119 Et
240 4080 422 4123 rursus
452 4069 558 4126 alio
589 4069 643 4125 in
676 4070 846 4127 libro:

240 4159 298 4229 Et
310 4162 410 4229 iam
421 4163 587 4229 prima
612 4177 738 4229 novo
761 4167 1031 4229 Spargebat
1049 4164 1235 4217 lumine
1258 4176 1437 4229 terras,

240 4222 448 4275 Tithoul‘
462 4239 693 4277 croceum
718 4222 946 4293 linquens
967 4230 1159 4279 Aurora
1184 4230 1369 4283 cubile.

645 4307 831 4373 (Idem,
856 4307 941 4363 lib.
960 4328 1005 4362 tv
1036 4310 1251 4371 Eneti,
1271 4325 1396 4365 vers.
1419 4313 1554 4378 584.)

158 4407 225 4464 De
252 4410 332 4465 his
356 4412 509 4483 plura
537 4414 804 4471 Hesiodus
831 4416 1095 4489 (Hesiod.,
1124 4418 1407 4491 Theogon.,
1432 4436 1560 4474 vers.
1588 4419 1737 4487 904),

158 4509 204 4553 et
224 4500 532 4573 Propertius
558 4505 852 4578 (Pmpert.,
879 4508 965 4564 lib.
993 4526 1063 4576 ll,
1110 4512 1237 4583 eleg.
1288 4512 1377 4579 18;
1419 4513 1582 4579 idem,
1610 4513 1736 4585 eleg.

160 4592 217 4646 15
238 4591 283 4663 ),
317 4596 406 4665 qui
436 4597 501 4653 de
531 4597 869 4671 Endytuione
895 4600 995 4657 hos
1025 4601 1154 4657 fecit
1186 4620 1412 4661 versus:

254 4703 494 4778 Nudoset
516 4710 784 4778 Endymion
801 4713 974 4766 thbi
997 4716 1189 4778 cepisse
1212 4731 1429 4771 sororem

328 4768 540 4835 Dicitur,
568 4768 787 4825 et'nudae
812 4768 1137 4829 concubuisse
1160 4781 1287 4833 dear.

160 4867 333 4927 Pastor
374 4874 462 4932 ille
492 4875 701 4946 fuerat,
733 4882 896 4937 Athlii
952 4884 1127 4952 lilius,
1173 4888 1329 4957 Cujus
1367 4903 1549 4947 amore
1588 4890 1735 4949 Luna

158 4973 327 5053 capta,
375 4968 427 5022 in
456 4968 630 5026 Latmi
671 4972 843 5030 Caria:
882 4978 1078 5032 montis
1104 4981 1398 5036 occultavit
1438 4997 1637 5053 specu,
1683 4998 1737 5042 et

160 5051 533 5128 dormientem,
575 5064 715 5119 sicut
752 5066 942 5123 Cicero
968 5073 1075 5138 ait,
1117 5073 1391 5129 osculatus
1428 5051 1531 5131 cst.
1574 5077 1737 5135 Visne

160 5141 289 5203 illius
319 5153 473 5207 verba
508 5154 605 5209 tibi
640 5156 905 5225 proferri?
938 5161 1016 5217 Eu
1052 5168 1165 5234 ipsa
1193 5172 1351 5220 sunt:
1384 5183 1403 5218 ι
1431 5166 1735 5239 Endymion

160 5253 305 5306 vero,
338 5246 382 5299 si
414 5245 621 5303 fabulas
652 5252 837 5310 audire
878 5257 1154 5326 volumus,
1200 5261 1385 5318 nescio
1423 5263 1643 5334 quando
1684 5267 1734 5321 in

162 5329 335 5390 Latmo
381 5340 740 5407 obdormivit,
783 5347 871 5415 qui
916 5360 997 5404 est
1043 5368 1201 5409 mons
1242 5353 1450 5424 Carior,
1499 5358 1733 5413 nondum

162 5429 338 5494 opinor
366 5445 730 5503 experrectus.
774 5437 910 5494 Num
955 5443 1116 5513 igitur
1144 5462 1267 5502 cum
1297 5464 1487 5505 curare
1518 5467 1730 5519 censes,

162 5533 269 5573 cum
300 5522 439 5580 Luna
469 5529 708 5594 laboret,
738 5546 766 5584 a
791 5547 894 5603 qua
920 5539 1232 5608 consopitus
1260 5552 1509 5611 putatur;
1536 5556 1590 5599 ut
1611 5562 1734 5601 eum

165 5612 501 5713 dormientem
534 5627 874 5682 oscularetur
900 5648 917 5680 ι
954 5630 1167 5702 (Cicer.,
1188 5634 1273 5689 lib.
1309 5654 1324 5691 ι
1357 5636 1735 5713 Tuscul.,png.

169 5704 295 5777 130,
336 5714 427 5767 lin.
466 5715 607 5788 56)?
645 5718 837 5776 Plures
879 5731 1091 5789 autem,
1122 5728 1214 5795 qui
1258 5728 1373 5783 [nec
1413 5730 1479 5784 ad
1525 5704 1734 5799 aniles,

171 5814 258 5857 nec
286 5808 567 5868 audiendas
593 5831 847 5886 umquam
878 5817 1115 5885 fabulas,
1149 5838 1255 5878 non
1286 5826 1535 5894 rejiciant
1564 5828 1607 5882 si
1639 5844 1737 5884 au-

171 5892 275 5954 dire
305 5899 597 5975 desideras,
626 5910 781 5965 adire
815 5914 1013 5980 poteris
1038 5892 1384 5975 Theocritum
1408 5963 1420 5987 ,
1452 5922 1699 5979 Ovidium
1722 5968 1735 5991 ,

512 5999 785 6066 Ριτιοι..
835 6003 910 6064 V.

1440 358 1507 416 IN
1537 356 1913 423 ARNOBIUM,
1950 355 2105 413 CAP.
2149 355 2267 413 ΧΠ.

1738 520 1743 525 ,
1784 473 1834 532 Α
1862 469 2093 525 Plinium
2111 478 2167 523 et
2183 468 2318 524 alios
2337 466 2603 541 (Theocr.,
2630 468 2761 540 idyl.
2779 470 2837 536 5;
2854 468 3031 536 0vid.,
3046 470 3193 540 epist.
3213 470 3456 539 Heroid.,

1764 4656 1820 4717 D

3345 360 3452 416 522

1866 562 1953 625 18,
1983 578 2105 633 pag.
2141 562 2263 627 l9'J,
2294 560 2385 615 lib.
2416 576 2474 615 ιιι
2501 561 2565 614 de
2588 560 2702 616 Art.
2730 577 2931 629 aman.,
2960 580 3081 634 pag.
3109 562 3255 630 473;
3284 564 3455 630 Plin.,

1865 640 1956 711 lib.
1985 671 2021 710 ll
2054 653 2251 709 Natur.
2285 654 2432 723 ltist.,
2463 671 2580 727 cap.
2610 654 2665 720 9,
2696 671 2814 726 pag.
2851 652 3013 728 152).

1933 748 2182 806 Nereidis
2233 761 2413 804 autem
2460 747 2681 803 nomine
2727 748 3000 805 Arnobius
3045 762 3229 808 noster
3282 754 3463 813 adhuc

1864 855 1981 911 post
2012 838 2349 897 Clementem
2377 840 2836 920 Alexandrinum,
2867 852 2926 898 ut
2950 843 3061 911 jam
3090 846 3345 913 vidimus,
3380 849 3462 903 di-

1861 934 2039 1005 signat
2084 933 2411 992 Psamathen
2456 934 2622 991 Nerei
2662 936 2825 991 tiliam
2856 935 3124 1007 (Clemens
3151 937 3459 1008 Αιωωᾱτ..

1862 1024 2123 1082 Admovit.
2153 1027 2224 1081 ad
2252 1039 2414 1099 gent.,
2448 1044 2567 1098 pag.
2599 1027 2666 1082 2i
2693 1029 2733 1099 ),
2769 1043 2836 1084 ex
2866 1043 2970 1100 qua
3000 1028 3232 1097 Eacus,
3275 1040 3334 1086 ut
3372 1048 3460 1088 re-

1864 1115 1972 1175 fert
2002 1118 2296 1187 Hesiodus,
2324 1118 2566 1177 Phocunt
2595 1121 2833 1191 suscepit
2862 1119 3139 1193 (Hesiod.,
3170 1121 3459 1196 Theogon.,

1862 1226 1994 1271 vers.
2025 1210 2243 1281 1004):
2302 1206 2305 1211 λ

2020 1322 2113 1375 ἧτοὶ
2134 1336 2199 1387 μιν
2222 1339 2345 1376 Φῦιον
2368 1338 2530 1389 γηράὴ
2552 1342 2634 1380 eiu
2656 1335 2722 1380 δῖα
2746 1340 2859 1381 οώη
2876 1370 2889 1389 ,

2018 1399 2155 1437 Αιιιοῡ
2180 1400 2217 1437 ιν
2239 1400 2424 1450 φιλότητι,
2446 1397 2512 1441 διὰ
2532 1408 2668 1456 mea.
2690 1394 2917 1455 £99.81“...

1860 1467 1922 1520 Et
1939 1483 2060 1521 sane
2081 1471 2284 1535 quidem
2308 1472 2525 1526 Phocum
2560 1474 2824 1527 Psantathe
2847 1478 3043 1541 peperit
3066 1482 3464 1547 prastantissitna

3218 1543 3461 1609 (dearum,

1984 1594 2118 1647 Aiaci
2143 1598 2195 1647 in
2216 1610 2403 1661 amore,
2430 1612 2519 1662 per
2540 1613 2742 1652 auream
2768 1600 3036 1653 Venerem.

1861 1700 2025 1758 Multa
2053 1703 2123 1760 de
2164 1704 2337 1761 Atiaco
2375 1716 2430 1762 et
2461 1706 2644 1763 Phoco
2672 1709 2932 1777 Ovidius,
2962 1726 3124 1782 quem
3153 1729 3276 1769 cum
3304 1716 3463 1773 lube-

1860 1796 1969 1865 bit,
2016 1798 2200 1868 legere
2242 1803 2445 1871 poteris
2475 1802 2655 1877 (Ovid.
2681 1847 2696 1870 ,
2733 1805 2825 1860 lib.
2855 1822 2925 1862 vu
2960 1806 3172 1863 letam.
3199 1851 3214 1874 ,
3246 1810 3275 1884 ς
3303 1812 3374 1867 ’24
3416 1822 3465 1868 et

1858 1891 2073 1964 καφ).
2112 1893 2282 1962 Quem
2324 1896 2602 1952 Arnobius
2643 1897 2843 1954 dehinc
2874 1899 3097 1956 Achillis
3128 1915 3284 1958 vocat
3311 1907 3465 1975 geni-

1858 1990 2033 2067 torem
2056 2026 2073 2052 ,
2103 1986 2149 2039 is
2188 1996 2337 2043 recte
2362 2003 2393 2044 a
2423 1988 2702 2045 Clemente
2741 1990 3119 2049 Alexandrino
3159 1996 3465 2067 appellatur

1857 2066 2081 2145 Peleus,
2116 2082 2207 2153 qui
2246 2082 2497 2139 eumdem
2531 2084 2801 2141 Achillem
2831 2102 2897 2140 ex
2929 2086 3159 2144 Thetide
3200 2066 3460 2160 procrea-

1856 2173 1934 2226 vit
1963 2172 2163 2243 (Clem.
2185 2217 2199 2241 ,
2235 2176 2335 2232 loc.
2366 2178 2453 2231 cit.
2478 2217 2495 2242 ,
2525 2194 2643 2249 pag.
2675 2178 2737 2233 2|
2770 2179 2811 2251 ).
2854 2179 2973 2235 Jam
3018 2183 3161 2237 enim
3204 2190 3401 2242 citatus
3428 2203 3461 2243 a

1856 2264 2013 2321 nobis
2065 2265 2335 2325 Hesiodus
2382 2272 2581 2327 cecinit
2628 2270 2937 2345 (Hesiod.,
2982 2274 3242 2349 Theogon.
3271 2320 3286 2344 ,
3329 2298 3457 2338 vers.

1857 2357 2080 2430 1006):

2010 2487 2123 2537 nam
2144 2484 2197 2548 81_
2212 2486 2393 2540 θρίδακα
2418 2492 2482 2532 σιὰ
2503 2496 2609 2542 Olet;
2631 2495 2857 2548 ἀργυρόςιζι
2876 2529 2888 2545 ,

2010 2552 2151 2589 Talm’
2176 2542 2356 2604 Alma...

1855 2614 1899 2669 Α
1916 2617 2083 2700 Peleo
2093 2625 2480 2700 aptemlsupacta
2492 2628 2589 2678 dea
2606 2627 2800 2691 Thetis,
2816 2632 3050 2684 candidos
3070 2624 3227 2698 pedes
3242 2638 3453 2700 habens.

1979 2681 2166 2734 Genuit
2188 2686 2451 2739 Achillem.

1852 2783 1957 2841 Sed
1990 2786 2095 2844 hoc
2121 2790 2190 2845 ab
2217 2788 2411 2848 Ovidio
2442 2793 2560 2851 fuse
2588 2796 2934 2856 decantatum
2964 2800 3209 2863 invenies
3240 2808 3454 2879 (Ovid,

1852 2878 1937 2932 lib.
1972 2896 2011 2936 ιι
2053 2881 2422 2956 Μειαιιιοτριι..
2452 2887 2479 2961 §
2507 2890 2602 2962 7).

1923 2972 2131 3030 Ferunt
2159 2987 2339 3034 autem
2372 2979 2754 3056 Proserpinam
2788 3006 2852 3045 ac
2883 2991 3149 3048 Venerem
3172 3037 3186 3060 ,
3221 2996 3454 3054 Adonim

1852 3067 2055 3136 pariter
2080 3068 2458 3140 deperientes,
2494 3076 2561 3130 ad
2594 3076 2742 3135 lovis
2773 3084 2991 3139 venisse
3025 3085 3321 3156 judicium,
3348 3106 3459 3160 quo

1852 3160 1947 3217 ille
1989 3166 2367 3231 pronuntiaret
2406 3171 2623 3227 cuinam
2679 3190 2743 3230 ex
2798 3178 3008 3236 duabus
3045 3182 3454 3241 concederetur.

1774 3251 1820 3315 C
1856 3253 1991 3310 Dato
2018 3272 2151 3313 vero
2180 3258 2247 3315 ab
2275 3276 2342 3316 eo
2372 3260 2469 3317 fuit
2507 3264 2615 3319 litis
2654 3267 2855 3324 arbitra
2887 3282 2943 3327 et
2973 3272 3139 3341 judex
3178 3275 3453 3345 Calliope,

1859 3363 1981 3418 quae
2022 3352 2337 3420 constituit,
2377 3364 2434 3410 ut
2478 3357 2624 3412 illum
2669 3377 3004 3435 unaquaeque
3045 3382 3138 3435 per
3175 3367 3455 3425 dimidiam

1856 3442 1982 3496 anni
2033 3454 2239 3512 partem
2284 3447 2603 3516 possideret.
2638 3450 2783 3523 Lege
2805 3496 2820 3519 ,
2852 3457 2896 3509 si
2939 3458 3070 3512 velis
3093 3502 3107 3525 ,
3146 3459 3412 3532 Hyginum
3434 3503 3452 3530 ,

1858 3535 2247 3605 Apollodorum
2278 3580 2294 3602 ,
2351 3549 2407 3594 et
2456 3540 2736 3598 Giraldnm
2781 3546 3055 3619 (Hygin.,
3116 3551 3410 3608 Astronom.
3437 3596 3452 3613 .

1857 3637 2031 3694 poet.;
2060 3630 2257 3700 Apoll.,
2292 3631 2379 3687 lib.
2413 3649 2472 3689 ιιι
2497 3633 2788 3704 Biblioth.;
2839 3640 3067 3710 Girald.,
3096 3657 3352 3718 syntagm.
3388 3648 3455 3705 15

1854 3721 2021 3786 deor.,
2056 3740 2176 3795 pag.
2206 3724 2311 3781 596

1922 3814 2108 3872 Jasion
2140 3834 2304 3889 porro
2332 3820 2401 3874 ab
2430 3831 2654 3880 auctore
2686 3836 2873 3882 nostro
2901 3831 3207 3889 rusticanus
3234 3834 3451 3905 quidem

1850 3910 2036 3965 nescio
2073 3912 2231 3979 quis,
2280 3913 2372 3968 sed
2419 3929 2447 3967 a
2491 3914 2688 3971 Nonno
2735 3918 2818 3973 vir
2843 3921 3079 3990 agricola
3102 3966 3117 3991 ,
3155 3934 3211 3980 et
3237 3926 3453 3986 Cereris

1849 4001 2085 4072 conjux,
2116 4003 2187 4059 ab
2215 4005 2338 4061 aliis
2365 4005 2517 4062 Jovis
2547 4020 2603 4064 et
2633 4008 2901 4079 Electrae,
2934 4024 2988 4069 et
3024 4016 3092 4073 ab
3129 4019 3451 4089 quibusdam

1849 4092 2055 4153 Menois
2084 4106 2139 4151 et
2167 4095 2427 4154 Phroniaa
2462 4100 2602 4156 ﬁlius
2630 4102 2831 4159 dicitur
2858 4104 3091 4179 (Nonn.,
3123 4112 3211 4165 lib.
3245 4128 3451 4181 XLVIII,

1845 4203 1976 4242 vers.
2008 4188 2150 4254 969,
2201 4198 2248 4243 et
2287 4207 2423 4262 seqq.
2445 4193 2481 4262 ).
2533 4194 2617 4249 Ab
2663 4194 2899 4252 Hesiodo
2938 4207 3119 4255 autem
3164 4201 3449 4274 (Hesiod.,

1848 4279 2110 4353 Theogon.
2133 4299 2262 4339 vers.
2290 4284 2431 4356 969)
2460 4288 2775 4357 perhibetur
2798 4308 2866 4347 ex
2888 4292 3087 4351 Cerere
3112 4295 3329 4354 Plutum
3354 4315 3452 4371 ge-

1844 4389 2067 4431 nuisse:

1998 4504 2166 4556 ᾼηωιίτηρ
2186 4504 2250 4551 μὶν
2272 4504 2437 4544 Πλοῦτον
2461 4507 2634 4556 lycium,
2660 4505 2725 4547 δῖα
2748 4510 2859 4549 eadm
2882 4540 2893 4554 .

2000 4554 2113 4616 ίισίῳ
2134 4566 2221 4617 ἥρωϊ
2244 4569 2374 4617 μιγιῐσ²
2523 4571 2698 4631 φιλότητι.

1940 4638 2530 4719 gereslqnidetn’Plutum
2548 4648 2742 4719 genuit.
2764 4652 3165 4709 priestantissima
3190 4653 3411 4719 dearum,

1939 4700 2075 4751 Iasio
2099 4700 2238 4753 heroi
2263 4705 2418 4754 mixta
2434 4700 2648 4768 jucuﬁdo
2663 4700 2850 4760 amore.

1843 4805 1946 4861 Adi
1975 4806 2187 4875 adhuc,
2216 4811 2260 4864 si
2292 4811 2459 4877 velis,
2501 4824 2556 4867 et
2597 4826 2785 4883 vacet,
2820 4817 3170 4877 Theocritum
3213 4834 3267 4880 et
3309 4826 3443 4881 Ovi-

1842 4901 1989 4957 dium
2033 4901 2310 4973 (Theocn,
2348 4906 2503 4977 idyl.,
2557 4912 2687 4965 vers.
2721 4909 2821 4971 50;
2858 4911 3031 4981 Ovid.,
3063 4917 3155 4973 lib.
3187 4933 3241 4973 ιι
3273 4918 3443 4975 Meta-

1842 4998 2072 5065 morph.,
2109 4996 2138 5070 §
2172 4998 2229 5053 11
2258 4999 2296 5069 ).

1914 5091 1983 5144 At
2012 5105 2116 5145 ιιοιι
2146 5090 2381 5147 Jasionis
2407 5095 2595 5157 solius,
2629 5098 2722 5153 sed
2751 5097 2975 5157 Vulcani
3008 5105 3168 5159 etiam
3192 5147 3207 5172 ,
3237 5107 3440 5175 Martis,

1842 5181 2153 5238 Pltaelontis
2196 5194 2250 5240 et
2291 5185 2541 5241 Anchisa:
2584 5190 2918 5260 nequissimo
2958 5210 3143 5252 amore
3174 5199 3441 5268 impudica

1842 5273 2026 5331 Venus
2055 5276 2315 5347 ﬂagravit.
2368 5278 2443 5333 De
2484 5279 2650 5336 Marte
2682 5295 2858 5338 autem
2897 5288 3053 5355 paulo
3095 5298 3215 5344 ante
3236 5332 3251 5356 ,
3284 5308 3347 5346 ac
3376 5293 3443 5349 de

1840 5366 2162 5435 Phaetonte,
2189 5385 2280 5425 seu
2311 5372 2487 5439 potius
2514 5372 2729 5429 Phaone
2758 5378 2809 5429 in
2838 5380 3116 5447 superiore
3140 5383 3441 5451 Apparatus

1842 5464 2012 5517 nostri
2042 5474 2187 5517 tomo
2211 5464 2568 5521 disseruimus
2593 5469 2737 5538 (tam.
2786 5486 2799 5525 ι
2838 5472 3117 5539 Apparat.,
3144 5494 3262 5546 pag.
3287 5479 3438 5550 707).

1912 5554 2017 5611 Sed
2051 5557 2341 5614 observare
2371 5560 2457 5616 hic
2482 5562 2632 5631 juvat
2668 5565 2937 5633 triplicem
2972 5586 2995 5617 ιι
3030 5568 3296 5626 Cicerone
3327 5574 3439 5629 dis-

1844 5649 2007 5718 tingui
2033 5650 2301 5705 Venerem
2322 5696 2335 5716 ,
2365 5670 2591 5723 quarum
2624 5675 2640 5707 ι
2667 5661 2820 5712 tertia
2847 5679 2866 5712 ι
2897 5660 3066 5731 inquit
3089 5661 3287 5729 (Cicer.
3324 5666 3437 5733 lib.,

1841 5756 1898 5795 tu
1941 5740 2002 5793 de
2052 5740 2179 5798 Not.
2216 5745 2359 5799 deor.
2396 5764 2516 5818 pag.
2552 5749 2658 5804 248
2682 5792 2694 5813 ,
2728 5752 2820 5805 lin.
2852 5752 2985 5823 28),
3017 5774 3035 5804 ι
3067 5755 3200 5811 Jove
3236 5771 3357 5814 nata
3388 5774 3443 5816 et

1846 5832 2047 5900 Dione,
2093 5838 2273 5904 nupsit
2320 5837 2563 5895 Vulcano
2591 5863 2607 5892 ι
2644 5844 2699 5897 in’
2737 5862 2932 5913 quant,
2980 5859 3034 5901 ut
3080 5851 3212 5903 dixit
3256 5864 3443 5910 auctor

1843 5938 2047 5997 noster,
2083 5929 2327 5985 ardebat.
2384 5934 2537 6001 Quod
2571 5937 2785 6007 quidem
2817 5945 3168 5998 continuatur
3197 5962 3221 5997 a
3251 5946 3441 6007 Servio

2730 6033 2805 6100 17
