3872 6388
181 400 270 456 525

1430 403 1498 458 IN
1536 358 1919 469 ARNOBIUM,
1962 401 2115 458 CAP.
2159 401 2295 458 xm.

3347 395 3453 452 526

182 537 283 591 pag.
315 516 479 592 107):
505 519 645 574 «Vos
673 519 805 575 deos
833 528 1125 595 paramest
1152 517 1444 576 formarum
1473 519 1614 591 quod
1643 535 1756 574 am-
1785 524 1838 584 Α
1865 517 1995 573 Isid.
2018 559 2032 585 ,
2065 520 2153 574 lib.
2187 536 2223 574 ιι
2257 518 2403 587 Orig.
2425 558 2441 585 ,
2490 534 2606 586 cap.
2641 517 2665 572 l
2692 530 2710 580 ,°
2751 516 2911 572 Cicer.
2940 557 2954 585 ,
2985 516 3074 572 lib.
3107 531 3125 572 ι
3155 515 3219 569 de
3248 510 3447 569 Natat.

179 614 458 684 plectimini
492 617 792 680 mensione,
827 613 918 669 illo
947 621 1002 669 et
1031 615 1387 670 atterminatis
1415 615 1668 677 lunnano,
1701 621 1755 667 et

179 705 307 778 quod
334 705 605 777 indignius
633 706 800 760 multo
827 717 946 776 est,
965 717 1300 763 terrenorum
1329 723 1617 778 corporum
1643 710 1752 762 clr-

178 813 496 854 cumcaesura
532 798 713 862 ﬁnitis,
741 818 761 851 ι
788 796 892 854 hoc
922 810 1033 863 est,
1064 799 1196 855 deos
1224 812 1432 856 vesuos
1460 799 1750 855 formarum

178 893 419 946 mensione
439 933 453 956 ,
483 906 579 946 seu
610 889 950 948 dimensione
977 894 1060 948 vel
1091 909 1371 960 mensura,
1402 905 1456 961 et
1486 893 1606 960 filo,
1639 898 1752 950 sive

178 994 370 1038 textura
404 991 460 1038 et
490 983 828 1056 lineamentis
859 980 1108 1040 humanis
1130 1027 1143 1048 ,
1175 1001 1239 1040 ac
1264 1002 1550 1057 corporum
1581 999 1752 1043 terre-

177 1090 354 1129 norum
385 1075 794 1130 circumcaesura
814 1119 828 1143 ,
861 1090 956 1132 seu
987 1080 1326 1133 extremitate
1358 1079 1662 1134 terminatis
1699 1088 1753 1136 et

176 1168 621 1224 circumscribitis.
659 1165 830 1226 Priori
873 1179 1052 1230 autem
1086 1175 1252 1228 verbo
1285 1191 1412 1228 usus
1449 1183 1533 1230 est
1560 1173 1754 1231 Cicero

178 1259 332 1333 (Cic.,
375 1261 608 1326 0ralor.,
653 1281 770 1334 pag.
803 1263 931 1329 268,
965 1266 1059 1320 lin.
1092 1265 1187 1337 2),
1223 1276 1278 1322 ει
1307 1267 1414 1324 duo
1453 1270 1754 1338 posteriora

176 1355 444 1427 desumpta
471 1373 540 1414 ex
564 1355 812 1413 Lucretio
841 1358 1108 1414 videntur.
1145 1357 1317 1415 Variis
1343 1361 1541 1432 quippe
1567 1378 1631 1418 ea
1658 1361 1753 1417 ad-

177 1447 309 1504 hibet
343 1450 395 1503 in
426 1449 594 1516 locis,
628 1449 770 1505 unde
808 1451 924 1506 hac
954 1449 1324 1522 proferemus:

256 1563 377 1627 Sunt
395 1563 546 1627 igitur
564 1564 662 1627 jam
687 1562 947 1627 formarum
969 1559 1177 1624 veStigia
1203 1578 1349 1627 czeca,

256 1626 370 1686 Quae
395 1625 546 1689 vulgo
568 1625 771 1677 volitant
791 1625 960 1677 subtili
986 1627 1185 1689 praedita
1218 1627 1316 1678 illo.

692 1708 926 1772 (Lucret,
951 1705 1034 1760 lib.
1059 1725 1124 1772 tv,
1150 1722 1276 1763 vers.
1298 1709 1362 1762 85
1376 1715 1422 1763 et
1442 1710 1597 1778 seqq.)

177 1817 308 1874 Alibi
345 1835 476 1877 vero
493 1838 506 1874 :

723 1912 902 1974 Specie
934 1909 1132 1964 confusa
1158 1912 1384 1964 vldentur

259 1974 411 2035 Quam
433 1976 688 2026 minimum
709 1973 859 2024 Illum.

259 2098 560 2164 Perparvam
585 2101 826 2164 quoddam
850 2100 1096 2164 interdum
1113 2106 1303 2152 mutare
1330 2101 1558 2150 videntur

262 2161 560 2214 Alterutrum
580 2161 633 2212 in
658 2172 845 2214 partem
869 2161 1020 2213 illum.

507 2227 587 2290 (Et
608 2224 692 2276 lib.
726 2237 915 2284 “vers.
940 2225 1052 2287 581,
1078 2231 1123 2277 et
1145 2239 1269 2276 vers.
1301 2225 1392 2276 588
1414 2231 1461 2276 et
1479 2227 1634 2291 seqq.)

183 2328 290 2386 Alio
309 2337 488 2383 autem
512 2329 566 2382 in
593 2328 732 2381 libro
755 2341 952 2380 nomen
973 2327 1384 2381 circumczcsura
1408 2325 1486 2380 sic
1508 2324 1762 2380 adhibet:

263 2443 454 2494 Extima
476 2443 811 2492 membrorum
829 2444 1198 2492 circumcaesura
1217 2448 1384 2491 tamen
1407 2454 1462 2490 se

265 2505 562 2557 Incolumem
583 2512 802 2566 praestat.

1007 2563 1130 2630 (Lib.
1149 2580 1218 2628 ιιι,
1237 2579 1360 2618 vers.
1382 2566 1516 2628 220.)

184 2653 380 2710 Rursus
406 2668 536 2710 vero
571 2671 584 2708 :

266 2769 454 2820 Extima
474 2765 808 2818 membrorum
828 2768 1199 2819 circumcaesura
1218 2777 1439 2819 coercet.

904 2891 913 2895 ν
989 2830 1114 2894 (Lib.
1140 2846 1206 2891 IV,
1233 2842 1358 2882 vers.
1382 2829 1519 2894 651'.)

181 2935 332 3003 Atqui
364 2952 459 2991 nec
491 2937 624 2991 tales
656 2950 776 2991 esse
803 2935 966 3002 deos,
997 2951 1097 2990 nec
1126 2950 1382 3005 corporea
1425 2935 1594 2990 forma
1616 2975 1632 3001 ,
1676 2942 1770 2990 aut

183 3029 401 3085 humana
445 3032 610 3102 figura
639 3041 694 3086 et
725 3033 906 3100 specie
934 3041 1182 3085 constare
1214 3043 1372 3099 posse
1403 3026 1648 3098 pluribus
1678 3045 1765 3082 ra-

183 3123 377 3177 tionum
420 3121 776 3176 ﬁrmamentis
807 3121 1080 3178 Arnobius
1108 3121 1466 3175 demonstrat.
1501 3120 1788 3190 Excerpta.

181 3225 351 3270 autem
379 3225 502 3272 sunt
530 3231 594 3270 ea
626 3215 743 3272 fere
773 3216 951 3270 omnia
972 3257 985 3282 ,
1015 3227 1133 3284 quae
1165 3214 1252 3268 ille
1283 3228 1437 3269 suam
1468 3230 1770 3269 accommo-

1857 609 2023 668 ἄρον..
2055 628 2173 682 pag.
2206 611 2331 674 254,
2358 611 2450 664 liu.
2485 610 2573 672 49,
2601 617 2647 663 el
2673 607 2859 681 seqq.).

1929 702 2093 758 Addit
2115 707 2316 759 Auctor
2345 713 2530 756 noster
2561 720 2574 755 :
2601 720 2620 754 r
2645 699 2996 757 Omontorum
3025 698 3447 764 membranulas,

1857 803 1912 850 ει
1938 795 2313 865 gurgulioues.
2353 813 2372 848 ι
2403 794 2643 866 (Arnob.,
2677 793 2775 848 loc.
2809 791 2924 864 cit.)
2978 791 3264 848 Otnentum
3319 804 3450 846 vero

1857 887 2062 944 Gruacis
2116 891 2385 957 ἐπιπλοὸν,
2441 891 2755 947 membrana
2788 897 2873 944 est
2904 885 3077 942 tendis
3107 901 3168 941 ac
3199 883 3411 956 plnguis
3431 925 3447 950 ,

1857 1001 1976 1054 qua:
2026 986 2404 1040 intestinorum
2455 983 2746 1039 amfractus
2789 979 3015 1036 involvit
3047 977 3283 1050 trgitque
3313 978 3450 1032 infe-

1858 1077 2032 1132 riorcs
2062 1078 2264 1132 ventris
2296 1090 2499 1149 partes.
2532 1076 2688 1134 Unde
2720 1068 2921 1130 Plinius
2955 1091 2967 1125 :
3004 1068 3397 1135 tVeutriculus,
3427 1088 3446 1120 ι

1858 1172 2053 1242 inquit,
2092 1192 2108 1224 ι
2143 1183 2304 1244 atque
2336 1173 2588 1228 intestina
2630 1172 2814 1245 pingui
2843 1184 2906 1224 ac
2947 1166 3094 1224 tenui
3123 1173 3342 1220 omento
3373 1163 3455 1217 in-

1860 1273 2132 1334 teguntur,
2169 1275 2528 1337 praeterquam
2555 1280 2654 1319 ova
2676 1260 3043 1335 gignentibus.
3078 1276 3097 1310 ›
3129 1257 3308 1311 Plinio
3326 1255 3455 1310 sub-

1856 1359 2049 1414 scribit
2083 1360 2336 1415 lsidorus.
2367 1357 2648 1417 Juvenalis
2673 1366 2853 1414 autem
2875 1353 3072 1412 alicubi
3112 1359 3454 1408 omentorum

1857 1449 1913 1506 in
1934 1455 2103 1509 sacris
2132 1470 2287 1510 usum
2319 1455 2397 1512 sic
2426 1455 2660 1512 cecinit:

2693 1545 2920 1610 Albaque
2945 1545 3079 1610 porci

1984 1610 2213 1663 Omenta.

1862 1695 1930 1750 Et
1956 1695 2174 1750 Persius
2201 1713 2214 1750 :

1951 1808 2045 1859 Tot
2065 1809 2154 1859 tibi
2177 1821 2286 1858 cum
2309 1809 2362 1858 in
2384 1809 2574 1858 ﬂamma
2590 1806 2809 1870 junicum
2827 1813 3026 1856 omenta
3045 1802 3362 1868 liquescant.‘

1788 1925 1837 1988 Β
1864 1913 2106 1983 Denique
2139 1912 2259 1967 diia
2285 1911 2574 1982 gentilibus
2629 1911 2883 1977 coiificti,
2931 1910 3136 1965 habere
3185 1907 3460 1965 debebant

1862 2007 2216 2080 gurguliones,
2247 2007 2319 2061 ait
2338 2006 2636 2062 Arnobius.
2665 2005 2925 2076 Gurgulio
2951 2012 3128 2058 autem
3157 2003 3226 2058 ab
3251 2002 3460 2057 Isidoro

1865 2104 1942 2158 sic
1969 2102 2337 2158 describitur:
2376 2120 2394 2153 ι
2435 2103 2476 2155 Α
2519 2108 2736 2172 gutture
2788 2114 2984 2155 nomen
3038 2098 3249 2164 trahit,
3305 2096 3460 2166 cujus

1866 2204 2076 2250 meatus
2105 2195 2170 2249 ad
2195 2210 2256 2248 os
2284 2209 2337 2249 et
2367 2209 2526 2248 nares
2575 2192 2878 2264 pertendit,
2915 2191 3118 2245 habens
3149 2192 3286 2244 viam
3306 2231 3322 2254 ,
3356 2203 3465 2259 qua

1867 2303 1968 2343 vox
1993 2289 2057 2342 ad
2092 2288 2326 2358 linguam
2378 2286 2795 2349 transmittitur;
2831 2295 2888 2339 ut
2923 2283 3090 2352 possit
3115 2283 3278 2337 verba
3305 2281 3462 2336 colli-

1868 2380 1998 2437 dere
2021 2399 2036 2446 ;
2063 2381 2208 2436 unde
2230 2390 2283 2436 et
2310 2379 2517 2449 garrire
2539 2378 2792 2434 dicimus.
2831 2397 2850 2429 ι
2886 2375 3084 2446 (Plin.,
3112 2376 3199 2430 lib.
3240 2389 3276 2428 ιι
3317 2371 3461 2429 Hist.

1869 2484 2067 2537 natur.,
2097 2490 2214 2543 cap.
2245 2474 2334 2535 52‘,
2361 2490 2481 2543 pag.
2512 2471 2651 2536 574;
2691 2469 2822 2525 Isid.
2851 2511 2866 2534 ,
2904 2468 3003 2524 loc.
3035 2470 3165 2533 cit.;
3195 2465 3462 2532 Juvenal.,

1868 2575 2026 2635 satyr.
2057 2565 2145 2628 15,
2178 2582 2307 2618 vers.
2342 2564 2478 2628 “8;
2531 2562 2680 2618 Pcrs.
2709 2605 2723 2628 ,
2769 2573 2932 2634 satyr.
2965 2561 3020 2626 2,
3052 2576 3182 2615 vers.
3213 2559 3322 2625 45;
3363 2556 3468 2613 Isi-

1871 2657 2010 2722 dor.,
2035 2657 2124 2711 lib.
2159 2673 2195 2710 ιι
2231 2656 2400 2727 0rig.,
2430 2673 2548 2725 cap.
2578 2656 2637 2720 l,
2681 2665 2726 2708 et
2756 2655 2843 2708 lib.
2874 2670 2968 2722 xu,
2993 2671 3112 2725 cap.
3135 2649 3215 2724 8.)

1943 2749 2108 2820 Atqui
2135 2752 2179 2804 si
2207 2749 2303 2814 dii,
2336 2747 2408 2803 ait
2441 2748 2733 2815 Arnobius,
2781 2762 3011 2818 corpora
3059 2745 3326 2812 habeant,
3367 2744 3469 2801 de-

1870 2846 1997 2901 bent
2024 2860 2237 2914 quoque
2266 2844 2465 2899 habere
2496 2843 2593 2898 has
2626 2843 2866 2914 aliasque
2918 2842 3242 2899 foedissimas
3278 2857 3468 2915 corpo-

1873 2953 1989 2990 rum
2025 2946 2227 3006 partes.
2254 2935 2358 2991 Sed
2392 2935 2522 2989 nihil
2551 2934 2703 2989 dictu
2734 2935 3321 3004 ntagis.absurdum.Si
3340 2951 3471 2991 vero

1873 3029 1939 3082 iis
1964 3028 2223 3083 membris
2245 3037 2454 3092 carent,
2485 3029 2701 3081 illorum
2726 3042 2977 3096 corpora,
3009 3035 3278 3098 tamquam
3321 3036 3471 3084 utres

1874 3121 2055 3175 inflata
2087 3131 2280 3188 erunt,
2323 3119 2418 3174 sed
2449 3121 2632 3173 inania
2671 3121 2894 3174 omnino
2923 3135 2983 3174 ac
3013 3136 3203 3175 vacua.
3235 3120 3471 3178 Brevius

1874 3230 1936 3269 ac
1965 3212 2273 3277 dilucidius,
2301 3213 2548 3281 quamvis
2578 3212 2736 3279 paulo
2759 3211 2916 3266 aliter
2948 3211 3101 3267 Cotta
3151 3215 3290 3284 apud
3316 3215 3471 3271 Cice-

181 3307 318 3362 davit
359 3311 408 3363 in
451 3308 672 3363 modum
703 3325 769 3363 ex
801 3309 976 3377 primo
1000 3305 1279 3362 Ciceronis
1308 3306 1377 3362 de
1406 3306 1602 3361 Natura
1634 3307 1761 3363 deo-
1797 3312 1841 3374 C
1875 3307 2351 3362 ronemadversus
2374 3304 2626 3361 Villeium
2661 3304 2987 3373 Epicureum
3013 3306 3092 3361 sic
3122 3319 3470 3378 argumenta-

182 3414 293 3453 rum
322 3401 474 3463 libro,
495 3400 584 3456 ubi
610 3399 764 3455 Cotta
785 3399 1142 3454 Academicus
1165 3397 1423 3452 Velleiqu
1445 3399 1766 3468 Epicureum

185 3492 370 3548 refellit
409 3495 638 3562 (Arnob.
666 3533 681 3557 ,
723 3494 808 3547 lib.
841 3503 932 3558 ιιι,
977 3510 1094 3564 pag.
1131 3493 1232 3548 107
1259 3504 1306 3547 et
1345 3509 1521 3563 seqq.;
1565 3494 1763 3562 Cicer.,

185 3586 268 3639 lib.
299 3587 397 3641 ide
428 3585 618 3642 Natur.
654 3587 832 3654 deor.,
881 3603 998 3659 pag.
1031 3586 1140 3642 206
1180 3596 1226 3640 et
1267 3603 1405 3656 seqq.
1431 3590 1466 3654 ).
1504 3587 1609 3641 Sed
1655 3587 1769 3644 haec

184 3691 246 3731 ex
290 3693 405 3733 mox
451 3678 697 3735 dicendis
727 3678 1029 3734 evidentius
1056 3679 1307 3747 cuilibet,
1342 3678 1417 3733 uti
1455 3679 1764 3750 credimus,

186 3769 450 3840 patebunt.

256 3862 402 3917 Brevi
443 3864 626 3932 itaque
666 3878 1053 3934 corporeorum
1085 3864 1451 3921 membrorum
1482 3883 1768 3922 enumera-

188 3955 325 4012 tione
361 3957 698 4027 perspicuum
743 3957 916 4024 primo
955 3959 1224 4014 Arnobius
1268 3958 1391 4014 facit
1420 3961 1554 4016 deos
1595 3977 1769 4033 neque

185 4048 279 4118 iis,
321 4069 486 4124 neque
530 4054 634 4107 ulla
679 4053 967 4123 cujuslibet
1009 4054 1251 4122 corporis
1288 4055 1452 4126 ﬁgura
1490 4057 1762 4125 componi.

186 4144 287 4200 Sed
330 4145 462 4200 hanc
506 4145 877 4202 recensiouem
921 4146 1061 4218 stylo
1104 4162 1203 4200 suo
1246 4145 1433 4202 inﬂato
1463 4157 1517 4202 et
1559 4148 1768 4218 turgido

189 4239 534 4310 prosequitur,
560 4254 622 4293 ac
645 4237 872 4294 insolitis
893 4238 1210 4309 quibusdam
1236 4241 1400 4294 utitur
1427 4241 1622 4305 verbis,
1648 4254 1768 4312 qua:

190 4330 376 4386 idcirco
421 4345 518 4387 nec
563 4331 813 4386 omnibus
857 4331 1013 4385 obvia
1055 4332 1313 4399 claraque
1344 4334 1564 4387 omnino
1603 4344 1765 4398 sunt,

189 4439 286 4479 nec
311 4426 419 4480 sine
446 4425 803 4494 explicatione
833 4423 1006 4495 aliqua
1038 4423 1235 4480 debent
1270 4428 1625 4494 pr.~rtermitti.
1663 4428 1766 4481 Do-

190 4528 277 4572 cet
299 4532 464 4574 autem
493 4519 625 4574 deos
651 4527 849 4589 praeter
874 4529 1032 4586 caput
1050 4558 1065 4583 ,
1092 4533 1277 4585 aures,
1310 4518 1492 4588 pedes,
1526 4519 1768 4589 aliasque

192 4614 424 4667 omnibus
467 4612 778 4666 ιιοιὶηςίιιιεε
804 4611 1049 4678 corporis
1081 4622 1259 4679 partes
1279 4652 1293 4676 ,
1329 4610 1532 4666 habere
1562 4627 1768 4681 nequa-

1871 3399 2028 3453 batur
2060 3416 2073 3453 :
2111 3415 2128 3448 t
2172 3396 2399 3453 Habebit
2428 3397 2594 3467 igitur
2621 3396 2857 3466 linguam
2903 3396 3036 3452 deus
3065 3407 3119 3453 et
3147 3415 3254 3454 non
3283 3401 3474 3470 loque-

1872 3501 1992 3556 tur;
2048 3491 2268 3557 dentes,
2324 3490 2590 3560 palatum,
2650 3489 2835 3544 fauces
2881 3490 2947 3544 ad
2995 3491 3201 3546 nullum
3262 3507 3468 3550 usum:

1871 3601 2097 3655 quaeque
2144 3581 2537 3653 procreationis
2563 3598 2725 3637 causa
2765 3591 2955 3637 natura
2986 3584 3201 3654 corpori
3230 3584 3462 3654 affinxit,

1871 3695 1930 3733 ea
1956 3677 2156 3732 frustra
2183 3678 2403 3732 habebit
2424 3677 2558 3731 deus
2585 3694 2598 3729 :
2632 3690 2732 3730 nec
2752 3685 2974 3732 externa
3001 3677 3170 3747 magis
3197 3694 3360 3749 quam
3390 3682 3475 3737 in-

1875 3773 2102 3839 tcriora,
2146 3787 2276 3838 cor,
2312 3772 2629 3842 pulmones,
2667 3770 2850 3840 jecur,
2884 3780 3194 3840 caeteraque
3224 3772 3472 3832 detracta

1871 3866 2135 3932 utilitate,
2179 3865 2306 3936 quid
2357 3865 2560 3919 habent
2609 3864 2954 3919 venustatis?
3003 3865 3222 3935 quando
3250 3868 3471 3938 quidem

1871 3958 1988 4013 haec
2009 3972 2129 4013 esse
2154 3957 2205 4010 in
2237 3957 2341 4012 deo
2365 3968 2587 4028 prapter
2611 3955 3067 4034 pulchritudinem
3098 3958 3281 4014 vultis.
3315 3979 3333 4013 ι
3361 3962 3473 4030 (Ci-

1871 4067 2000 4117 cer.,
2031 4051 2119 4104 lib.
2151 4067 2166 4105 ι
2198 4050 2260 4104 de
2289 4047 2481 4104 Natur.
2510 4050 2675 4114 deor.,
2709 4066 2827 4119 pag.
2857 4047 2987 4115 208,
3017 4048 3110 4103 lin.
3140 4050 3257 4122 46.)

1943 4146 2252 4201 Secundum
2309 4144 2533 4200 Arnobii
2593 4152 2928 4198 momentum
2987 4145 3472 4214 comprehenditur

1872 4239 1975 4296 hoc
2023 4239 2335 4294 dilemmate
2367 4259 2380 4292 :
2412 4239 2466 4294 Si
2519 4239 2628 4294 sint
2691 4238 2885 4308 aliquae
2930 4236 3188 4295 horumce
3240 4241 3470 4300 deorum

1871 4335 2110 4404 species,
2148 4332 2367 4397 formae,
2403 4347 2465 4386 ac
2491 4325 2704 4401 ligone,
2757 4333 2841 4386 vel
2872 4332 3076 4387 eaedem
3104 4345 3230 4388 sunt
3251 4377 3265 4397 ,
3291 4345 3345 4391 ct
3365 4337 3474 4394 sibi

1870 4427 2098 4480 invicem
2132 4425 2359 4488 similes,
2387 4425 2470 4478 vel
2506 4425 2709 4494 plures,
2753 4440 2817 4478 ac
2843 4425 3159 4482 dissimiles.
3201 4429 3271 4480 At
3296 4427 3340 4483 si
3365 4442 3470 4483 una

1874 4517 2171 4588 eademque
2185 4516 2494 4571 sitdeorum
2519 4515 2758 4572 omnium
2785 4517 2954 4586 ﬁgura
2973 4527 3028 4572 ct
3047 4516 3235 4588 facies,
3256 4520 3292 4574 ii
3318 4532 3472 4578 certe

1872 4627 1930 4665 se
1958 4611 2104 4679 ipsas
2126 4625 2231 4664 non
2256 4617 2617 4680 cognoscunt,
2653 4623 2751 4663 nec
2782 4611 3164 4666 secernunt.Si
3197 4615 3378 4682 plures
3406 4630 3472 4672 ac

192 4719 336 4774 quam
383 4721 539 4776 posse
567 4724 585 4757 ‹
609 4719 929 4774 suspensum
989 4704 1266 4758 imbricem
1314 4705 1555 4767 narium,
1613 4720 1766 4758 mun-
1796 4707 1848 4766 D
1874 4703 2103 4759 diversa:
2138 4720 2152 4757 :
2188 4722 2206 4755 ι
2241 4704 2410 4773 Ergo,
2443 4723 2461 4755 ι
2495 4703 2668 4774 arguit
2695 4702 2987 4769 Arnobius,
3025 4722 3043 4756 ι
3072 4704 3357 4762 dicendum
3387 4719 3472 4765 est

196 4798 440 4852 etiouibus
472 4799 858 4862 mucculentis,
889 4809 939 4852 el
970 4797 1196 4856 suii'itali
1227 4798 1630 4852 counneahileni
1664 4808 1769 4852 tra-

196 4894 296 4945 ctui
341 4895 564 4963 (Arnob.
592 4937 606 4958 ,
641 4893 732 4946 lib.
770 4908 852 4957 ut,
885 4909 1003 4963 pag.
1041 4890 1213 4962 107),
1251 4911 1270 4944 ι
1306 4893 1355 4947 id
1396 4902 1511 4957 est,
1559 4894 1768 4946 uarium

197 4987 440 5053 canalem,
474 4999 580 5051 quo
609 5000 798 5040 mucus
828 4985 1187 5056 humoresque
1212 5001 1278 5040 ex
1307 4986 1480 5056 capite
1508 4985 1768 5055 deﬂuunt,

200 5092 262 5130 ac
287 5081 486 5149 spiritus
515 5082 751 5136 ducitur.
1721 5135 1727 5142 .

273 5167 549 5226 Praeterea:
591 5190 609 5222 ι
651 5171 846 5224 Dentes
895 5171 1016 5225 triui
1057 5172 1301 5242 generis,
1333 5176 1568 5241 atquein
1593 5173 1771 5227 ofﬁcia

202 5261 326 5316 trina
351 5265 676 5335 compositos
713 5285 731 5317 ι
766 5262 980 5337 (lbid.),
1009 5267 1057 5320 id
1081 5275 1184 5330 est,
1212 5267 1414 5335 primos
1439 5279 1647 5325 acutas,
1679 5267 1770 5336 qui

204 5355 362 5412 cibum
391 5371 608 5425 secant;
645 5361 973 5426 maxillares,
1009 5359 1169 5426 lalo.-,
1199 5362 1286 5430 qui
1311 5375 1431 5413 eum
1460 5360 1685 5422 molunt,
1720 5367 1775 5415 et

205 5453 406 5506 Caninos
429 5497 444 5520 ,
496 5468 726 5523 anrum
783 5453 953 5508 media
984 5463 1067 5508 est
1096 5455 1234 5510 inter
1263 5463 1518 5523 utrosque
1561 5466 1771 5509 natura.

207 5540 397 5600 Videsis
449 5548 798 5601 Aristotelem
819 5590 833 5614 ,
890 5546 1160 5613 Plinium,
1189 5558 1244 5602 et
1275 5548 1555 5602 Isidor-um.
1589 5549 1660 5602 At
1686 5547 1775 5603 Ci-

206 5650 322 5689 cero
347 5638 445 5694 duo
473 5651 676 5695 tantum
705 5641 947 5695 dentium
979 5657 1199 5708 genera,
1231 5641 1492 5696 adVPl'ﬂlS
1520 5641 1772 5696 nimirum

209 5738 406 5797 acutos,
434 5742 486 5786 et
517 5733 740 5787 intimos
760 5774 775 5797 ,
810 5748 906 5786 seu
947 5735 1211 5802 genuinos
1241 5748 1536 5804 agnoscere
1567 5733 1778 5788 videtur

214 5817 449 5890 (Ariston,
479 5827 567 5882 lib.
595 5842 650 5880 tu
677 5825 740 5879 de
791 5823 940 5880 Part.
966 5827 1206 5894 animal.,
1231 5844 1346 5894 cap.
1371 5843 1407 5892 l,
1435 5837 1556 5882 tom.
1588 5843 1626 5891 1,
1654 5842 1776 5897 pag.

216 5911 342 5990 999;
371 5915 503 5974 Plin.
527 5963 542 5990 ,
573 5919 666 5976 lib.
697 5935 738 5976 ιι
767 5916 909 5975 Hist.
943 5930 1116 5975 natur.
1144 5960 1159 5987 ,
1201 5936 1318 5990 cap.
1352 5919 1442 5988 37,
1483 5937 1602 5990 pag.
1638 5919 1785 5985 555;

1873 4799 2130 4866 quosdam
2163 4799 2463 4868 capitones,
2488 4797 2808 4862 silunculos,
2845 4800 3146 4867 frontones,
3170 4801 3467 4858 labeones:

1875 4890 1926 4943 iu
1956 4888 2038 4942 his
2067 4889 2198 4944 alios
2241 4900 2523 4944 meutoues
2546 4932 2558 4953 ,
2603 4890 2805 4945 nzuvios
2825 4933 2840 4956 ,
2887 4900 3050 4962 atque
3095 4893 3309 4949 nasicos
3334 4914 3346 4950 :
3373 4896 3471 4952 hos

1875 4981 2128 5050 diSpIosis
2161 4985 2378 5038 naribus
2398 5025 2413 5050 ,
2459 4984 2582 5039 illos
2606 4987 2849 5050 resimis;
2883 4986 3175 5041 nonnullos
3205 4991 3470 5058 turgenti-

1877 5076 1977 5131 bus
2030 5076 2208 5136 malis,
2239 5087 2330 5129 aut
2359 5077 2648 5132 buccirum
2698 5081 3061 5135 cumulatione
3104 5083 3468 5153 saccibucces,

1879 5183 2068 5229 nanos,
2098 5169 2306 5237 longos.
2332 5171 2562 5238 medios,
2589 5173 2929 5234 inacilentos,
2959 5174 3202 5244 pingues,
3225 5191 3472 5244 crassos;

1878 5261 1976 5317 hos
1994 5262 2307 5330 Cupillnl‘tlm
2336 5265 2720 5320 iutorsiouibus
2742 5268 3030 5336 crispulus,
3047 5267 3291 5324 calvitios
3313 5271 3470 5342 alios,

1877 5365 1931 5409 et
1980 5356 2332 5424 glabriatilms
2374 5372 2543 5413 rasos.
2584 5377 2602 5411 ›
2636 5358 2850 5430 (Arnob.
2875 5403 2888 5426 ,
2925 5362 3012 5414 lib.
3050 5378 3134 5427 ut,
3170 5381 3288 5434 pag.
3323 5366 3474 5437 108.)

1878 5451 2008 5518 Quis
2037 5463 2213 5505 autem
2239 5450 2507 5506 dubitabit
2536 5453 2650 5507 haec
2676 5454 2932 5522 decerpta
2957 5455 3123 5509 fuisse
3146 5455 3473 5526 aCicerone,

1879 5546 1924 5599 si
1961 5545 2076 5599 lnrc
2108 5545 2378 5599 Arnobius
2407 5563 2660 5616 umquam
2693 5546 2880 5616 legerit
2908 5547 3051 5602 illius
3083 5550 3242 5604 verba
3276 5569 3288 5603 :
3323 5569 3338 5602 ι
3370 5551 3478 5607 Re-

1880 5639 1982 5694 deo
2010 5639 2074 5692 ad
2100 5639 2249 5693 deos.
2273 5641 2504 5710 Ecquos,
2527 5642 2569 5694 si
2595 5641 2698 5694 nan
2725 5649 2829 5692 tam
2854 5640 3157 5706 strabones,
3183 5656 3245 5693 ac
3267 5643 3479 5711 petnlos

1883 5749 2003 5790 esse
2052 5734 2419 5790 arbitramur?
2473 5736 2687 5804 Ecquas
2717 5748 2926 5787 movum
2977 5733 3220 5788 habere?
3265 5734 3479 5805 Ecquos

1883 5828 2038 5893 silos,
2072 5824 2292 5894 ﬂaccos,
2322 5827 2631 5892 frontones,
2660 5826 2972 5896 capitones,
2999 5841 3118 5894 qua:
3143 5835 3266 5879 sunt
3296 5827 3348 5880 in
3378 5845 3481 5884 no-

1890 5919 2006 5976 bis?
2025 5921 2106 5976 An
2126 5920 2306 5977 omnia
2329 5921 2608 5979 emendata
2635 5921 2686 5977 in
2714 5918 2856 5974 illis?
2885 5919 3048 5974 Detur
3069 5916 3119 5971 id
3155 5915 3324 5972 vobis.
3344 5917 3484 5978 Num
