3872 6342
365 358 465 416 837

1586 345 2041 408 DlSSERTATIO
2078 342 2239 404 PRE
2249 345 2363 403 VIA

3542 343 3654 400 528

360 474 522 528 etiam
552 477 634 526 est
655 481 756 522 una
783 466 1022 523 omnium
1049 463 1256 521 facies?
1298 463 1430 520 Nam
1462 464 1508 518 si
1537 463 1756 535 plures;
1788 465 1945 519 aliam
1975 463 2030 526 Α
2053 463 2326 534 repandis,
2362 482 2380 515 ι
2410 461 2521 517 sive
2543 472 2755 516 sursum
2777 459 3043 516 recurvis.
3065 459 3196 529 Quis
3221 472 3353 515 vero
3374 472 3482 515 non
3515 458 3656 516 fate-

365 578 487 620 esse
515 563 617 617 alia
648 561 973 632 pulcriorem
1021 573 1246 614 necesse
1281 568 1455 614 est....
1504 556 1561 612 Si
1618 557 1763 611 enim
1816 555 1952 610 nihil

359 655 503 710 inter
532 655 691 710 deum
732 664 786 710 et
819 653 979 708 deum
1004 650 1208 716 diil'vrt,
1228 652 1368 706 nulla
1398 658 1482 706 est
1504 650 1644 720 apud
1675 649 1806 704 deos
1831 663 1955 713 cog-

360 749 518 816 nitio,
549 750 694 804 nulla
731 747 1021 818 perceptio.
1048 764 1067 798 ι
1095 744 1306 818 (Cicer.,
1325 743 1414 798 lib.
1441 743 1538 798 tde
1561 741 1754 796 Natur.
1786 743 1950 805 deor.,

361 859 486 914 pag.
514 841 643 906 207,
673 840 767 896 lin.
802 838 880 910 5.)

434 935 717 990 Labeoues
745 944 957 996 autem,
989 931 1057 985 de
1082 929 1275 1001 quibus
1318 926 1524 983 Plinius
1553 926 1719 1000 (Plin.
1741 969 1756 994 ,
1791 927 1882 981 lib.
1917 940 1955 980 ιι

360 1026 506 1084 Hist.
536 1038 730 1093 natur.,
757 1042 870 1095 cap.
905 1024 993 1087 37,
1023 1040 1149 1094 pag.
1172 1020 1324 1094 553),
1351 1031 1405 1074 et
1426 1020 1536 1086 alii,
1560 1023 1629 1074 ab
1654 1019 1955 1074 immodicis

359 1121 519 1176 labiis
576 1118 829 1191 appellati
877 1128 1022 1172 sunt.
1056 1116 1189 1172 Vide
1217 1130 1395 1170 autem
1425 1123 1604 1169 utrum
1634 1113 1876 1168 silunculi
1903 1121 1959 1167 et

359 1214 546 1278 mevii,
588 1213 623 1266 ii
668 1213 809 1275 sint,
859 1224 995 1282 quos
1020 1209 1208 1265 Cicero
1245 1209 1394 1272 silos,
1430 1219 1481 1262 et
1515 1222 1723 1262 nazvum
1759 1208 1957 1261 habere

357 1306 516 1362 dixit.
561 1303 825 1359 Verentur
873 1311 1048 1357 tamen
1103 1317 1170 1356 ne
1223 1309 1479 1368 corrupta
1512 1299 1619 1353 sint
1650 1299 1703 1352 in
1725 1296 1957 1359 .Arnobii

356 1408 508 1454 textu
558 1395 675 1451 haec
717 1393 998 1450 vocabula.
1033 1390 1164 1446 Nam
1192 1391 1246 1446 in
1279 1391 1428 1462 regio
1459 1391 1645 1446 codice
1672 1388 1958 1442 Ctlunculm

359 1504 414 1550 et
441 1494 679 1548 nwoimos
700 1492 950 1564 legimus.
983 1488 1093 1544 Nec
1139 1490 1318 1543 minus
1359 1488 1650 1557 depravata
1674 1499 1774 1539 vox
1796 1483 1960 1537 sacci-

361 1589 560 1643 bucces.
619 1587 676 1642 In
724 1585 914 1642 eodem
961 1583 1102 1638 enim
1152 1582 1340 1638 codice
1390 1582 1540 1650 regio
1591 1578 1958 1646 nianu-cripto

357 1684 619 1752 scriptum
663 1689 745 1735 est
798 1680 1082 1734 sacrivoces
1129 1676 1219 1731 alii
1276 1677 1569 1740 acrivoces,
1617 1673 1957 1728 scribendum

356 1775 721 1843 suspicantur.
778 1771 882 1826 Sed
916 1769 1033 1843 sine
1063 1767 1452 1823 emendatioris
1477 1765 1707 1833 alicujus
1738 1778 1961 1819 manus-

2056 557 2200 612 bitur
2215 559 2282 612 ab
2299 568 2528 626 utroque
2546 554 2955 622 evidentissime
2969 553 3332 608 demonstrari
3356 570 3462 608 non
3482 555 3656 610 mino-

2054 665 2168 704 rem
2199 665 2321 704 esse
2351 647 2677 703 dementiam
2711 645 3075 701 Romanorum
3103 646 3442 716 aliorumque
3475 647 3656 716 genti-

2055 741 2220 807 lium,
2273 740 2364 810 qui
2418 739 2552 794 deos
2608 739 2841 793 humana
2901 738 3074 800 facie,
3125 746 3183 793 et
3232 753 3353 792 cum
3400 738 3656 793 animalis

2058 832 2337 901 cujusdam
2372 831 2671 903 insignibus
2695 828 3119 902 reprazsentatos
3147 830 3435 896 colebant,
3485 844 3655 899 quam

2058 925 2454 998 )Egyptiorum,
2479 924 2570 997 qui
2588 924 2838 980 animalia
2872 926 3009 995 ipsa,
3031 932 3306 996 tamquam
3333 924 3464 981 deos
3483 940 3657 980 vene-

2061 1020 2230 1077 raban
2240 1029 2345 1075 tur.

2128 1111 2330 1169 Verum
2369 1110 2642 1168 Arnobius
2685 1112 2949 1168 insaniam
2977 1111 3122 1167 illam
3144 1111 3251 1166 alio
3279 1109 3458 1167 adhuc
3483 1111 3658 1168 ariete

2059 1208 2316 1268 concutit.
2343 1217 2396 1263 et
2417 1206 2611 1262 evertit
2637 1204 2875 1277 (Arnob.,
2897 1205 2986 1260 lib.
3009 1220 3086 1261 ιιι.
3116 1221 3214 1275 pag
3259 1203 3382 1271 109,
3415 1214 3463 1258 et
3492 1201 3654 1276 παι).

2059 1300 2114 1354 Si
2144 1300 2379 1365 aselluli,
2411 1299 2603 1369 inquit,
2635 1312 2801 1353 canes
2836 1306 2890 1352 et
2928 1296 3076 1366 porci
3104 1297 3325 1367 aliquid,
3350 1296 3414 1350 ad
3442 1296 3658 1349 discen-

2059 1395 2157 1450 das
2206 1404 2352 1449 artes
2376 1436 2391 1460 ,
2443 1392 2664 1447 humani
2701 1391 2899 1463 ingenii
2933 1389 3223 1455 baberent,
3257 1400 3418 1461 atque
3446 1388 3513 1443 ad
3558 1404 3660 1443 nos

2064 1488 2413 1543 honorandos
2432 1528 2447 1553 ,
2465 1494 2687 1541 statuas
2719 1485 3091 1556 imaginesque
3123 1483 3227 1538 sibi
3253 1481 3457 1536 similes
3485 1481 3659 1536 fabri-

2063 1589 2291 1642 carent,
2354 1593 2533 1633 nonne
2582 1577 2801 1648 indigne
2858 1592 3076 1647 prorsus
3103 1591 3202 1632 nec
3229 1576 3346 1630 sine
3376 1573 3661 1630 stomacho

2065 1681 2375 1741 pateremur
2397 1671 2686 1725 bestiarum
2719 1670 2890 1725 forma
2918 1667 3013 1723 nos
3033 1669 3322 1724 exhiberi?
3362 1668 3550 1722 Nonne
3578 1668 3662 1737 ip-

2064 1765 2224 1820 simet
2255 1764 2456 1820 ethnici
2493 1764 2902 1834 indignarentur
2926 1763 3213 1817 Romulum
3244 1765 3453 1818 asinina
3487 1763 3660 1834 figura

355 1867 514 1936 cripti
551 1865 752 1921 codicis
790 1879 893 1934 ope
935 1876 1053 1932 quae
1082 1876 1208 1916 vera
1238 1862 1308 1915 sit
1333 1859 1495 1916 lectio
1521 1860 1642 1930 quis
1672 1869 1826 1915 certo
1865 1858 1960 1913 de-
1989 1865 2038 1924 B
2067 1862 2476 1928 repraesentari,
2519 1858 2745 1913 Numam
2795 1859 3010 1925 canina,
3044 1866 3098 1913 et
3123 1859 3341 1927 porcina
3369 1859 3655 1927 Catonem,

354 1961 512 2016 linire
539 1957 772 2030 poterit?

431 2053 598 2124 Urget
626 2049 896 2105 Arnobius
920 2051 1102 2120 negari
1132 2049 1199 2102 ab
1228 2048 1463 2102 ethnicis
1505 2062 1614 2101 non
1643 2060 1800 2116 posse
1827 2060 1961 2116 qua-

357 2147 437 2204 les
492 2145 875 2215 descripsimus
899 2185 915 2207 ,
974 2142 1103 2196 tales
1133 2157 1163 2194 a
1193 2142 1306 2194 suis
1349 2139 1529 2211 eflingi
1558 2139 1713 2195 deos.
1742 2139 1872 2194 Nam
1904 2133 1957 2193 id

357 2254 547 2294 eorum
571 2249 620 2292 et
647 2255 665 2287 ι
698 2235 948 2306 produnt,
986 2251 1004 2285 ι
1042 2236 1114 2287 uti
1141 2233 1232 2288 ille
1260 2233 1491 2302 loquitur
1514 2228 1756 2304 (Arnob,
1775 2232 1864 2284 lib.
1885 2245 1956 2296 tv,

358 2350 480 2403 pag.
509 2327 659 2401 108),
698 2347 717 2380 ι
755 2339 915 2396 atque
955 2325 1197 2380 indicant
1241 2324 1495 2380 oflicinaa.
1530 2323 1808 2386 Siquidem
1837 2339 1958 2377 cum

358 2424 536 2480 fat-itis
575 2431 737 2493 atque
778 2418 1082 2473 informatis
1112 2418 1265 2484 deos,
1299 2415 1399 2470 hos
1425 2415 1653 2470 crinitos
1681 2414 1956 2485 eflingitis,

358 2517 498 2572 alios
526 2517 710 2580 lieres,
744 2528 923 2578 senes,
944 2512 1190 2582 juvenes,
1224 2524 1445 2580 pueros,
1478 2503 1713 2578 aquilos,
1745 2509 1958 2575 cmsios,

359 2628 542 2679 ravos,
573 2609 907 2675 seminudos,
944 2609 1195 2671 inlectos,
1229 2615 1320 2660 aut
1348 2622 1414 2660 ne
1447 2604 1615 2676 frigus
1665 2607 1960 2660 incommo-

359 2708 469 2769 det.
501 2705 784 2759 fluidarutn
817 2705 1047 2756 vestium
1100 2700 1500 2768 superjevtioue
1531 2698 1798 2768 perfusos.
1838 2717 1856 2750 ι
1887 2698 1956 2753 Et

358 2799 478 2853 haec
500 2811 711 2867 queque
741 2811 808 2850 ex
837 2793 1027 2847 eodem
1080 2790 1359 2846 Ciceronis
1402 2791 1540 2846 libro
1589 2790 1779 2846 hausta
1809 2802 1956 2846 sunt.

362 2889 495 2947 Post
519 2890 678 2943 citata
708 2886 852 2941 enim
877 2899 907 2938 a
937 2883 1095 2937 nobis
1121 2881 1237 2952 ejus
1266 2880 1430 2936 verba
1453 2921 1468 2946 ,
1502 2881 1810 2936 institutum
1840 2899 1958 2937 ser-

363 2998 578 3037 monem
610 2981 688 3035 sic
708 2977 1088 3050 prosequitur:
1119 2993 1138 3027 ι
1168 2975 1333 3030 Nobis
1367 2973 1596 3029 fortasse
1623 2976 1667 3030 si
1704 2979 1960 3041 occurrit,

362 3083 419 3130 ut
442 3074 604 3139 dicis,
633 3072 823 3128 Jovem
845 3113 860 3136 ,
903 3069 1173 3125 Junonem
1193 3110 1209 3134 ,
1248 3067 1541 3124 Minervam
1568 3113 1582 3136 ,
1633 3069 1961 3138 Neptunum,

363 3167 661 3222 Vulcanum
687 3207 703 3231 ,
755 3163 1060 3234 Apollinem
1083 3204 1097 3224 ,
1144 3161 1382 3232 reliquos
1406 3161 1536 3216 deos
1557 3178 1619 3217 ea
1652 3161 1788 3217 facie
1815 3166 1967 3217 novi-

2065 1953 2182 2009 sive
2225 1953 2544 2009 Ciceronem
2576 1995 2592 2020 ,
2640 1963 2731 2010 aut
2774 1954 2934 2008 alium
2967 1952 3302 2020 quemlibet?
3327 1953 3444 2009 lam
3475 1963 3662 2008 autem

2063 2048 2296 2102 vidimus
2343 2049 2679 2103 Clementem
2726 2047 3152 2103 Alexandrinum
3213 2048 3265 2102 in
3324 2050 3658 2104 Stromatum

2062 2141 2217 2197 libris
2262 2143 2454 2198 eodem
2492 2150 2678 2196 contra
2726 2141 2951 2212 gentiles
2991 2157 3142 2195 usum
3165 2155 3288 2197 esse
3310 2155 3658 2213 argumento,

2072 2247 2235 2304 atque
2276 2235 2520 2290 eamdem
2568 2235 2619 2288 in
2667 2250 2778 2289 rem
2825 2235 2892 2288 ab
2923 2232 3053 2301 illo,
3108 2235 3561 2304 quemadmodum
3591 2238 3663 2292 ab

2064 2325 2322 2392 Eusebio,
2350 2337 2403 2382 et
2431 2325 2779 2382 Tlioodoreto
2799 2368 2814 2394 ,
2847 2328 2997 2382 citari
3028 2325 3381 2399 Xenophanis
3422 2331 3663 2386 carmina

2071 2420 2246 2493 (Tom.
2277 2437 2292 2475 ι
2335 2422 2590 2490 Apparal.
2647 2420 2738 2476 lib.
2768 2437 2847 2489 ιιι,
2879 2421 3083 2477 dissert.
3109 2422 3167 2490 2,
3197 2440 3315 2494 cap.
3350 2424 3438 2488 14,
3467 2434 3569 2481 arl.
3609 2425 3660 2492 1,

2064 2534 2184 2588 ρας.
2218 2517 2406 2589 1089).

2135 2609 2203 2662 At
2235 2609 2328 2674 dii,
2356 2610 2429 2664 uti
2455 2615 2682 2668 assumit
2705 2612 3005 2677 Arnobius,
3030 2611 3298 2684 indignius
3330 2612 3469 2670 ferre
3496 2612 3674 2672 debe-

2063 2709 2185 2757 rent
2212 2717 2271 2757 se
2299 2703 2366 2756 ab
2395 2704 2702 2761 hominibus
2749 2705 2983 2760 humana
3005 2747 3019 2769 ,
3069 2721 3230 2773 quam
3271 2705 3519 2762 homines
3542 2723 3606 2764 se
3638 2725 3672 2764 a

2064 2793 2250 2848 bestiis
2281 2795 2510 2850 bellnina
2545 2795 2680 2852 facie
2719 2797 2954 2868 depingi.
3001 2796 3182 2868 Longe
3214 2799 3384 2868 major
3407 2801 3550 2854 enim
3581 2810 3676 2857 est

2063 2886 2286 2942 deorum
2318 2888 2385 2941 ab
2408 2887 2716 2946 hominibus
2735 2933 2750 2957 ,
2774 2906 2932 2960 quam
2965 2891 3238 2947 hominum
3273 2909 3299 2945 a
3326 2894 3521 2948 belluis
3547 2895 3674 2951 dis-

2065 2980 2360 3048 crepantia.
2381 2979 2587 3051 Ecquid
2621 2997 2770 3048 vero,
2797 2982 2968 3053 inquit
3000 2984 3293 3049 Arnobius,
3320 3005 3339 3036 ι
3364 2987 3416 3040 in
3443 2987 3675 3046 homine

2066 3071 2348 3140 pulchrum
2366 3074 2388 3126 ἲ
2405 3074 2553 3142 quid,
2571 3091 2775 3144 quaeso,
2791 3076 3130 3138 admirabile.
3151 3080 3232 3133 vel
3255 3079 3536 3144 decerum,
3560 3085 3674 3139 nisi

2065 3165 2207 3232 quod
2239 3175 2288 3220 et
2317 3167 2526 3222 elurino
2553 3184 2673 3222 cum
2708 3184 2932 3238 pecore,
2977 3192 2995 3223 ι
3045 3172 3116 3227 ita
3158 3188 3261 3228 ms.
3291 3175 3459 3231 codex
3491 3189 3547 3234 et
3578 3180 3674 3232 ul.

367 3275 520 3318 mus,
554 3273 659 3329 qua
689 3258 926 3328 pictores
969 3256 1295 3323 lictoresque
1322 3254 1650 3319 voluerunt;
1679 3270 1853 3322 neque
1879 3272 1970 3310 so-
1995 3251 2039 3312 C
2074 3258 2199 3313 tima
2229 3259 2411 3328 editio,
2443 3280 2463 3314 ι
2503 3261 2696 3318 Nescio
2740 3264 2859 3334 quis
2910 3275 3098 3320 auctor
3148 3268 3315 3322 Vttluil
3353 3284 3477 3324 esse
3515 3285 3675 3326 com.

367 3355 477 3410 lttm
507 3352 663 3416 fat-ie,
697 3350 790 3405 sed
818 3350 978 3406 etiam
1013 3357 1204 3402 ornatu
1237 3389 1250 3412 ,
1302 3359 1464 3418 atque
1516 3349 1809 3404 vestitu....
1855 3349 1967 3405 Isto

367 3446 514 3502 enim
542 3443 702 3499 modo
722 3442 903 3497 dicere
931 3440 1114 3495 licebit
1162 3439 1350 3494 Jovem
1399 3455 1615 3505 semper
1661 3441 1965 3511 barbatum,

371 3537 676 3604 Apollinem
701 3548 919 3603 semper
939 3532 1257 3594 imberbem,
1281 3531 1469 3585 caesios
1490 3532 1676 3586 oculos
1695 3534 1963 3601 Minervae,

370 3630 634 3686 caeruleos
680 3642 799 3681 e~se
845 3623 1098 3692 Neptuni.
1134 3643 1152 3675 ι
1206 3623 1412 3694 (Cicer.,
1461 3624 1549 3678 lib.
1593 3640 1610 3678 ι
1653 3626 1715 3679 de
1748 3625 1964 3695 Natam,

374 3739 497 3793 pag.
524 3720 653 3783 207,
687 3720 778 3772 lin.
814 3716 929 3784 12.)
990 3714 1179 3770 Nonne
1231 3727 1409 3769 autem
1466 3715 1590 3770 inde
1622 3718 1755 3771 satis
1783 3727 1968 3788 aperte

373 3817 660 3871 coniicitur
706 3827 841 3882 quas
890 3809 1170 3880 gentilium
1222 3809 1465 3863 ol‘licinas
1498 3812 1764 3866 Arnobius
1790 3823 1966 3879 vocat,

374 3905 475 3962 has
507 3908 648 3976 ipsas
675 3919 795 3959 esse
827 3903 1074 3966 istorum,
1102 3911 1156 3953 ut
1181 3899 1254 3953 ait
1274 3897 1482 3965 Cicero,
1507 3901 1772 3970 pictorum
1795 3919 1858 3959 ac
1875 3905 1969 3960 fic-

374 4009 585 4064 torum,
634 3997 726 4067 qui
775 3995 998 4048 deorum
1039 3993 1320 4061 imagines,
1351 4001 1553 4046 statuas
1581 4003 1635 4049 et
1663 3997 1967 4063 simulacra,

375 4091 651 4166 quomodo
720 4099 947 4157 uterque
1013 4084 1349 4154 descripsit,
1423 4087 1624 4156 ﬁngere
1681 4090 1969 4146 solebant?

375 4186 546 4242 Recte
590 4197 718 4251 ergo
763 4179 890 4235 inde
932 4178 1093 4232 ambo
1137 4177 1470 4252 concludunt
1498 4178 1630 4234 nihil
1665 4181 1776 4236 Deo
1801 4185 1970 4252 magis

377 4277 656 4348 indignum
683 4290 746 4329 ac
768 4271 1214 4329 contumeliosum
1263 4286 1424 4340 posse
1465 4288 1718 4341 umquam
1750 4278 1969 4348 excogi-

379 4369 507 4425 tari.

451 4459 558 4517 Sed
598 4456 836 4529 pressius
881 4453 1058 4509 adhuc
1105 4470 1225 4510 cum
1268 4455 1500 4512 ethnicis
1542 4459 1652 4524 agit
1702 4461 1970 4515 Arnobius

379 4555 620 4628 (Arnob,
648 4554 737 4607 lib.
771 4567 849 4612 ιιι.
881 4565 999 4620 pag.
1029 4547 1153 4619 100)
1176 4590 1188 4611 ,
1214 4557 1263 4603 et
1295 4565 1518 4603 summa:
1546 4552 1620 4605 ait
1649 4567 1770 4606 esse
1793 4555 1971 4608 stulti-

2070 3369 2249 3406 mttne.
2285 3373 2302 3405 ι
2342 3355 2581 3423 (Arnob,
2629 3358 2699 3411 lib
2751 3374 2972 3431 nr,pag.
3007 3361 3157 3433 110.)
3211 3365 3363 3433 Apud
3419 3365 3673 3424 Plautum

2069 3447 2286 3517 quidem
2322 3449 2544 3511 legimus
2570 3451 2813 3505 clusirum
2844 3471 2998 3521 pecus
3032 3471 3050 3509 :
3097 3457 3190 3510 sed
3245 3469 3391 3526 putat
3437 3459 3677 3518 Vassius

2070 3542 2137 3594 ab
2162 3542 2252 3595 illo
2276 3544 2533 3612 scriptum
2570 3544 2738 3599 fuisse
2765 3548 3020 3601 clurinum
3050 3567 3220 3618 pecus.
3251 3568 3421 3620 eoque
3447 3556 3678 3611 nomine

2068 3632 2251 3686 simias
2291 3633 2578 3703 signiﬁcari
2609 3636 2811 3706 (Plant.
2865 3637 3124 3704 Commi,
3171 3641 3425 3706 Trured..
3455 3657 3554 3699 act.
3594 3647 3673 3717 2,

2069 3743 2210 3782 scen.
2232 3726 2302 3793 2;
2348 3727 2515 3797 Voss.,
2549 3729 2843 3802 Etymolog.
2869 3736 2934 3786 all
2959 3735 3159 3787 verbum
3186 3737 3386 3810 CLURA)
3428 3738 3492 3793 At
3518 3754 3680 3796 certe

2071 3819 2176 3875 hoc
2203 3835 2365 3877 sensu
2394 3822 2462 3875 ab
2487 3822 2729 3879 Arnobio
2779 3837 2965 3880 nostro
3014 3829 3180 3898 accipi
3234 3831 3461 3899 videtur,
3503 3844 3678 3904 atque

2071 3912 2156 3968 his
2187 3915 2366 3969 verbis
2393 3932 2405 3968 :
2439 3914 2628 3971 Nescio
2653 3917 2767 3988 quis
2789 3929 2990 3984 auctor,
3012 3919 3242 3976 Ennium
3278 3924 3501 3979 laudari.
3529 3925 3676 3983 Dum

2069 4009 2215 4065 enim
2258 4008 2376 4065 hmo
2423 4011 2727 4079 scribebat,
2759 4013 2810 4069 in
2859 4026 3036 4071 mente
3085 4018 3452 4086 proculdubio
3481 4020 3680 4078 habuit

2071 4103 2216 4158 hunc
2246 4104 2523 4160 Ciceronis
2567 4106 2742 4162 locum
2777 4107 2988 4180 (Cicer.,
3023 4110 3111 4165 lib.
3144 4111 3245 4166 ide
3274 4110 3462 4166 Natnr.
3495 4115 3675 4185 deor.,

2073 4213 2194 4267 pag.
2228 4196 2355 4261 209,
2389 4199 2484 4251 lin.
2516 4199 2610 4270 57)
2639 4218 2652 4253 :
2683 4219 2701 4251 ι
2736 4199 2853 4284 Ipsa
2902 4218 3066 4266 vero,
3108 4219 3270 4270 quum
3303 4205 3433 4260 nihil
3461 4206 3527 4260 ad
3551 4223 3674 4263 rem

2073 4288 2332 4358 pertinet,
2357 4307 2477 4360 quae
2501 4307 2594 4346 vos
2619 4294 2851 4349 maxime
2874 4294 3106 4350 delectat
3136 4297 3468 4353 similitudo?
3493 4298 3679 4368 Quid?

2074 4384 2220 4437 canis
2254 4398 2431 4439 nonne
2455 4385 2647 4441 similis
2676 4387 2834 4457 lupo?
2859 4408 2877 4440 ι
2916 4391 3092 4458 Atque
3116 4400 3173 4444 ut
3201 4391 3405 4448 Ennius
3431 4409 3444 4448 :

2168 4521 2317 4570 Simia
2338 4534 2482 4584 quam
2503 4522 2678 4572 similis
2702 4526 2981 4586 turpissima
3002 4526 3158 4576 bestia
3183 4528 3341 4579 nobis.

379 4652 468 4707 the.
498 4651 566 4703 ab
596 4646 826 4701 ethnicis
873 4642 1086 4696 irrideri
1138 4640 1415 4708 :cnigmata
1446 4642 1848 4715 [Egyptioruim
1881 4647 1971 4715 qui
1997 4638 2046 4697 D
2075 4643 2243 4714 Major
2272 4663 2400 4716 ergo
2431 4647 2534 4702 diis
2562 4648 2618 4702 fit
2648 4651 2970 4705 contumelia
2995 4693 3009 4716 ,
3054 4651 3174 4706 cum
3201 4653 3405 4709 similes
3437 4653 3678 4713 homini-

377 4742 628 4800 animalia
659 4738 936 4799 vilissima,
963 4749 1188 4788 numero
1209 4733 1433 4788 deorum
1461 4737 1754 4805 adscripta,
1784 4743 1975 4795 solem-

380 4837 536 4892 nibus
559 4829 870 4890 cerimoniis
907 4838 959 4882 et
988 4827 1178 4880 ritibus
1207 4826 1562 4883 honorabant.
1596 4830 1862 4897 lpsosmet
1899 4833 1970 4886 si—

376 4929 595 5002 quidem
650 4923 892 4977 ctbnicos
935 4935 1037 4973 non
1098 4919 1333 4987 pudebat
1383 4920 1694 4987 hominum,
1742 4923 1969 4992 adjectis

376 5017 695 5092 quibusdam
726 5012 1033 5066 animalium
1066 5011 1391 5080 insignibus,
1426 5020 1692 5083 tamquam
1737 5016 1965 5071 deorum

375 5129 594 5170 suorum
641 5123 794 5163 veras
848 5106 1054 5174 efﬁgies
1099 5105 1280 5160 colere
1336 5120 1398 5158 ac
1457 5108 1719 5163 venerari.
1760 5111 1825 5163 At
1857 5113 1970 5167 lucc

374 5222 564 5263 rursus
611 5201 843 5256 delibata
894 5208 1019 5252 sunt
1073 5212 1135 5250 ex
1192 5196 1381 5251 eodem
1435 5199 1697 5254 Cicerone
1731 5201 1965 5272 (Cicer.,

374 5301 465 5356 lib.
517 5316 533 5353 ι
578 5299 640 5351 de
691 5294 881 5348 Natur.
935 5293 1112 5356 deor.,
1175 5309 1293 5361 pag.
1324 5291 1447 5352 ‘207.
1485 5294 1576 5346 lin.
1617 5295 1738 5364 ill),
1783 5299 1870 5366 qui
1906 5314 1967 5353 ea

373 5393 571 5450 clarius
612 5389 858 5454 huncque
899 5385 949 5437 in
993 5381 1206 5436 modum
1249 5382 1483 5451 expliCat
1523 5402 1536 5437 :
1574 5404 1591 5435 ι
1634 5385 1764 5454 Quid
1811 5390 1971 5458 igitur

371 5483 605 5544 censes?
650 5481 801 5550 Apim
839 5477 984 5531 illum
1010 5517 1022 5535 ,
1055 5488 1296 5528 sanctum
1331 5475 1704 5547 [Egyptiornm
1739 5481 1925 5536 bovem
1949 5526 1964 5548 ,

371 5594 553 5637 nonne
585 5576 744 5630 deum
793 5571 960 5624 rideri
995 5568 1302 5640 A‘Zgyptiis?
1352 5569 1481 5624 Tam
1518 5570 1744 5626 Hercle!
1803 5592 1962 5643 quam

371 5674 466 5728 tibi
493 5672 633 5724 illam
670 5677 908 5722 nostram
940 5666 1222 5730 Sospitam,
1254 5664 1461 5716 scilicet
1495 5663 1783 5724 Junonem,
1805 5685 1960 5736 quam

373 5775 430 5819 tu
463 5777 752 5831 numquam
781 5775 848 5814 ne
875 5757 927 5812 in
961 5755 1185 5810 sommis
1207 5755 1424 5826 quidem
1458 5757 1640 5825 vides,
1690 5760 1788 5813 nisi
1840 5778 1960 5817 cum

375 5858 515 5934 pelle
545 5853 783 5926 caprina,
807 5867 928 5909 cum
948 5850 1119 5913 hasta,
1153 5865 1274 5907 cum
1305 5851 1534 5920 scutulo,
1561 5868 1681 5909 cum
1713 5854 1963 5913 calceolis

2073 4738 2172 4793 bus
2201 4740 2548 4808 effinguntur,
2581 4758 2736 4810 quam
2768 4743 3096 4808 hominibus,
3130 4745 3251 4800 cum
3280 4745 3673 4806 exhiberentur

2073 4831 2266 4896 simize,
2291 4834 2514 4904 aliisque
2535 4834 2720 4889 bestiis
2744 4835 2970 4892 similes.

2144 4925 2251 4981 Nec
2269 4926 2395 4980 sinit
2414 4927 2682 4981 Arnobius
2704 4927 2804 4983 sibi
2828 4929 2895 4980 ab
2933 4930 3163 4986 ethnicis
3190 4933 3510 5003 responderi
3535 4935 3678 4991 alias

2074 5019 2286 5091 quidem
2342 5036 2464 5076 esse
2522 5021 2744 5078 deorum
2801 5024 3018 5097 (Arnob.
3049 5067 3062 5087 .
3106 5024 3174 5079 lib
3227 5041 3316 5088 ιιι,
3358 5044 3474 5100 pag.
3513 5028 3673 5100 109),

2074 5130 2229 5182 quam
2277 5116 2553 5168 hominum
2603 5116 2800 5173 formas
2828 5127 2886 5172 et
2912 5118 3118 5187 ~pecies
3140 5160 3154 5182 ,
3193 5118 3286 5172 sed
3319 5118 3415 5173 has
3445 5122 3675 5176 honoris

2072 5221 2229 5262 causa
2263 5208 2361 5262 illis
2393 5209 2809 5265 accommodari.
2845 5211 2974 5265 Nam
3001 5210 3085 5265 hic
3114 5227 3269 5265 error
3298 5212 3478 5281 priore
3509 5214 3678 5284 longe

2072 5300 2225 5370 pejor
2254 5310 2352 5354 est.
2386 5302 2460 5356 Eo
2484 5304 2744 5373 siquidem
2799 5304 3003 5373 majore
3049 5305 3244 5372 probro
3271 5305 3504 5371 gentiles
3534 5306 3680 5362 deos

2075 5407 2201 5446 suos
2237 5391 2542 5448 allit'ieltant
2577 5396 2656 5448 his
2688 5397 3034 5466 [armamentis
3064 5397 3268 5455 divinis.
3302 5399 3442 5450 sicut
3466 5397 3559 5452 ille
3593 5398 3679 5451 Io-

2071 5487 2273 5556 quitur,
2306 5501 2413 5555 quo
2435 5485 2631 5540 certius
2654 5503 2713 5540 ea
2747 5490 2898 5553 falsa,
2923 5488 3129 5560 diisque
3159 5492 3274 5541 suis
3301 5489 3472 5559 magis
3502 5488 3676 5543 dissi-

2071 5579 2213 5631 milia
2247 5595 2365 5633 esse
2394 5589 2670 5635 noverant.
2703 5580 2874 5636 Minus
2903 5584 3044 5637 enim
3077 5593 3259 5651 peccat
3285 5583 3410 5644 ille,
3443 5584 3532 5651 qui
3561 5583 3679 5637 diis

2070 5671 2187 5725 falsi
2233 5673 2466 5742 aliquid,
2522 5675 2664 5743 quod
2725 5686 2904 5732 tamen
2960 5694 3143 5734 verum
3184 5693 3308 5733 esse
3342 5676 3672 5746 arbitratur,

2069 5766 2383 5837 imprudens
2418 5768 2623 5836 tribuit,
2649 5787 2808 5839 quam
2839 5772 2974 5827 alios
2995 5816 3010 5838 ,
3044 5773 3132 5842 qui
3155 5774 3330 5827 sciens
3363 5770 3675 5839 volensque

2067 5855 2195 5912 falsa
2229 5859 2358 5928 ipsis
2384 5860 2658 5919 adscribit.
2689 5860 3055 5920 Formamenla
3080 5875 3257 5920 autem
3290 5862 3428 5919 idem
3459 5873 3671 5917 sonant
