3872 6360
378 381 474 436 551
1627 375 2074 434 DISSERTATIO
2111 375 2384 443 ΡιιΑςνιΑ

3549 374 3664 447 sse

448 496 558 553 Nec
583 495 748 552 hilum
773 509 903 551 vero
934 495 988 549 hi
1026 497 1445 564 promovebant,
1477 493 1570 565 qui
1600 492 1961 563 opinabantur
1989 508 2044 567 Α
2068 493 2261 551 Lilinm
2289 493 2584 560 Giraldum,
2615 493 2945 561 Turnebttm,
2973 504 3026 552 et
3047 494 3183 552 alios
3205 492 3385 566 (Galb,
3416 491 3503 547 lib.
3537 508 3659 558 xm,

376 590 584 644 artibus
605 602 791 643 revera
815 601 1049 658 praeesse
1075 587 1244 652 deos;
1271 597 1325 641 ut
1350 601 1534 641 eorum
1556 601 1684 640 cura
1717 597 1769 640 et
1795 584 1964 642 admi-

378 682 698 737 nistratione
721 681 899 734 omnia
925 680 1080 733 nobis
1105 678 1331 735 feliciter
1353 677 1565 733 cedant.
1592 676 1865 732 Arnobius
1891 676 1963 730 si-

375 777 592 848 quidem
623 775 671 829 id
699 774 1043 829 falsissimum
1067 789 1186 827 esse
1207 772 1478 827 convincit
1501 770 1738 839 (Arnob.,
1769 770 1858 825 lib.
1884 785 1962 836 ιιι,

380 886 499 940 pag.
540 866 687 939 113).
719 867 860 932 Quot
889 868 1088 921 etenim
1118 873 1424 934 quantaque
1447 906 1461 929 ,
1493 865 1682 934 inquit,
1721 864 1965 918 homines

379 963 654 1033 naufragia
695 961 927 1026 faciunt,
961 959 1169 1013 tametsi
1225 959 1492 1012 Portunus
1539 956 1966 1027 navigationibus

377 1057 664 1128 praefectus
686 1098 698 1119 ,
733 1067 869 1112 teste
895 1055 1147 1126 Virgilio,
1192 1054 1438 1109 dicatur?
1471 1055 1542 1110 De
1572 1054 1661 1108 illo
1699 1053 1966 1124 siquidem

376 1151 496 1208 bare
523 1151 611 1206 ille
640 1152 863 1205 canebat
889 1167 900 1202 :

473 1266 533 1377 ἶῖι
553 1273 690 1377 pate:
716 1266 819 1329 ipse
845 1277 988 1314 manu
1013 1276 1187 1327 magna
1213 1265 1461 1315 Portunus
1481 1270 1682 1314 euntem

499 1343 610 1377 mnu
632 1343 648 1377 ι
673 1367 686 1377 .

499 1330 686 1394 mllum”
876 1387 1104 1454 (Virgil,
1131 1386 1216 1439 lib.
1242 1405 1268 1437 v
1294 1387 1509 1449 Eneid.,
1535 1399 1657 1438 vers.
1678 1385 1814 1445 240-)

378 1498 599 1555 Ovidius
623 1511 750 1552 vero
777 1514 790 1552 :

474 1591 630 1651 Quem
654 1603 742 1640 nos
764 1589 1030 1641 Portunum
1055 1603 1140 1638 sna
1165 1589 1332 1650 lingua
1354 1588 1626 1638 Palaemona
1651 1587 1803 1650 dicet,

564 1653 697 1711 Esto,
726 1665 916 1715 precor,
944 1654 1305 1715 nostristequus
1328 1658 1535 1712 uterque
1552 1651 1693 1715 locis.

874 1712 1062 1775 (0vid.,
1088 1712 1171 1764 lib.
1195 1712 1241 1764 vi
1268 1715 1478 1773 Fastor.,
1501 1725 1626 1764 vers.
1650 1713 1784 1774 490.)

377 1818 646 1872 Portunus
684 1817 881 1886 quippe
909 1832 1084 1886 gratae
1108 1816 1377 1870 Palaemon
1396 1858 1410 1881 ,
1442 1827 1602 1885 atque
1629 1817 1793 1870 etiam
1816 1815 1964 1870 Meli-

2068 587 2222 642 Noct.
2251 589 2427 652 Attia,
2452 603 2568 656 cap.
2601 587 2706 652 εἰς
2736 586 2938 644 Girald.
2968 600 3223 659 tgntagnt.
3249 587 3300 650 1,
3332 603 3454 658 pag.
3484 584 3578 649 49.,
3611 592 3670 637 et

2066 692 2268 752 cyntag.
2301 682 2390 743 17,
2418 695 2538 750 pag.
2572 679 2712 747 5‘25;
2744 678 2993 746 Turneb,
3019 680 3106 733 lib.
3135 694 3226 732 ιιι
3253 677 3384 731 Adv.
3416 695 3536 748 cap.
3565 677 3660 742 11,

2068 779 2187 847 pag.
2220 773 2364 844 HO).

2140 865 2298 920 Inuus
2329 879 2484 929 vero,
2526 865 2680 934 cujus
2717 864 2893 920 adhuc
2937 874 3126 918 auctor
3168 872 3350 917 noster
3379 862 3658 927 meminit,

2068 960 2207 1014 idem
2231 969 2366 1021 erat,
2387 969 2521 1011 teste
2545 957 2674 1011 Maci
2691 957 2832 1021 obiu,
2861 968 3020 1026 atque
3046 954 3177 1012 Pan.
3204 955 3338 1011 sive.
3364 963 3420 1006 ut
3438 954 3662 1006 Servius

2068 1052 2320 1105 observat
2344 1069 2356 1102 :
2391 1068 2409 1100 ι
2439 1050 2600 1103 Inuus
2623 1051 2785 1102 latine
2806 1047 3123 1116 appellatur,
3147 1060 3321 1115 gra-ce
3350 1047 3449 1099 Πὰν
3473 1063 3485 1096 :
3514 1042 3658 1097 idern

2069 1142 2300 1214 ἔφιάλτης
2329 1155 2532 1210 grmce,
2583 1142 2746 1195 latine
2790 1137 3010 1192 Incubo.
3062 1137 3203 1193 Idem
3249 1136 3481 1202 Faunus,
3514 1136 3658 1189 idem

2069 1235 2291 1298 Fatuus,
2326 1224 2620 1290 Fatuellus.
2659 1232 2862 1288 Dicitur
2901 1241 3079 1287 autem
3120 1229 3284 1289 Inuus
3312 1227 3381 1284 ab
3420 1228 3662 1282 ineundo

2070 1329 2269 1400 passim
2305 1344 2423 1384 cum
2465 1327 2713 1380 omnibus
2741 1323 3080 1380 animalibus.
3119 1341 3138 1373 ι
3175 1321 3401 1388 Arnob.,
3433 1321 3523 1374 lib.
3564 1336 3658 1384 ιιι,

2071 1441 2188 1494 pag.
2215 1424 2348 1486 “5;
2379 1421 2628 1484 Macrob,
2657 1420 2745 1473 lib.
2769 1436 2784 1473 t
2812 1417 3104 1478 δικανικαί..
3132 1432 3248 1486 cap.
3267 1415 3356 1476 22.
3383 1433 3502 1487 pag.
3527 1413 3657 1480 278;

2073 1518 2244 1582 Serv.,
2287 1516 2336 1568 in
2373 1515 2559 1579 lib.,vt
2601 1512 2842 1576 1Eueid.,
2873 1528 2991 1582 pag.
3034 1507 3186 1580 411).
3217 1509 3457 1564 Audisne
3494 1524 3659 1578 quam

2069 1609 2239 1672 bellus
2281 1608 2370 1661 ille
2400 1608 2469 1663 sit
2509 1607 2640 1660 deus
2662 1645 2676 1670 ,
2709 1600 2762 1658 et
2801 1619 2956 1674 quam
2989 1601 3208 1672 dignum
3252 1600 3355 1656 deo
3393 1600 3512 1670 ejus
3538 1599 3659 1655 oili-

2069 1702 2254 1756 cium?

2141 1793 2277 1862 Quid
2321 1791 2508 1862 plura?
2545 1789 2874 1852 Divinitalis,
2909 1788 3081 1856 inquit
3107 1784 3398 1853 Arnobius,
3434 1804 3452 1837 t
3483 1785 3663 1840 scien-

377 1922 522 1968 certa
554 1911 875 1970 vocabatur,
905 1926 967 1964 ac
1008 1910 1459 1979 quemadmodum
1490 1910 1714 1964 Servius
1741 1909 1792 1962 in
1827 1910 1960 1962 cita-

2071 1888 2196 1942 tiam
2230 1885 2450 1956 largitur
2472 1883 2821 1939 ariolantibus
2845 1881 3083 1951 I'ytbius,
3117 1898 3135 1934 ι
3164 1879 3416 1937 nimirum
3439 1877 3660 1948 Apollo,

376 2016 488 2062 tum
516 2005 722 2075 Virgilii
749 2020 989 2069 carmen,
1024 2016 1075 2058 et
1103 2004 1227 2058 alibi
1268 2004 1664 2064 animadvertit,
1697 2001 1834 2055 Dens
1858 2018 1966 2055 ma-

378 2101 552 2161 rinus,
581 2099 664 2167 qui
695 2097 933 2164 portubus
963 2106 1160 2163 prtem.
1198 2097 1269 2148 De
1301 2097 1391 2149 illo
1419 2107 1596 2150 autem
1619 2137 1634 2160 ,
1669 2095 1784 2162 ejus
1816 2093 1960 2156 inde,

378 2201 434 2245 et
461 2190 629 2254 feriis,
657 2189 709 2243 in
733 2188 899 2256 ipsius
934 2189 1192 2241 honorem
1218 2187 1496 2251 institutis,
1528 2186 1854 2238 mentionem
1885 2183 1960 2236 le-

377 2281 451 2335 cit
493 2279 661 2333 Varro
691 2279 903 2350 (Serv.,
950 2281 1001 2331 in
1055 2277 1143 2332 lib.
1180 2293 1195 2330 ι
1244 2276 1450 2347 δεον-9.,
1486 2293 1603 2346 pag.
1639 2275 1740 2338 9i;
1783 2273 1961 2338 Varro,

379 2374 465 2427 lib.
497 2389 514 2427 ι
544 2374 606 2428 de
629 2371 781 2443 Ling.
813 2373 986 2438 latin.,
1022 2372 1137 2442 pa'g.
1171 2369 1283 2441 51)).
1316 2371 1419 2425 Sed
1452 2370 1518 2424 de
1551 2370 1635 2424 bis
1666 2384 1761 2425 nos
1793 2370 1843 2422 in
1874 2384 1959 2424 se-

377 2469 563 2538 quenti
591 2467 657 2521 de
683 2465 944 2520 Lactantii
974 2465 1122 2519 libris
1149 2464 1553 2518 dissertatione.

447 2559 631 2629 Neque
652 2559 811 2612 etlam
847 2566 1022 2626 pestes
1051 2566 1102 2610 et
1129 2556 1477 2625 contagiones
1504 2569 1532 2606 a
1562 2552 1959 2623 pecoribus,ait

376 2653 649 2708 Arnobius
693 2651 961 2722 (Arnob,
1014 2651 1102 2703 lib.
1153 2665 1245 2712 ιιι,
1279 2665 1399 2719 pag.
1434 2646 1603 2718 115),
1649 2646 1968 2701 avertebant

377 2747 568 2806 Pales,
602 2743 896 2812 Inuusque,
935 2757 1070 2814 quos
1105 2742 1317 2796 Ethnici
1350 2742 1608 2796 armentis
1634 2750 1686 2795 et
1714 2739 1964 2809 gregibus

377 2843 672 2914 prmsidere
693 2839 1113 2894 arbitrabantur.
1141 2839 1296 2892 Pales
1319 2849 1492 2890 autem
1523 2836 1822 2904 fingebatur
1843 2849 1963 2903 pas-

378 2950 552 2992 torum
573 2978 588 3002 ,
630 2937 774 3000 sive,
812 2945 869 2987 ut
910 2933 983 2986 ait
1010 2931 1258 2996 Solinus,
1291 2929 1574 2984 Pastoralis
1604 2929 1697 2982 dea
1727 2927 1922 3000 (So/in.
1947 2969 1961 2991 ,

380 3031 662 3100 Polyhisl.,
694 3045 810 3095 cap.
843 3027 893 3092 I,
918 3041 1038 3095 pag.
1069 3024 1146 3094 9).
1179 3022 1332 3077 Unde
1364 3021 1602 3082 Ovidius,
1634 3021 1718 3073 ubi
1747 3020 1814 3075 de
1834 3019 1965 3089 pali-

375 3125 535 3188 Iibus,
567 3137 659 3176 seu
683 3119 820 3174 festo
848 3123 898 3172 lu
928 3121 1101 3171 laetam
1137 3118 1358 3182 hujusce
1401 3113 1515 3168 dea:
1557 3115 1868 3167 memoriam
1893 3110 1964 3166 XI

376 3215 633 3271 kalendas
661 3217 849 3276 maias,
876 3219 935 3265 ut
961 3219 1110 3264 notat
1131 3209 1370 3275 Servius,
1405 3207 1518 3260 ﬁeri
1544 3207 1702 3259 solito
1735 3207 1846 3260 lucc
1869 3203 1961 3260 de-

376 3310 610 3369 cantavit
639 3325 654 3362 :

937 3374 1000 3424 Et
1017 3387 1102 3423 nos
1123 3372 1353 3423 faciamus
1370 3370 1427 3418 ad
1445 3383 1621 3418 annum

500 3443 759 3494 Pastorum
781 3438 988 3488 dominae
1013 3436 1212 3497 grandia
1242 3432 1475 3497 libi'Pali.

923 3489 1107 3562 (Ovid,
1129 3495 1211 3546 lib.
1238 3512 1283 3545 tv
1308 3496 1518 3554 Fas-ton,
1543 3505 1654 3557 pag.
1675 3489 1809 3553 602.)

381 3611 629 3685 Virgilius
656 3607 816 3661 etiam
848 3605 915 3657 de
949 3603 1035 3655 illa
1067 3615 1277 3670 quoque
1310 3599 1451 3652 canit
1489 3614 1500 3650 :

470 3726 578 3788 Ipsa
604 3721 752 3788 Pales
775 3723 1103 3788 agrosnalqtie
1128 3716 1233 3788 ipse.
1261 3711 1463 3788 reliquit
1486 3709 1672 3788 Apollo.

539 3769 700 3850 (Serv.
722 3781 769 3832 in
795 3769 990 3843 Virgil,
1014 3769 1098 3827 lib.
1123 3769 1172 3824 ιιί
1193 3769 1386 3835 Georg,
1407 3769 1541 3823 vers.‘
1561 3775 1603 3832 1,
1626 3783 1740 3837 pag.
1766 3769 1897 3833 190.)

381 3896 587 3951 Rursus
633 3899 808 3942 autem
846 3884 914 3939 de
965 3879 1284 3936 animalibus
1328 3879 1598 3940 dicturus,
1645 3877 1721 3932 sic
1763 3876 1830 3930 ab
1871 3874 1960 3929 illa

381 3988 626 4043 orditur:

472 4080 546 4130 Te
569 4085 765 4140 quoque
791 4070 965 4133 Magna
988 4067 1278 4140 Palesé:
1311 4076 1560 4140 canemus.

1090 4126 1317 4191 (Virgil.,
1344 4126 1491 4188 eclog.
1519 4141 1564 4180 ν,
1582 4138 1703 4176 vers.
1729 4126 1804 4185 l.)

381 4254 524 4320 Quos
552 4250 606 4303 in
637 4257 859 4307 versus,
889 4254 950 4292 ac
979 4236 1244 4306 praecipue
1281 4234 1332 4286 in
1366 4231 1714 4300 posteriorem
1747 4231 1963 4285 Servius

380 4345 630 4398 observat
658 4337 800 4391 illam
830 4345 1040 4402 quoque
1084 4326 1401 4398 pabulorum
1441 4339 1562 4379 esse
1588 4324 1774 4386 deam,
1807 4340 1961 4392 quam

381 4434 469 4488 alii
500 4430 737 4492 Vestam,
771 4425 860 4479 alii
890 4423 1108 4476 Matrem
1138 4419 1297 4473 deum
1341 4417 1626 4471 vocabant.
1667 4415 1834 4468 Varro
1862 4430 1960 4468 au-

379 4537 485 4580 tem
519 4536 672 4577 suum
716 4517 927 4586 utrique
968 4511 1156 4567 Ovidio
1199 4520 1254 4564 et
1286 4509 1507 4578 Virgilio
1535 4507 1848 4574 sull‘ragium
1880 4507 1961 4563 bis

377 4615 555 4670 verbis
585 4609 779 4667 alicubi
814 4609 1001 4661 tulisse
1033 4605 1267 4674 legitur:
1307 4621 1324 4653 ι
1356 4600 1538 4656 Palilia
1572 4617 1600 4654 a
1643 4601 1788 4663 Pale,
1818 4601 1959 4670 quod

377 4722 430 4765 et
469 4707 615 4762 feria:
659 4705 706 4760 ei
735 4703 850 4758 deae
883 4699 1036 4754 ﬁunt.
1072 4717 1090 4749 ι
1124 4698 1314 4751 Festus
1343 4712 1473 4750 vero
1506 4697 1611 4749 illis
1643 4696 1786 4749 bunc
1829 4696 1958 4748 sub-

377 4803 589 4872 scripsit
619 4804 670 4852 in
710 4797 924 4850 modum
955 4814 963 4845 :
996 4813 1012 4843 ι
1046 4791 1201 4868 Pales
1228 4791 1504 4844 dicebatur
1528 4790 1625 4844 dea
1666 4801 1957 4857 pastorum,

378 4897 530 4965 cujus
561 4894 691 4947 lesta
720 4888 905 4944 Palilia
936 4885 1272 4948 dicebantur,
1301 4883 1381 4936 vel
1409 4894 1462 4936 ut
1489 4882 1573 4934 alii
1602 4883 1803 4946 volunt,
1823 4880 1960 4934 dicta

379 4988 596 5060 parilia,
627 4983 876 5052 quoniam
910 4994 1007 5048 pro
1037 4985 1191 5047 partu
1228 4976 1434 5044 pecoris
1462 4975 1634 5030 eidem
1668 4988 1818 5028 sacra
1864 4974 1960 5027 tie-

373 5083 502 5139 bant
530 5099 547 5133 ι
583 5077 812 5153 (Festus,
840 5074 907 5127 ad
935 5074 1136 5125 verbum
1168 5067 1386 5137 PALES).

445 5174 559 5228 Jam
589 5185 722 5225 vero
745 5168 989 5223 laudatus
1010 5183 1037 5220 a
1065 5163 1219 5219 nobis
1249 5160 1468 5217 Servius
1490 5163 1748 5214 monitum
1774 5176 1962 5230 quem-

375 5267 504 5320 libet
530 5278 652 5318 essc
678 5261 846 5314 voluit
875 5260 1028 5314 deam
1059 5255 1321 5313 feminino
1349 5268 1547 5322 genere
1575 5252 1753 5306 Palem
1776 5270 1802 5306 a
1833 5253 1960 5308 Var-

375 5374 538 5420 rone,
581 5365 634 5409 et
662 5355 728 5409 ab
757 5355 878 5409 aliis
919 5351 1213 5407 masculino
1241 5347 1521 5416 appellari,
1565 5359 1616 5398 ut
1648 5348 1743 5399 hic,
1768 5345 1954 5412 Pales,

371 5452 543 5520 inquit
573 5448 749 5508 (Serv.
775 5450 824 5500 in
851 5447 939 5501 lib.
970 5462 1045 5500 ιιι.
1074 5444 1282 5513 Georg.,
1304 5457 1430 5494 vers.
1465 5441 1537 5509 I).
1560 5440 1639 5494 Ab
1669 5440 1765 5493 hac
1796 5440 1957 5493 nibil-

370 5544 583 5597 ominus
625 5540 721 5594 dea
767 5538 1007 5602 Cresius,
1039 5537 1105 5590 ab
1133 5544 1349 5589 auctore
1382 5542 1568 5586 nostro
1596 5541 1778 5600 postea
1822 5531 1953 5584 cita-

369 5645 473 5700 tus,
504 5634 761 5687 discernit
791 5650 800 5684 :
843 5649 860 5682 ι
891 5630 1095 5695 Palem,
1127 5627 1221 5682 sed
1253 5644 1355 5680 non
1388 5625 1557 5687 illam,
1591 5643 1608 5675 ι
1646 5624 1814 5693 inquit
1835 5623 1953 5692 (Ar-

368 5727 510 5791 nob.,
541 5727 628 5779 lib.
660 5741 736 5790 ιιι,
771 5740 886 5794 pag.
929 5721 1076 5792 I23),
1115 5740 1134 5772 ι
1173 5721 1444 5782 feminam,
1474 5731 1632 5787 quam
1668 5718 1954 5784 vulgarttas

372 5819 594 5884 accipit,
635 5815 729 5869 sed
779 5815 1053 5868 masculini
1096 5813 1278 5867 nescio
1318 5827 1475 5867 ouem
1509 5809 1722 5878 generis
1769 5809 1955 5862 minis-

387 5916 526 5961 trum
568 5908 714 5965 lovis
756 5923 818 5964 ac
854 5906 1109 5966 villicum.
1143 5927 1161 5960 ι
1200 5905 1410 5977 Videsis
1453 5903 1648 5958 Aulum
1693 5900 1955 5968 Gellium,

2075 1997 2094 2028 ι
2125 1990 2174 2032 et
2207 1995 2302 2032 cur
2333 1979 2550 2046 obliqua
2584 1991 2643 2030 at:
2684 1974 2865 2037 dubia,
2894 1988 2987 2027 cur
3012 1971 3352 2030 obscuritatis
3378 1970 3662 2026 submersa

2068 2070 2320 2138 caligine.
2346 2070 2436 2124 dat
2463 2069 2658 2138 saepius
2681 2065 3155 2134 subministratqne
3182 2077 3460 2132 respousa.
3493 2081 3512 2115 ι
3539 2062 3666 2133 (Ar-

2068 2162 2211 2228 nob.,
2237 2162 2321 2216 lib.
2355 2179 2433 2228 ιιι,
2471 2179 2588 2231 pag.
2623 2157 2766 2230 114).
2796 2159 2861 2216 Et
2891 2168 3036 2212 recte
3066 2157 3303 2226 quidem,
3328 2154 3663 2226 Chrysippus

2067 2258 2264 2328 quippe
2310 2265 2476 2311 totum
2497 2300 2510 2323 ,
2546 2254 2702 2309 sicuti
2737 2263 2918 2307 narrat
2946 2251 3133 2307 Cicero
3164 2248 3373 2322 (Cicer.,
3399 2250 3490 2305 lib.
3536 2264 3571 2302 ιι
3599 2249 3665 2303 de

2066 2351 2212 2418 Div.,
2245 2370 2364 2422 pag.
2397 2349 2548 2422 29b).
2593 2351 2839 2404 νυιυιηθιι
2885 2348 3197 2417 impleverat
3241 2344 3502 2415 Apollinis
3533 2358 3662 2396 ora-

2067 2447 2204 2501 culis
2226 2487 2238 2510 ,
2273 2446 2465 2515 partim
2500 2444 2679 2508 falsis,
2709 2441 2902 2514 partim
2943 2455 3068 2494 casu
3096 2439 3257 2503 veris,
3283 2439 3473 2506 partim
3503 2435 3664 2492 ﬂexi-

2068 2538 2246 2607 loquis
2287 2547 2341 2589 et
2392 2534 2671 2597 obscuris.
2706 2534 2997 2602 interprete
3042 2531 3432 2601 indigentibus;
3465 2530 3662 2598 partim

2064 2631 2360 2700 ambiguis,
2404 2637 2457 2682 et
2499 2643 2618 2698 qua:
2674 2627 2737 2679 ad
2781 2626 3114 2683 dialecticam
3164 2632 3316 2681 erant
3355 2621 3659 2680 referenda.

2067 2724 2184 2794 Ipsa
2235 2736 2360 2775 vero
2405 2722 2600 2774 latinus
2646 2719 2838 2774 Orator
2884 2717 2985 2771 hoc
3029 2716 3347 2787 quibusdam
3388 2714 3560 2771 (ἔτωεί
3609 2723 3668 2768 et

2069 2815 2262 2888 Pyrrhi
2307 2810 2568 2881 exemplis
2618 2811 3053 2872 titanil‘estissime
3103 2811 3457 2870 demonstrat.
3492 2807 3562 2864 At
3610 2808 3667 2862 hi

2068 2910 2440 2982 proculdubio
2465 2918 2588 2963 sunt
2617 2908 2722 2962 duo
2753 2921 2929 2975 reges,
2948 2905 3014 2960 de
3045 2903 3257 2974 quibus,
3284 2903 3447 2962 tacito
3475 2902 3658 2959 nomi-

2070 3021 2175 3070 ne,
2242 3003 2354 3056 ba-c
2405 3007 2607 3056 Auctor
2659 3012 2844 3056 noster
2899 3007 3082 3068 postea
3136 2995 3349 3067 scriptis
3403 2993 3669 3051 tradidit:

2077 3118 2095 3150 ι
2127 3092 2431 3168 Apollinem
2466 3095 2630 3150 ditem
2675 3094 2891 3159 factum,
2921 3108 3012 3147 eos
3047 3092 3191 3161 ipsos
3223 3103 3396 3161 reges,
3427 3103 3673 3158 quorum

2069 3195 2212 3264 gazis
2241 3192 2415 3246 fuerat
2454 3190 2807 3258 locupletatus
2836 3199 2888 3245 et
2931 3185 3108 3247 donis,
3137 3182 3478 3256 ambiguitate
3510 3179 3679 3236 fefel-

1987 3269 2034 3334 ε
2068 3289 2194 3344 lisse
2240 3285 2504 3357 responsi.
2540 3303 2558 3336 ι
2604 3283 2838 3353 (Arnob,
2872 3280 2960 3336 lib.
2997 3295 3066 3342 tv,
3111 3294 3230 3348 pag.
3276 3276 3424 3335 155.)
3452 3273 3673 3332 Similia

2068 3382 2224 3452 plane
2251 3379 2519 3435 Lucianus
2545 3377 2627 3432 his
2661 3377 2838 3431 verbis
2877 3375 3080 3429 dixerat
3115 3371 3378 3444 (Lucium,
3405 3368 3620 3438 Dialog.
3657 3387 3672 3423 :

2063 3475 2203 3531 Juno
2237 3485 2279 3529 et
2311 3473 2518 3535 Laton.,
2554 3489 2670 3543 pag.
2705 3469 2794 3543 81)
2824 3488 2836 3520 :
2870 3469 2924 3525 ‘0
2952 3468 3253 3525 δ”Δπὸλλων
3295 3471 3677 3542 προσποιεῖται

2065 3574 2154 3640 μέν
2175 3571 2343 3626 πάντα
2372 3552 2573 3630 είδὲναι,
2601 3571 2687 3620 καὶ
2710 3568 2950 3631 τοξεύειν,
2972 3567 3057 3618 καὶ
3072 3565 3358 3638 κιθαρίζειν.
3378 3563 3463 3613 καὶ
3483 3560 3676 3633 ἰατρὸς

2063 3658 2208 3726 εἶναι,
2245 3667 2330 3715 καὶ
2353 3663 2709 3733 μαντεύεσθαι·
2743 3663 2827 3713 καὶ
2856 3657 3313 3727 καταστησάμενος
3340 3655 3677 3728 ἐργαστήρια

2065 3763 2154 3813 τῆς
2185 3763 2445 3825 μαντικῆς,
2478 3755 2532 3806 τὸ
2557 3755 2646 3824 μὲν
2667 3753 2717 3805 ἐν
2747 3750 2964 3822 Δελφοῖς.
2993 3751 3050 3804 τὸ
3080 3750 3168 3821 μὲν
3195 3748 3243 3800 ἐν
3269 3745 3464 3821 Κλάρῳ.
3496 3748 3587 3798 καὶ
3616 3746 3676 3803 ἓν

2064 3835 2318 3919 Διδυμοῐξ.
2343 3849 2572 3916 ἐξαπατᾷ
2589 3848 2709 3904 τοὺς
2739 3845 3039 3920 χρωμένους
3069 3843 3228 3913 αὐτῷ,
3251 3838 3370 3903 λοξά
3392 3842 3478 3891 καὶ
3505 3838 3678 3912 ἐταμ-

2065 3944 2405 4016 φοτερίζοντα.
2466 3940 2592 4013 πρὸς
2623 3939 2856 4012 ἑκάτερον
2904 3945 2994 3996 τῆς
3040 3935 3336 4010 iper-niam;
3389 3933 3674 4007 ἀποκρινό-

2065 4055 2233 4107 μενος.
2267 4036 2334 4092 ὡς
2361 4029 2618 4085 ἀκίνδυνον
2653 4024 2779 4084 εἶναι
2817 4029 2874 4083 τὸ
2923 4027 3149 4099 σφάλμα·
3191 4027 3277 4078 καὶ
3314 4022 3521 4077 πλουτεῖ

2067 4127 2166 4180 ἀπὸ
2197 4131 2288 4180 τοῦ
2310 4126 2562 4180 τοιούτου.
2588 4121 2760 4175 πολλοὶ
2778 4124 2878 4195 γὰρ
2904 4120 2950 4172 οἱ
2978 4119 3196 4176 ἀνόητοι,
3228 4119 3314 4170 καὶ
3333 4116 3670 4190 παρέχοντες

2064 4220 2252 4276 αὐτοὺς
2283 4214 2765 4287 καταγοητεύεσθαι.
2802 4211 2986 4274 Apollo
3015 4219 3180 4262 autem
3220 4207 3422 4262 simulat
3452 4208 3666 4276 quidem

2066 4311 2237 4364 omnia
2262 4309 2389 4362 scire
2418 4323 2555 4372 sese,
2589 4317 2633 4359 et
2665 4305 2882 4370 iaculari
2899 4345 2912 4368 ,
2936 4313 2979 4356 et
3009 4302 3204 4355 cithara
3231 4316 3411 4355 canere
3429 4343 3442 4363 ,
3475 4312 3520 4352 et
3549 4315 3667 4354 nte-

2067 4406 2235 4456 dicum
2263 4419 2386 4464 esse,
2415 4411 2460 4453 et
2493 4400 2783 4457 vaticinari.
2807 4409 2853 4451 et
2877 4399 3050 4454 erectis
3073 4397 3382 4454 vaticinandi
3407 4397 3658 4463 tabernis,

2067 4498 2147 4549 hic
2178 4497 2228 4547 in
2263 4494 2498 4564 Delphis,
2532 4493 2638 4546 illic
2666 4493 2717 4544 in
2749 4489 2921 4556 Claro,
2953 4507 2995 4545 et
3023 4489 3284 4561 Didgmis,
3315 4491 3500 4557 decipit
3531 4507 3662 4545 con-

2067 4592 2286 4644 sulentes
2318 4605 2390 4653 se,
2425 4587 2627 4652 obliqua
2665 4597 2710 4638 et
2743 4586 2794 4638 in
2836 4596 3099 4654 utramque
3129 4595 3321 4652 partem
3360 4587 3660 4654 quastionis

2064 4682 2338 4751 proposito:
2363 4679 2668 4733 inclinantia
2709 4678 3082 4747 respondendo,
3113 4694 3176 4732 ne
3210 4679 3436 4731 videlicet
3465 4680 3661 4734 erroris

2064 4785 2230 4847 posset
2271 4774 2503 4826 damnari
2535 4789 2552 4822 :
2584 4782 2731 4840 atque
2759 4773 2830 4824 ita
2858 4787 2919 4824 ea:
2944 4771 3037 4823 hoc
3065 4780 3309 4840 gumtum
3339 4769 3461 4840 facit
3493 4779 3539 4822 et
3569 4769 3656 4822 di-

2063 4871 2222 4925 tescit.
2257 4869 2309 4921 Μ
2320 4869 2413 4922 ulti
2443 4870 2576 4922 enim
2611 4877 2834 4920 amentes
2863 4877 3011 4930 sunt,
3055 4883 3206 4935 seque
3242 4867 3376 4935 ipsos
3416 4867 3660 4921 exhibent

2065 4966 2333 5034 prwstigiis
2365 4961 2702 5016 deludrndos.
2734 4960 2866 5025 ρυω
2896 4959 3111 5030 quidem
3151 4960 3238 5013 ille
3263 4958 3420 5025 alibi,
3452 4960 3658 5028 aliique

2064 5057 2385 5113 conﬁrmant
2413 5055 2602 5124 (Idem,
2635 5057 2686 5106 in
2714 5054 2841 5106 Jove
2863 5051 3134 5123 Tt'agoedo,
3166 5069 3281 5121 pag.
3313 5052 3417 5108 68:2
3431 5063 3478 5109 ει
3497 5053 3653 5125 693).

2141 5151 2334 5214 Verum
2387 5150 2472 5203 bic
2525 5152 2858 5215 insurgentes
2898 5147 3093 5202 etlmici
3137 5147 3552 5223 reSjiondebant.
3592 5147 3656 5205 Si

2062 5244 2132 5299 dii
2158 5245 2252 5303 ιιιι,
2281 5243 2477 5309 aliique
2506 5239 2764 5294 Tutelores
2786 5239 2962 5294 cilicio
2985 5239 3299 5308 mouerique
3321 5255 3419 5293 suo
3444 5240 3650 5305 desint,

2064 5338 2112 5392 id
2144 5353 2245 5391 n0u
2275 5337 2325 5393 in
2360 5339 2523 5408 ipsos,
2553 5333 2650 5390 sed
2681 5334 2732 5387 in
2763 5332 3026 5392 homines.
3056 5332 3144 5401 qni
3173 5331 3280 5384 illis
3310 5346 3412 5384 nun
3441 5331 3656 5400 suppli—

2061 5430 2273 5491 cabant,
2301 5425 2714 5482 n-l'undendnm.
2745 5422 3069 5477 Tutelarinm
3111 5431 3308 5484 autem,
3338 5420 3473 5489 utid
3503 5422 3659 5476 dica-

2062 5536 2207 5582 mus.
2254 5521 2476 5574 deorum
2523 5523 2771 5579 nomine.
2805 5517 2924 5570 illos
2957 5514 3223 5570 Arnobius
3248 5514 3494 5582 designat
3525 5515 3655 5586 (Ar-

2060 5616 2201 5671 τιού..
2238 5613 2323 5666 lib.
2357 5630 2409 5676 ν,
2442 5628 2557 5681 pug.
2596 5611 2741 5679 111).
2773 5625 2908 5680 quos
2935 5606 3134 5672 Varro,
3168 5616 3302 5660 teste
3343 5608 3653 5677 Augustino

2060 5703 2326 5780 (Auguria,
2355 5704 2447 5758 lib.
2478 5719 2528 5756 νι
2556 5704 2618 5755 de
2667 5704 2837 5766 Ctvtt.,
2869 5717 2983 5770 cap.
3016 5699 3068 5760 9,
3101 5718 3150 5770 p.
3188 5695 3336 5770 I56),
3375 5701 3438 5753 iis
3465 5701 3651 5754 omni-

2060 5803 2159 5855 bus
2189 5801 2471 5871 praefectos
2499 5812 2620 5852 esse
2647 5798 2797 5862 dixit,
2833 5811 2948 5867 quae
2977 5795 3041 5849 ad
3075 5797 3324 5848 tuendam
3354 5795 3514 5848 vitam
3547 5795 3649 5849 ho-

2061 5894 2225 5950 minis
2255 5894 2322 5950 ab
2347 5892 2465 5964 ejus
2494 5894 2843 5962 conceptione
2868 5890 2933 5946 ad
2965 5889 3206 5946 ultimam
3250 5904 3419 5958 usque
3456 5903 3637 5947 senec-
