3872 6360
173 373 273 431 555

1423 389 1490 446 IN
1529 391 1902 463 ARNOBIUI.
1941 397 2097 456 CAP.
2137 400 2273 459 XIII.

3387 417 3492 475 55i

175 505 336 550 tatem
375 511 441 552 ac
485 510 730 559 mortem
777 507 1066 575 pertinent.
1110 509 1216 566 Sed
1247 510 1315 565 de
1344 509 1429 566 his
1469 512 1628 581 paulo
1656 523 1781 583 post
1807 521 1862 583 Α
1885 514 2185 571 volentium
2206 559 2220 584 ,
2254 521 2506 578 manibus
2537 524 2653 593 ipse
2685 526 2828 583 Deus
2860 530 3129 596 liberavit,
3159 533 3276 602 ipse
3306 548 3491 590 serva-

175 591 321 660 plura
351 591 549 662 (Infr.,
579 608 685 652 art.
715 598 795 670 5).
827 601 1102 660 Arnobius
1132 618 1260 662 vero
1294 604 1528 660 breviter
1556 620 1620 661 ac
1662 621 1785 676 per-

179 685 360 755 spicue
383 689 652 758 ostendit,
683 693 814 746 nihil
845 695 948 753 hoc
967 712 1231 766 responso
1258 698 1430 755 levius
1457 709 1510 753 et
1538 699 1784 755 imbecil-

179 775 298 829 lius.
329 778 464 845 Quis
495 783 648 836 euim
696 787 899 840 nesciat
927 789 1211 857 gratuitam
1251 791 1495 855 omnino,
1528 805 1628 846 nec
1669 809 1784 846 unt-

177 884 331 939 quam
376 857 778 930 mercenariam
822 892 942 932 esse
968 878 1165 934 debere
1193 880 1418 936 deorum
1454 883 1505 938 in
1534 881 1782 938 homines

174 961 563 1032 benignitath
608 982 674 1020 ac
706 970 1173 1038 magniﬁcentiam.
1202 973 1268 1028 Et
1289 985 1436 1029 certe
1460 976 1600 1032 Deus
1623 992 1784 1036 verus

175 1057 422 1109 omnibus
454 1055 770 1116 hOIIIIIIIbUS
802 1073 907 1118 tam
935 1064 1088 1121 bonis
1126 1083 1284 1134 quam
1318 1069 1474 1123 malis
1499 1080 1742 1141 tempora
1764 1116 1778 1139 ,

179 1157 395 1208 ventos.
443 1148 683 1217 pluvias.
733 1168 793 1206 ac
842 1153 1022 1225 fruges
1069 1159 1346 1226 aequaliter
1388 1161 1780 1218 subministrat.

179 1239 376 1293 Deinde
410 1256 544 1296 vero
586 1245 788 1302 ethnici
821 1250 1100 1318 quodlibet
1145 1253 1424 1311 sordidum
1450 1271 1514 1311 ac
1542 1258 1649 1312 vile
1679 1259 1780 1312 mi-

178 1335 474 1400 nisterium,
509 1338 750 1409 ingenuo
779 1341 997 1397 homine
1029 1344 1326 1415 indgnum,
1358 1355 1416 1402 ut
1436 1349 1546 1418 jam
1573 1365 1642 1404 ex
1669 1350 1783 1406 dic-

183 1425 246 1478 tis
269 1437 434 1490 patet.
464 1439 632 1500 atque
656 1431 829 1488 adhuc
858 1433 946 1490 ﬁet
972 1451 1039 1491 ex
1063 1436 1306 1494 dicendis
1335 1440 1608 1510 liquidius,
1634 1443 1783 1500 hisce

181 1515 374 1571 ﬁctiliis
414 1519 770 1576 Ttttelaribus
813 1525 947 1588 diis,
994 1527 1219 1598 aliisque
1265 1530 1490 1600 singulis
1537 1534 1779 1603 privatim

181 1610 508 1668 tribuebant.
544 1619 614 1670 At
659 1618 812 1685 paulo
852 1620 1067 1689 quidem
1101 1625 1306 1693 :equius
1337 1623 1648 1683 existimare
1685 1645 1782 1694 po-

183 1712 392 1757 tuerunt
414 1705 661 1761 Consum
686 1709 844 1764 deum
876 1713 1074 1767 nostris
1099 1729 1336 1783 prmi-sse
1365 1720 1783 1788 cogitationibus

181 1793 400 1864 tidisque
428 1799 702 1853 consiliis.
734 1799 837 1857 Sec
882 1802 1096 1858 ﬁctilius
1127 1806 1218 1860 ille
1241 1807 1374 1862 deus
1396 1851 1409 1872 ,
1454 1827 1614 1880 quem
1659 1813 1783 1866 huic

181 1896 378 1940 tantum
419 1891 578 1958 operi
615 1893 878 1948 intentum
921 1899 1354 1966 somniavcrunt;
1385 1919 1490 1957 non
1534 1904 1778 1974 impedit,
1811 1900 1860 1961 B

181 1981 252 2032 uti
277 1982 346 2033 ait
375 1981 681 2051 Arnobius,
706 1991 1007 2044 contrarios
1033 1993 1281 2049 humanis
1311 1998 1553 2053 consiliis
1583 2001 1778 2064 exitus.

182 2086 239 2139 ac
263 2067 610 2143 repentinam
663 2079 874 2134 illorum
921 2083 1355 2157 inopinatumque
1401 2092 1778 2146 mutationem.

191 2162 262 2219 De
289 2164 390 2220 hoc
415 2183 585 2236 porro
614 2168 718 2224 deo
738 2173 1171 2241 quandoquidem
1201 2178 1254 2232 in
1277 2181 1541 2248 superiori
1573 2183 1783 2252 egimus

186 2254 567 2316 dissertatione
601 2260 839 2331 (Disserl.
872 2271 925 2319 in
952 2265 1178 2332 Mirum,
1210 2285 1326 2339 cap.
1368 2268 1456 2337 16,
1486 2283 1586 2327 art.
1609 2271 1685 2341 2),
1714 2274 1782 2329 ad

187 2348 336 2417 alios,
369 2351 415 2406 si
446 2352 619 2420 lubet,
647 2355 942 2411 veniamus.

766 2489 1064 2532 ARTICULUS
1102 2493 1181 2532 III.

185 2596 513 2680 Degalii'sdiis,
540 2607 875 2680 singularibus
899 2608 1010 2680 aliis
1028 2612 1188 2680 rebus
1215 2613 1356 2662 simili
1383 2614 1526 2680 modo
1543 2621 1780 2680 praeposi—

243 2665 330 2738 tis,“
347 2665 530 2738 Lucina
554 2669 578 2717 J
588 2665 752 2738 unone
778 2672 1031 2738 partubus,
1062 2672 1223 2738 lingua
1269 2665 1601 2736 unctionibtis,
1628 2665 1780 2738 repli-

243 2729 418 2801 cationi
435 2729 968 2801 .cingulorum_'Cinxia,
994 2729 1085 2785 seu
1105 2735 1387 2801 Virgicensi
1419 2739 1530 2800 dea,
1555 2729 1609 2790 ac
1635 2729 1782 2792 victui

243 2797 290 2838 et
314 2793 448 2850 potui
466 2792 646 2843 Victua
670 2803 722 2844 et
741 2794 912 2849 Potua.

261 2891 404 2946 Alios
433 2894 616 2952 adhuc
638 2896 771 2953 deos
793 2901 1016 2956 aliarum
1042 2904 1290 2972 privatim
1315 2920 1493 2959 rerum
1524 2909 1781 2975 pmsides

191 2981 378 3040 ethnici
427 2997 537 3041 tam
607 2989 777 3056 falso,
841 3008 999 3062 quam
1058 2994 1289 3050 absurde
1351 2997 1778 3056 introdttxerant.

193 3073 549 3140 Quamobrem
579 3082 696 3136 illos
731 3084 998 3139 Arnobius
1018 3086 1140 3154 jure
1163 3087 1357 3142 merito
1388 3089 1635 3160 obiurgat
1659 3092 1780 3163 (Ar-

193 3169 320 3234 nob.,
364 3172 455 3225 lib.
503 3191 580 3236 Ill,
629 3193 750 3247 pag.
790 3179 916 3244 106,
951 3179 1052 3234 112
1080 3193 1124 3235 et
1163 3181 1309 3253 114),
1340 3185 1479 3253 quod
1510 3185 1778 3243 Iunonem

193 3259 437 3319 Lucinam
466 3267 751 3322 mulierum
776 3273 1034 3339 partubus
1058 3275 1404 3344 praepositam
1439 3277 1607 3333 fuisse
1631 3279 1779 3334 aflir-
1805 3291 1853 3358 β

193 3369 330 3410 mare
357 3373 464 3412 non
495 3359 824 3418 dubitarent.
857 3363 974 3432 Ipsa
1011 3367 1293 3422 enimvero
1332 3369 1400 3423 ab
1439 3373 1782 3437 parturienti-

196 3444 285 3500 bus
312 3447 616 3506 innnmeris
655 3455 971 3512 mulieribus
1012 3459 1286 3526 invocata,
1328 3465 1603 3532 suppetias
1629 3481 1784 3520 num-

196 3554 340 3608 quam
393 3545 535 3599 tulit.
593 3545 763 3614 Quam
811 3559 988 3604 autem
1045 3566 1195 3622 aequa
1241 3553 1496 3637 justaque
1549 3557 1616 3611 sit
1665 3557 1784 3616 haec

196 3632 507 3705 objurgatio,
532 3639 711 3695 disces
738 3657 799 3695 ex
831 3642 1030 3710 Tullio,
1058 3645 1147 3712 qui
1175 3632 1608 3716 superstitiosam
1635 3650 1782 3714 illam

197 3727 552 3785 credulitatem
594 3731 742 3789 hisce
779 3734 957 3790 verbis
986 3736 1210 3792 irridet:
1249 3758 1267 3790 ι
1299 3738 1368 3794 Ut
1393 3740 1533 3808 apud
1565 3740 1784 3799 Grzecos

198 3816 401 3874 Dianam
431 3839 658 3895 eamque
700 3826 1034 3895 Luciferam;
1067 3831 1143 3886 sic
1182 3832 1322 3902 apud
1361 3844 1578 3890 nostros
1615 3836 1784 3912 ,ιιιηο-

197 3926 306 3967 nem
353 3915 606 3976 Lucinam
651 3923 701 3976 in
749 3925 1012 3992 pariendo
1068 3927 1322 3983 invocant
1365 3948 1378 3982 :
1424 3947 1543 4000 qua:
1591 3933 1779 3988 eadem

200 4003 349 4062 Diana
377 4013 660 4083 omnivaga
689 4015 1000 4072 dicitur.....
1033 4017 1321 4075 adhibetur
1347 4009 1526 4077 autem
1558 4024 1624 4078 ad
1656 4041 1780 4095 par-

202 4106 290 4161 tus.
323 4108 458 4173 quod
499 4109 531 4161 ii
561 4109 946 4168 maturescunt.
977 4124 1068 4165 aut
1109 4122 1313 4182 septem
1349 4132 1776 4189 nonnumquam,

201 4206 279 4249 aut
321 4200 633 4274 plerumque
673 4219 863 4259 novem
909 4206 1046 4261 luna:
1076 4208 1445 4263 cursibus.....
1480 4210 1781 4268 Cnuciune-

202 4303 290 4358 que
319 4305 370 4346 ut
415 4296 577 4349 multa
607 4295 862 4362 Timaeus,
898 4301 986 4369 qui
1035 4314 1154 4353 cum
1202 4300 1256 4353 in
1304 4300 1525 4356 historia
1555 4304 1780 4360 dixisset

203 4395 290 4450 qna
337 4395 489 4441 nocte
550 4400 706 4442 natus
755 4390 1064 4444 Alexander
1105 4399 1293 4456 esset,
1352 4394 1540 4449 eadem
1593 4395 1779 4451 Diana:

203 4473 381 4545 Ephesi
401 4500 427 4530 ιε
455 4481 715 4551 templum
742 4482 1127 4553 deflagravisse
1146 4526 1160 4550 ,
1193 4485 1441 4555 adjunxit
1462 4483 1694 4543 minime
1725 4489 1776 4543 id

203 4584 309 4628 esse
336 4576 657 4638 mirandum,
685 4579 826 4650 quod
855 4580 1017 4633 Diana
1050 4596 1171 4634 cum
1199 4580 1249 4632 in
1283 4583 1418 4650 parti
1445 4580 1779 4654 Olympiadis

205 4666 376 4722 adesse
405 4671 685 4734 voluisset,
718 4671 977 4726 abfuisset
1001 4673 1180 4726 domo.
1221 4684 1241 4716 ι
1271 4669 1484 4741 (Cicer.,
1517 4674 1604 4730 lib.
1654 4692 1688 4730 tt
1717 4676 1782 4730 de

207 4753 375 4812 Natur.
410 4762 571 4828 deor.,
605 4781 725 4835 pag.
757 4763 884 4831 994,
917 4766 1006 4818 lin.
1045 4765 1150 4835 I9).

267 4850 372 4905 Non
397 4855 668 4910 immerito
694 4856 855 4921 igitur
878 4853 1215 4926 Augustinus
1237 4863 1428 4915 eodem
1454 4873 1778 4932 argumento

208 4946 419 5009 gentiles
447 4964 595 5019 smpe
624 4949 942 5004 insectatur.
979 4951 1192 5005 Alicubi
1224 4952 1369 5006 enim
1400 4945 1479 5007 sic
1511 4969 1635 5016 eos,
1669 4970 1774 5009 non

205 5035 306 5091 sine
334 5040 610 5106 irrisione,
657 5043 918 5110 corripit:
959 5064 976 5094 ‹
1011 5043 1152 5113 Quid
1191 5061 1326 5115 opus
1370 5056 1521 5109 erat,
1572 5047 1772 5122 inquit,

207 5137 602 5196 parturientibus
633 5134 888 5192 invocare
917 5136 1202 5206 Lucinam,
1235 5155 1354 5192 cum
1387 5140 1430 5192 si
1455 5139 1672 5198 adesset
1698 5142 1775 5198 fe-

206 5221 371 5290 licitas,
397 5231 504 5282 non’
525 5229 700 5284 stilum
727 5233 864 5285 bene
889 5239 1166 5303 parerent,
1194 5232 1286 5286 sed
1311 5233 1471 5287 etiam
1503 5233 1718 5289 bonos?
1747 5254 1765 5286 ι

208 5312 449 5389 (Rugum,
485 5321 575 5375 lib.
611 5336 667 5375 tv
714 5323 777 5376 de
805 5320 954 5377 Civil.
976 5316 1136 5396 ,lcap.
1179 5323 1268 5390 12,
1299 5341 1418 5396 pag.
1454 5325 1605 5398 109..)
1636 5327 1775 5382 Alibi

208 5421 336 5476 vero,
365 5431 425 5468 ne
452 5416 631 5468 omnia
657 5415 813 5470 illius
845 5418 1406 5486 dicta_recenscamus
1437 5436 1448 5472 :
1486 5436 1504 5469 ι
1534 5417 1645 5473 Nec
1671 5419 1776 5473 Lu-

211 5499 378 5570 cinam,
410 5527 426 5559 t
473 5509 547 5562 ait
582 5507 671 5564 ille
703 5507 900 5578 (Ibid.,
941 5528 1053 5582 cap.
1086 5511 1189 5578 54,
1223 5528 1341 5581 pag.
1384 5509 1514 5576 IM,
1557 5514 1774 5583 etprius

214 5606 308 5662 cap.
342 5597 430 5665 II,
470 5616 587 5670 pag.
619 5600 737 5671 97),
775 5620 793 5652 ι
827 5601 1086 5656 mulieres
1119 5587 1320 5656 Iuda-ti!
1351 5602 1771 5671 invocaverunt,

215 5690 399 5750 quando
441 5707 624 5746 earum
659 5704 882 5762 partus,
929 5702 979 5747 ιιι
1003 5693 1165 5772 ‘mirls
1212 5693 1390 5748 modis
1438 5695 1771 5763 multiplica-

219 5790 392 5845 rentur.
412 5795 462 5840 et
483 5801 617 5858 gens
642 5788 729 5841 illa
756 5787 1144 5844 incredibiliter
1164 5803 1458 5850 cresceret,
1479 5788 1546 5843 ab
1567 5788 1770 5862 Egyp-

220 5871 385 5932 tiorum
433 5882 906 5952 persequentium,
963 5892 1017 5939 et
1064 5882 1302 5942 infantes
1341 5896 1532 5941 omnes
1575 5895 1771 5939 necare

1892 612 1986 664 vit.
2018 630 2036 661 ι
2069 612 2221 668 Alios
2257 614 2434 670 adhuc
2471 619 2712 677 ridiculae
2742 623 2890 678 illius
2920 624 3038 686 dea:
3081 636 3248 683 testes
3289 630 3334 682 si
3374 630 3494 698 quis

1885 707 2143 777 postulet,
2179 709 2340 765 adeat
2385 713 2746 782 Macrobium,
2783 718 3102 786 Horatium,
3137 721 3454 778 Terentium
3476 767 3490 786 ,

1886 798 2155 864 Plautum,
2182 803 2274 872 qui
2304 806 2501 872 Saepius
2534 807 2676 861 illius
2701 809 2978 878 meminit,
3004 821 3057 865 ct
3086 813 3221 868 alios
3251 816 3497 885 complu—

1887 903 1996 954 res,
2028 906 2164 958 quos
2191 893 2277 953 bic
2300 896 2573 964 appellare
2602 913 2999 969 supervacuum
3031 905 3172 959 foret
3200 903 3490 973 (Macrob,

1886 981 1975 1036 lib.
2021 998 2089 1038 vn
2145 984 2444 1054 Saturnal,
2481 1006 2598 1060 cap.
2643 990 2743 1055 16;
2784 992 2970 1047 Horat.
2998 1037 3013 1062 ,
3059 995 3150 1051 lib.
3195 1013 3250 1052 ttt
3290 997 3492 1065 Carm,

1888 1075 1973 1129 od.
2005 1075 2104 1140 2:2;
2139 1077 2370 1143 Tercul.,
2401 1083 2648 1151 Adelpb.,
2679 1095 2780 1139 act.
2812 1089 2867 1153 3,
2895 1105 3035 1144 scen.
3062 1089 3143 1161 6).

1960 1189 2143 1261 Pergit
2188 1194 2496 1261 Arnobius,
2545 1208 2599 1254 et
2647 1221 2663 1251 ι
2697 1201 3080 1268 llnctionibus,
3114 1225 3132 1256 ι
3167 1208 3345 1278 inquit
3375 1208 3499 1279 (Ar-

1888 1285 2032 1349 nob.,
2065 1288 2151 1341 lib.
2188 1305 2266 1354 tu,
2309 1308 2428 1361 pag.
2469 1294 2619 1364 115),
2659 1315 2678 1347 ‹
2716 1309 2962 1364 superest
3004 1298 3209 1367 Unxia,
3243 1303 3493 1374 cingulo-

1886 1395 2006 1433 rutn
2034 1381 2224 1435 Cinxia
2256 1383 2608 1464 replicationi.
2643 1407 2660 1438 ι
2697 1386 2804 1443 Sed
2838 1400 2892 1443 ttt
2924 1391 2974 1445 id
3008 1391 3364 1464 intelligatur,
3400 1396 3499 1450 o'b-

1887 1472 2210 1526 servandum
2255 1483 2339 1530 est
2383 1458 2652 1531 vetustum
2701 1478 2869 1534 fuisse
2913 1483 3194 1552 gentilium
3245 1501 3496 1553 morem,

1885 1580 1994 1632 quo
2031 1574 2317 1635 antequam
2364 1583 2500 1622 nova
2534 1581 2698 1638 nupta
2728 1572 2946 1626 domum
2979 1575 3159 1630 mariti
3197 1577 3499 1634 adducere-

1890 1667 1996 1723 tur,
2032 1669 2214 1727 postcs
2262 1661 2403 1715 illius
2447 1663 2716 1724 ornabant
2766 1665 2937 1721 laneis
2975 1667 3160 1734 vittis,
3205 1672 3288 1725 vel
3336 1671 3497 1740 adipe

1888 1749 2065 1810 suillo,
2099 1758 2155 1804 ut
2175 1751 2250 1804 ait
2275 1750 2503 1815 Plinius,
2532 1753 2616 1807 vel
2645 1754 2788 1820 oleo,
2818 1766 2909 1809 aut
2936 1759 3174 1828 unguine
3205 1760 3413 1828 lupino,
3440 1771 3500 1816 ut

1888 1851 2041 1897 notat
2077 1841 2326 1907 Servius,
2372 1847 2645 1916 angebant
2707 1859 2761 1902 et
2819 1850 3124 1904 oblinibaut
3168 1852 3362 1922 (Plin.,
3405 1855 3496 1908 lib.

1888 1952 2046 1991 xxvtn
2093 1937 2233 1993 Hist.
2274 1951 2470 2006 natum,
2496 1960 2614 2011 rup.
2638 1943 2692 2009 9,
2717 1961 2837 2014 pag.
2865 1943 3002 2000 604:
3039 1944 3214 2011 Serm,
3253 1948 3305 1999 in
3334 1945 3421 2000 lib.
3449 1963 3501 2002 Iv

1886 2028 2130 2097 Etteid”
2160 2049 2280 2103 pag.
2321 2033 2476 2105 545).
2505 2035 2622 2102 Quo
2651 2035 2718 2091 de
2750 2052 2903 2091 more
2947 2037 3148 2091 videsis
3193 2039 3460 2094 Donatum
3481 2082 3498 2108 ,

1886 2121 2178 2189 Isidorunt,
2206 2123 2527 2193 Gyraldunt,
2559 2138 2616 2182 et
2647 2128 2797 2196 plura
2827 2129 2968 2197 apud
3013 2129 3372 2196 Brissonium,
3405 2132 3500 2201 qui

1886 2215 2111 2269 Arnobii
2160 2217 2331 2270 nostri
2381 2219 2704 2273 sententiam
2759 2220 3050 2275 conﬁrmat
3103 2221 3189 2277 his
3241 2223 3500 2279 Martialis

1886 2308 2082 2364 Felicis
2115 2308 2324 2374 verbis,
2368 2312 2563 2381 quibus
2600 2313 2958 2385 Pitilulogiatn
3001 2330 3121 2370 cum
3165 2315 3382 2371 Juuone
3413 2316 3497 2371 I0-

1885 2413 2138 2474 qnentcm
2167 2406 2247 2459 sic
2291 2406 2537 2461 inducit:
2575 2427 2594 2459 ‹
2629 2408 2762 2463 Cum
2802 2411 2938 2464 nihil
2980 2411 3322 2481 contagionis
3371 2425 3496 2466 cor-

1885 2513 2063 2567 porea:
2091 2514 2222 2553 sexu
2267 2500 2588 2555 intemerata
2618 2503 2967 2569 pertulerim,
3003 2503 3345 2568 Itcrducam,
3392 2502 3499 2557 Do-

1887 2591 2192 2656 miducam,
2251 2590 2513 2658 Unxiam,
2570 2593 2924 2662 Cinxiamque
2988 2596 3247 2650 mortales
3301 2596 3498 2666 puellae

1885 2682 2085 2740 debent
2135 2684 2187 2739 in
2236 2687 2452 2755 nuptias
2490 2703 2826 2754 convocare;
2873 2699 2928 2744 ut
2967 2705 3153 2745 earum
3205 2701 3261 2745 et
3301 2689 3498 2745 itinera

1879 2786 2142 2847 protegas
2161 2821 2174 2841 ,
2207 2789 2262 2832 et
2307 2782 2358 2834 in
2386 2787 2596 2850 optatas
2630 2781 2823 2836 domos
2849 2782 3017 2837 ducas
3037 2824 3050 2847 ,
3080 2793 3135 2836 et
3162 2797 3284 2837 cum
3309 2791 3498 2852 postes

1888 2855 2113 2938 ungent,
2153 2869 2384 2926 faustum
2428 2888 2587 2930 omen
2631 2875 2837 2942 alligas.
2876 2893 2894 2925 ι
2932 2872 3152 2942 (Donat.
3183 2875 3235 2926 in
3286 2873 3494 2928 Terent.

1889 2959 2104 3032 Hccyr.,
2123 2973 2225 3016 act.
2251 2980 2289 3026 ι,
2315 2980 2454 3025 scen.
2475 2962 2548 3029 2;
2577 2963 2796 3026 Isidor.,
2821 2964 2911 3019 lib.
2937 2979 2989 3018 tv
3035 2963 3261 3036 0rigi7t.,
3285 2981 3399 3037 cap.
3427 2965 3495 3028 8;

1888 3051 2117 3117 Girald.,
2150 3053 2282 3109 Hist.
2331 3057 2500 3122 deor.;
2548 3066 2805 3126 synlagm.
2841 3057 2907 3120 5,
2961 3055 3228 3120 Brittom,
3263 3057 3325 3110 de
3375 3054 3499 3110 Ritu

1885 3146 2111 3214 nuptiar.
2143 3155 2258 3198 ante
2281 3146 2399 3215 ﬁn.)
2413 3186 2424 3199 .

1956 3257 2201 3310 Cinxiam
2249 3267 2432 3311 autem
2479 3257 2815 3325 ciugulorum
2861 3258 3199 3328 replicatinni
3254 3273 3498 3327 praeesse

1888 3351 2326 3416 arbitrabantur,
2372 3360 2533 3418 atque
2565 3350 2768 3406 idcirco
2812 3367 2931 3407 eam
2971 3351 3326 3415 invocabant,
3371 3367 3493 3406 cum

1886 3457 2152 3512 sponsus,
2189 3453 2244 3496 ut
2284 3441 2476 3497 Festus
2517 3443 2707 3498 scribit
2736 3441 2968 3508 (Festus,
2997 3443 3065 3495 ad
3107 3445 3238 3497 verb.
3268 3442 3493 3499 Cmam.

1888 3546 1935 3589 et
1987 3533 2220 3602 Cmam),
2267 3550 2422 3589 nova:
2451 3547 2630 3604 nupta:
2669 3535 2943 3605 cingulum
2985 3533 3313 3589 herculaneo
3349 3536 3496 3590 nodo

1887 3627 2129 3680 vinctum
2158 3627 2414 3681 solveret.
2457 3627 2606 3682 Hauc
2649 3641 2779 3681 sane
2812 3627 2882 3681 ob
2918 3641 3135 3681 causam
3170 3625 3495 3685 Theocritus

1887 3722 2078 3778 cecinit
2114 3720 2302 3794 (Idyll.
2339 3723 2426 3787 17,
2451 3738 2583 3776 vers.
2606 3721 2702 3792 60)
2727 3739 2740 3775 ε

2076 3833 2173 3885 ένοα
2195 3847 2262 3897 γὰρ
2287 3846 2480 3894 Εὶληουίαυ
2506 3846 2673 3898 “diuvo
2697 3845 2920 3892 Δυσίζυνον.

1981 3962 2057 4013 Ibi
2083 3962 2213 4013 enim
2237 3959 2469 4012 Lucinam
2495 3963 2720 4011 invocant
2743 3960 3042 4025 Lysizonam.

1886 4091 1957 4144 At
1982 4090 2227 4158 quamvis
2255 4088 2447 4143 Festus
2466 4131 2480 4156 ,
2514 4105 2542 4142 a
2574 4090 2732 4143 nobis
2761 4091 3006 4159 proxime
3034 4089 3252 4156 citatus,
3283 4100 3492 4144 asserat

1884 4183 2091 4239 Cinxize
2118 4199 2239 4239 esse
2267 4183 2499 4239 Junonis
2530 4199 2754 4250 nomen;
2788 4185 2855 4238 ab
2883 4185 3182 4255 Augustino
3212 4185 3489 4239 nihilomi-

1886 4292 1988 4331 nus
2018 4276 2352 4346 Virginensis
2395 4277 2496 4332 dea
2538 4289 2880 4348 nuncupatur
2913 4279 3180 4348 (August,
3223 4277 3312 4331 lib.
3349 4293 3400 4331 tv
3428 4278 3492 4331 de

1883 4368 2057 4434 Civit.,
2085 4386 2201 4438 cap.
2231 4371 2317 4433 II,
2345 4387 2464 4441 pag.
2497 4371 2566 4425 97
2594 4386 2610 4435 ;
2636 4379 2683 4423 et
2710 4370 2799 4424 lib.
2825 4385 2897 4434 vt,
2933 4386 3048 4439 cap.
3079 4369 3133 4432 9,
3177 4386 3299 4440 pag.
3335 4370 3486 4441 157).

1886 4461 1986 4517 Ubi
2031 4463 2231 4531 quippe
2261 4463 2327 4517 de
2358 4464 2692 4534 singulorum
2736 4463 2962 4518 deorum
3009 4462 3204 4518 ofliciis
3233 4464 3486 4532 disserit,

1886 4553 2002 4608 haec
2032 4554 2236 4609 habet:
2276 4574 2293 4604 ‹
2332 4554 2399 4609 Ει
2428 4565 2576 4611 certe
2617 4556 2662 4610 si
2693 4555 2848 4609 adest
2891 4556 3226 4626 Virginensis
3266 4555 3399 4621 dea;
3432 4567 3490 4612 ut

1886 4646 2079 4716 virgini
2123 4662 2255 4700 zona
2305 4645 2561 4702 solvatur.
2603 4667 2621 4699 ι
2649 4647 2755 4702 Sed
2795 4649 2917 4717 quis
2957 4649 3128 4702 tt‘escit
3160 4648 3310 4717 plura
3346 4649 3489 4704 illius

1884 4739 2220 4807 aliarumque
2261 4737 2485 4792 dearum
2531 4753 2595 4793 ac
2641 4739 2866 4793 deorum
2916 4739 3084 4794 fuisse
3129 4741 3366 4796 nomina.
3419 4741 3487 4796 Et

1880 4841 2030 4885 certe
2059 4845 2123 4883 ex
2151 4827 2431 4884 Ciceronis
2458 4830 2656 4893 verbis,
2704 4833 2862 4900 paulo
2910 4843 3035 4885 ante
3070 4832 3248 4888 allatis
3271 4874 3285 4898 ,
3316 4834 3485 4889 disci-

1883 4938 2001 4975 mus
2031 4937 2171 4986 eam,
2204 4937 2323 4989 quae
2353 4922 2496 4990 apud
2525 4922 2745 4976 Latinos
2773 4923 2914 4977 Juno
2951 4925 3152 4979 Lucina
3180 4925 3482 4992 dicebatur,

1883 5016 2020 5068 banc
2075 5016 2216 5085 apud
2273 5013 2515 5083 Graecos,
2577 5017 2800 5072 Dianam
2851 5018 3153 5073 Lucileram
3198 5022 3483 5091 appellari.

1882 5107 2025 5178 Lege
2070 5107 2276 5173 adhuc,
2310 5110 2353 5163 si
2387 5109 2542 5170 velis.
2573 5107 2851 5172 Girabiutn
2902 5122 2955 5167 et
3003 5112 3334 5169 Brissoniutn
3369 5115 3482 5183 jam

1881 5203 2148 5268 laudatos,
2174 5201 2446 5268 Vossium,
2466 5211 2628 5273 atque
2648 5204 2780 5260 alios
2804 5203 3009 5272 (Voss.,
3035 5207 3125 5260 lib.
3177 5223 3209 5262 ιι
3239 5208 3301 5262 de
3331 5208 3480 5282 Orig.

1881 5308 1926 5351 et
1957 5313 2132 5367 progr.
2165 5296 2371 5364 idolol.,
2402 5313 2520 5369 cap.
2553 5297 2645 5365 26,
2679 5317 2797 5370 pag.
2832 5299 2937 5358 ‘2I9
2969 5311 3015 5354 et
3042 5302 3225 5374 seqq).

1953 5413 2033 5468 Ad
2065 5413 2180 5467 hate
2210 5428 2340 5467 vero
2371 5432 2383 5466 :
2421 5431 2441 5465 ι
2475 5412 2627 5469 Victa
2653 5422 2710 5469 et
2738 5413 2902 5469 Potua
2944 5417 3322 5478 sanctissimae,
3356 5437 3374 5470 ι
3407 5420 3483 5474 ait

1880 5507 2184 5573 Arnobius,
2218 5525 2238 5558 ι
2267 5507 2461 5573 victui,
2509 5509 2766 5579 potuique
2822 5519 3131 5578 procurant.
3166 5528 3186 5560 ι
3233 5510 3473 5581 (Arnob,

1881 5597 1969 5651 lib.
2001 5614 2075 5664 tu,
2108 5614 2226 5669 pag.
2259 5598 2412 5666 115.)
2452 5597 2750 5654 Enodatius
2777 5609 2955 5654 autem
2989 5601 3223 5655 Donatus
3266 5602 3317 5654 in
3364 5603 3476 5657 suis

1879 5691 1943 5745 ad
1972 5691 2284 5746 Terentium
2329 5691 2798 5746 observationibus
2824 5710 2835 5743 :
2876 5709 2895 5742 ‹
2925 5692 3142 5760 Legitur
3175 5692 3313 5760 apud
3344 5691 3476 5746 Var-

1875 5802 2098 5853 ronem,
2132 5785 2330 5839 initiari
2365 5799 2558 5854 pueros
2605 5784 2838 5846 Edulize,
2868 5792 2921 5836 et
2947 5783 3161 5844 Potitia),
3199 5791 3251 5836 ct
3286 5783 3465 5850 Cubze,

1876 5878 2011 5935 divis
2039 5876 2252 5944 edendi,
2287 5885 2342 5936 et
2382 5874 2622 5945 potandi,
2671 5886 2725 5930 et
2763 5871 3017 5940 cubandi,
3052 5872 3137 5928 ubi
3181 5870 3410 5942 primum
3437 5889 3472 5928 a
