3872 6340
383 359 446 389 9Ῑῖ
458 360 485 389 .‘_'

383 384 486 416 υῡδι

1623 343 2075 405 DISSERTATIO
2113 344 2390 403 PREVIA

3554 340 3651 399 556

380 479 515 534 lacte
537 488 587 532 et
612 490 639 530 a
662 477 815 531 cunis
836 476 1178 531 transierunt.
1206 473 1358 542 Quod
1387 470 1638 543 Virgilius
1662 488 1676 524 :
1700 468 1811 525 Nec
1829 466 1964 523 deus
1988 465 2041 527 Α
2066 480 2226 535 quem
2255 465 2300 521 si
2331 473 2505 531 vacat,
2533 462 2754 520 consule
2785 463 2898 537 (lib.
2941 479 3009 528 ι,
3047 480 3187 537 eap.,
3230 462 3332 529 l9;
3378 462 3464 515 lib.
3498 475 3650 527 xm,

381 569 519 625 hunc
546 585 749 635 mensa,
780 570 879 625 dea
908 582 1008 624 nec
1035 567 1247 639 dignata
1277 567 1436 622 cubili
1466 576 1568 620 est.
1601 564 1711 619 lloc
1739 563 1959 618 adnota-

375 662 453 716 vit
494 661 717 717 Probus.
750 682 769 715 ι
807 662 1020 735 (Donat.
1066 662 1119 715 in
1158 660 1356 716 Terent.
1402 656 1738 720 Pherinium,
1779 665 1877 709 act.
1904 656 1959 721 1,

367 770 513 814 scen.
546 754 623 825 l.)
654 756 982 825 Augustinus
1018 769 1146 807 vero
1191 766 1282 807 eas
1323 758 1478 804 vocat
1515 749 1795 824 Potinatn,
1841 760 1961 817 qua:

374 848 647 917 potionem
671 863 685 911 ;
710 860 763 901 et
792 847 1052 911 Educam,
1076 861 1196 915 qua:
1222 859 1400 899 escam
1430 841 1666 912 praebeat
1694 840 1958 912 (August.,

375 938 462 993 lib.
494 955 544 993 tv
580 941 643 993 de
662 940 835 1003 (linit,
866 957 982 1010 cap.
1015 940 1102 1004 11,
1134 954 1253 1009 pag.
1286 934 1401 1008 97).
1432 939 1499 991 At
1525 944 1806 1004 utramque
1833 932 1964 987 ridi-

374 1032 549 1085 culam
583 1032 718 1087 hanc
745 1032 1074 1085 divinitatem
1103 1029 1226 1086 ideo
1254 1029 1525 1099 explodit;
1553 1028 1676 1098 quia
1706 1025 1963 1082 Israelita:

375 1124 430 1177 in
455 1122 713 1195 IEgypto,
754 1125 861 1177 sine
892 1122 1089 1190 Edaea,
1120 1135 1179 1177 ret
1223 1122 1413 1178 Patina
1451 1139 1650 1183 escam,
1690 1131 1962 1192 potumque

374 1228 713 1288 sumpserunt.
741 1216 929 1273 Postea
957 1233 1137 1271 νει-0.(
1162 1217 1217 1272 Si
1236 1216 1369 1272 duas
1392 1217 1673 1286 quisquam
1703 1215 1960 1278 nutrices,

372 1308 561 1378 inquit,
585 1308 862 1364 adhiberet
884 1309 1091 1375 infanti,
1115 1325 1335 1380 quarum
1360 1324 1463 1364 una
1486 1307 1615 1364 nihil
1639 1308 1739 1363 nisi
1763 1322 1960 1372 escam,

371 1401 537 1456 altera
568 1402 697 1456 nihil
731 1403 828 1457 nisi
877 1414 1057 1473 potum
1088 1403 1269 1465 daret,
1309 1404 1447 1459 sicut
1477 1404 1561 1459 isti
1606 1404 1670 1457 ad
1703 1401 1805 1456 hoc
1832 1402 1964 1454 duas

370 1493 731 1549 adhibuerunt
768 1496 894 1550 deas
914 1538 928 1558 .
958 1495 1193 1551 Educam
1220 1508 1272 1552 et
1302 1497 1569 1560 Patinam,
1604 1510 1793 1565 nempe
1822 1494 1965 1549 desi-

372 1600 529 1655 pere,
576 1596 629 1642 ct
670 1589 867 1658 aliquid
900 1590 1063 1644 mimo
1092 1591 1269 1645 simile
1299 1591 1349 1644 in
1380 1607 1472 1645 sua
1504 1590 1665 1645 domo
1693 1604 1851 1660 agere
1880 1589 1963 1642 vi-

369 1678 608 1734 deretur.
650 1699 669 1732 ι
702 1679 790 1736 tE.
825 1681 910 1736 lib.
953 1698 1034 1744 γι,
1074 1700 1187 1751 cap.
1233 1683 1288 1749 9,
1321 1701 1438 1753 pag.
1482 1681 1633 1754 156.)
1663 1681 1757 1737 Hae
1786 1690 1963 1736 autem

372 1771 503 1839 ipsae
546 1774 725 1842 procul
759 1774 918 1828 dubio
947 1786 1089 1840 sunt,
1125 1791 1243 1845 qua:
1286 1777 1355 1830 ab
1385 1776 1622 1831 Arnobio
1664 1784 1887 1839 nostro,
1918 1773 1964 1827 si

374 1864 759 1917 tamennullus
800 1866 851 1919 in
896 1867 1013 1935 ejus
1037 1876 1191 1922 textu
1229 1868 1398 1923 subsit
1424 1868 1565 1923 haud
1606 1866 1852 1922 insolitus
1889 1866 1958 1921 li-

368 1956 534 2011 brarii
561 1974 732 2025 error,
772 1958 912 2014 Victa
940 1972 985 2015 et
1018 1961 1185 2016 Poma
1213 1973 1607 2032 nuncupantur.
1634 1961 1704 2016 At
1732 1962 1824 2015 ille
1856 1975 1961 2014 non

371 2050 593 2116 minori,
626 2069 784 2123 quam
823 2056 1172 2125 AuguStinus,
1206 2056 1460 2125 despectu
1497 2066 1551 2111 et
1590 2054 1819 2110 ludibrio
1847 2066 1959 2118 eas,

371 2154 426 2199 et
450 2143 573 2213 jure
602 2146 816 2213 quidem
850 2152 1041 2203 merito
1072 2151 1357 2218 proscribit
1384 2164 1448 2203 ac
1478 2148 1673 2218 rejicit.

966 2282 1262 2323 ARTICULUS
1283 2284 1358 2323 iV.

371 2375 447 2446 De
470 2382 817 2446 commentitus
839 2379 948 2429 aliis
965 2382 1183 2446 diis._qui_
1199 2394 1295 2429 non
1332 2382 1490 2446 minus
1513 2380 1735 2446 absurde
1751 2378 1857 2428 aliis
1868 2390 1963 2446 _re-

433 2442 529 2491 bns
546 2441 952 2503 praeﬁciebantur,
970 2439 1039 2491 uti
1081 2439 1285 2491 Bellona
1319 2442 1485 2503 bellis,
1513 2442 1771 2492 Discordia
1794 2448 1846 2490 et
1867 2439 1963 2503 Eu-

434 2506 520 2567 ria:
538 2501 769 2562 diSsidiis,
799 2505 924 2553 Mars
956 2505 1153 2567 preliis.
1184 2501 1729 2567 Mercuriuslceromis,
1753 2501 1961 2567 pugilla-

434 2520 520 2552 ria:
538 2520 769 2562 uisstuns,
800 2520 924 2553 mars
956 2520 1153 2567 prauis.
1184 2520 1458 2554 mercurius
1497 2520 1703 2555 ceromi‘
1753 2520 1959 2567 pagina-

434 2566 686 2630 tihus,_et
732 2567 1101 2630 luctationibus;
1143 2570 1364 2630 hostibus
1417 2566 1661 2630 pellendis
1681 2520 1959 2630 ‘ifellonia.

473 2640 579 2693 nam
600 2628 843 2693 Romanis,
871 2642 965 2693 non
997 2628 1174 2693 favisse
1213 2626 1433 2693 probant'
1450 2629 1620 2693 ιιι-8118
1644 2630 1701 2677 ad
1727 2626 1962 2693 Furculas

460 2686 687 2748 laudinas,
713 2700 765 2740 et
788 2691 846 2739 ad
872 2690 1047 2739 Lacum
1072 2686 1464 2753 'l‘rasimenum,'
1480 2704 1535 2741 ac
1557 2691 1841 2742 Cannenses
1863 2686 1965 2737 cla-

432 2750 553 2811 des;
582 2766 673 2801 nec
696 2753 793 2802 dici
823 2767 963 2812 posse
996 2754 1118 2802 deos
1157 2750 1369 2803 sinistris
1416 2750 1635 2814 partibus
1654 2764 1889 2814 praeesse,
1910 2759 1963 2814 et

433 2814 623 2863 dextris
661 2815 949 2865 adversari:
992 2817 1111 2864 item
1154 2818 1219 2865 de
1264 2813 1433 2878 Pansa:
1452 2815 1597 2864 bellis
1635 2813 1870 2878 opposito,
1896 2813 1961 2861 de

437 2880 683 2939 Prtestana
708 2887 759 2927 et
786 2878 962 2938 Panda,
983 2892 1073 2927 seu
1098 2879 1309 2938 Pantica,
1337 2884 1390 2927 et
1410 2877 1522 2928 Tito
1562 2875 1719 2936 Tatio,
1745 2878 1795 2925 in
1822 2875 1963 2939 Capi-

435 2938 603 2994 tollunt
621 2940 907 2990 introducto.

444 3071 683 3127 Gradnm
730 3071 795 3124 ad
844 3071 945 3123 alia
992 3071 1036 3125 si
1082 3070 1361 3136 faciamus,
1396 3086 1502 3140 quo
1546 3078 1693 3124 certe
1738 3068 1963 3123 ulterius

372 3164 800 3235 progrediemnr,
832 3180 896 3217 eo
920 3179 1047 3219 sane
1076 3166 1258 3235 peiora
1287 3180 1349 3243 ac
1373 3165 1531 3235 longe
1558 3164 1829 3219 deteriora
1864 3164 1960 3219 de-

375 3257 788 3326 prehendcmus.
822 3256 1063 3312 Gentiles
1090 3258 1232 3311 enim
1265 3274 1369 3311 non
1415 3258 1601 3327 puduit
1644 3258 1694 3312 in
1716 3257 1963 3334 'deornm

374 3368 591 3406 SitOl‘llm
617 3368 899 3406 numerum
929 3352 1049 3407 illos
1079 3352 1302 3419 referre,
1324 3370 1482 3423 quos,
1513 3353 1669 3407 sicuti
1699 3354 1967 3411 Arnobius

375 3454 561 3499 noster
595 3444 839 3515 perhibet
872 3444 1110 3515 (Arnob,
1142 3447 1230 3499 lib.
1258 3462 1332 3507 Ill,
1360 3464 1480 3517 pag.
1519 3446 1679 3517 115),
1713 3447 1847 3501 truci
1903 3463 1969 3502 ac

373 3538 577 3593 crudeli
612 3548 798 3593 natura
829 3540 981 3593 malis
1008 3540 1283 3593 hominum
1312 3551 1365 3593 ct
1392 3540 1627 3610 gaudere
1648 3551 1703 3595 et
1728 3543 1964 3611 praeponi

376 3630 657 3685 tinxerant.
684 3632 813 3699 Qua:
836 3632 1049 3701 quidem
1075 3643 1179 3687 tam
1206 3631 1437 3688 absurda
1462 3648 1582 3688 esse
1604 3636 1963 3705 existimavit,

377 3734 433 3776 nt
459 3724 696 3792 Bellona,
721 3726 1013 3793 Discordia,
1044 3726 1239 3794 Furiis,
1269 3745 1328 3782 ac
1359 3730 1497 3783 lavis
1522 3730 1815 3785 numinibus
1837 3747 1968 3802 prat-

378 3818 660 3880 tertnissis,
687 3821 865 3871 statim
894 3818 1101 3873 venerit
1123 3818 1189 3873 ad
1213 3819 1451 3885 Martem,
1480 3821 1635 3876 bellis
1660 3824 1968 3894 prmliisque

332 3974 337 3981 ε
374 3908 711 3977 przefectum,
741 3922 794 3962 et
823 3911 875 3963 in
904 3910 989 3973 iis,
1024 3911 1097 3964 uti
1142 3910 1306 3967 stulte
1352 3914 1771 3979 arbitrabantur,
1794 3916 1967 3971 demi-

376 4012 615 4056 nantem.
649 4002 921 4057 Bellonam
953 4013 1129 4059 autem
1170 4005 1389 4070 omittit,
1424 4008 1542 4077 quia
1588 4010 1632 4063 si
1678 4009 1817 4064 Mars
1847 4011 1967 4065 bel-

376 4092 549 4147 lorum
580 4096 713 4149 deus
743 4111 863 4149 esse
894 4110 999 4150 n0n
1027 4101 1218 4168 possit,
1240 4108 1296 4154 ut
1316 4116 1435 4155 mox
1458 4103 1779 4166 videbimus,
1800 4105 1968 4160 multo

375 4188 554 4239 minus
584 4186 777 4241 femina
811 4198 971 4241 tantm
1002 4191 1331 4257 crudelitati,
1360 4193 1627 4263 tantisque
1648 4195 1964 4263 sceleribus,

375 4294 495 4348 qua:
529 4279 705 4345 prmlia
751 4296 931 4335 secum
974 4281 1203 4349 vehunt,
1237 4301 1469 4354 praeesse
1521 4297 1726 4356 poterat
1769 4288 1963 4359 (lbid.,

374 4370 463 4423 lib.
499 4387 535 4435 ι,
570 4390 687 4442 pag.
728 4374 824 4432 15.
860 4384 909 4428 et
958 4374 1045 4428 lib.
1078 4392 1157 4437 Ill,
1201 4395 1317 4448 pag.
1375 4379 1520 4451 115).
1569 4382 1750 4435 lioma:
1790 4393 1965 4438 tzunen

377 4480 565 4518 versiis
597 4475 807 4535 portam
839 4466 1233 4525 Carmentalem
1284 4474 1539 4541 templum
1595 4475 1716 4530 huic
1764 4476 1967 4530 bellica:

373 4556 511 4615 decu,
546 4559 704 4611 sicuti
739 4561 1065 4629 Augustinus
1094 4562 1288 4633 aliique
1314 4575 1665 4631 annotaruut,
1698 4568 1765 4620 ab
1794 4569 1966 4637 Appio

372 4652 698 4704 mdilicatum
732 4652 925 4718 fuerat,
956 4669 1017 4708 ac
1047 4654 1215 4721 pridie
1242 4674 1409 4712 nonas
1433 4659 1555 4714 Julii
1586 4671 1962 4717 consecratum

378 4742 695 4812 (Augustin.,
724 4744 810 4799 lib.
842 4761 899 4800 ιιι
950 4747 1014 4799 de
1042 4745 1215 4811 Civit.,
1241 4766 1355 4819 cap.
1390 4753 1481 4817 25,
1512 4772 1633 4824 pag.
1666 4754 1757 4819 82,
1791 4764 1839 4809 el
1870 4756 1959 4812 lib.

374 4852 460 4902 ιν,
502 4854 615 4905 cap.
666 4839 755 4903 11,
789 4857 905 4911 pag.
959 4840 1072 4913 96).
1098 4918 1100 4921 ν
1126 4844 1341 4899 Ovidius
1384 4858 1559 4902 autem
1611 4849 1725 4904 hzec
1774 4850 1960 4905 stricta

372 4931 616 4983 Oratione
646 4932 715 4984 ita
743 4932 1048 4989 decantavit
1074 4953 1086 4989 :

464 5045 567 5095 Ilac
592 5054 775 5095 sacrata
793 5048 875 5096 die
902 5048 1059 5099 Tusco
1081 5050 1283 5102 Bellona
1307 5054 1472 5105 duello

560 5109 767 5181 Dii-itur,
794 5119 845 5159 et
871 5109 1009 5181 Latio
1034 5128 1265 5181 prospera
1286 5130 1486 5181 semper
1503 5122 1661 5173 adest.

464 5172 750 5245 App-ittshest
768 5182 952 5245 auctor,
978 5172 1163 5245 Pyrrho
1186 5179 1269 5245 qui
1294 5172 1411 5241 pace
1438 5172 1633 5245 negata,

558 5233 758 5304 Multum
783 5238 943 5304 animo
962 5233 1111 5297 vidit;
1132 5233 1316 5291 lumine
1336 5233 1650 5304 captusverai.

465 5294 705 5361 Prospicit
732 5310 757 5343 a
784 5300 967 5361 templo
990 5294 1230 5351 sumntum
1251 5294 1413 5354 brevis
1431 5294 1547 5357 area
1568 5294 1759 5361 Circum

558 5359 643 5407 Est
669 5360 734 5425 ibi
763 5372 854 5425 non
884 5359 1043 5424 parvae
1064 5377 1208 5425 parva
1233 5367 1455 5417 columna
1482 5378 1623 5421 uotae.

473 5419 600 5496 Hinc
622 5422 748 5471 solet
774 5419 907 5496 basta
928 5419 1093 5496 manu,
1120 5425 1241 5478 belli
1260 5434 1537 5496 praenuncia
1562 5419 1703 5496 mitti,

560 5482 612 5533 In
628 5497 801 5545 regem
824 5493 875 5533 et
890 5494 1069 5547 gentes
1091 5502 1200 5537 cum
1227 5482 1384 5553 placet
1402 5505 1531 5543 arma
1550 5482 1672 5561 capi.

1033 5570 1207 5634 (Ovid,
1230 5573 1313 5623 lib.
1342 5590 1385 5624 Vl
1404 5576 1612 5638 Fastor.,
1629 5579 1654 5643 ς
1674 5581 1743 5646 ι.)

370 5670 539 5741 Hujus
572 5682 747 5727 autem
779 5673 983 5742 templi,
1014 5684 1067 5727 et
1095 5686 1313 5732 senatus
1340 5680 1392 5733 in
1420 5695 1485 5735 eo
1514 5681 1674 5737 habiti
1706 5683 1961 5757 frequens

370 5768 505 5832 apud
532 5767 737 5819 Livium
769 5768 1027 5835 ιιιὶοεψιε,
1049 5784 1110 5821 ac
1134 5774 1429 5839 prtesertim
1456 5785 1641 5841 poetas
1666 5776 1957 5847 Lucanum,

372 5854 667 5925 Horatium,
691 5858 1073 5929 Tibullumque
1101 5863 1325 5918 mentio.
1347 5864 1505 5921 Plura
1530 5882 1657 5923 vero
1686 5868 1953 5938 Giraldus,

2064 572 2181 627 cap.
2212 555 2315 623 είς
2346 558 2435 611 lib.
2470 570 2642 613 xxvm
2663 599 2677 620 ,
2710 573 2828 626 cap.
2852 555 2907 622 9;
2940 554 3167 622 Lucam,
3194 554 3281 610 lib.
3314 569 3409 620 vn,
3437 571 3493 624 p.
3522 553 3651 620 847;

2069 646 2279 715 Horat.,
2311 664 2463 703 serm.
2494 647 2548 712 2,
2579 649 2725 703 satir.
2755 650 2820 713 ὃς
2851 647 3071 717 Tibull.,
3099 648 3188 704 lib.
3220 663 3273 714 ι,
3306 648 3433 718 eleg.
3457 662 3541 713 vi;
3568 645 3655 701 Gi-

2066 742 2226 806 rald.,
2262 741 2532 812 Synlagm.
2566 742 2655 807 10,
2682 760 2733 812 p.
2765 741 2872 799 309
2898 752 2945 797 el
2974 744 3161 815 ιαμ).

2137 837 2206 889 At
2227 835 2477 905 Virgilius
2496 836 2738 905 ejusdem
2761 836 3019 903 Bellona,
3047 836 3361 902 Discordia,
3377 835 3655 891 Furiarum

2043 925 2121 981 ‘et
2163 926 2377 993 Martis,
2431 928 2501 984 de
2548 928 2742 999 quibus
2786 941 2977 985 auctor
3024 938 3208 985 noster
3250 928 3505 998 loquitur,
3556 942 3659 985 uno

2066 1022 2364 1093 eodemque
2391 1024 2443 1078 in
2476 1025 2595 1078 loco
2618 1025 2698 1078 sic
2723 1025 2965 1079 meminit
2996 1041 3009 1078 :

2407 1136 2553 1187 Sevit
2572 1138 2735 1187 medio
2753 1138 2801 1187 in
2827 1140 3096 1187 certamine
3120 1136 3328 1196 Mavors,

2157 1198 2362 1249 Caelatus
2380 1198 2527 1259 ferro,
2551 1202 2817 1260 tristesque
2842 1214 2905 1249 ex
2927 1200 3115 1250 aethere
3136 1198 3284 1260 Dirae,

2156 1261 2219 1312 Et
2239 1274 2386 1310 scrssa
2402 1264 2625 1325 gaudens
2650 1261 2780 1312 vadit
2802 1261 3049 1325 Discordia
3070 1262 3192 1325 palla
3219 1274 3231 1309 :

2165 1328 2317 1384 Quam
2336 1322 2446 1374 cuin
2470 1327 2742 1384 sanguineo
2764 1326 2985 1385 sequitur
3009 1322 3209 1374 Bellona
3231 1322 3444 1383 ﬂagello.

2343 1404 2574 1474 (νει-9η..
2596 1406 2683 1458 lib.
2701 1423 2783 1459 vui
2802 1407 3017 1467 ιΕιιειάη
3041 1420 3168 1458 vers.
3190 1407 3283 1458 700
3299 1414 3344 1459 et
3365 1408 3522 1473 seqq.)

2069 1515 2145 1571 De
2171 1514 2443 1572 Discordia
2481 1533 2667 1573 rursus
2700 1516 2842 1573 idem
2875 1518 3153 1591 Virgilius,
3183 1516 3454 1582 Lucanus,
3485 1518 3663 1590 Angu-

2068 1610 2257 1673 stinus,
2290 1619 2345 1665 et
2373 1610 2462 1665 alii
2492 1609 2723 1683 (Idem,
2753 1612 2842 1668 lib.
2892 1629 2942 1668 ιιι
2995 1611 3238 1679 ιΕησιάη
3275 1628 3419 1668 vers.
3450 1611 3592 1676 280.
3619 1620 3665 1667 et

2067 1719 2209 1774 seq.;
2236 1701 2457 1769 Lucam,
2492 1704 2581 1760 lib.
2618 1720 2721 1770 vu,
2755 1722 2874 1778 pag.
2915 1705 3053 1771 287;
3084 1705 3325 1777 August.,
3357 1703 3445 1761 lib.
3498 1720 3557 1761 ιιι
3605 1706 3663 1759 de

2069 1796 2244 1860 Cirin,
2273 1812 2389 1866 cap.
2408 1790 2512 1863 ‘25,
2544 1814 2663 1868 pag.
2693 1796 2808 1870 82).

2135 1885 2327 1943 Cicero
2357 1897 2538 1944 autem
2568 1890 2728 1945 docet
2756 1905 2823 1944 ex
2856 1889 3077 1945 dearum
3106 1888 3232 1945 albo
3257 1888 3516 1945 delendas
3547 1904 3665 1945 esse

2064 1978 2284 2045 Furias,
2314 1995 2446 2049 quas
2487 1979 2661 2036 (ἶνωοὶ
2707 1979 3031 2037 Eumenides
3076 1997 3170 2037 seu
3222 1980 3469 2053 Erynnes
3503 1996 3663 2037 voca-

2064 2070 2236 2125 bant:
2271 2089 2291 2123 (
2318 2072 2423 2127 Sin
2464 2072 2694 2139 Hecate,
2736 2091 2755 2125 ι
2809 2074 3011 2145 inquit.
3049 2094 3067 2127 ι
3122 2074 3224 2131 dea
3269 2086 3381 2141 est,
3413 2090 3513 2130 cur
3557 2092 3663 2131 non

2064 2163 2432 2219 Eumenides?
2461 2165 2593 2232 qua:
2622 2166 2667 2219 si
2699 2165 2813 2221 deae
2839 2180 2983 2231 sum,
3004 2181 3229 2237 quarum
3257 2176 3313 2222 et
3339 2167 3566 2223 Athenis
3594 2166 3669 2221 [aa

2066 2271 2195 2312 num
2233 2268 2336 2320 est,
2366 2268 2419 2312 et
2448 2259 2587 2335 apud
2625 2275 2746 2324 nos,
2779 2270 2834 2313 ut
2862 2276 2965 2331 ego
2992 2262 3341 2331 interpretor,
3372 2262 3527 2332 cujus
3559 2260 3664 2317 Fu-

2066 2349 2230 2412 rinae,
2258 2346 2434 2402 Furia:
2458 2348 2574 2402 dea:
2603 2360 2727 2402 sunt
2746 2392 2760 2416 ,
2790 2351 3209 2420 speculatrices,
3239 2352 3435 2417 credo,
3461 2361 3518 2407 et
3551 2353 3666 2406 vin-

2064 2441 2213 2495 dices
2254 2440 2552 2495 facinorum
2597 2452 2653 2496 et
2697 2442 2985 2498 scelerum.
3046 2437 3315 2515 αριστι..
3356 2445 3443 2497 lib.
3502 2460 3561 2499 ιιι
3609 2446 3671 2497 de

2066 2529 2260 2585 Natur.
2281 2531 2424 2597 deor,
2445 2549 2566 2602 pag.
2586 2531 2714 2595 216,
2733 2535 2827 2588 lin.
2848 2535 2963 2604 35.)
2977 2533 3149 2601 Quem
3173 2536 3224 2588 in
3254 2533 3428 2589 locum
3450 2532 3670 2605 Legesis

2065 2624 2445 2694 Lescalopierii
2495 2624 2919 2679 observationes.
2972 2625 3106 2681 Vide
3144 2626 3345 2691 etiam,
3394 2626 3439 2680 si
3491 2626 3661 2690 velis,

2066 2718 2259 2772 Lilium
2289 2716 2588 2784 Giraldnm,
2618 2718 2859 2773 Natalem
2889 2718 3177 2782 Comitem.
3203 2735 3231 2773 a
3260 2720 3453 2789 quibus
3482 2720 3669 2790 plures

2064 2811 2359 2880 scriptores
2394 2811 2585 2867 citatos
2628 2811 2833 2866 videhis
2862 2812 2880 2882 (
2898 2810 3125 2877 (ἧι-αλιι,
3157 2813 3428 2883 Sgntagm.
3461 2814 3515 2877 6,
3547 2831 3666 2884 pag.

2066 2902 2175 2958 215
2201 2914 2247 2957 el
2275 2920 2448 2973 seqq.;
2481 2902 2557 2959 N.
2588 2902 2733 2960 Com.
2794 2906 2881 2959 lib.
2931 2921 2985 2959 ιιι
3012 2902 3258 2975 Hytltol.,
3290 2922 3405 2975 cap.
3430 2906 3521 2973 10,
3548 2923 3666 2979 pag.

2068 2996 2173 3053 215
2193 3008 2241 3052 et
2263 2999 2445 3069 seqq.).

2142 3093 2350 3148 Praeliis
2415 3107 2578 3164 porro
2625 3093 2847 3149 Martem
2904 3098 2971 3149 ab
3024 3094 3254 3149 ethnicis
3315 3095 3668 3165 praepositum

2073 3184 2263 3252 fuisse,
2299 3186 2368 3238 ita
2402 3195 2584 3240 notum
2635 3196 2734 3253 est,
2787 3196 2840 3241 ut
2893 3188 3208 3256 probatione
3254 3203 3359 3242 non
3407 3189 3666 3260 indigeat.

2071 3277 2412 3347 Quapropter
2441 3276 2543 3332 hoc
2575 3288 2777 3333 tantum
2825 3279 2892 3333 ab
2930 3278 3117 3334 Ovidio
3165 3280 3507 3336 decantatunt
3540 3296 3672 3353 pro-

2070 3368 2302 3424 feremus
2330 3388 2341 3422 :

2164 3460 2784 3527 MarsALatioAvenerandus
2804 3471 2929 3522 erat,
2955 3466 3067 3526 quia
3097 3465 3325 3527 praesidet
3351 3467 3516 3526 armis,

2283 3524 2430 3573 Arma
2450 3524 2566 3574 ferte
2589 3527 2725 3589 genti
2750 3539 2957 3588 remque
2974 3524 3204 3590 deusque
3223 3527 3422 3578 dabunt.

2070 3632 2237 3688 Recte
2286 3633 2445 3702 igitur
2492 3634 2821 3702 Augustinus
2866 3634 2995 3689 illud
3038 3635 3228 3691 iisdem
3269 3637 3561 3707 gentilibus
3594 3639 3672 3693 sic

2068 3726 2271 3794 probro
2297 3726 2533 3795 vitioque
2563 3725 2719 3780 vertit
2750 3744 2762 3779 :
2804 3745 2822 3778 ι
2857 3728 2989 3793 Quia
3022 3743 3120 3781 nec
3143 3728 3292 3783 Marti
3323 3730 3537 3801 aliquod
3561 3731 3675 3788 cle-

2070 3832 2333 3881 mentum,
2364 3820 2450 3875 vel
2480 3831 2686 3889 partem
2728 3820 2911 3874 mundi
2953 3820 3193 3876 invenire
3224 3834 3543 3892 potuerunt,
3584 3826 3675 3881 ubi

2070 3922 2256 3982 ageret
2291 3928 2455 3984 opera
2484 3915 2890 3984 qualiacumque
2918 3926 3145 3979 naturae,
3188 3916 3347 3970 deum
3390 3918 3516 3973 belli
3550 3935 3675 3975 esse

2071 4003 2345 4070 dixerunt,
2380 4004 2520 4072 quod
2562 4019 2697 4073 opus
2742 4016 2823 4058 est
2867 4005 3181 4071 hominum,
3212 4020 3267 4061 et
3311 4009 3546 4075 optabile
3596 4012 3676 4066 eis

2072 4111 2177 4150 non
2210 4106 2312 4151 est.
2348 4095 2402 4151 Si
2441 4112 2570 4166 ergo
2614 4111 2798 4167 pacem
2846 4107 3171 4167 perpetuam
3203 4099 3452 4154 Felicitas
3494 4102 3672 4166 daret.

2072 4187 2214 4242 Mars
2263 4187 2389 4257 quid
2442 4198 2647 4255 ageret,
2702 4204 2809 4243 non
2855 4186 3098 4245 haberet.
3155 4209 3173 4243 ι
3227 4192 3426 4263 (0rid.,
3475 4194 3564 4247 lib.
3621 4212 3676 4250 ιιι

2074 4277 2311 4344 Fastor.,
2335 4296 2465 4332 vers.
2489 4279 2561 4335 85
2580 4290 2627 4334 et
2652 4297 2812 4350 segm;
2838 4282 3076 4351 August.,
3094 4281 3180 4336 lib.
3198 4298 3270 4337 vn
3294 4286 3355 4337 de
3382 4285 3517 4352 Civ.,
3549 4303 3673 4356 cap.

2071 4373 2161 4439 M,
2200 4390 2314 4444 pag.
2354 4373 2513 4443 175.)
2546 4372 2677 4440 Quis
2720 4388 2848 4444 ergo
2893 4375 3118 4429 moleste.
3164 4392 3267 4431 non
3314 4377 3451 4432 lerat
3499 4381 3666 4437 talem

2070 4468 2229 4521 deum
2262 4479 2364 4523 tam
2398 4468 2770 4532 inhumanum,
2802 4478 2907 4522 tam
2934 4469 3230 4536 crudelem,
3264 4486 3325 4525 ac
3355 4474 3527 4529 multo
3553 4492 3673 4531 ma-

2070 4561 2152 4630 gis
2186 4559 2518 4615 Discordiam
2550 4571 2599 4614 et
2632 4559 2819 4615 Furias
2848 4563 2914 4616 ab
2942 4561 3187 4621 Etltuicis
3225 4564 3354 4622 deas
3394 4566 3561 4640 tingi,
3592 4569 3676 4627 in-

2073 4656 2273 4721 vocari,
2307 4656 2599 4709 honorari?

2145 4747 2250 4803 Sed
2298 4749 2558 4816 agedum,
2588 4761 2651 4801 ac
2691 4747 2735 4801 si
2766 4748 2855 4801 tibi
2885 4764 3046 4818 grave
3076 4750 3251 4807 adhuc
3278 4769 3382 4808 non
3411 4758 3508 4823 sit,
3539 4760 3671 4814 ani-

2069 4855 2239 4904 mum,
2271 4855 2488 4910 quteso,
2521 4840 2796 4894 nobiscum
2828 4842 3078 4912 adverte,
3109 4860 3268 4915 quam
3317 4848 3450 4902 dir-.e
3494 4850 3675 4908 adhuc

2067 4932 2413 5001 crudelisque
2437 4940 2638 4986 naturze
2669 4932 2762 4987 ille
2789 4931 2947 4988 fuerit
2975 4937 3253 5005 gentilium
3280 4939 3435 5007 deus,
3466 4942 3536 4999 de
3564 4961 3675 5014 quo

2072 5025 2379 5079 Arnobius:
2417 5042 2435 5075 ι
2474 5025 2667 5089 Curat,
2704 5044 2721 5077 I
2773 5027 2944 5097 inquit
2990 5029 3237 5100 (Arnob.,
3288 5033 3375 5088 lib.
3421 5050 3503 5103 ιιι,
3546 5056 3671 5110 pag.

2072 5118 2242 5190 114),
2278 5136 2295 5169 ι
2334 5118 2630 5173 Mercurius
2672 5134 2952 5185 ceromas,
3011 5124 3351 5192 pugillatibus
3396 5136 3452 5182 et
3493 5128 3671 5186 lucta-

2070 5210 2305 5265 tionibus
2336 5221 2552 5280 preacst,
2591 5230 2608 5263 ι
2643 5212 2837 5282 quibus
2874 5214 3091 5270 athletae
3119 5232 3241 5272 sese
3282 5231 3468 5275 mutuo
3499 5224 3674 5278 conli-

2069 5306 2303 5361 ciebant.
2330 5306 2401 5361 Ea
2427 5317 2609 5362 tamen
2631 5318 2747 5362 erat
2772 5311 2927 5379 hujus
2954 5309 3042 5364 dei
3068 5310 3432 5377 imbecillitas;
3482 5324 3541 5369 ut
3569 5317 3671 5371 im-

2069 5400 2256 5471 pedire
2274 5402 2593 5471 nequiverit,
2610 5404 2735 5471 quin
2755 5404 2920 5459 altera
2944 5407 3291 5474 pugnantium
3307 5406 3669 5464 luctantium-

2066 5508 2173 5564 qne
2204 5509 2328 5564 pars
2359 5494 2668 5550 vinceretur
2694 5496 2760 5551 ab
2789 5497 2956 5552 altera
2976 5540 2989 5563 ,
3024 5509 3115 5552 aut
3145 5500 3345 5569 aliquid
3389 5509 3670 5569 pateretur

2066 5590 2371 5645 detrimenti
2385 5634 2397 5644 .
2416 5590 2626 5646 Siccine
2642 5607 2772 5662 ergo
2794 5593 2880 5661 hnj
2890 5594 3097 5647 nsmodi
3113 5592 3244 5649 deos
3256 5593 3460 5665 lingere
3478 5598 3628 5653 licuit
3643 5600 3669 5652 ?

2140 5687 2229 5749 At,
2249 5686 2449 5756 inquiet
2471 5685 2684 5757 aliquis,
2703 5687 2825 5755 quid
2852 5704 2913 5742 ea
2938 5704 3062 5757 vox,
3085 5705 3333 5753 ceromas.
3360 5690 3669 5761 signiﬁcat?

2066 5780 2273 5851 Duplex
2318 5792 2402 5838 est
2450 5780 2596 5836 illius
2638 5782 2979 5853 signiﬁcatio.
3022 5786 3248 5840 (Ieroma
3277 5785 3420 5839 enim
3453 5797 3539 5842 est
3568 5806 3667 5843 un-

2064 5885 2341 5944 gnentum,
2368 5874 2521 5941 oleo,
2550 5875 2880 5945 subactaque
2910 5890 3055 5943 cera,
3088 5887 3141 5935 et
3178 5878 3291 5933 luto
3319 5878 3663 5951 coniectum,
