3872 6346
156 354 270 409 ,55Ἱ

1377 367 1441 424 ΙΝ
1479 367 1857 444 AHNOBIUM,
1902 377 2053 435 CAP.
2097 378 2235 436 XIII.

3364 390 3469 448 558

165 480 278 536 quo
319 467 637 572 athletaeet
676 475 768 532 alii
810 477 1167 572 angebantur.
1197 480 1336 538 Olim
1382 493 1560 542 autem
1601 503 1761 558 quam
1791 498 1843 556 Α
1867 495 2118 551 consules
2163 494 2339 551 foedus
2381 512 2503 554 cum
2547 498 2627 554 eis
2668 499 2848 557 facere
2886 505 3061 560 coacti
3100 512 3266 572 sunt;
3300 505 3375 562 ita
3413 516 3473 564 ut

169 572 459 618 commune
490 565 865 640 vulgatumque
893 570 1055 627 fuerit
1077 615 1094 641 ,
1125 573 1300 631 disces
1331 572 1432 632 hoc
1459 579 1578 635 solo
1605 580 1764 639 Juve-

171 652 314 706 nalis
335 657 578 715 carmine
596 701 612 726 ,
637 661 741 716 nisi
767 662 911 719 aliud
939 664 1209 735 quoddam
1235 668 1439 739 simile,
1471 673 1763 742 pretiosum

171 755 362 803 notare
389 750 616 808 voluerit
644 770 659 808 :

300 903 422 964 Quis
442 909 601 959 nescit
613 909 637 944 φ
825 848 1119 905 Femineum
1160 867 1354 906 ceroma
1373 893 1387 917 ,

170 1013 322 1069 Illius
346 1015 520 1072 adhuc
547 1019 876 1076 mentionem
922 1021 1126 1078 faciunt
1154 1023 1440 1094 Martialis,
1469 1037 1523 1084 et
1567 1030 1764 1101 sapius

168 1107 401 1166 Plinius.
429 1110 723 1181 (Juvenal.,
755 1117 905 1172 satir.
937 1119 993 1184 6,
1023 1130 1142 1174 ante
1172 1125 1344 1185 med.,°
1372 1123 1631 1191 Martial.,
1669 1127 1760 1183 lib.

162 1215 285 1264 xiv,
313 1200 494 1272 Epigr.
524 1205 623 1270 l9;
668 1204 948 1266 Plin..lib.
973 1225 1136 1266 xxvtn
1169 1211 1363 1267 Natur.
1394 1216 1538 1280 hist,
1563 1235 1680 1289 cap.
1704 1220 1759 1285 4,

159 1309 293 1364 pag.
344 1294 470 1360 575,
491 1306 542 1350 et
566 1297 658 1354 lib.
680 1314 827 1368 xxix,
858 1317 979 1374 cap.
1011 1305 1063 1369 ι,
1086 1321 1206 1378 pag.
1237 1306 1372 1374 672;
1401 1321 1446 1363 et
1473 1310 1562 1365 lib.
1595 1327 1760 1381 xxxv,

158 1399 287 1455 cap.
316 1386 404 1451 13,
435 1406 557 1461 pag.
589 1389 743 1463 247.)

241 1477 363 1531 Alio
404 1495 618 1552 quoque
659 1498 824 1541 sensu
867 1501 1081 1544 ceroma
1124 1489 1303 1548 locum
1342 1493 1629 1565 significat,
1672 1498 1762 1553 ubi

158 1946 278 2002 det.
316 1970 334 2002 ι
372 1931 575 2021 (Ideni,
609 1954 698 2008 lib.
750 1971 912 2024 xxxv,
960 1931 1074 2024 cap.
1117 1959 1171 2022 2.
1210 1981 1332 2031 pag.
1381 1963 1515 2026 171;
1550 1965 1758 2033 Scaea,

160 2040 349 2095 lib.'de
376 2040 567 2099 Breuit.
593 2047 732 2114 viae,
763 2065 881 2120 cap.
907 2049 962 2115 2,
992 2070 1109 2124 pag.
1145 2054 1304 2126 567.)
1331 2055 1558 2112 Ceroma
1582 2069 1760 2115 autem

161 2131 272 2188 hoc
296 2137 534 2192 secundo
561 2153 722 2196 sensu
750 2143 819 2196 ab
845 2145 1082 2201 Arnobio
1108 2149 1278 2216 accipi
1308 2151 1537 2207 videtur.
1565 2153 1763 2210 Scribit

158 2227 310 2282 enim
335 2244 669 2298 persuasum,
690 2237 786 2289 sed
809 2236 1026 2304 frustra,
1050 2240 1278 2297 ethnicis
1301 2243 1464 2298 luisse
1491 2259 1756 2314 ceromas,

158 2333 258 2374 seu
287 2323 465 2389 petitis
493 2337 770 2382 ceromata
799 2344 827 2382 a
857 2330 1119 2387 Mercurio
1157 2338 1353 2394 Curari.
1394 2337 1547 2404 Quod
1579 2351 1757 2396 autem

159 2414 361 2484 adjecit
401 2417 546 2475 hunc
587 2422 926 2493 pugillatibus
963 2443 1176 2500 quoque
1218 2446 1473 2498 przeesse.
1502 2442 1558 2486 et
1591 2433 1759 2488 lucta-

158 2509 418 2576 tionibus,
447 2515 499 2575 id
533 2517 750 2586 probari
776 2529 952 2588 potest
977 2521 1060 2576 his
1086 2522 1358 2580 Prudentii
1387 2527 1715 2582 carminibus
1741 2547 1754 2583 :

392 2631 1034 2700 _inastigophoris,_oleoque
1061 2644 1114 2687 et
1136 2639 1390 2700 gymnadis
1411 2649 1519 2692 arte

259 2687 432 2762 ynctis
452 2687 714 2762 pugilibus.
738 2687 882 2762 miles
898 2687 1454 2761 ριίειιιιιιειιἝιιιιιὲόιιέξί

252 2752 361 2830 ἔξει
383 2752 554 2827 petasb
573 2759 781 2820 insignis
805 2752 1025 2830 poterat,
1039 2752 1573 2830 Lacedaemone'eapta,

250 2814 750 2890 Mercuriusservare
771 2814 884 2890 suas
900 2823 964 2873 de
984 2814 1120 2875 clade
1144 2814 1410 2890 palmstras.

523 2881 807 2947 (Prudent.,
828 2881 914 2936 lib.
937 2901 988 2947 ιι,
1012 2881 1456 2955 οοιιι.’89ηιηια‹;1ι.,
1474 2897 1502 2960 §
1519 2897 1592 2959 4.)

159 2983 528 3042 Pcllendarum
574 3006 737 3061 porro
782 2993 1002 3048 hostium
1042 2997 1136 3050 dea
1185 3009 1399 3067 potens,
1450 3003 1522 3056 uti
1570 3013 1754 3073 postea

158 3093 343 3136 narrat
374 3085 647 3139 Arnobius
674 3086 914 3155 (Arnob.,
938 3089 1026 3143 lib.
1058 3106 1110 3145 tv
1130 3132 1144 3155 ,
1174 3109 1292 3164 pag.
1329 3094 1483 3165 128),
1515 3095 1754 3153 Pellonia

157 3175 462 3245 putabatur.
509 3177 873 3245 Quamobrem
908 3182 1273 3251 AnguSIinus:
1306 3185 1360 3240 Si
1389 3185 1511 3254 dea,
1549 3188 1754 3258 inquie-

1867 586 2141 656 equitibus
2193 589 2446 644 Romanis
2474 593 2744 648 sexcentis
2773 593 3053 651 obsidibus
3081 597 3252 664 datis,
3282 601 3467 657 exteri

1866 682 2080 738 amissis
2111 682 2312 747 armis,
2341 683 2568 751 aliisque
2609 685 2854 756 spoliati,
2885 689 3185 760 privatique
3216 692 3469 764 tegmini-

1867 773 2007 838 bus,
2038 775 2142 831 sub
2182 778 2368 847 jugnm
2418 777 2650 833 hostium
2693 794 2816 835 cum
2864 783 3201 839 vestimentis
3243 784 3470 856 singulis

1867 868 2243 924 mitterentur?
2281 888 2301 922 ι
2351 868 2630 942 (August.,
2659 873 2746 927 lib.
2805 890 2862 929 ιιι
2902 877 2966 930 de
2993 872 3142 931 Civil.
3165 918 3180 944 ,
3225 894 3342 950 cap.
3374 879 3465 948 17,

1865 981 1986 1040 pag.
2015 963 2130 1035 75.)

1937 1058 2049 1114 Nec
2076 1075 2136 1114 ea
2170 1060 2283 1115 sola
2314 1064 2404 1116 fuit
2429 1103 2445 1127 ,
2477 1077 2583 1116 non
2609 1062 2940 1132 impediente
2968 1063 3231 1130 Pellonia,
3265 1064 3467 1120 Roma-

1842 1165 2058 1206 .norum
2101 1161 2328 1223 strages.
2381 1153 2576 1209 Verum
2623 1173 2636 1207 :
2684 1156 2834 1226 Apud
2894 1155 3218 1212 Tltrasimeni
3256 1175 3468 1229 quoque

1866 1243 2055 1312 lacum,
2075 1248 2250 1317 pergit
2278 1257 2465 1302 auctor
2494 1261 2679 1304 noster
2711 1249 2954 1323 (Aruob.,
2984 1250 3073 1306 lib.
3104 1266 3183 1317 iv,
3214 1269 3266 1323 p.
3312 1250 3462 1325 129).

1864 1341 2130 1409 sanguinei
2159 1355 2428 1396 cucurrere
2448 1351 2710 1398 torrentes.
2747 1344 2803 1398 in
2837 1360 2966 1414 agro
2994 1354 3173 1401 autem
3204 1346 3468 1403 Perusino

1867 1433 2001 1486 situs
2037 1444 2116 1487 est
2170 1432 2257 1487 hic
2302 1434 2446 1488 Iaces
2469 1477 2483 1499 ,
2516 1436 2600 1490 ubi
2635 1434 2900 1491 Flaminio
2929 1438 3152 1493 consule
3199 1449 3254 1494 et
3304 1439 3463 1509 duce,

1869 1524 2140 1578 Romanus
2168 1527 2438 1580 exercitus
2460 1527 2526 1579 ab
2553 1528 2814 1582 Annibale
2838 1527 2984 1582 fusus
3012 1529 3327 1602 deletusque
3347 1531 3463 1588 fuit.

1866 1617 2158 1673 Historiam
2184 1630 2368 1673 narrat
2393 1617 2597 1682 Livius,
2623 1635 2687 1674 ac
2711 1631 2919 1688 postea,
2945 1621 3088 1675 hunc
3115 1622 3204 1676 ille
3232 1623 3469 1695 loquitur

1666 1687 1761 1741 ini“
1866 1711 1920 1766 in
1943 1712 2160 1766 modum
2188 1731 2200 1765 :
2237 1731 2254 1763 ι
2295 1712 2421 1767 Hzec
2459 1687 2785 1768 est-nobilis
2815 1715 2880 1767 ad
2909 1687 3338 1788 Thrasymenum
3371 1733 3469 1788 pu-

1747 1801 1761 1838 ε
1864 1819 1987 1874 gna,
2022 1813 2183 1871 atque
2211 1805 2351 1860 inter
2385 1820 2580 1874 paucas
2625 1815 2922 1860 memorata
2965 1804 3330 1863 Romanorum
3359 1810 3468 1864 cla-

165 1869 186 1902 s
231 1852 287 1906 In
314 1867 706 1939 ceromate....‘.
733 1874 1004 1932 spectator
1031 1882 1316 1936 puerorum
1355 1871 1644 1928 rixantium
1675 1889 1763 1929 se-
1790 1888 1838 1949 Β
1864 1852 1984 1951 rges:

2005 1896 2323 1965 Quindecim
2355 1897 2520 1952 millia
2555 1899 2921 1953 Romanorum
2947 1899 2998 1952 in
3021 1901 3136 1955 acie
3157 1915 3294 1955 cassa
3317 1910 3464 1970 sunt,

1863 1989 2052 2043 decem
2087 1989 2252 2043 millia
2280 2005 2490 2059 sparsa,
2520 1991 2638 2060 fuga
2684 2007 2778 2059 per
2816 2006 3034 2045 oniucm
3072 1992 3360 2060 Etruriam,
3387 1993 3464 2049 di-

1867 2080 2039 2134 versis
2065 2081 2352 2137 itineribus
2381 2082 2610 2137 Romam
2644 2082 2869 2152 petiere.
2902 2103 2921 2135 ι
2956 2082 3059 2138 Sed
3092 2083 3161 2138 de
3193 2085 3292 2140 hac
3313 2085 3469 2142 clade

1863 2172 2046 2244 legere
2077 2175 2281 2244 poteris
2308 2174 2628 2246 Polybium,
2675 2173 2948 2230 Valerium
2981 2175 3307 2243 Maximum,
3337 2176 3472 2246 Ovi-_

1861 2266 2032 2327 dium,
2065 2274 2121 2319 et
2151 2267 2284 2321 alios
2310 2281 2341 2319 a
2370 2267 2524 2322 nobis
2558 2267 2609 2320 in
2641 2267 3024 2322 dissertatione
3073 2269 3337 2338 superiori
3385 2271 3467 2325 ci-

1861 2365 2021 2412 tatos.
2056 2358 2214 2427 (Liv.,
2248 2359 2338 2412 lib.
2367 2374 2498 2422 xxn,
2536 2358 2669 2430 §'7;
2701 2357 2912 2428 Polyb.,
2944 2359 3032 2415 lib.
3063 2377 3118 2415 ιιι
3153 2360 3316 2426 Hist.,
3345 2380 3466 2435 pag.

1859 2449 1986 2517 255,
2031 2462 2078 2505 et
2121 2469 2297 2522 seqq.;
2340 2452 2453 2507 Val.
2503 2452 2672 2514 Mam”
2707 2453 2793 2507 lib.
2824 2471 2861 2517 ι,
2896 2473 3012 2526 cap.
3042 2455 3095 2518 6,
3126 2455 3154 2526 §
3182 2455 3250 2522 6;
3286 2455 3464 2525 Ovid,

1862 2544 1948 2598 lib.
1976 2561 2028 2599 Vl
2073 2542 2302 2612 Fastor.,
2329 2562 2451 2617 pag.
2484 2546 2620 2612 685;
2645 2544 2862 2602 Disserl.
2895 2551 2948 2605 in
2982 2549 3203 2618 Minue,
3232 2567 3350 2622 cap.
3373 2552 3464 2619 17,

1859 2648 1958 2693 art.
1988 2637 2068 2710 5.)
3143 2717 3148 2722 ν

1931 2732 2092 2787 Addit
2134 2731 2368 2804 denique
2401 2733 2672 2812 Arnobius
2702 2735 2999 2792 Pelioniam
3045 2752 3151 2792 non
3184 2736 3421 2794 adfuisse
3449 2756 3464 2796 :

1867 2843 1884 2876 ι
1922 2824 2056 2880 Cum
2095 2825 2366 2881 Diomedis
2410 2813 2586 2897 campi
2629 2831 2869 2884 romanis
2911 2829 3264 2886 cadaveribus
3299 2846 3467 2903 agge-

1858 2921 1961 2974 rati
1998 2929 2142 2975 sunt.
2186 2940 2204 2973 )
2241 2920 2480 2990 (Arnob.,
2514 2923 2601 2976 lib.
2645 2938 2722 2988 tv,
2753 2941 2870 2994 pag.
2909 2919 3057 2995 129.)
3093 2924 3168 2979 De
3197 2922 3466 2981 Cannensi

1859 3027 2034 3082 pugna
2083 3022 2136 3068 et
2185 3014 2341 3069 clade
2391 3014 2531 3068 haud
2579 3016 2740 3072 dubie
2787 3019 3061 3085 loquitur,
3094 3033 3252 3087 quam
3285 3017 3466 3073 Lit/tus

1857 3105 2045 3160 scribit
2071 3106 2139 3160 ab
2165 3104 2362 3160 Marcio
2394 3107 2585 3161 illustri
2617 3118 2739 3162 vate
2786 3107 2873 3162 liis
2918 3109 3088 3164 ferme
3118 3109 3296 3166 verbis
3329 3126 3466 3180 prac-

1858 3197 2102 3252 dietam:
2140 3217 2156 3250 ι
2194 3205 2421 3253 Atunem
2469 3200 2804 3270 Troiugenas
2846 3200 3088 3256 Cannam
3116 3243 3131 3266 ,
3184 3202 3462 3272 Romane,

157 3267 281 3333 bat,
333 3284 520 3324 revera
568 3272 640 3325 Sil
694 3271 987 3328 Felieilas:
1029 3294 1048 3326 ι
1100 3274 1210 3331 Cur
1259 3289 1404 3334 esset
1455 3281 1752 3338 invocanda
1783 3276 1828 3338 C
1862 3290 2014 3362 fuge;
2049 3308 2115 3347 ne
2158 3304 2208 3346 te
2247 3267 2804 3364 alienigenzevcogant
2847 3295 2900 3349 in
2952 3310 3145 3366 campo
3194 3296 3466 3352 Diomedis

159 3372 377 3430 preptcr
407 3361 581 3418 feSsos
611 3364 732 3419 diva
772 3365 1027 3422 Fesstinia
1049 3411 1063 3435 ,
1101 3382 1320 3441 propter
1349 3371 1532 3428 hostes
1563 3375 1752 3444 depel-

159 3453 344 3510 lendus
391 3455 511 3510 diva
551 3457 836 3513 Pellonia?
872 3480 889 3512 ι
925 3462 1191 3533 (August.
1237 3465 1325 3519 lib.
1367 3481 1418 3519 tv
1469 3469 1532 3521 de
1573 3465 1751 3536 Ciuit.,

158 3565 270 3618 cap.
311 3547 402 3616 21,
438 3567 558 3620 pag.
590 3551 744 3619 105.)
775 3552 971 3609 Verum
1004 3556 1274 3611 Arnobius
1303 3558 1409 3613 alio
1438 3571 1755 3630 argumento

159 3640 345 3698 falsam
385 3643 526 3698 illius
565 3645 898 3702 divinitatem
941 3649 1197 3706 detrudit.
1231 3651 1365 3706 Nam
1395 3663 1652 3726 utraque,
1679 3658 1755 3713 ait

161 3737 274 3803 ille,
294 3738 525 3794 hostium
547 3740 691 3796 inter
706 3758 763 3797 se
791 3747 1135 3815 pugnantium
1161 3763 1286 3818 pars
1315 3749 1477 3821 bujus
1503 3752 1617 3807 dea:
1641 3770 1753 3810 sua:

158 3833 407 3902 praesidio
440 3846 562 3889 sese
591 3835 818 3891 invicem
853 3838 1054 3908 pellere
1080 3840 1378 3898 debuisset.
1628 3896 1635 3899 .

229 3923 339 3981 Nec
385 3925 610 3983 Romani
653 3929 982 3995 respondere
1027 3942 1276 4002 poterant
1324 3951 1474 3990 suam
1525 3951 1665 4003 eSSe,
1697 3949 1752 3995 et

159 4031 266 4072 non
293 4018 516 4074 aliorum
542 4063 557 4088 ,
585 4022 722 4077 hanc
750 4022 904 4078 deam
938 4024 1176 4095 (Arnob.,
1219 4029 1308 4082 lib.
1337 4045 1414 4097 tv,
1448 4047 1570 4103 pag.
1602 4032 1747 4105 129).

160 4107 369 4164 Etenim
413 4111 518 4167 dici
565 4130 670 4169 non
716 4125 893 4185 p0test
922 4118 988 4172 iis
1019 4119 1147 4175 deas
1179 4120 1376 4189 fuisse,
1411 4134 1570 4196 atque
1611 4127 1750 4183 banc

159 4204 469 4258 nominatim
515 4207 588 4260 ita
637 4208 961 4276 peculiares;
1013 4222 1070 4266 ut
1121 4213 1344 4268 aliarum
1399 4219 1748 4286 quarumdam

159 4298 390 4367 gentium
417 4315 520 4354 non
558 4299 776 4356 fuerint.
810 4303 1010 4360 Deinde
1042 4322 1169 4362 vero
1200 4309 1313 4363 haec
1343 4310 1479 4366 bona
1511 4312 1608 4367 dea
1642 4330 1746 4370 non

160 4393 322 4447 modo
345 4392 710 4449 Rutttanorutn
745 4398 925 4453 IIOStes
952 4414 1095 4470 saipe
1125 4402 1322 4472 sa'pius
1371 4419 1479 4459 non
1519 4407 1745 4477 depulit,

160 4485 258 4540 sed
287 4504 433 4558 ωειυο
459 4491 622 4546 etiam
658 4507 812 4558 passa
844 4503 926 4548 est
951 4495 1132 4550 animo
1154 4496 1276 4551 illos
1302 4501 1557 4556 maximis
1581 4502 1746 4557 cladi-

161 4579 262 4635 bus
287 4580 439 4652 afﬂigi
475 4599 540 4638 ac
578 4585 870 4655 proﬂigari.
909 4585 1136 4642 Ubinam
1180 4591 1321 4644 enim
1368 4591 1604 4647 Pelionia
1657 4595 1743 4650 illa

160 4675 262 4730 dea
287 4686 413 4744 erat,
444 4677 517 4731 ait
545 4680 814 4733 Arnobius
843 4678 1058 4752 (Ibid),
1095 4700 1115 4734 ι
1149 4684 1359 4749 quando
1390 4685 1453 4740 ad
1482 4687 1746 4744 Furculas
1773 4667 1826 4727 D

159 4765 418 4824 Caudinas
441 4769 609 4826 decus
637 4771 905 4842 publicum
934 4774 1273 4845 subjugatum
1304 4779 1424 4832 est?
1455 4799 1474 4833 ι
1504 4779 1746 4837 Furcula:

158 4875 292 4916 vero
325 4879 413 4919 seu
442 4864 665 4930 Furcas,
696 4877 786 4919 aut
816 4865 1020 4923 Fauces
1045 4867 1299 4924 Caudina:
1343 4886 1373 4925 a
1415 4871 1628 4940 Caudo,
1660 4875 1747 4930 vel

159 4952 377 5023 Caudio,
403 4958 702 5014 Samnitum
726 4961 777 5014 in
796 4959 945 5016 Italia
968 4978 1132 5032 prope
1156 4963 1519 5022 Beneventum
1544 4969 1744 5038 oppido

161 5063 504 5121 nuncupatze,
535 5054 730 5125 insigni
771 5053 1136 5112 Romanorum
1182 5059 1334 5115 clade
1375 5061 1741 5118 celebrantur.

163 5143 244 5198 lbi
275 5147 454 5217 quippe
482 5148 695 5204 illorum
725 5150 916 5219 οορίῖε,
947 5151 1008 5206 Τ.
1039 5151 1258 5208 Veturio
1286 5153 1537 5224 Calvino,
1569 5169 1620 5212 et
1644 5156 1740 5229 Sp.

163 5239 466 5297 Postlumtio
490 5244 807 5298 consulibus
837 5255 892 5300 et
919 5245 1167 5308 ducibus.
1203 5249 1437 5317 undique
1468 5250 1536 5304 ab
1568 5251 1740 5306 hoSti-

162 5332 268 5386 bus
296 5335 535 5399 obsessa,
569 5337 634 5391 ad
667 5352 760 5393 eas
787 5339 1060 5409 angustias
1093 5331 1522 5406 redat-taaisunt,
1554 5357 1607 5396 ιιι
1642 5361 1739 5413 po-

164 5426 288 5481 sitis
309 5431 488 5496 armis,
523 5431 622 5484 Sub
666 5431 876 5486 illorum
901 5477 915 5499 ,
943 5433 1016 5486 uti
1047 5433 1230 5488 Livius
1255 5436 1474 5489 uberius
1505 5439 1740 5492 narravit

167 5516 325 5588 (Liv.,
350 5521 429 5575 lib.
461 5540 528 5587 ις,
558 5524 695 5587 init.,
718 5535 763 5577 et
791 5526 879 5580 lib.
911 5541 1038 5592 xxv,
1070 5544 1182 5600 cap.
1217 5529 1314 5600 6),
1348 5528 1531 5600 iugum
1565 5531 1742 5586 missae

164 5611 300 5665 sint.
322 5617 640 5687 Quapropter
669 5620 1002 5688 Augustinus
1043 5619 1146 5674 hoc
1189 5622 1379 5676 eodem
1412 5625 1659 5694 exemplo
1688 5635 1743 5679 et

167 5717 465 5773 argumento
489 5711 758 5779 ethnicos,
780 5713 1234 5784 quemadmodum
1268 5717 1561 5785 Arnobius,
1593 5721 1745 5776 refel-

167 5796 231 5850 lit
261 5813 275 5848 τ
311 5814 326 5846 ι
361 5798 447 5856 Ubi
482 5815 636 5861 erant
660 5807 758 5871 dii,
801 5825 822 5859 ι
859 5807 1052 5877 inquit,
1091 5825 1110 5859 ι
1148 5811 1361 5879 quando
1394 5813 1445 5867 in
1474 5811 1743 5870 Caudinas

174 5888 820 5958 FurculasaSamnitibus
860 5900 1100 5968 obsessi,
1131 5902 1290 5960 ambo
1333 5920 1453 5961 cum
1502 5911 1740 5966 exercitu

1861 3400 2150 3441 conserere
2181 3401 2389 3439 t'nanus.
2429 3385 2534 3440 Sed
2569 3401 2742 3463 neque
2769 3398 2823 3441 ιιι
2855 3387 3045 3442 credas
3092 3387 3220 3442 mihi
3245 3429 3261 3454 ,
3291 3390 3464 3446 donec

1858 3478 2222 3548 compleveris
2241 3479 2500 3548 sanguine
2514 3493 2787 3550 campum,
2809 3481 3082 3550 multaque
3097 3481 3260 3536 millia
3282 3482 3464 3537 occisa

1859 3579 1946 3623 tua
1974 3569 2176 3625 delerat
2207 3573 2382 3627 amnis
2410 3571 2462 3625 in
2490 3571 2717 3626 Pontum
2746 3588 2997 3642 magnum
3025 3587 3092 3627 ex
3124 3583 3267 3629 terra
3294 3574 3462 3645 frugi-

1858 3662 1991 3730 fera,
2027 3665 2290 3735 piscibus,
2318 3676 2477 3736 atque
2506 3666 2714 3731 axibus,
2747 3666 2985 3738 ferisque
3007 3708 3021 3731 ,
3050 3683 3176 3736 qua:
3222 3667 3464 3723 ineolunt

1857 3767 2054 3824 terras,
2086 3760 2153 3814 iis
2198 3759 2291 3812 iiat
2337 3774 2459 3815 esca
2507 3776 2635 3814 caro
2677 3770 2789 3815 tua.
2823 3761 2953 3816 Nam
2987 3762 3116 3815 milii
3149 3763 3219 3816 ita
3249 3762 3464 3834 Jupiter

1855 3851 1998 3908 fatus
2029 3861 2130 3907 est.
2174 3871 2193 3904 ι
2229 3850 2393 3921 (Liu.,
2428 3853 2519 3907 lib.
2550 3869 2678 3920 xxv,
2713 3851 2742 3925 §
2778 3853 2892 3925 Η..)
2920 3854 3123 3922 Quibus
3173 3854 3265 3908 ille
3308 3855 3460 3926 adje-

1853 3947 1955 4002 cit:
1985 3966 2002 3999 ι
2031 3948 2090 4002 Et
2119 3947 2392 4002 Diomedis
2413 3948 2597 4018 Argivi
2627 3962 2867 4018 campos,
2892 3961 2944 4004 et
2974 3948 3211 4004 Cannam
3237 3948 3456 4018 llumen,

1854 4039 1945 4107 qui
1977 4039 2339 4093 militaverant
2362 4040 2412 4092 in
2434 4039 2497 4093 iis
2524 4039 2676 4107 locis,
2693 4040 2847 4108 juxta
2867 4051 3029 4108 atque
3057 4041 3225 4110 ipsam
3249 4042 3458 4098 cladem

1852 4133 2242 4203 agnoscebant.
2286 4153 2304 4185 ι
2342 4132 2502 4206 (Ibid.
2536 4150 2581 4187 c.
2616 4134 2670 4200 6,
2701 4144 2747 4189 et
2777 4137 2917 4204 prius
2943 4135 3033 4190 lib.
3069 4135 3163 4202 22,
3207 4155 3254 4192 c.
3290 4138 3380 4200 45,
3415 4148 3461 4193 et

1851 4231 2020 4296 seqq.)
2051 4227 2156 4281 Sed
2198 4226 2314 4282 baac
2355 4227 2444 4281 ille
2490 4243 2612 4282 eum
2646 4228 2739 4295 ibi,
2775 4238 2884 4282 tum
2915 4229 3040 4285 alibi
3069 4229 3242 4286 fusius
3272 4246 3460 4302 prose-

1851 4322 2055 4390 quitur,
2085 4321 2540 4390 quemadmodum
2565 4321 2840 4392 Polybius,
2871 4323 3081 4390 Florus,
3106 4327 3454 4397 Augustinus,

1850 4423 1905 4468 et
1942 4415 2055 4468 alii.
2093 4415 2365 4470 Diomedis
2411 4431 2573 4486 porro
2617 4421 2792 4490 campi
2840 4420 2964 4475 dicti
3009 4430 3152 4488 sunt,
3184 4423 3306 4493 quia
3340 4436 3461 4494 p08t

1850 4507 2185 4562 vulneratam
2237 4505 2505 4564 Venerem
2552 4511 2669 4577 ille,
2697 4514 2867 4581 patria
2914 4514 3138 4579 relicta,
3174 4515 3455 4586 Apuliam,

1848 4608 2038 4662 Servio
2067 4609 2296 4676 aliisque
2325 4610 2464 4664 bene
2497 4608 2678 4661 multis
2707 4608 2967 4674 testibus,
2998 4610 3288 4667 incoluisse
3327 4628 3456 4684 per-

1852 4705 2084 4760 hibetur.
2138 4705 2375 4778 (Polyb..
2409 4707 2497 4760 lib.
2542 4722 2596 4761 ιιι
2630 4705 2856 4772 Histor.,
2901 4725 3019 4778 pag.
3053 4707 3160 4763 256
3195 4719 3243 4762 et
3275 4726 3453 4783 seqq.;

1852 4799 2024 4867 Flora,
2058 4800 2145 4854 lib.
2177 4817 2232 4856 ιι.
2267 4818 2314 4855 c.
2343 4800 2407 4864 6;
2450 4803 2690 4873 August,
2727 4802 2816 4855 lib.
2845 4819 2897 4856 ιιι
2946 4804 3009 4857 de
3059 4802 3234 4868 Civit.,
3264 4820 3315 4859 c.
3351 4804 3452 4872 l9;

1851 4893 2023 4956 Sera,
2056 4893 2108 4945 in
2137 4892 2223 4946 lib.
2249 4908 2342 4947 vut
2372 4891 2615 4959 xEneid.,
2647 4911 2767 4964 pag.
2804 4894 2959 4966 487.)

1921 4987 2058 5053 Quid
2088 4987 2154 5042 ad
2184 4988 2300 5043 lucc
2331 4987 2567 5042 ethnici?
2599 4988 3019 5058 Restiondebant
3051 4990 3184 5046 deos
3202 4989 3452 5048 sinistra-

1850 5096 1970 5135 rum
1999 5082 2229 5151 partium
2261 5096 2381 5136 esse
2411 5080 2691 5151 praesides,
2725 5094 2776 5135 et
2807 5083 3152 5138 dexterarum
3183 5084 3447 5142 inimicos.

1851 5176 2037 5246 Neque
2063 5177 2266 5233 dixeris
2288 5178 2426 5232 hanc
2456 5180 2524 5232 ab
2551 5178 2787 5234 Auctore
2812 5192 3020 5244 nostro,
3054 5197 3212 5250 quam
3243 5183 3452 5239 facilius

1851 5271 2141 5336 refutaret,
2171 5272 2337 5341 gratis
2384 5273 2559 5325 [ictam
2591 5276 3026 5343 responsionem.
3062 5273 3280 5330 Litteris
3305 5276 3450 5332 enim

1850 5364 2158 5418 tnandatum
2189 5381 2214 5417 a
2246 5365 2484 5419 Varrone
2517 5365 2745 5432 legimus
2777 5385 2791 5422 :
2829 5386 2846 5418 ι
2883 5366 3012 5436 Quae
3051 5368 3267 5423 sinistra
3299 5380 3447 5437 sunt,

1849 5457 1986 5510 hom
2017 5457 2253 5527 auspicia
2280 5458 2680 5512 existimantur.
2712 5461 2754 5513 A
2789 5475 2896 5530 quo
2919 5460 3174 5516 dicuntur
3205 5464 3446 5531 comitia,

1846 5547 2061 5603 aliudve
2091 5549 2213 5616 quid
2246 5549 2332 5607 sit.
2363 5549 2466 5604 dici
2507 5565 2606 5604 ave
2635 5551 2884 5612 sinistra:
2918 5570 3037 5622 qum
3069 5570 3212 5609 nunc
3238 5568 3351 5621 est;
3393 5556 3446 5612 id

1846 5655 1876 5693 a
1903 5656 2083 5709 graeco
2114 5653 2196 5697 est
2215 5685 2228 5704 ,
2261 5643 2401 5711 quod
2432 5644 2484 5698 bi
2513 5646 2783 5700 sinistram
2813 5657 3009 5702 vocant
3039 5654 3241 5706 σκαιάν.
3275 5671 3293 5704 ι
3321 5653 3444 5710 Ser-

1846 5735 1966 5788 vius
1998 5752 2126 5791 vero
2162 5756 2174 5791 :
2210 5756 2228 5788 t
2265 5738 2575 5803 Sinistrum,
2605 5759 2624 5791 ι
2659 5740 2849 5812 inquit,
2891 5759 2909 5793 t
2938 5757 3288 5813 prosperum;
3318 5747 3442 5816 quia

1848 5829 2068 5884 cmleste
2100 5840 2201 5885 est.
2229 5830 2517 5886 Sinistrum
2546 5840 2725 5888 autem
2755 5850 2781 5887 a
2814 5834 3064 5902 sinendo,
3093 5848 3349 5905 quantum
3376 5838 3443 5896 ad

1846 5923 2064 5990 auguria
2095 5925 2360 5994 pertinet;
2404 5925 2544 5996 quod
2586 5941 2685 5981 nos
2711 5943 2869 5998 agere
2895 5928 3056 5986 sinat.
3089 5931 3241 5988 Unde
3273 5933 3395 5990 alibi
3428 5950 3443 5987 τ
