3872 6352
383 360 490 417 559
1621 365 1990 427 DlSSERTA'l

2117 365 2376 423 PBIEVIA
3568 369 3671 426 5&0

320 497 325 503 ·
382 473 438 530 Si
467 487 623 544 quem
653 475 868 530 numina
892 475 1023 531 lmva
1046 478 1524 536 sinant.Sinistras
1543 490 1720 536 autem
1744 491 1970 551 septem-
1997 483 2045 547 Α
2072 481 2254 536 deficit
2293 481 2436 544 haud
2478 482 2638 552 plane
2678 481 2886 537 infirma
2929 484 3088 537 ratio.
3131 482 3359 554 Scriptis
3401 483 3604 554 quippe
3641 500 3670 540 a

381 568 639 623 trionales
667 584 787 624 esse
811 585 1074 642 augurum
1117 569 1402 642 disciplina
1430 573 1702 629 consentit
1729 593 1741 637 ;
1776 584 1828 628 et
1856 574 1975 628 ideo

381 678 445 718 ex
472 662 584 733 ipsa
609 674 758 734 parte
781 662 1197 735 significantium
1225 664 1470 732 fulmina,
1491 669 1742 736 quoniam
1763 667 1970 731 altiora,

381 763 435 809 et
480 755 739 810 viciniora
789 756 1062 812 domicilio
1108 757 1274 813 lovis.
1335 778 1353 809 ι
1415 756 1632 828 (Varro,
1680 757 1768 811 lib.
1813 773 1863 812 vt
1916 765 1978 811 de

381 848 530 920 Ling.
565 849 731 915 latim,
764 867 884 921 pag.
914 850 1013 915 88;
1041 851 1214 916 Seria,
1246 852 1299 904 in
1342 850 1451 906 Lib.
1491 869 1522 904 ιι
1555 850 1797 915 ίΕηείάη
1833 867 1963 904 vers.

384 941 535 1015 695.)
1585 996 1587 1002 ,

457 1037 523 1090 Αι
553 1052 658 1105 quo
683 1036 884 1091 certius
905 1036 1228 1107 graviusque
1252 1038 1482 1108 gentiles
1507 1038 1619 1090 haec
1643 1035 1977 1103 asserebant,

383 1142 450 1183 eo
479 1127 707 1182 validius
748 1128 816 1180 ab
865 1129 1100 1204 Arnobio
1144 1140 1328 1184 nostra
1379 1129 1719 1183 refelluntur.
1754 1129 1981 1184 Mundus

384 1221 660 1274 enimvero
689 1228 836 1273 tatus
856 1261 870 1282 ,
905 1222 978 1274 uti
1012 1220 1102 1276 ille
1127 1223 1337 1300 arguit,
1367 1238 1488 1278 cum
1520 1232 1662 1276 teres
1693 1223 1978 1286 rotundus—

385 1328 490 1383 que
532 1313 633 1377 sit,
676 1313 874 1367 nullam
927 1330 1100 1385 neque
1146 1314 1464 1382 dexteram,
1498 1333 1672 1385 neque
1711 1317 1981 1371 sinistram

390 1417 594 1474 partem
641 1405 822 1461 habet.
854 1405 1035 1462 Nostri
1065 1420 1242 1464 autem
1274 1421 1474 1464 tantmn
1509 1422 1777 1481 respectu,
1808 1420 1862 1465 et
1886 1427 1982 1479 po-

387 1499 611 1565 sitione,
639 1515 701 1553 ac
727 1500 1006 1556 dumtaxat
1032 1501 1158 1556 dum
1189 1503 1509 1572 quiescimus
1535 1545 1548 1567 ,
1589 1519 1706 1571 pars
1736 1502 1864 1555 l.t-va
1897 1511 1986 1556 aut

387 1594 613 1650 dextera
643 1595 860 1650 dicitur.
895 1595 1026 1650 Nam
1059 1604 1282 1666 utraque
1321 1612 1444 1667 pars
1474 1596 1711 1662 quolibet
1753 1604 1984 1649 mutatur

387 1687 638 1758 corporis
668 1689 834 1742 nostri
871 1697 1038 1741 motu.
1076 1687 1154 1744 Ad
1189 1690 1303 1741 haec
1344 1704 1493 1752 vero,
1522 1688 1646 1757 qttid
1678 1688 1905 1742 sinistra?
1932 1695 1987 1741 et

391 1779 633 1834 dextera?
661 1790 841 1848 partes
871 1791 1211 1844 meruerunt;
1239 1792 1293 1833 ut
1315 1780 1397 1833 ha:
1425 1781 1539 1834 sine
1569 1780 1690 1833 ullis
1718 1779 1822 1832 diis
1852 1793 1986 1847 prm-

2077 573 2250 638 Livio,
2275 574 2528 645 Dionysio
2552 573 2984 637 llalicarnasseo,
3014 573 3223 636 Valerio
3253 575 3507 643 Maximo,
3539 577 3668 631 Pro-

2078 666 2272 735 pertio,
2305 665 2496 718 Ovidio
2523 676 2573 718 et
2605 667 2726 719 aliis
2758 666 3015 719 traditum
3049 676 3131 721 est
3159 668 3432 738 quomodo
3463 667 3667 730 Tatius,

2077 772 2199 812 cum
2227 757 2441 836 Sabinis
2472 757 2524 810 in
2555 755 2943 827 Capitolinum,
2976 773 3031 812 ut
3055 765 3129 814 ait
3153 760 3445 826 Arnobius,
3478 760 3672 816 collem

2079 865 2108 902 a
2164 849 2373 917 Tarpeii
2434 849 2536 903 filia
2589 851 2792 919 virgine
2861 851 3197 905 introductus
3256 851 3409 904 fuerit
3472 850 3672 922 (Δία,

2086 941 2174 994 lib.
2206 957 2243 1005 ι,
2276 939 2301 1011 ς
2333 941 2390 994 il
2428 951 2475 994 et
2501 959 2607 1007 seq.
2635 957 2653 1005 ;
2685 941 2929 1013 Βίωνι,
2962 943 3048 996 lib.
3081 959 3139 1005 ιι,
3179 961 3299 1014 pag.
3333 944 3434 998 105
3463 955 3510 996 et
3539 961 3674 1009 860.;

2092 1033 2262 1086 Valer.
2303 1033 2485 1101 Μαῖα,
2521 1035 2609 1089 lib.
2659 1052 2749 1100 lx,
2781 1053 2896 1107 cap.
2935 1037 2997 1103 6,
3047 1035 3074 1107 ἦ
3112 1038 3178 1099 1;
3225 1036 3371 1103 Prop
3407 1077 3424 1104 ,
3470 1039 3562 1091 lib.
3589 1053 3676 1103 Iv,

2080 1127 2206 1196 eleg.
2237 1127 2311 1191 5;
2345 1125 2538 1194 Ovid.,
2595 1128 2680 1182 lib.
2719 1144 2733 1182 l
2780 1127 2960 1192 Frt;t.,
3020 1127 3047 1200 ᾗ
3100 1130 3194 1196 5).
3234 1130 3516 1199 Dionysius
3547 1145 3680 1184 vero

2081 1219 2525 1275 Halicarnasseus
2553 1221 2637 1275 his
2668 1222 2866 1294 adjecit
2895 1224 3156 1292 virginem
3179 1223 3322 1276 ῘΙΙ-ιιιι
3354 1223 3421 1276 ibi
3444 1226 3680 1293 sepulcri

2085 1313 2289 1373 honore
2315 1313 2591 1378 donatam,
2619 1313 2707 1368 ubi
2732 1314 3020 1378 ceciderat,
3052 1315 3393 1383 redditasque
3422 1317 3492 1370 illi
3523 1327 3684 1384 quot-

2083 1407 2238 1460 annis
2266 1421 2294 1458 a
2327 1405 2582 1459 Romanis
2617 1404 2861 1459 inferias.
2889 1405 3080 1460 Nonne
3109 1421 3239 1475 ergo
3273 1421 3402 1461 vero
3432 1407 3564 1461 satis
3607 1413 3682 1461 sic

2086 1496 2210 1550 mile
2232 1510 2313 1550 εει
2336 1512 2455 1550 eam
2491 1497 2694 1563 idcirco
2722 1497 2918 1552 Panda:
2943 1513 3036 1552 seu
3062 1498 3294 1554 Pontica:
3315 1498 3533 1553 nomine
3557 1497 3686 1553 dea-

2087 1606 2201 1644 rum
2235 1591 2559 1658 ad~criptam
2593 1589 2757 1644 fuisse
2787 1592 3050 1645 nurnero?
3082 1590 3273 1645 Nonne
3304 1590 3467 1647 etiam
3493 1591 3684 1645 eadem

2087 1686 2297 1739 ratione
2329 1685 2600 1740 Prazstana
2632 1686 2683 1738 in
2733 1684 2957 1743 dearum
2989 1695 3188 1746 coetum
3238 1697 3521 1754 aggregata
3569 1695 3684 1749 est,

2089 1778 2244 1849 cujus
2265 1793 2367 1849 ope
2389 1778 2676 1836 Romulum
2704 1777 2755 1834 in
2781 1777 2944 1844 jaculi
2973 1778 3262 1830 emissione
3282 1776 3493 1831 caeteris
3523 1791 3691 1841 pnes-

389 1871 595 1926 siuibus
623 1879 824 1937 essent,
855 1873 941 1941 qui
975 1871 1209 1924 sinistris
1239 1869 1393 1923 fausti
1444 1886 1504 1924 ac
1549 1865 1732 1925 felices
1772 1878 1986 1938 semper
2015 1875 2062 1936 B
2092 1870 2262 1923 titisse
2284 1884 2566 1940 perperam
2589 1869 2868 1940 putabant.
2890 1870 2972 1922 Ab
2992 1869 3290 1936 Augustino
3307 1869 3472 1932 enim,
3500 1877 3689 1936 postea

389 1949 1119 2043 adessefcrcbantur?Nihil
1167 1975 1314 2019 certe
1361 1965 1647 2019 absurdius
1693 1962 1987 2034 exCOgitari

389 2061 625 2128 peterat.

462 2147 728 2205 Cancrum
760 2149 1070 2204 memoratis
1111 2147 1372 2203 bellorum
1415 2147 1519 2202 diis
1548 2148 1845 2202 contrarius
1873 2155 1990 2201 erat

390 2243 619 2307 Pausns,
645 2257 803 2312 quem
844 2242 1112 2296 Arnobius
1161 2241 1395 2295 Bellonae
1421 2241 1684 2310 imprimis
1713 2253 1989 2308 opponere

390 2340 633 2407 videtur,
665 2341 754 2395 ubi
793 2339 861 2392 de
891 2339 1124 2393 ethnicis
1170 2337 1308 2392 dixit
1336 2355 1349 2392 τ
1387 2354 1405 2387 ι
1445 2337 1646 2390 PauSos
1677 2347 1992 2390 reverentur

391 2445 552 2503 atque
601 2433 870 2488 Bellonas.
910 2451 929 2483 ι
962 2431 1201 2502 (Arnob.,
1239 2429 1327 2483 lib.
1371 2445 1406 2492 ι,
1455 2446 1572 2499 pag.
1610 2427 1728 2499 l5.)
1760 2428 1988 2481 Pausum

393 2527 676 2583 enimvero
704 2541 732 2579 a
767 2540 927 2594 pausa
970 2525 1048 2578 sic
1085 2523 1519 2593 cognominatum
1553 2519 1778 2575 Vossius
1808 2519 1994 2574 existi-

393 2629 507 2674 mat
533 2616 716 2692 (Voss.
747 2618 800 2670 in
832 2613 1173 2688 Etymolog.),
1206 2625 1367 2682 atque
1396 2613 1531 2668 adeo
1567 2627 1764 2681 pausze,
1797 2613 1992 2682 quietis

393 2722 449 2767 et
476 2711 617 2780 pacis
647 2709 811 2764 fuisse
837 2709 1016 2771 demn,
1045 2718 1206 2777 atque
1237 2707 1308 2759 uti
1338 2705 1622 2760 Turnebus
1650 2704 1995 2758 animadver-

396 2803 476 2869 tit,
507 2803 774 2858 bellorum
825 2810 878 2854 et
920 2798 1156 2855 Bellona».
1186 2797 1551 2853 adversarium
1579 2795 1832 2864 (Turneb.
1855 2839 1869 2863 ,
1902 2798 1988 2851 lib.

395 2910 466 2949 xv
498 2893 629 2948 Adv.
664 2911 709 2948 c.
736 2892 852 2964 91).
887 2892 1075 2948 Utrum
1123 2902 1303 2945 autem
1337 2891 1380 2944 is
1425 2889 1583 2942 fuerit
1611 2888 1773 2943 Janus
1795 2929 1809 2951 ,
1841 2889 1993 2957 cujus

397 2989 655 3059 templum
705 2988 830 3043 belli
872 2996 1113 3058 tempore
1156 2985 1546 3050 claudebatur,
1591 2985 1818 3038 aliorum
1877 2995 1996 3040 esto

390 3079 680 3151 judicium.
713 3079 818 3136 Sed
852 3081 1088 3140 cuinam,
1118 3079 1366 3141 obsecro,
1391 3094 1534 3131 sanae
1567 3079 1762 3132 mentis
1796 3077 1994 3132 homini

398 3174 515 3229 haec
545 3173 644 3229 sibi
676 3173 904 3228 invicem
937 3173 1178 3242 opposita
1214 3172 1428 3226 numina
1456 3173 1644 3238 risum,
1679 3182 1768 3227 aut
1795 3180 1997 3227 stoma~

393 3266 553 3320 chum
578 3282 683 3320 non
712 3266 1040 3320 movebunt?

465 3357 580 3413 Non
614 3359 779 3430 magis
812 3357 1051 3429 profecto
1075 3358 1286 3427 prObari
1314 3367 1521 3428 poterat
1548 3359 1834 3413 Praestanas
1860 3358 1995 3412 Pan-

396 3451 584 3524 dzrque
640 3453 928 3520 divinitas,
980 3467 1112 3523 quas
1156 3434 1422 3507 Arnobius
1472 3466 1569 3506 suo
1620 3453 1686 3503 ad
1741 3453 1998 3519 ipsosmet

393 3545 643 3600 ethnicos
672 3559 936 3599 converso
961 3559 1215 3613 sermone
1240 3544 1318 3598 sic
1347 3543 1587 3611 explodit
1617 3563 1628 3598 :
1667 3563 1686 3595 ι
1726 3544 1995 3600 Prmstana

396 3647 499 3708 est,
531 3649 586 3691 nt
613 3637 926 3710 perhibetis,
957 3636 1120 3701 dicta,
1155 3636 1295 3706 quod
1338 3635 1615 3702 Quirinus,
1650 3637 1762 3690 sive
1792 3635 1994 3690 Romu-

395 3730 501 3795 lus,
521 3731 573 3785 in
590 3731 751 3800 jaculi
776 3731 1065 3785 emissione
1086 3741 1402 3783 cunt-torum
1433 3728 1739 3798 praestiterit
1763 3729 1992 3782 viribus:

395 3835 446 3878 et
496 3825 637 3894 quod
684 3823 808 3878 Tito
853 3822 1042 3890 Tatio,
1072 3821 1429 3889 Capitolinum
1478 3831 1533 3875 ut
1577 3822 1750 3890 capiat
1777 3821 1992 3887 collem,

396 3918 535 3971 viam
572 3917 808 3986 pandere
836 3926 995 3986 atque
1020 3917 1232 3984 aperire
1266 3914 1522 3985 permiSsa
1557 3926 1659 3978 ρει,
1693 3913 1789 3967 dea
1818 3912 1993 3967 Panda

393 4019 476 4068 est
506 4008 794 4078 appellata,
825 4009 907 4062 vel
934 4007 1170 4061 Pantica.
1215 4026 1233 4057 ι
1269 4004 1504 4073 (Arnob.,
1540 4005 1627 4058 lib.
1655 4021 1722 4066 iv,
1756 4022 1809 4075 p.
1839 4003 1992 4076 128.)

395 4098 609 4171 Opinati
641 4109 764 4153 sunt
791 4098 1005 4166 quidam
1037 4098 1234 4153 Panda:
1275 4097 1389 4151 dem.
1420 4097 1744 4151 mentionem
1777 4097 1887 4151 fieri
1917 4098 1995 4150 ci-

402 4194 524 4246 tatis
559 4192 627 4245 ab
655 4196 720 4247 A.
757 4191 930 4246 Gellio
961 4191 1168 4247 duobus
1205 4190 1460 4244 Varronis
1490 4189 1848 4254 carminibus,
1878 4207 1997 4259 qua:

401 4285 453 4340 in
484 4285 600 4355 ejus
629 4284 867 4340 editione
911 4285 1050 4342 fusile
1094 4281 1342 4354 corrupta
1374 4327 1386 4348 ,
1419 4284 1547 4337 varii
1581 4283 1870 4351 scriptores
1902 4298 1998 4352 pro

396 4379 595 4449 ingenii
625 4380 873 4434 acumine
902 4377 1191 4432 cuneudare
1215 4377 1391 4431 conati
1421 4387 1544 4430 sunt
1569 4375 1751 4447 (Gell.,
1785 4375 1871 4428 lib.
1906 4392 1998 4430 xm

398 4474 555 4529 Nocl.
593 4475 766 4542 Attia,
795 4491 843 4528 c.
870 4471 988 4544 2'2).
1043 4473 1324 4528 Turnebus
1352 4482 1532 4526 autem
1582 4479 1635 4524 et
1680 4471 1770 4523 alii
1817 4471 1998 4538 saepi-

401 4575 592 4623 eantur
624 4566 758 4620 hanc
790 4580 935 4630 esse,
966 4579 1086 4634 qua:
1113 4564 1166 4618 in
1198 4576 1380 4619 vetere
1429 4563 1601 4617 lexico
1647 4564 1842 4638 εἰρήνης
1868 4563 1994 4623 Θεὸς,

395 4660 447 4715 id
477 4669 579 4723 est,
610 4661 752 4731 pacis
781 4660 904 4728 dea,
935 4667 1097 4729 atque
1124 4658 1191 4711 ab
1215 4658 1426 4713 urbimn
1458 4656 1647 4727 portis,
1676 4658 1822 4724 pacis
1857 4667 1991 4711 tem-

403 4767 536 4823 pore
576 4751 872 4822 pandendis
899 4762 953 4806 et
979 4751 1282 4819 aperiendis
1329 4750 1377 4804 ei
1418 4765 1614 4803 nomen
1662 4749 1858 4803 Panda:
1892 4751 1995 4802 im-

396 4845 627 4914 positum
660 4842 930 4915 (Turneb,
961 4843 1050 4915 lib.
1085 4859 1173 4897 xtx
1223 4842 1349 4895 Adv.
1389 4859 1433 4896 ε.
1468 4842 1580 4911 ll).
1625 4844 1690 4895 At
1720 4849 1869 4895 certe
1899 4842 1998 4894 Ar-

400 4937 597 4991 nobius
631 4954 734 4990 non
768 4937 1005 5006 loquitur
1030 4936 1095 4988 de
1128 4937 1274 5004 pacis
1318 4933 1438 4999 dea,
1469 4949 1566 4988 nec
1598 4933 1664 4987 de
1693 4935 1909 4998 Cerere,
1943 4934 1993 4986 in

397 5035 555 5105 cujus
591 5033 791 5103 templo
835 5033 900 5087 iis
921 5075 934 5099 ,
965 5031 1056 5103 qui
1087 5032 1137 5085 in
1187 5029 1315 5084 illud
1344 5072 1356 5092 ,
1387 5037 1444 5082 ut
1468 5044 1533 5084 ex
1561 5031 1724 5084 rilato
1753 5029 1996 5105 varrone

400 5103 653 5182 observat
675 5125 901 5190 Nonius,
925 5135 1196 5193 tamquam
1219 5122 1431 5193 azylum
1456 5103 1819 5192 confugerant,
1847 5121 1999 5189 panis

400 5220 627 5275 dabatur
674 5218 871 5291 (Noui.
892 5261 905 5283 ,
937 5218 999 5270 de
1036 5215 1290 5285 Propriet.
1338 5213 1563 5277 verbon,
1593 5229 1638 5266 c.
1671 5214 1694 5266 1
1720 5255 1732 5275 ,
1763 5214 1831 5265 ad
1858 5213 1996 5266 verb.

402 5328 648 5369 ramosas
670 5314 711 5383 ).
751 5313 822 5366 De
852 5311 950 5366 dea
988 5309 1253 5380 siquidem
1286 5308 1475 5362 bellica
1507 5308 1679 5375 potius
1726 5306 2001 5376 disputare

399 5407 633 5470 videtur,
669 5414 852 5473 utpote
883 5419 1002 5470 qua:
1030 5403 1154 5473 quia
1187 5402 1252 5457 ad
1275 5399 1594 5469 capiendum
1638 5399 1999 5470 Capitolinum

403 5500 598 5554 collem
646 5497 709 5551 Τ.
758 5496 914 5551 Tatio
963 5499 1100 5550 vlam
1151 5496 1402 5567 pandisse
1458 5492 1749 5560 ferebatur,
1798 5493 1998 5548 idcirco

406 5593 604 5649 Pa’ndze
637 5606 828 5645 nomen
857 5591 1042 5654 sortita
1070 5600 1171 5646 est.

480 5691 550 5740 At
588 5684 788 5740 fatetur
832 5684 1054 5739 Vossius
1102 5700 1251 5738 suam
1299 5699 1404 5739 non
1453 5684 1678 5739 rediisse
1712 5682 1760 5735 in
1792 5695 1998 5736 memo-

409 5780 543 5834 riam
587 5777 727 5831 unde
780 5778 1047 5833 Arnobius
1098 5777 1235 5831 hanc
1281 5778 1657 5850 etymologiam
1705 5773 1993 5843 acceperit.

414 5870 614 5927 Verum
656 5873 699 5927 si
731 5869 890 5941 hujus
936 5870 1275 5940 etymologiae
1325 5881 1516 5926 auctor.
1552 5871 1598 5925 ei
1635 5865 1847 5932 defuit,
1892 5879 2002 5920 non

2087 1962 2327 2028 citando,
2361 1962 2626 2015 discimus
2657 1962 2806 2015 illum
2842 1962 3006 2014 fuiSse
3053 1961 3334 2030 gentilium
3370 1975 3603 2024 morem,
3637 1969 3694 2013 ut

2090 2054 2219 2108 deos
2242 2069 2369 2108 suos
2400 2054 2558 2119 illitis,
2591 2070 2697 2124 quo
2727 2055 2872 2124 fungi
2900 2051 3222 2107 autfunctos
3244 2065 3366 2105 esse
3383 2053 3692 2122 opinaban-

2088 2156 2196 2212 tur,
2229 2145 2390 2200 officii
2419 2149 2635 2200 nomine
2658 2146 3007 2216 appellarent.

2161 2229 2430 2300 Quidquid
2458 2246 2616 2300 porro
2643 2231 2712 2283 sit
2733 2231 2799 2284 de
2825 2229 3020 2283 Pandae
3045 2228 3127 2284 vel
3158 2228 3394 2282 Panticte
3439 2239 3492 2282 et
3517 2229 3696 2282 Praes-

2093 2333 2231 2378 tatur:
2265 2324 2612 2394 etymologia,
2648 2323 2890 2376 ﬁctitiam
2925 2322 3206 2392 utriusque
3231 2321 3576 2376 divinitatem
3595 2325 3699 2376 Ar-

2095 2418 2291 2472 nobius
2321 2417 2446 2472 inde
2477 2416 2724 2471 funditus
2748 2417 2966 2480 evertit,
2999 2416 3142 2487 quod
3179 2425 3372 2469 neutra
3406 2426 3532 2469 ante
3565 2415 3699 2468 Tar-

2093 2512 2274 2581 peium
2297 2522 2353 2565 et
2373 2510 2657 2564 Romulum
2678 2509 2775 2563 dea
2799 2508 2979 2562 fuerit.
3001 2507 3132 2561 Nam
3150 2509 3305 2561 sicuti
3325 2507 3413 2560 ille
3434 2507 3697 2576 loquitur:

2099 2623 2118 2655 ι
2154 2604 2264 2657 Nisi
2295 2603 2558 2657 Romulus
2603 2602 2865 2656 tenuisset
2905 2602 2995 2655 teli
3040 2601 3359 2670 lrajectioiie
3401 2600 3697 2669 palatium,

2096 2700 2255 2768 uique
2275 2698 2558 2766 Tarpeiam
2577 2711 2764 2766 rupem
2783 2711 2876 2750 rex
2895 2695 3124 2751 Sabinus
3143 2696 3698 2767 potuissetaccipere,

2096 2792 2239 2845 nulla
2271 2801 2414 2844 esset
2445 2790 2686 2855 Pantica,
2725 2788 2867 2842 nulla
2901 2788 3175 2842 Prasstaua
3222 2798 3363 2841 eSseI
3412 2789 3658 2857 (Arnob.
3685 2828 3699 2850 ,

2096 2884 2184 2937 lib.
2217 2899 2290 2946 tv,
2321 2901 2440 2953 pag.
2480 2880 2587 2936 128
2609 2883 2648 2951 ).
2687 2881 2817 2948 Quis
2846 2888 3058 2941 autem.
3091 2878 3191 2939 nisi
3232 2878 3389 2947 plane
3425 2876 3700 2948 desipiat,

2096 2992 2257 3032 veros
2283 2977 2417 3030 deos
2438 2990 2558 3030 esse
2584 2975 2800 3039 dixerit,
2825 2974 2916 3044 qui
2939 2975 3066 3026 olim
3097 2987 3201 3026 non
3229 2971 3439 3027 fuerant
3466 2971 3572 3037 dii,
3601 2988 3704 3028 nec

2097 3071 2166 3126 ab
2189 3071 2308 3125 aliis
2336 3086 2497 3140 quam
2533 3069 2835 3123 hominibus
2861 3083 2990 3122 casu
3023 3067 3206 3139 aliquo
3236 3066 3361 3122 facti
3387 3076 3514 3121 sunt
3536 3067 3562 3118 ?
3592 3065 3703 3122 Sed

2097 3165 2166 3219 ab
2190 3165 2294 3230 bis,
2320 3180 2453 3233 quos
2477 3163 2762 3218 dementes
2785 3161 2985 3216 ethnici
3020 3161 3378 3214 oliarmorum
3403 3159 3705 3213 bellorum-

2022 3254 2067 3319 ί]
2099 3273 2202 3328 que
2235 3267 2522 3322 terrorem,
2552 3256 2636 3310 vel
2666 3255 2862 3337 quietis
2894 3255 3149 3329 pacisque
3179 3251 3402 3316 bonum,
3441 3249 3508 3304 ad
3541 3251 3701 3319 alios,

2100 3366 2233 3421 quos
2266 3351 2334 3405 ob
2363 3350 2620 3404 vilissima
2667 3346 2998 3412 ministeria,
3050 3346 3181 3414 deos
3226 3346 3528 3408 linxerunt,
3577 3358 3703 3398 cum

2097 3456 2317 3500 auctore
2342 3453 2527 3497 nostro
2559 3453 2908 3497 transeamus.

2703 3590 2998 3632 Αιιτιουιυδ
3036 3589 3089 3628 τ.

2056 3740 2059 3765 ς
2101 3693 2353 3765 Quomodo
2397 3691 2641 3765 Arnobius
2679 3695 3205 3765 argumentum-usuum
3243 3694 3602 3765 prosequatur,
3655 3696 3707 3738 et

2163 3757 2473 3824 dl‘tiionstret
2496 3766 2751 3824 perperam
2776 3751 2891 3824 ﬁngi
2917 3755 2978 3824 ali
2999 3750 3208 3824 ethnicis
3233 3749 3710 3824 deuni_1.aterauum

2163 3809 2370 3880 prmside
2381 3833 2432 3866 re
2459 3809 2624 3864 ciudis
2649 3809 2912 3880 laterculis,
2934 3812 3140 3880 Genium
3162 3809 3285 3880 loco,
3322 3809 3707 3880 al.isque._locis,

2162 3871 2304 3928 Άὶιιιιι
2352 3880 2603 3928 Locutium
2654 3871 3176 3927 Romamecustodia’.
3216 3871 3410 3922 Faunos
3443 3871 3496 3920 et
3522 3873 3711 3924 Fat-tas

2165 3945 2341 3992 futuris
2364 3944 2514 3991 rebus
2537 3938 2876 4000 praedicendis,
2902 3937 3072 3987 Putant
3098 3937 3322 3988 arborum
3345 3937 3706 4000 putationibus,

2164 4004 2317 4077 rebus
2340 3998 2568 4077 petendis
2589 4002 2779 4077 Petam,
2805 3999 3168 4077 Nerinestfinnrtt
3209 3998 3513 4077 nemoribus,
3547 4000 3707 4077 ςςὺυδ

2226 4059 2418 4115 tefactis
2457 4063 2536 4113 vel
2577 4061 2946 4124 patel‘aciendis,
2996 4059 3295 4124 Patellauam
3331 4065 3383 4106 et
3399 4059 3705 4124 __Patellum,

2188 4131 2387 4179 iodutim
2423 4120 2661 4176 fructuum
2687 4123 2842 4177 nodis.
2871 4123 3093 4172 terendis
3129 4121 3355 4183 l'ruginus
3398 4120 3705 4184 Tereum,

2162 4193 2422 4244 Saturnum
2448 4189 2640 4243 sationi,
2670 4185 2860 4235 Florum
2889 4185 3108 4234 ﬂoribus.
3133 4182 3380 4244 mentitus
3403 4182 3705 4243 Montinum,

2163 4243 2394 4303 Vibiliam
2435 4254 2685 4300 erroribus
2709 4250 2910 4299 viarum.
2950 4245 3277 4295 Lituentiuum
3313 4243 3583 4302 liminibus,
3618 4260 3709 4295 ρο.

2164 4331 2269 4365 rum
2309 4316 2542 4364 custodiae
2589 4312 2789 4370 Limam,
2838 4307 3206 4370 obliquitatibus
3243 4306 3430 4370 (Limus,
3497 4305 3712 4370 Lucrios

2162 4383 2412 4429 luctas-um
2452 4368 2888 4431 consecutiouibus,
2934 4368 2985 4419 et
3031 4368 3298 4433 Opulentiw
3344 4369 3488 4417 deam
3532 4369 3704 4419 Pecu-

2163 4456 2310 4492 lnam.

2172 4545 2226 4600 Si
2256 4544 2641 4599 commentitiaz
2664 4540 2890 4595 deorum
2923 4538 3260 4608 praefectura:
3291 4535 3484 4590 falsam
3509 4553 3707 4593 eorum

2020 4638 2072 4699 D
2099 4638 2435 4692 divinitatem
2455 4637 2735 4690 evidenter
2751 4634 2945 4686 demon
2984 4628 3267 4696 trant',ill:e
3299 4629 3704 4698 proculdubio,

2099 4731 2293 4802 quibus
2316 4729 2518 4784 ethnici
2543 4729 2686 4798 ipstts
2714 4725 2991 4781 vilissimis
3013 4724 3505 4792 abjeclissimisque
3537 4725 3710 4779 rebus

2100 4838 2336 4894 praeesse
2379 4821 2577 4891 passim
2613 4820 2809 4889 ubique
2856 4815 3256 4886 praedicabant,
3300 4813 3476 4869 adhuc
3511 4814 3708 4871 effica-

2099 4917 2216 4970 cius
2264 4925 2317 4968 et
2362 4911 2703 4966 manifestius
2750 4909 2996 4962 eamdem
3046 4907 3330 4960 falsitatem
3380 4907 3705 4961 ostendunt.

2102 5007 2239 5075 Quid
2270 5007 2413 5062 enim
2464 5004 2723 5059 insulsius
2752 5012 2804 5055 et
2833 4999 3146 5064 absurdius,
3180 5012 3340 5067 quam
3374 4996 3710 5055 Lateranum

2102 5103 2386 5172 quemdam
2432 5099 2710 5154 venditare
2759 5095 3000 5151 focorum
3043 5095 3258 5164 genium
3289 5104 3342 5147 et
3382 5093 3595 5147 deum?
3631 5095 3711 5149 Eo

2107 5210 2282 5254 tamen
2308 5199 2524 5251 nomine
2549 5196 2691 5247 hunc
2711 5202 2991 5261 propterea
3007 5188 3435 5242 vocariethnicis
3460 5187 3707 5256 placuit;

2109 5313 2126 5344 ι
2164 5291 2305 5364 quod
2338 5308 2401 5344 ex
2431 5287 2707 5343 laterculis
2736 5284 2937 5345 crudis,
2976 5301 2995 5334 ι
3029 5293 3087 5336 ιιι
3114 5274 3187 5335 ait
3225 5281 3530 5346 Arnobius,
3583 5301 3605 5332 ‹
3641 5284 3710 5337 ab

2106 5385 2412 5441 hominibus
2430 5381 2760 5437 caminorum
2785 5378 2921 5430 istud
2946 5372 3314 5428 exaedificatur
3334 5388 3502 5442 genus
3526 5391 3546 5425 ι
3564 5373 3585 5445 (
3604 5376 3709 5428 Ar.

2103 5478 2241 5543 nob.,
2271 5478 2360 5531 lib.
2392 5491 2468 5537 tv,
2507 5491 2626 5546 pag.
2665 5471 2764 5528 l30
2783 5470 2977 5525 £11331
3007 5466 3176 5530 Plin.,
3207 5467 3294 5519 lib.
3341 5482 3480 5520 xxxv
3504 5465 3706 5524 Natur.

2104 5575 2247 5637 hist,
2274 5589 2390 5642 cap.
2422 5571 2508 5634 M,
2533 5585 2650 5639 pag.
2679 5565 2827 5637 248).
2863 5568 2927 5618 At
2954 5563 3157 5617 Plinius
3180 5560 3400 5630 putabat
3424 5575 3452 5612 a
3483 5563 3711 5619 nemine

2101 5667 2332 5738 ignorari
2379 5665 2511 5718 illini
2561 5659 2776 5731 quidem
2807 5668 2983 5713 crates
3018 5656 3317 5727 parietum,
3357 5663 3410 5709 et
3437 5652 3711 5713 lateribus

2100 5764 2281 5821 crudis
2313 5759 2536 5814 eXstrui.

2178 5855 2320 5912 Nulli
2354 5869 2484 5910 vero
2527 5851 2719 5908 mirum
2752 5860 2873 5904 esse
2912 5846 3108 5912 debet,
3155 5844 3200 5901 si
3240 5841 3439 5901 ethnici
3481 5845 3714 5916 genium

3076 6319 3121 6321 -
