3872 6346
171 394 260 451 5H

1425 392 1488 448 IN
1526 389 1902 455 ARNOBIUM,
1942 389 2096 449 CAP.
2138 388 2272 448 Xlll.

3366 376 3474 432 Si!

177 512 402 584 aliquem
449 511 591 568 focis
636 527 879 584 praeesse
906 511 1205 573 crederent.
1235 509 1366 571 Nam
1391 510 1597 582 genium
1623 509 1766 562 dice-
1795 515 1848 573 Α
1945 506 2052 562 Nec
2100 519 2319 576 prorsus
2368 503 2643 560 immerito
2686 499 2962 561 Arnobius
2992 495 3196 562 lictitiis
3222 493 3348 565 diis,
3379 492 3472 565 qui

176 605 290 660 bant
314 605 538 682 antiqui,
564 606 1029 676 quemadmodum
1049 605 1285 674 loquitur
1311 601 1530 658 Servius
1556 601 1573 674 (
1595 601 1767 665 Seria,

175 703 226 756 in
243 701 329 755 lib.
355 717 374 756 ι
419 700 637 772 Georg.,
660 719 779 772 pag.
803 700 894 765 85,
914 700 1032 753 etin
1062 698 1150 752 lib.
1170 714 1198 750 ν
1229 695 1467 752 Enen!“
1489 693 1766 766 pug.567),

176 795 462 849 naturalem
494 795 646 847 deum
672 795 1068 862 uniuscujusque
1096 789 1216 846 loci.
1250 788 1327 842 vel
1356 789 1452 850 rei,
1481 797 1568 840 aut
1598 786 1768 840 homi-

176 891 276 945 nis.
297 889 439 944 Alibi
469 889 630 942 etiam
661 886 983 940 testilicatur
1005 884 1206 938 nullum
1229 881 1368 952 apud
1400 880 1628 951 gentile~
1654 879 1770 931 sine

174 981 336 1051 genio
364 978 528 1034 fuisse
557 978 753 1032 locum.
803 975 994 1031 Testes
1021 975 1158 1029 alios
1184 975 1226 1027 si
1277 973 1429 1036 velis,
1479 969 1768 1024 confestim

174 1073 403 1129 habebis
436 1071 734 1142 Virgilium,
764 1069 1072 1140 Dionysium
1105 1066 1603 1125 Halicarnasseum,
1634 1061 1768 1116 Ter-

173 1167 482 1228 tullianutu,
532 1175 588 1219 et
623 1161 1006 1222 Prudentium,
1034 1162 1124 1229 qui
1159 1160 1310 1229 plura
1341 1158 1409 1212 de
1451 1156 1626 1227 geniis
1657 1153 1773 1207 ubi-

175 1277 288 1333 que
317 1258 751 1330 praesidentibus,
781 1265 942 1326 atque
967 1255 1036 1309 de
1062 1254 1128 1307 iis
1158 1253 1409 1313 maxime,
1435 1265 1570 1320 quos
1598 1251 1773 1300 Arno-

174 1356 300 1410 bius
341 1354 467 1408 alibi
510 1351 786 1407 civitatum
825 1349 1045 1418 genios,
1088 1355 1142 1401 et
1166 1344 1234 1398 ab
1263 1343 1453 1398 iisdem
1483 1340 1774 1412 gentilibus

169 1447 388 1502 adorari
429 1444 620 1500 solitos
665 1448 932 1495 memorat
972 1442 990 1510 (
1029 1436 1210 1509 Virgil.
1237 1477 1252 1501 ,
1297 1434 1384 1490 lib.
1437 1449 1471 1485 v
1523 1430 1768 1496 As‘neid.,

165 1557 303 1594 vers.
331 1539 422 1606 95,
453 1548 500 1592 et
524 1535 611 1591 lib.
643 1550 740 1600 vn,
763 1550 893 1588 vers.
926 1532 1060 1597 {35;
1098 1535 1286 1601 viong.
1337 1527 1534 1590 "alia,
1563 1525 1651 1578 lib.
1683 1539 1772 1578 vni

163 1633 350 1702 Antig.
373 1649 600 1698 roman.,
626 1646 746 1701 pag.
773 1628 881 1684 515
901 1644 915 1692 ;
936 1625 1180 1689 Tertull.,
1203 1624 1285 1680 lib.
1309 1624 1372 1677 de
1399 1620 1691 1688 Pall.,cop.
1717 1621 1770 1682 4;

164 1725 396 1793 Arnob,
429 1724 519 1778 lib.
553 1740 590 1788 ι,
632 1739 752 1793 pag.
779 1722 848 1776 15
876 1738 890 1786 ;
923 1717 1204 1783 Prudent.,
1236 1717 1324 1770 lib.
1359 1731 1392 1768 ιι
1441 1722 1580 1768 cont.
1613 1711 1770 1783 Sym-

170 1819 372 1882 mach.,
462 1817 495 1871 3
518 1816 553 1882 ).
584 1814 707 1869 Haec
734 1822 913 1866 autem
931 1820 1064 1886 sunt
1086 1807 1364 1864 Prudentii
1390 1805 1626 1860 carmina
1662 1820 1674 1856 :

265 1933 567 2045 guamquam
584 1943 672 1980 cur
697 1929 899 1991 genium
924 1925 1088 1976 Romae
1112 1923 1229 1974 mibi
1253 1921 1440 1983 ﬁngitis
1463 1931 1633 1977 unum,

303 2008 382 2042 um
411 1994 582 2045 portis.
609 1992 850 2045 domibus,
881 1988 1102 2045 thermis,
1125 1985 1331 2034 stabulis
1355 1983 1557 2032 soleatis

303 2008 382 2042 um
411 1983 582 2055 portis.
609 1983 850 2046 domibus,
881 1988 1102 2045 thermis,
1125 1985 1331 2055 stabulis
1355 1983 1557 2055 soleatis

265 2046 537 2124 ASsig'nare
557 2046 673 2124 suos
696 2055 888 2114 genios,
911 2063 1100 2124 perque
1124 2049 1286 2124 omnia
1311 2046 1565 2124 In'embt'a;

267 2108 414 2168 Urbis
440 2130 629 2180 perque
652 2108 784 2180 locos
809 2108 1070 2176 geniorum
1097 2109 1246 2180 millia
1259 2108 1418 2180 multa

263 2169 507 2244 Fingere,
521 2169 586 2227 n'e
604 2179 798 2240 propria
810 2169 966 2225 vvacet
993 2172 1205 2235 angulus
1223 2170 1351 2219 ullus
1378 2169 1439 2219 ab
1456 2169 1645 2217 umbra.

165 2288 250 2344 Ibi
293 2301 478 2344 autem
527 2285 618 2342 ille
659 2300 720 2339 ea
752 2282 984 2346 refellit,
1031 2297 1150 2352 quae
1183 2279 1541 2350 Symmachus
1574 2276 1641 2329 de
1671 2273 1773 2330 diis

171 2379 389 2434 urbium
415 2377 733 2433 custodibus
750 2375 1040 2447 garriebat,
1066 2370 1516 2440 quemadmodum
1540 2367 1775 2438 Cyrillus

166 2470 578 2526 Alexandrinus
607 2468 710 2535 alia
745 2465 1051 2535 huiusmodi
1082 2474 1411 2526 commenta,
1442 2478 1559 2530 qum
1587 2460 1654 2514 de
1686 2459 1773 2511 iis-

166 2566 292 2621 dem
314 2562 565 2620 Julianus
587 2563 848 2629 Apostata
870 2561 1080 2616 dixerat
1102 2558 1258 2626 plane
1281 2553 1576 2608 confutavit
1593 2551 1773 2623 (Sym-

167 2660 377 2722 mach.,
428 2655 572 2727 apud
615 2652 891 2716 Ambros.,
941 2661 1064 2703 tam.
1115 2665 1184 2714 ll,
1233 2666 1352 2719 pug.
1403 2644 1547 2709 830;
1587 2642 1770 2713 Cyr-ill.

168 2747 454 2811 Nasoni,
501 2747 617 2800 init.
675 2745 765 2798 lib.
815 2760 868 2799 tv
896 2745 949 2797 in
995 2741 1198 2796 Julian.
1232 2741 1492 2812 Apostal.,
1517 2755 1633 2807 pug.
1669 2734 1774 2790 H5

166 2855 216 2897 et
244 2859 384 2914 seqq.
497 2840 683 2898 Palam
713 2850 894 2898 autem
928 2837 1199 2895 Arnobius
1235 2835 1360 2888 facit
1397 2847 1557 2902 quam
1589 2831 1774 2884 divino

170 2934 382 2990 numini
411 2949 441 2988 c
468 2931 866 2986 -»..tumeliosum
885 2931 955 2983 sit
975 2927 1267 2998 praedicare
1284 2927 1443 2979 deum
1461 2925 1594 2978 focis
1610 2933 1662 2977 et
1677 2938 1771 2976 co-

169 3029 350 3100 quinis
393 3028 745 3098 praepositum
765 3068 782 3093 ,
813 3041 908 3095 per
934 3040 1028 3080 eas
1063 3027 1447 3084 cursitantem,
1481 3036 1545 3074 ac
1572 3034 1771 3074 curan-

170 3134 276 3179 tem
304 3131 361 3175 ut
391 3121 496 3175 cibi
522 3130 572 3173 et
614 3120 891 3190 pulmenta
922 3119 1056 3171 bene
1084 3125 1382 3186 coquantur
1422 3131 1486 3167 ac
1515 3113 1773 3166 condian-

173 3225 256 3271 tur
308 3215 449 3287 Quin
482 3214 645 3267 etiam
678 3210 808 3288 (ειιυί
828 3210 1014 3280 procul
1037 3210 1198 3264 dubio
1226 3220 1277 3262 et
1308 3209 1464 3277 plane
1495 3206 1648 3259 deliri
1669 3204 1768 3259 ho-

1872 597 2053 653 ftuura
2089 597 2389 666 przediccre
2421 594 2802 659 credebantur,
2847 590 3136 662 coniungit
3169 587 3387 642 Faunos
3415 591 3474 642 et

1876 694 2088 756 Fatuas,
2115 708 2248 764 quos
2270 690 2502 762 gentiles
2522 690 2770 744 similiter
2793 697 3063 757 tamquam
3088 684 3221 738 deos
3247 693 3472 740 venera—

1873 789 2085 842 bantur.
2137 784 2268 838 Nam
2323 782 2610 852 Dionysius
2664 779 3109 834 l’lalicarnasseus
3152 777 3206 830 in
3247 773 3468 833 dubium

1871 889 2046 943 vocat,
2077 893 2144 932 an
2174 892 2273 932 vox
2307 877 2418 939 illa,
2445 889 2604 943 quam
2629 874 2884 926 divinitus
2913 872 3168 926 emissam
3197 867 3461 931 terebant,

1875 974 2054 1028 herois
2093 973 2372 1042 cujusdam
2423 987 2488 1022 an
2526 968 2692 1022 Fauni
2736 967 2915 1021 l'uerit.
2956 965 3126 1019 Varro
3169 977 3381 1025 autem,
3414 968 3472 1020 et

1873 1070 2096 1124 Servius
2144 1067 2329 1123 Fauno
2381 1081 2577 1120 nomen
2625 1044 2808 1123 datum
2862 1070 3051 1135 putant
3084 1078 3110 1117 ει
3145 1060 3328 1125 larido,
3381 1055 3470 1114 vel

1872 1165 2018 1235 qttia,
2046 1173 2102 1217 ut
2144 1161 2308 1217 Caius
2340 1161 2537 1216 Bassus
2565 1157 2704 1227 apud
2752 1155 3124 1218 Lactantium,
3179 1163 3338 1220 atque
3382 1150 3474 1207 alii

1872 1256 2255 1317 autumabant,
2293 1251 2514 1306 Fatuam
2567 1250 2932 1314 nominatam,
2974 1261 3095 1316 qua:
3129 1242 3470 1309 mulieribus,

1873 1353 2014 1406 sicut
2059 1350 2273 1406 Faunus
2318 1349 2483 1411 viris,
2529 1347 2633 1399 fata
2675 1358 2874 1399 cauere
2915 1339 3361 1416 perhibebantur.
3407 1334 3475 1396 Et

1876 1445 2127 1515 Virgilius
2153 1443 2368 1513 quidem
2391 1442 2559 1496 Fauni
2582 1453 2838 1508 respousa
2873 1435 3133 1491 laudavit.
3162 1436 3230 1487 At
3259 1433 3471 1499 tLiceru,

1873 1538 2117 1606 quamvis
2142 1536 2336 1591 dixerit
2362 1534 2529 1588 Fanni
2555 1549 2714 1587 voces
2744 1545 2888 1602 smpe
2911 1531 2963 1586 iu
2995 1527 3196 1596 prtuliis
3223 1536 3277 1580 et
3307 1525 3469 1580 rebus

1875 1629 2103 1691 turbidis
2147 1629 2359 1687 auditas
2386 1671 2400 1693 ,
2448 1628 2534 1682 ubi
2589 1637 2766 1684 tamen
2811 1622 3020 1683 Cottam
3055 1621 3222 1681 Balbo
3250 1633 3474 1688 respon-

1874 1725 2090 1782 dentem
2122 1724 2458 1785 introduxit,
2493 1738 2610 1778 eam
2643 1720 2812 1774 Fauni
2847 1733 3032 1778 vocem
3065 1733 3092 1769 a
3121 1731 3179 1778 se
3219 1727 3472 1780 umquam

1877 1816 2113 1868 auditam
2138 1816 2407 1868 inliciatus
2431 1823 2512 1868 est
2537 1812 2754 1885 (Diong.
2789 1809 2987 1876 Helia,
3016 1806 3106 1861 lib.
3128 1822 3178 1860 vn
3221 1803 3471 1875 Antiquit.

1807 1904 1851 1964 Β
1881 1924 2034 1971 rom.,
2068 1925 2166 1978 pag
2216 1907 2359 1972 2230;
2399 1908 2526 1967 Varr
2557 1950 2571 1971 ,
2597 1906 2683 1961 lib.
2711 1921 2762 1962 Vl
2792 1906 2853 1958 de
2880 1902 3033 1973 Ling.
3064 1903 3181 1968 lat.,
3209 1917 3329 1971 pag.
3363 1899 3431 1952 78
3457 1915 3472 1964 ;

1879 2002 2024 2057 Serv.
2055 2044 2069 2066 ,
2110 2002 2162 2056 in
2213 2001 2381 2072 νιν-9.,
2425 2002 2511 2055 lib.
2563 2017 2580 2060 ι
2624 2000 2836 2070 Georg.,
2877 2014 3009 2054 vers.
3046 1997 3112 2054 lO
3139 2006 3184 2049 et
3230 1994 3318 2062 ii.
3350 1993 3476 2046 etin

1877 2092 2298 2154 1ἰὺ.ιίιίΕιιςιά.,
2319 2109 2448 2146 vers.
2467 2093 2536 2148 45
2555 2103 2600 2145 et
2624 2108 2789 2163 srqq.;
2811 2090 3021 2153 Lactun.
3037 2131 3052 2159 ,
3074 2089 3159 2142 lib.
3188 2103 3224 2148 I,
3245 2103 3360 2156 cap.
3380 2083 3474 2151 ‘22,

1877 2204 1995 2256 pug.
2033 2185 2168 2248 1‘27;
2216 2184 2380 2256 Virg.,
2417 2186 2503 2237 lib.
2543 2201 2611 2238 vn
2679 2182 2894 2242 Ai'ueid.
2927 2223 2944 2251 ,
2992 2198 3120 2236 vers.
3151 2179 3292 2245 103:
3340 2175 3474 2244 ϐία,

1877 2279 2010 2332 libi
2051 2279 2113 2330 de
2139 2275 2395 2339 Divinat.,
2447 2293 2566 2346 pag.
2597 2275 2738 2339 9.72;
2793 2275 2880 2327 lib.
2936 2289 2970 2326 ll
3013 2273 3075 2326 de
3126 2271 3253 2328 Nat.
3286 2271 3430 2325 deor.
3457 2309 3474 2335 ,

1879 2389 1997 2441 pag.
2051 2372 2190 2438 ΞΗ,
2228 2384 2272 2425 el
2330 2371 2418 2424 lib.
2451 2387 2545 2434 tu,
2594 2388 2712 2440 pag.
2761 2369 2896 2440 2-1).
2949 2368 3161 2428 Vidi-sis
3207 2367 3474 2431 Isidorum

1878 2469 1966 2526 lib.
2001 2485 2112 2522 vni.
2149 2467 2356 2538 Origin.
2407 2482 2528 2534 cap.
2564 2481 2621 2520 ιι.
2669 2465 2906 2531 Natalem
2967 2464 3251 2530 Comitem,
3298 2462 3391 2521 lib.
3442 2475 3474 2516 v

1877 2563 2166 2634 Mytholog.
2218 2578 2333 2630 cap.
2369 2562 2438 2622 9;
2472 2560 2666 2616 Lilinm
2715 2559 2992 2621 Giraldum
3017 2599 3029 2622 ,
3063 2558 3261 2612 llistor.
3308 2557 3462 2612 deor.

1876 2656 2098 2725 Sytttag.
2135 2655 2221 2714 15,
2254 2669 2370 2725 pag.
2419 2653 2546 2714 ηπ
2592 2653 2838 2705 Vossinm
2867 2693 2881 2717 ,
2917 2650 3009 2704 lib.
3043 2666 3061 2704 ι
3091 2649 3158 2709 de
3186 2649 3388 2718 Origin.
3420 2657 3474 2704 et

1876 2748 2063 2820 Progr.
2093 2747 2301 2810 idolol.,
2338 2762 2457 2816 cap.
2494 2745 2590 2810 1‘2;
2625 2745 2901 2810 Huetium,
2931 2744 3232 2812 Demonsu.
3266 2743 3472 2812 Evang.

1876 2854 2095 2908 propos.
2125 2841 2178 2904 4,
2208 2855 2329 2908 cap.
2361 2839 2393 2894 9
2425 2838 2531 2911 μ,
2570 2855 2688 2909 pag.
2726 2836 2850 2904 156,
2884 2845 2938 2890 et
2967 2851 3145 2906 seqq.;
3177 2834 3471 2890 Alexandr.

1874 2932 1941 2987 ab
1989 2931 2145 2992 Alex.
2194 2939 2247 2985 et
2290 2929 2582 3000 Tiraquelli
2630 2939 2820 2994 notas,
2855 2927 2948 2983 ltb.
2980 2943 3034 2981 γι
3061 2925 3271 2987 Genial.
3305 2925 3469 2994 diem,

1872 3040 1987 3094 Cap.
2019 3024 2074 3087 8,
2111 3041 2225 3095 pag.
2261 3024 2388 3080 648.

1946 3117 2097 3171 Alius
2130 3128 2386 3185 praeterea
2418 3117 2533 3188 fuit,
2583 3117 2806 3175 deorum
2839 3132 2967 3183 grex
3011 3125 3063 3169 et
3093 3124 3301 3186 ccelus,
3335 3130 3474 3186 quos

1875 3208 2075 3267 etbnici
2126 3209 2247 3262 aliis
2295 3208 2455 3262 rebus
2509 3207 2706 3278 pra-[iri
2741 3207 2878 3263 falsi)
2911 3208 3328 3265 arbitrabantur.
3359 3208 3474 3264 Nec

171 3282 452 3362 minis'est
494 3303 659 3361 deum
681 3282 1048 3360 ‘comminisci
1102 3299 1384 3369 pl‘il‘Sidelll
1433 3298 1670 3350 fetuum
1719 3307 1772 3351 et
1799 3282 1845 3344 (ἶ
1879 3302 2151 3353 minimam
2177 3301 2388 3370 quidem
2412 3303 2678 3356 Arnobius
2701 3301 2944 3372 (Arnob,
2966 3304 3051 3358 lib.
3079 3320 3152 3364 tv.
3175 3319 3290 3373 pag.
3321 3303 3469 3376 151),

171 3400 530 3460 caminorum,
553 3405 866 3451 non-tamen
897 3397 1160 3455 omnium,
1194 3392 1285 3450 sc-d
1317 3408 1503 3444 eorum
1540 3402 1765 3455 tantum,

173 3495 260 3562 qui
285 3508 394 3547 uno
415 3499 565 3548 certo
586 3489 768 3554 modo,
798 3489 1041 3542 lateribus
1064 3486 1263 3552 crudis,
1296 3501 1398 3541 nec
1429 3486 1587 3542 aliter
1617 3494 1773 3540 erant

173 3584 444 3639 fabriCati.

243 3675 303 3730 In
331 3674 675 3747 pmfalorum
700 3671 932 3732 fortasse
955 3670 1256 3741 geniorum,
1283 3680 1374 3724 aut
1397 3669 1645 3736 deorum,
1665 3687 1771 3740 pro

176 3767 434 3822 Romani».
464 3766 613 3821 urbis
653 3765 900 3825 custodia
948 3765 1325 3834 vigilantum,
1378 3780 1595 3834 gregem
1643 3765 1770 3834 reji-

179 3860 356 3916 ciendi
388 3869 516 3916 sunt
538 3859 641 3919 ,Aii
671 3859 901 3924 Locutii,
936 3875 1071 3928 quos
1100 3859 1277 3912 adhuc
1308 3859 1509 3912 ethnici
1534 3901 1547 3924 ,
1585 3860 1656 3912 uti
1691 3859 1770 3913 eis

178 3953 464 4021 exprobrat
512 3951 786 4006 Arnobius
830 3949 1090 4025 (Arnob.,
1125 3951 1212 4003 lib.
1250 3967 1287 4016 ι,
1319 3969 1437 4022 pug.
1478 3951 1540 4006 15
1563 3950 1606 4020 ),
1635 3950 1767 4002 ado-

176 4059 302 4100 rare
327 4055 743 4103 consueverant.
773 4041 945 4099 Graeci
975 4044 1240 4118 siquidem
1293 4043 1551 4113 Lninique
1580 4042 1768 4113 Scrip-

177 4146 326 4193 tores
355 4136 699 4203 Plutarchus,
733 4134 1018 4206 Dionysius
1049 4136 1514 4199 Halicarnasseus,
1551 4135 1764 4202 Cicero,

179 4229 391 4297 Livius,
438 4230 506 4291 A.
540 4229 782 4294 Gellius,
823 4221 879 4283 e’t
903 4229 991 4282 alii
1026 4232 1256 4297 posteris
1294 4229 1627 4283 tradiderunt
1668 4243 1765 4284 au-

181 4321 342 4378 ditam
367 4323 493 4379 olim
523 4323 932 4392 neglectamque
964 4337 1152 4375 Vocem
1182 4323 1472 4386 monentis,
1500 4330 1556 4374 ut
1591 4322 1770 4387 provi-

185 4416 392 4472 deretur
417 4432 487 4470 ne
508 4431 538 4469 a
555 4413 721 4470 Gallis
747 4414 912 4474 lloma
942 4425 1245 4483 caperetur,
1279 4428 1340 4467 ac
1365 4427 1477 4483 post
1513 4413 1769 4482 depulsos

186 4511 453 4578 victosque
501 4509 682 4563 hostes
728 4506 778 4560 in
814 4505 971 4575 hujus
1022 4506 1098 4559 rei
1145 4507 1461 4560 memoriam
1508 4509 1764 4578 templum

185 4615 429 4672 aramque
467 4602 522 4656 in
561 4615 696 4656 nova
730 4600 810 4656 via
846 4601 945 4655 Aio
981 4599 1202 4654 Locutio
1235 4599 1564 4653 exwdilicata
1600 4601 1767 4656 fuisse

1876 3392 1969 3447 scd
2011 3393 2265 3462 majorem
2312 3397 2641 3466 Augustinus
2676 3396 2889 3448 illorum
2929 3398 3138 3463 turbam
3172 3413 3469 3467 congrega-

1876 3497 2018 3553 runt,
2055 3502 2281 3555 quorum
2314 3488 2530 3554 nomina
2562 3498 2614 3541 et
2642 3487 2815 3543 ol'licia
2850 3488 2982 3544 nihil
3034 3491 3132 3543 nisi
3167 3489 3345 3542 divina
3378 3505 3473 3542 na-

1876 3592 1991 3640 tura
2024 3584 2181 3652 plane
2230 3584 2503 3651 indignum
2537 3581 2766 3652 prodere
2817 3592 3079 3650 poterant.
3109 3583 3188 3638 Ab
3231 3582 3472 3638 Aruohio

1874 3685 2048 3728 autem
2085 3684 2416 3729 memoratur
2437 3675 2568 3728 Puta
2596 3675 2846 3728 arborum
2873 3677 3239 3744 putationibus
3267 3675 3468 3743 (lbid.,

1875 3782 1993 3835 pag.
2029 3767 2122 3820 151
2158 3778 2202 3820 et
2236 3768 2334 3821 152
2357 3770 2395 3836 ),
2426 3767 2582 3824 sicuti
2614 3766 2738 3822 Peta
2769 3768 2928 3823 rebus
2954 3768 3219 3834 petendis,
3253 3767 3472 3821 Nemes-

1873 3863 2032 3912 trinus
2077 3859 2408 3923 nemoribus,
2451 3859 2719 3914 Patellth
2764 3859 3041 3928 patefactis
3083 3836 3292 3928 frt'igimi
3329 3859 3470 3914 haud

1872 3951 2031 4004 dubie
2083 3951 2369 4014 folliculis,
2425 3967 2486 4004 ac
2527 3951 2909 4021 patelnclcttdis
2956 3950 3194 4016 Paullo;
3248 3950 3472 4012 Nadntis

1873 4043 2026 4096 mulis
2059 4042 2326 4097 frui-tuum
2364 4059 2426 4098 ac
2470 4045 2712 4116 ipsisinet
2751 4043 2987 4115 frugibus
3017 4046 3254 4105 tercndis
3280 4043 3473 4109 Teren-

1870 4136 1979 4199 sis;
2009 4136 2268 4196 Saturnus
2297 4137 2525 4208 sationi,
2559 4146 2611 4191 et
2659 4136 2929 4201 montibus
2982 4136 3245 4191 Montinns
3284 4138 3473 4209 prtcsi-

1871 4230 2030 4288 dente
2067 4271 2078 4282 .
2110 4229 2328 4286 Ridebis
2375 4230 2558 4304 procul
2588 4229 2747 4290 dubio
2776 4229 2914 4285 hanc
2951 4231 3172 4292 deorum
3203 4232 3315 4288 sive
3343 4232 3471 4286 dea-

1873 4343 1988 4379 rum
2022 4334 2315 4392 catcrvam,
2366 4342 2524 4400 quam
2559 4324 2787 4381 cultura—3
2819 4339 3104 4394 agrorum,
3150 4336 3305 4380 teme
3355 4323 3464 4380 fru-

1869 4417 2044 4487 gibus,
2082 4427 2148 4470 .et
2198 4418 2469 4480 lltttnlibus
2514 4431 2746 4486 praeesse
2788 4416 2915 4470 caeci
2971 4431 3195 4488 prorsus
3235 4416 3468 4487 gentiles

1868 4504 2266 4570 existimabant.
3242 4499 3243 4503 “

1947 4605 2141 4658 Verum
2183 4605 2522 4673 Augustinus
2551 4601 2812 4674 quosdam
2842 4617 2908 4662 ex
2939 4601 3021 4668 bis
3047 4603 3287 4671 aliosque
3309 4602 3468 4672 looge

187 4670 494 4764 (Pluere/1.,
520 4694 574 4746 in
602 4691 718 4745 Vita
733 4689 960 4757 Camilli,
985 4708 1102 4764 pug.
1133 4693 1253 4758 Ml,
1286 4703 1330 4746 et
1347 4692 1434 4746 lib.
1462 4693 1524 4746 de
1541 4693 1761 4747 Forum.
1792 4670 1845 4743 Ι)
1874 4700 2054 4768 plures
2076 4740 2088 4761 ,
2138 4670 2297 4767 quam
2354 4670 2624 4761 Arnobius
2677 4697 2881 4759 eisdem
2939 4695 3135 4751 ofﬁciis
3183 4670 3466 4774 prwfectos

186 4803 406 4854 romam,
465 4804 586 4858 pug.
643 4786 778 4853 3|9;
830 4785 1020 4856 Diony.
1061 4784 1296 4841 Halicar.
1328 4830 1340 4849 ,
1378 4787 1467 4841 lib.
1515 4804 1543 4839 ν
1591 4789 1760 4858 Antiq.

188 4895 330 4947 rant,
371 4899 489 4952 pag.
530 4879 674 4940 290;
702 4880 887 4946 (licem,
923 4880 1011 4933 lib.
1047 4897 1064 4934 ι
1110 4880 1172 4933 de
1203 4879 1405 4945 binim,
1433 4899 1547 4951 pag.
1584 4880 1690 4934 27:2
1719 4890 1765 4934 et

190 4989 300 5044 pag.
329 4975 470 5048 289;
499 4972 639 5038 Liv.,
669 4975 756 5028 lib.
792 4989 846 5040 v,
875 4976 968 5028 sub
1001 4974 1094 5041 ﬁn.
1125 4992 1240 5045 cap.
1278 4975 1346 5029 50
1371 4985 1418 5029 et
1459 4977 1564 5038 5‘2;
1602 4974 1757 5042 Gell.,

189 5064 270 5120 lib.
298 5084 402 5134 xvi,
424 5085 539 5137 cap.
571 5066 684 5140 17).
712 5066 816 5122 Sed
839 5083 954 5121 eam
981 5069 1419 5136 superstitionem
1451 5084 1554 5123 non
1585 5071 1761 5123 minus

189 5158 349 5229 lepide
395 5163 618 5225 Cicero,
670 5175 827 5230 quam
877 5160 1150 5215 Arnobius
1189 5161 1399 5215 irridet.
1449 5161 1538 5216 Sic
1579 5172 1757 5216 autem

188 5249 363 5315 Orator
392 5252 536 5307 illam
565 5253 801 5322 exagitat
830 5269 843 5304 :
884 5271 901 5305 ι
939 5253 1134 5307 Audita
1165 5268 1273 5305 Vox
1320 5263 1401 5306 est
1444 5253 1712 5311 monentis
1743 5273 1758 5319 ;

191 5352 245 5396 ut
268 5345 650 5414 provideretur,
686 5361 752 5399 ne
781 5361 808 5399 a
838 5344 1006 5400 Gallis
1041 5345 1209 5399 Roma
1239 5357 1546 5416 Caperetur.
1584 5347 1658 5401 Ex
1691 5363 1758 5402 eo

187 5435 283 5488 Aio
322 5436 573 5508 Loquenti
627 5451 774 5489 aram
829 5440 878 5490 iu
924 5453 1057 5492 nova
1085 5439 1164 5490 via
1191 5448 1584 5494 ciinsccratam.
1619 5439 1756 5507 Quid

191 5529 346 5596 ergo?
372 5531 498 5585 Aius
527 5529 630 5585 iste
662 5527 938 5598 Loquens,
971 5530 1186 5598 quando
1214 5546 1333 5583 eum
1379 5545 1536 5584 nemo
1583 5542 1758 5596 uorat,

191 5618 366 5689 aiebat,
390 5634 439 5680 et
466 5625 877 5696 lnquebatur,et
911 5640 974 5677 ex
991 5641 1267 5679 eonomen
1299 5626 1542 5689 invenit;
1575 5637 1759 5697 postea

191 5733 332 5786 quam
357 5733 407 5777 et
432 5724 611 5780 sedem
636 5769 649 5790 ,
682 5733 737 5780 et
766 5739 937 5790 aram,
971 5734 1022 5778 et
1056 5739 1254 5776 nomen
1290 5722 1492 5775 invenit
1514 5765 1527 5785 ,
1561 5723 1755 5776 obmu-

193 5811 285 5863 luit
318 5832 332 5864 ι
362 5815 506 5885 (Cia,
526 5818 612 5875 lib.
631 5835 668 5875 ιι
686 5821 752 5874 de
773 5816 1026 5882 Divinnl.,
1046 5835 1167 5887 pug.
1193 5816 1299 5872 289
1318 5834 1331 5883 ;
1352 5815 1565 5884 Δωσὼ,
1593 5818 1683 5871 lib.
1713 5833 1749 5886 l,

194 5916 303 5973 pag.
331 5905 447 5978 l5).

1870 4803 2169 4854 ellllm='l‘:tl.
2209 4795 2278 4847 lia
2311 4805 2487 4848 autem
2522 4794 2632 4860 ip~a
2666 4800 2790 4846 sunt
2831 4791 2975 4845 illitis
3013 4779 3183 4845 verba
3215 4805 3334 4850 cum
3364 4792 3468 4845 Ar—

1872 4887 2115 4940 nobianis
2137 4884 2464 4949 Conferenda
2490 4899 2534 4940 ξι
2559 4883 2667 4937 Nec
2685 4900 2936 4953 agrorum
2965 4900 3157 4936 mimus
3189 4883 3277 4940 uni
3306 4880 3466 4940 alicui

1871 4981 1970 5036 deo
1999 4979 2437 5038 committendum
2468 4978 2711 5032 arbitrati
2740 4989 2865 5031 sunt
2893 4996 2906 5032 :
2937 4979 3030 5032 sed
3061 4993 3180 5031 rura
3209 4977 3321 5030 dea:
3352 4977 3465 5030 Ριιι⁸

1865 5077 2018 5140 sitne,
2045 5074 2170 5144 jttgu
2203 5076 2464 5136 montium
2491 5073 2592 5126 deo
2619 5073 2892 5143 Jugntitio.
2920 5072 3145 5126 collibus
3169 5072 3320 5126 dcam
3352 5071 3466 5128 col-

1860 5169 2104 5236 latinatn,
2141 5167 2366 5222 vallibus
2388 5166 2690 5229 Valloniam
2723 5165 3097 5237 prarfecerunt.
3129 5165 3238 5222 Nec
3271 5164 3461 5218 saltem

1865 5270 2154 5331 potuerunt
2187 5274 2343 5313 unam
2378 5257 2646 5329 Segetiam
2679 5241 2835 5312 talem
2871 5257 3134 5324 invenire,
3165 5258 3249 5311 cui
3290 5257 3460 5311 semel

1863 5367 2072 5426 segetes
2101 5353 2583 5415 Coutmcndarent;
2616 5351 2710 5404 sed
2750 5361 2863 5403 sala
2909 5349 3174 5404 frumenta
3205 5349 3463 5418 quamdiu

1864 5451 1963 5504 sub
1988 5460 2126 5502 terra
2158 5458 2359 5510 essent,
2393 5448 2730 5516 pra'positatn
2759 5443 3046 5498 voluerunt
3076 5443 3274 5498 habere
3304 5447 3459 5499 deam

1864 5542 2064 5611 Sejam,
2083 5534 2203 5594 cum
2230 5556 2358 5594 vero
2375 5541 2484 5611 jam
2510 5549 2686 5595 essent
2713 5553 2875 5607 super
2900 5549 3117 5602 teri-aut,
3143 5548 3198 5598 et
3219 5552 3460 5610 segetem

1863 5635 2123 5696 facerent,
2157 5635 2311 5685 deam
2362 5635 2664 5701 Segetiam;
2703 5631 2987 5684 frumentis
3033 5647 3162 5684 vero
3212 5633 3458 5690 collectis

1861 5728 2012 5781 deam
2042 5726 2331 5781 Tlllliiltalll
2374 5733 2894 5795 pia-posuertmt.....
2929 5722 3459 5781 Prlk'ft’CCl'Ulll,pr(lo

1859 5820 2126 5889 serpinam
2177 5817 2458 5872 frumentis
2502 5813 2948 5888 germiuautibus,
2977 5813 3238 5884 geniculis
3272 5820 3456 5873 nodis-

1858 5929 1963 5984 que
2010 5914 2312 5969 culmorum
2343 5910 2502 5966 deum
2553 5907 2842 5972 Nodotum,
2880 5907 3268 5963 involutucntis
3322 5911 3459 5968 tolli-
