3872 6418
317 366 425 421 545

1563 377 2017 437 DISSERTATIO
2045 379 2321 438 PMVIA

3501 379 3614 435 5“

318 481 561 538 culorum
589 483 744 540 deam
766 485 1094 556 Volntinam,
1124 504 1246 546 cum
1273 491 1496 548 folliculi
1525 505 1824 561 patescunt.
1855 509 1911 555 ut
1941 503 1989 560 Α
2022 513 2039 547 ‹
2068 496 2150 550 Ah
2176 497 2460 552 erronibus
2489 497 2698 553 viarum
2717 497 2820 554 dea
2845 497 3034 557 Vibilia
3061 475 3327 554 liberans
3358 495 3605 572 (Arnob,

315 575 463 645 spica
490 589 669 647 exeat,
699 579 853 636 deam
882 581 1288 642 Patelanam....
1319 584 1430 641 Nec
1459 593 1639 643 omnia
1670 605 1908 644 comme-

314 681 504 734 moro,
539 671 661 742 quia
699 688 782 728 me
830 675 1003 744 piget,
1032 677 1173 746 quod
1211 679 1334 734 illos
1370 696 1476 734 non
1523 681 1686 750 pudet
1725 700 1744 734 ι
1780 681 1911 750 (Au-

316 763 558 830 gust..de
583 764 760 832 Civit.,
788 783 834 820 ε.
864 768 919 834 8,
942 787 995 839 ρ.
1024 773 1094 825 95
1115 780 1161 823 et
1182 787 1299 841 seqq
1328 771 1366 838 ).
1400 770 1562 827 Vides
1584 786 1715 827 sane
1736 774 1804 828 ab
1823 788 1909 838 eo,

315 854 768 919 quemadmodum
815 859 884 914 ab
923 861 1180 922 Arnobio,
1213 865 1262 914 in
1296 862 1440 917 hunc
1470 865 1689 918 deorum
1720 881 1911 921 nume-

319 961 436 1000 rum
466 950 783 1005 nominatim
816 954 1004 1008 referri
1051 953 1354 1008 Patelanam
1387 966 1438 1011 et
1471 955 1760 1023 Nodotum,
1801 959 1916 1014 sive

319 1049 374 1093 ut
403 1052 594 1096 auctor
620 1055 804 1099 noster
833 1045 927 1110 ait,
961 1044 1239 1101 Nodulint.
1270 1047 1478 1103 Nemini
1504 1053 1686 1122 itaque
1719 1053 1914 1108 verisi-

321 1136 449 1189 mile
481 1151 700 1206 prorsus
731 1154 834 1194 non
877 1122 1142 1197 videbitur
1172 1144 1307 1198 alios
1335 1145 1406 1200 ab
1429 1146 1548 1216 ipso
1592 1158 1917 1202 memoratos

319 1228 388 1284 iis
426 1245 546 1286 esse
589 1235 1048 1302 annumerandos,
1078 1254 1212 1306 quos
1243 1239 1526 1311 nominage'
1566 1243 1704 1295 sicut
1740 1241 1918 1310 Augu-

317 1325 517 1380 stinum
541 1337 592 1383 el
617 1330 910 1386 Arnobium
935 1341 1177 1386 nostrum
1201 1331 1435 1404 pigebat,
1467 1335 1535 1388 ita
1560 1345 1614 1390 et
1636 1350 1733 1391 nos
1756 1336 1918 1391 etiam

316 1415 500 1486 pigere
528 1417 712 1475 debet.

393 1513 536 1568 Alibi
583 1523 762 1570 tamen
812 1517 1158 1576 doctissimus
1196 1521 1289 1576 ille
1332 1523 1414 1578 vir
1452 1523 1731 1589 eamdem,
1763 1531 1921 1593 atque

319 1615 512 1666 auctor
553 1619 760 1674 noster,
809 1611 1026 1668 Saturni
1077 1617 1404 1671 mentionem
1449 1616 1574 1672 fecit
1615 1636 1628 1671 :
1667 1635 1685 1668 ι
1739 1617 1924 1672 Satur-

324 1712 446 1761 nus,
505 1717 524 1751 ι
555 1701 746 1770 inquit,
786 1721 806 1754 ι
863 1719 1002 1760 unus
1052 1705 1120 1761 de
1168 1708 1498 1777 principibus
1549 1711 1704 1774 deus,
1759 1723 1924 1778 penes
1966 1780 1970 1784 _

323 1804 484 1859 quem
505 1793 772 1846 sationum
802 1797 1041 1851 omnium
1065 1798 1373 1853 dominatus
1401 1810 1501 1854 est.
1531 1818 1550 1851 ι
1573 1800 1729 1854 Prius
1756 1816 1886 1856 vero
1909 1819 1921 1854 :

2012 589 2188 662 ibid.)
2244 589 2430 646 Nonne
2476 603 2654 648 autem
2701 608 2765 648 ea
2823 593 2936 665 ipsa
2993 603 3076 650 est
3117 591 3184 647 de
3230 606 3334 663 qua
3387 589 3606 646 Varro:

2022 701 2041 734 ι
2085 684 2284 738 Venilia
2325 698 2354 737 a
2397 686 2689 751 veniendo,
2721 701 2784 742 ac
2810 695 2974 742 vento
3017 686 3152 752 illo,
3200 700 3358 756 quem
3391 683 3618 739 Plautus

2017 773 2149 829 dixit
2179 793 2191 827 :
2223 775 2376 841 Quod
2408 776 2500 832 ille
2539 777 2703 841 dixit,
2737 778 2828 848 qui
2858 776 3096 833 secundo
3123 786 3283 830 vento
3322 787 3510 830 vestus
3533 778 3622 827 est

2020 869 2308 937 tranquillo
2351 872 2513 934 mari,
2559 880 2771 926 ventum
2818 874 3025 943 gamleo
3054 889 3072 921 ι
3115 869 3326 942 (Varr.,
3373 868 3414 922 Ι.
3457 882 3514 923 tv
3553 868 3622 920 de

2017 959 2275 1032 Ling.lat.
2298 979 2348 1028 p.
2373 963 2484 1032 18).
2505 964 2832 1034 Augustinus
2848 979 2978 1019 vero
3000 961 3394 1018 citateuindent
3417 958 3622 1014 Varro—

2019 1071 2141 1111 nem
2167 1057 2291 1123 alibi
2317 1057 2583 1113 dicentem
2611 1078 2625 1112 :
2654 1077 2672 1110 ‹
2706 1059 2911 1115 Venilia
2942 1062 3080 1113 unda
3106 1070 3209 1121 est,
3233 1073 3353 1127 qua:
3379 1055 3446 1111 ad
3472 1058 3623 1110 littus

2021 1150 2184 1205 venit.
2219 1171 2238 1203 ι
2273 1151 2461 1208 Nonne
2492 1165 2667 1208 tamen
2718 1154 2786 1209 ab
2833 1154 2948 1207 illo.
2970 1153 3194 1218 recedit,
3231 1151 3318 1206 ubi
3349 1150 3417 1205 de
3443 1151 3623 1203 infau-

2020 1242 2158 1298 tibus
2203 1243 2459 1310 disnntat,
2510 1254 2564 1299 et
2611 1245 2686 1298 ait
2719 1264 2731 1299 :
2767 1244 2843 1298 De
2884 1261 2994 1315 spe,
3046 1258 3163 1315 qua?
3197 1243 3352 1310 venit,
3400 1240 3623 1294 Venilia.

2021 1335 2240 1390 Servius
2293 1335 2554 1391 Veniliam
2598 1352 2628 1390 a
2679 1337 2953 1391 ncnnullis
3001 1337 3196 1390 dictam
3244 1350 3369 1396 esse
3418 1331 3624 1397 refert,

2019 1428 2156 1496 quod
2181 1427 2375 1479 veniam
2405 1428 2485 1480 det
2511 1427 2820 1498 exigentibus
2852 1428 3119 1500 (August.,
3149 1427 3186 1478 Ι.
3221 1441 3291 1480 vn
3339 1424 3402 1477 de
3442 1422 3626 1485 ϐἰυὶι..

2022 1535 2069 1573 c.
2098 1511 2187 1580 ‘22,
2221 1537 2275 1586 p.
2326 1519 2465 1586 178;
2517 1521 2664 1582 ibid.,
2695 1520 2730 1574 ι.
2775 1537 2848 1583 tv,
2897 1536 2944 1574 c.
2996 1522 3083 1586 11,
3119 1518 3312 1588 p.97;
3355 1514 3527 1581 Serv.,
3571 1515 3629 1566 in

2024 1612 2061 1666 Ι.
2106 1628 2138 1666 x
2177 1610 2419 1677 Ᾰὶηεὶάη
2449 1631 2502 1684 p.
2534 1608 2682 1685 577).
2720 1613 2824 1670 Sed
2858 1616 2901 1667 si
2931 1615 3091 1668 citata
3121 1629 3149 1665 a
3183 1611 3337 1666 nobis
3367 1609 3628 1664 Varronis

2023 1704 2184 1758 verba
2218 1705 2387 1768 magis
2413 1705 2477 1759 ad
2509 1704 2747 1760 auctoris
2793 1707 2960 1759 nostri
3009 1703 3342 1774 pr0positum
3392 1700 3626 1764 faciunt,

2029 1794 2288 1850 dubitatis
2315 1793 2542 1851 forsitan
2582 1812 2649 1851 an
2681 1797 2731 1850 in
2765 1797 2921 1866 hujus
2953 1806 3101 1850 textu
3131 1795 3415 1863 legendum
3447 1792 3635 1862 potius

332 1900 352 1936 ι
386 1883 674 1940 Saturnino
703 1901 926 1957 propter
955 1889 1128 1956 ipsum
1170 1907 1371 1946 semen.
1417 1911 1435 1943 ι
1472 1892 1536 1946 Ει
1571 1892 1728 1961 paulo
1759 1903 1878 1963 post
1907 1914 1920 1949 :

2049 1885 2098 1938 lil
2138 1884 2354 1952 Venilia,
2389 1903 2548 1958 quam
2588 1887 2793 1954 Vibilio,
2826 1891 2892 1942 At
2922 1887 3046 1956 quid
3075 1888 3368 1940 decernere
3395 1883 3629 1950 audeas,

332 1993 352 2027 ι
381 1976 632 2033 Omnium
664 1982 930 2036 seminum
960 1979 1249 2037 Saturnum
1293 1984 1491 2039 habere
1521 1995 1862 2055 potestatem.
1906 2005 1924 2037 ι

327 2067 404 2124 Ex
436 2068 679 2126 Varrone
709 2073 1082 2141 proculdubio
1111 2075 1226 2130 lucc
1257 2075 1490 2132 delibata
1523 2087 1669 2130 sunt.
1691 2077 1931 2145 Quodam

329 2159 479 2215 enim
529 2161 670 2216 illius
707 2165 758 2217 in
806 2164 942 2220 libro
994 2167 1268 2236 legimus:
1310 2187 1328 2221 ι
1366 2168 1448 2223 Ab
1491 2179 1607 2222 satu
1653 2169 1827 2222 dictus
1851 2161 1933 2224 est

328 2253 615 2310 Saturnus.
662 2276 680 2309 ι
715 2260 782 2311 At
836 2274 944 2314 non
990 2262 1162 2330 magis
1210 2278 1377 2331 penes
1427 2264 1574 2317 illum
1625 2265 1931 2328 sationum,

326 2362 487 2418 quam
537 2365 702 2419 penes
748 2351 1000 2418 Floram,
1047 2356 1222 2425 inquit
1259 2365 1450 2410 auctor
1499 2367 1704 2424 noster,
1741 2357 1930 2412 ﬂorum

327 2451 448 2495 erat
500 2441 832 2499 dominatus.
880 2443 998 2500 Non
1050 2449 1194 2501 enim
1247 2449 1606 2516 prohibebant
1648 2449 1935 2520 quominus

327 2529 446 2588 bzec
475 2534 673 2606 frigore
697 2537 781 2592 vel
809 2546 942 2591 aestu
971 2538 1345 2596 adorerentur.
1375 2541 1432 2595 ln
1461 2544 1726 2610 superiori
1757 2555 1933 2599 autem

329 2627 709 2686 dissertatione
739 2631 808 2688 de
857 2631 1052 2699 Flora,
1100 2642 1157 2689 et
1207 2637 1521 2690 memoratis
1576 2637 1644 2690 ab
1696 2639 1936 2693 Arnobio

329 2721 472 2777 ludis
505 2725 559 2779 in
601 2726 718 2796 ejus
757 2727 1022 2783 honorem
1059 2730 1347 2786 celebratis
1383 2731 1774 2802 disputavimus
1802 2736 1935 2807 (An-

331 2831 474 2886 gtts.,
497 2817 535 2871 ι.
570 2830 638 2872 vn
659 2820 722 2872 de
749 2818 926 2884 Civil"
960 2838 1006 2874 ε.
1042 2822 1130 2886 15,
1157 2840 1210 2888 p.
1241 2823 1375 2887 172;
1403 2825 1554 2889 ibid.,
1578 2844 1622 2878 c.
1650 2826 1703 2892 2,
1732 2827 1935 2893 p.163,

333 2919 380 2965 et
406 2928 454 2964 ο.
489 2912 545 2975 5,
577 2931 631 2982 p.
665 2913 799 2980 £64;
835 2914 1011 2980 Varr.,
1047 2916 1083 2969 ι.
1117 2933 1167 2970 Iv
1192 2917 1256 2971 de
1300 2917 1451 2988 Ling.
1481 2921 1597 2983 lat.,
1632 2939 1683 2989 p.
1720 2921 1811 2989 16;
1839 2924 1939 2975 Ar-

334 3004 479 3069 nob.,
508 3005 546 3059 Ι.
575 3022 647 3070 tv,
682 3025 733 3074 p.
766 3009 900 3071 HS;
934 3009 1152 3063 Dissert.
1181 3011 1236 3063 in
1271 3010 1492 3073 Μίνωα,
1528 3029 1573 3066 c.
1610 3013 1696 3069 16.
1730 3023 1829 3066 art.
1859 3015 1939 3081 5).

407 3098 674 3155 Caeterum
702 3104 948 3168 quamvis
976 3102 1351 3160 Nemestrinus
1373 3120 1675 3170 nemorum,
1710 3114 1762 3160 et
1793 3106 1943 3161 Mon-

343 3192 488 3246 tinus
532 3195 794 3249 montium
839 3195 974 3249 deus
1004 3197 1072 3250 ab
1106 3198 1344 3253 Arnobio
1393 3198 1726 3268 appelletur;
1775 3198 1941 3253 Diana

341 3291 519 3340 tamen
547 3285 742 3340 dicitur
767 3287 835 3342 ab
863 3287 1084 3343 Horatio
1117 3307 1132 3346 :

463 3396 698 3449 Montium
718 3406 881 3451 custos
903 3413 1261 3466 nemorumque
1282 3406 1435 3466 virgo.

949 3463 1276 3526 (Horat.,'lib.
1303 3463 1560 3525 m'Carm.,
1581 3468 1663 3519 od.
1682 3470 1788 3530 22.)

341 3541 561 3599 Faunus
605 3561 738 3602 vero
764 3557 819 3602 et
848 3547 1005 3604 Picus
1033 3551 1172 3620 apud
1199 3550 1449 3606 Ovidium
1481 3555 1592 3608 haec
1621 3555 1689 3609 de
1728 3570 1788 3611 se
1815 3556 1945 3627 ipsis

339 3637 634 3708 praedicant
659 3657 672 3693 :

433 3729 688 3846 Βίοῇὲἓὲ
704 3742 955 3797 agrestes,
984 3743 1038 3785 et
1058 3739 1144 3799 qui
1160 3735 1470 3788 dominemur
1489 3742 1541 3788 in
1565 3739 1680 3790 altis

734 3856 922 3922 (0vid.,
949 3855 1033 3909 lib.
1057 3876 1107 3910 ιιι
1125 3862 1341 3918 Easton.
1368 3863 1459 3924 εὖ,
1487 3877 1599 3927 pag.
1626 3865 1760 3930 532.)

346 3938 455 3995 Sed
483 3940 610 4011 quid
637 3950 805 4005 vetat,
839 3943 1131 4012 quominus
1162 3943 1327 4000 Diana
1359 3963 1637 4002 nemorum
1666 3959 1868 4017 custos,
1897 3957 1951 4004 et

343 4033 720 4090 Nemestrinus
767 4052 953 4093 eorum
985 4037 1122 4093 deus
1165 4055 1192 4091 a
1238 4040 1530 4110 gentilibus
1574 4043 1735 4096 stultc
1764 4043 1951 4098 crede-

344 4129 698 4197 retur?Quid
745 4133 906 4187 etiam
963 4134 1214 4202 prohibet
1270 4137 1560 4205 quominus
1606 4138 1820 4193 Faunus
1863 4148 1953 4195 aut

347 4223 513 4280 Picus
543 4225 706 4281 iidem
733 4225 952 4287 fuerint.
979 4242 1044 4282 ac
1075 4228 1364 4294 Montinus,
1384 4228 1616 4285 diversis
1647 4233 1953 4287 nominibus

347 4317 636 4386 appellati?
669 4318 744 4374 De
773 4319 854 4373 bis
881 4334 1042 4390 porro
1072 4320 1175 4375 diis
1204 4322 1447 4387 consule,
1470 4322 1512 4375 si
1559 4323 1714 4387 velis,
1744 4321 1956 4377 Tertul-

351 4409 900 4476 lianum,Giraldum,
920 4423 971 4467 et
996 4411 1270 4469 Vossium.
1301 4413 1566 4486 (Tertull.,
1597 4416 1634 4469 l.
1666 4416 1728 4468 de
1752 4415 1954 4487 Spect.,

353 4519 401 4559 c.
433 4504 488 4567 8,
519 4522 571 4572 p.
606 4503 711 4560 93:
741 4502 968 4568 (κνοω,
1006 4505 1144 4560 Hist.
1191 4507 1358 4571 deor.,
1396 4517 1650 4578 sgnlagm.
1688 4509 1738 4572 1,
1767 4523 1821 4579 p.
1852 4509 1954 4575 89;

368 4598 535 4667 Vasa,
571 4600 608 4654 l.
642 4617 676 4654 v
704 4599 767 4652 de
819 4598 998 4654 Theol.
1033 4610 1194 4672 gent.,
1219 4617 1266 4657 ε.
1301 4602 1387 4670 l8,
1417 4620 1469 4669 p.
1502 4603 1570 4657 89
1593 4613 1637 4656 et
1659 4601 1824 4674 seqq.)

2030 1979 2116 2035 ubi
2145 1989 2286 2035 tanta
2319 1991 2404 2036 est
2429 1981 2737 2037 lictitiomm
2769 1982 2992 2036 deorum
3022 1980 3346 2035 multitudo?

2101 2073 2467 2144 Opinabantur
2505 2088 2762 2146 prieterea
2809 2075 3038 2145 gentiles
3083 2073 3442 2128 Limentinum
3495 2085 3635 2127 esse

2033 2168 2319 2239 praisidem
2351 2171 2612 2236 liminum,
2642 2179 2696 2224 et
2724 2184 2912 2224 eorum
2940 2169 3240 2223 custodiam
3270 2167 3433 2221 Lima:
3459 2164 3640 2219 adtri-

2033 2263 2214 2317 butum
2245 2280 2259 2315 :
2295 2262 2402 2316 Sed
2437 2282 2454 2314 ι
2490 2263 2610 2333 quis
2651 2263 2856 2328 credat,
2891 2281 2910 2314 ι
2942 2261 3108 2331 arguit
3153 2257 3453 2322 Arnobius,
3489 2276 3506 2308 ι
3542 2255 3643 2310 Li-

2035 2356 2355 2420 mentinum,
2391 2356 2512 2426 quis
2554 2355 2760 2409 Limam
2801 2354 3098 2410 custodiam
3141 2352 3382 2408 liminum
3413 2366 3638 2421 gerere,

2036 2456 2090 2502 et
2118 2447 2413 2515 janitorum
2442 2446 2616 2502 officia
2649 2448 2938 2512 sustinere,
2965 2461 3088 2502 cum
3118 2446 3362 2500 fanorum
3392 2443 3648 2514 quotidie

2037 2539 2322 2593 videamus
2344 2549 2396 2593 et
2421 2540 2755 2609 privatarum
2783 2539 3066 2593 domorum
3097 2535 3331 2591 convelli
3353 2545 3407 2591 et
3425 2535 3645 2600 subrui,

2038 2646 2143 2684 nec
2180 2632 2297 2684 sine
2340 2631 2421 2684 bis
2459 2645 2581 2686 esse
2613 2631 2909 2702 ﬂagitiosos
2945 2629 3010 2683 ad
3053 2625 3329 2698 lupanaria
3363 2639 3652 2679 commea-

2042 2724 2166 2776 tus?
2198 2743 2215 2774 ι
2250 2723 2492 2794 (Arnob.,
2526 2724 2611 2778 lib.
2649 2739 2722 2789 tv,
2766 2740 2886 2794 pag.
2931 2720 3082 2789 152.)
3125 2720 3294 2788 llujus
3333 2729 3510 2771 autem
3552 2716 3657 2770 Li-

2040 2815 2265 2868 mentini
2297 2815 2420 2867 alibi
2455 2815 2723 2869 Arnobius
2754 2812 2947 2885 (Idem,
2977 2812 3064 2866 lib.
3099 2827 3136 2878 ι,
3171 2828 3291 2881 pag.
3323 2809 3434 2878 15),
3461 2818 3516 2862 et
3543 2810 3658 2862 ali-

2041 2908 2164 2960 cubi
2193 2905 2497 2977 Cyprianus
2529 2908 2822 2963 meminere
2846 2906 3142 2978 (Cyprium,
3180 2905 3243 2957 de
3271 2902 3399 2956 idol.
3441 2899 3655 2968 νηδύι,

2045 3016 2098 3065 p.
2122 3000 2225 3066 l5).
2245 3001 2485 3067 Quodam
2505 3015 2634 3055 vero
2647 2999 2964 3053 Tertulliani
2987 2999 3037 3052 in
3055 2997 3213 3061 libro,
3231 2996 3426 3067 ubique
3441 2995 3658 3066 passim

2045 3093 2234 3146 mutilo
2263 3105 2316 3148 et
2343 3095 2546 3148 lacunis
2577 3094 2780 3158 hiante,
2808 3094 2920 3146 haec
2951 3092 3201 3162 legimus,
3232 3091 3426 3175 quibus
3455 3100 3660 3144 tamen

2046 3189 2280 3240 aueloris
2336 3190 2505 3242 nostri
2564 3188 2702 3241 dicta
2764 3188 2894 3242 satis
2947 3196 3135 3256 aperte
3201 3185 3658 3239 conﬁrmantur:

1968 3281 2012 3342 C
2051 3297 2070 3329 ς
2106 3280 2278 3334 Taceo
2317 3281 2448 3335 deos
2489 3281 2772 3335 Forcnlum
2805 3295 2832 3332 a
2864 3279 3088 3345 foribus,
3120 3289 3173 3332 et
3221 3278 3638 3333 Cardeam......

2051 3374 2228 3437 nibus,
2274 3383 2327 3428 et
2376 3375 2618 3427 liminmn
2663 3374 3046 3437 Limentinam,
3089 3372 3204 3427 sive
3243 3374 3330 3442 qui
3372 3373 3459 3427 alii
3505 3373 3666 3427 inter

2047 3467 2257 3522 vicinos
2287 3483 2446 3537 ap....
2483 3483 2608 3521 num
2636 3467 2930 3536 janitorum
2967 3466 3284 3521 adorantur.
3324 3465 3463 3534 Quid
3500 3470 3663 3522 enim

2049 3576 2325 3628 magnum,
2361 3576 2483 3615 cum
2514 3570 2568 3615 et
2595 3560 2829 3614 habeant
2861 3562 2911 3614 in
2943 3559 3317 3629 lupanaribus,
3346 3561 3397 3615 in
3429 3558 3662 3627 culinis,

2049 3667 2101 3712 et
2153 3657 2202 3710 in
2236 3657 2343 3710 imo
2371 3670 2610 3711 carcere.
2645 3676 2662 3708 ι
2696 3654 3055 3726 (Tertullian.,
3090 3654 3180 3708 lib.
3215 3670 3251 3708 ll
3288 3655 3356 3708 ad
3398 3652 3664 3723 Nation.,

2049 3768 2166 3821 cap.
2200 3751 2287 3814 15,
2325 3767 2444 3822 pag.
2479 3750 2592 3818 78.)
2624 3751 2680 3805 In
2710 3751 2815 3804 alio
2840 3764 3054 3820 quoque
3083 3749 3222 3803 libro
3257 3749 3569 3819 perfectiori
3604 3761 3665 3805 et

2049 3843 2260 3912 integro
2291 3844 2508 3911 scripsit
2534 3859 2546 3894 :
2582 3859 2600 3893 ‹
2636 3839 2781 3896 Certi
2815 3856 2936 3896 esse
2961 3840 3241 3906 debemus,
3278 3842 3320 3895 si
3349 3856 3487 3912 quos
3516 3840 3669 3897 latet

2050 3950 2147 4006 per
2190 3935 2546 4006 ignorantiam
2598 3935 2913 3988 litteratura:
2950 3934 3248 4000 sa'cularis,
3279 3935 3439 3989 etiam
3481 3935 3667 3990 ostio—

2053 4043 2169 4082 rum
2220 4027 2352 4081 deos
2402 4027 2545 4095 apud
2597 4026 2888 4086 Romanos.
2939 4025 3202 4080 Cardeam
3253 4041 3280 4078 a
3332 4025 3669 4081 Cardinibus

2051 4119 2398 4189 appellatam.
2431 4131 2484 4174 et
2513 4119 2800 4173 Forculum
2831 4135 2858 4172 a
2890 4118 3115 4186 foribus,
3145 4131 3195 4175 et
3227 4119 3596 4175 Limentinum
3633 4136 3666 4175 a

2054 4214 2262 4276 limine.
2304 4225 2359 4270 et
2400 4215 2572 4283 ipsum
2613 4213 2805 4268 Janum
2837 4228 2866 4266 a
2897 4212 3099 4276 lanna;
3142 4221 3194 4266 et
3234 4213 3416 4282 utique
3452 4213 3669 4268 scimus

2055 4306 2183 4361 licet
2219 4307 2434 4360 nomina
2479 4305 2656 4359 inania
2702 4313 2861 4377 atque
2903 4303 3130 4359 conﬁcta
3163 4304 3288 4368 sint,
3321 4318 3442 4358 cum
3475 4312 3665 4358 tamen

2057 4400 2109 4454 in
2147 4399 2585 4469 superstitionem
2625 4397 2983 4459 deducuntur,
3021 4411 3213 4465 rapere
3253 4395 3318 4448 ad
3353 4409 3413 4449 se
3453 4395 3668 4450 daemo-

2057 4493 2169 4556 nia,
2201 4503 2255 4546 et
2280 4507 2497 4546 omnem
2531 4490 2776 4558 Spiritum
2807 4490 3139 4543 immundum
3171 4505 3264 4555 per
3290 4490 3670 4543 consecratio-

2059 4589 2142 4642 nis
2171 4587 2612 4657 obligamentum.
2647 4605 2666 4638 ι
2695 4584 2889 4654 (Idem,
2922 4585 3010 4639 lib.
3041 4584 3105 4639 de
3139 4582 3354 4648 Μοίρι,
3384 4599 3502 4652 cap.
3540 4582 3667 4652 15.)

427 4691 511 4746 Ab
535 4690 650 4759 ipso
677 4691 852 4746 adhuc
901 4667 1125 4747 auctore
1173 4667 1381 4756 nostro,
1411 4667 1864 4762 άυθτηηάιηεέιιιίπ,
1895 4694 1962 4749 ab
1986 4667 2038 4727 D
2067 4677 2392 4733 Eorumdem
2425 4679 2636 4732 illormn
2667 4679 2892 4732 deorum
2925 4676 3167 4731 meminit
3197 4674 3548 4744 Augustinus.
3578 4685 3668 4728 at-

359 4787 660 4854 Augustino
710 4786 1000 4841 irridentur
1039 4786 1273 4852 ethnici,
1324 4789 1414 4857 qui
1463 4788 1772 4844 Melloniam
1805 4789 1957 4844 deam

363 4877 544 4933 mellis
582 4877 904 4933 conl‘eCtioni
938 4881 1131 4949 pra‘llci
1178 4882 1595 4935 somniaveram.
1625 4881 1785 4946 Quasi
1830 4896 1960 4936 vero

364 4972 484 5028 sine
513 4972 599 5024 illa
645 4973 747 5026 mel
780 4973 970 5029 conﬁci
1022 4990 1315 5043 numquam
1367 4976 1670 5042 potuisset?
1699 4976 1958 5044 Quocirca

366 5064 436 5121 dc
465 5064 664 5121 Judreis
705 5076 851 5122 recte
895 5067 1266 5138 Augustinus:
1307 5086 1327 5120 ι
1363 5067 1490 5124 Sine
1532 5068 1776 5138 Segetia,
1820 5091 1839 5123 ι
1877 5071 1961 5124 in-

369 5159 504 5229 quit,
534 5177 553 5210 i
590 5169 820 5230 segetes.
854 5160 973 5214 sine
1005 5161 1220 5216 Bnbona
1265 5163 1458 5226 boves,
1488 5163 1642 5217 mella
1685 5163 1802 5218 sine
1833 5163 1965 5234 Mel-

370 5252 518 5318 Iona,
547 5267 705 5323 poma
736 5255 853 5307 sine
877 5253 1130 5320 Pomora,
1159 5263 1212 5309 et
1243 5270 1466 5324 prorsus
1491 5257 1689 5319 omnia,
1725 5271 1822 5326 pro
1847 5256 1967 5326 qui-

373 5346 474 5400 bus
504 5356 662 5401 tanta:
691 5344 949 5401 falsorum
969 5347 1191 5403 deorum
1225 5350 1392 5404 turbae
1414 5348 1639 5402 Rontani
1668 5349 1971 5418 supplican-

373 5439 502 5491 dum
539 5449 884 5508 putaverunt,
917 5441 985 5494 ab
1019 5456 1124 5494 uno
1159 5457 1289 5497 vero
1330 5441 1442 5495 Deo
1496 5440 1701 5496 felicius
1749 5457 1973 5497 accepe-

377 5541 503 5585 runt
529 5550 547 5582 ι
583 5531 824 5605 (Arnob.,
859 5532 898 5586 ι.
931 5548 1003 5596 tv,
1044 5552 1096 5603 p.
1132 5534 1262 5599 131;
1299 5536 1538 5605 August,
1570 5535 1608 5587 ι.
1639 5550 1671 5586 v
1713 5534 1774 5588 de
1798 5532 1973 5601 Civit.,

376 5637 425 5676 ε.
454 5624 630 5691 1.5.3).
664 5626 789 5690 tu)

453 5716 589 5783 Quid
623 5734 779 5785 vero,
810 5724 951 5792 quod
980 5722 1178 5778 ethnici
1212 5723 1345 5776 alios
1391 5722 1524 5777 deos
1551 5723 1757 5776 viarum
1779 5762 1794 5787 ,
1835 5722 1979 5776 limi-

385 5825 534 5874 num,
569 5823 624 5866 et
653 5816 916 5870 ostiorum
950 5817 1234 5887 praefectos
1264 5818 1555 5871 commenti
1588 5815 1836 5869 fuerant?
1863 5814 1980 5870 Non

389 5905 533 5960 enim
581 5909 699 5964 sine
749 5910 920 5968 ironia
957 5920 1013 5968 et
1063 5910 1438 5982 objurgatione
1486 5911 1621 5968 dixit
1669 5909 1985 5967 Arnobius:

2065 4787 2168 4836 que
2199 4773 2267 4825 ab
2305 4771 2534 4825 ethnicis
2565 4771 2705 4825 haud
2737 4769 2950 4840 illcpide
2990 4777 3140 4839 rogat
3178 4782 3274 4822 cur
3312 4766 3581 4823 Forculus
3611 4777 3672 4822 et

2068 4866 2404 4921 Limentinus
2434 4866 2507 4919 dii
2537 4866 2754 4918 masculi
2785 4865 3048 4929 dicantur,
3072 4863 3277 4917 Cardea
3301 4875 3430 4916 vero
3457 4860 3670 4916 femina

2065 4961 2266 5018 cardini
2314 4961 2597 5030 praesideat
2638 4961 2905 5030 (Augusl.,
2945 4957 3032 5012 lib.
3068 4973 3117 5011 tv
3147 4957 3210 5011 de
3249 4954 3426 5015 Civit.,
3455 4971 3575 5026 cap.
3609 4958 3670 5020 8,

2065 5076 2183 5130 pag.
2214 5060 2314 5122 94;
2346 5069 2389 5113 et
2422 5059 2510 5112 lib.
2535 5075 2604 5124 vr,
2638 5075 2752 5126 cap.
2788 5058 2840 5121 '7,
2874 5073 2990 5126 pag.
3026 5051 3172 5123 155).
3199 5049 3464 5120 Nnntquid
3498 5050 3667 5106 etiam

2068 5153 2237 5207 sancti
2269 5152 2342 5206 illi
2374 5152 2443 5206 dii
2483 5151 2816 5218 lupanarium
2869 5148 3136 5204 liminibus
3188 5159 3244 5200 et
3284 5143 3489 5208 foribus
3531 5159 3675 5213 prie-

2071 5247 2252 5316 positi,
2283 5260 2374 5297 eas
2406 5243 2694 5298 luxuriosis
2720 5259 2780 5296 ac
2811 5240 3107 5295 libidinosis
3134 5235 3486 5307 aperiebant?

2145 5339 2359 5408 Optime
2393 5339 2630 5408 quidem,
2665 5338 2891 5406 inquies.
2932 5335 3036 5390 Sed
3085 5333 3226 5387 nulla
3270 5330 3373 5384 illis
3422 5329 3678 5384 omnibus

2076 5433 2130 5488 in
2154 5433 2282 5486 loci~
2308 5432 2494 5496 Lim-r,
2523 5432 2591 5483 ab
2615 5430 2856 5484 Arnobio
2884 5427 3187 5497 appellatae.
3223 5423 3446 5478 mentio.
3465 5422 3674 5490 Quam-

2076 5527 2262 5582 obrem
2305 5526 2644 5594 suspicantur
2684 5532 2994 5592 corruptum
3038 5535 3159 5574 esse
3201 5519 3301 5573 hoc
3341 5531 3562 5579 nomen,
3614 5531 3684 5571 ac

2083 5636 2180 5689 pro
2213 5636 2278 5675 eo
2318 5618 2697 5683 Limentinam,
2740 5629 2828 5670 aut
2869 5617 3083 5680 Janum,
3131 5625 3222 5667 aut
3261 5610 3447 5665 Janam
3489 5609 3684 5676 legen-

2083 5713 2233 5769 dtnn.
2275 5713 2411 5780 Quid
2453 5713 2496 5766 si
2545 5713 2812 5781 legeretur
2850 5708 3078 5774 Cardea,
3109 5707 3177 5761 de
3221 5719 3321 5772 qua
3367 5702 3612 5772 proxime
3655 5718 3687 5755 n

2086 5806 2240 5862 nobis
2266 5807 2408 5859 citati
2448 5813 2694 5858 auctores
2717 5845 2730 5866 ,
2768 5813 2858 5856 aut
2893 5802 3090 5864 Carna,
3122 5786 3196 5851 de
3218 5811 3321 5867 qua
3363 5795 3514 5865 plura
3557 5792 3692 5848 Ovi-

2089 5901 2208 5956 dius
2236 5900 2429 5956 cecinit
2459 5897 2666 5970 (0vid.,
2698 5895 2784 5951 lib.
2815 5912 2864 5949 vl
2911 5894 3144 5958 Fastor.,
3176 5889 3298 5962 ἐξ,
3333 5905 3452 5959 pag.
3486 5886 3594 5942 653
3641 5895 3694 5940 et
