3872 6338
1415 344 1481 402 ΙΝ
1520 343 1896 419 ARNOBIUM,
1939 351 2096 409 CAP.
2137 351 2275 412 XIII.

3350 368 3458 428 546

164 447 318 522 δαιὴῖ
359 449 468 506 Sed
508 464 631 507 cum
675 452 920 509 inﬁnitus
958 454 1138 521 fuerit,
1181 462 1238 510 ιιι
1273 456 1473 518 dictum
1514 470 1618 528 est,
1653 463 1754 517 hu-
1783 478 1835 536 Α
1860 467 2172 524 suadebitur
2214 471 2369 526 deam
2412 487 2533 530 esse
2563 474 2876 545 Pecuniam,
2913 493 3072 549 quam
3109 491 3289 539 tamen
3320 486 3458 540 velut

161 540 450 610 juscemodi
493 543 718 600 deorum
765 562 1046 614 numerus,
1086 547 1211 616 quid
1253 550 1306 604 in
1345 553 1566 607 Aruobii
1609 561 1756 609 textu

165 633 417 702 scriptum
448 633 629 702 fuerit,
664 636 894 693 delinire
923 653 1026 693 non
1059 641 1339 695 audemus.
1373 642 1439 697 Et
1468 658 1599 700 sane
1625 646 1754 701 Ser-

164 728 272 780 vius
303 726 502 783 alicubi
530 730 780 785 observat
803 732 962 787 limeu
992 731 1167 788 Vestae
1196 732 1359 789 fuisse
1384 748 1755 794 consecratum

166 820 361 889 (Serm,
388 823 444 877 in
472 823 563 878 lib.
597 840 649 878 v1
678 823 922 892 .Eneid.,
955 844 1074 899 pag.
1107 829 1256 899 414).

227 916 400 989 Magis
426 933 555 974 vero
575 930 826 989 corrupta
854 923 1104 978 videmur
1123 923 1508 995 subsequentia
1528 926 1756 985 Arnobii

163 1010 316 1067 verba
355 1029 370 1066 :
405 1032 425 1064 ι
464 1013 597 1080 Quis
635 1024 914 1071 curatores
967 1017 1344 1088 obliquitatum
1395 1021 1596 1086 Limos,
1638 1040 1657 1073 ›
1703 1023 1755 1076 in

167 1106 528 1175 manuscripto
547 1108 713 1178 regio,
734 1126 754 1159 ‹
776 1106 1007 1162 Lemons
1029 1128 1047 1160 ι
1070 1111 1301 1179 pessime
1318 1110 1557 1183 (Aruob.,
1575 1115 1665 1168 lib.
1683 1131 1756 1181 tv,

166 1215 272 1269 pag.
309 1196 462 1270 132).
497 1198 631 1267 Quia
662 1215 790 1256 vero
817 1201 966 1256 solus
994 1201 1082 1256 hic
1111 1203 1265 1257 nobis
1291 1215 1538 1272 superest
1565 1207 1756 1261 horum

163 1289 412 1344 librorum
440 1291 838 1361 manuscriptus
856 1295 1051 1359 codex,
1075 1294 1144 1349 ab
1167 1296 1571 1366 imperitissimo
1597 1299 1758 1354 libra-

165 1380 237 1436 rio
275 1382 606 1455 descriptus,
649 1401 770 1455 qua:
807 1386 879 1441 sit
920 1401 1045 1442 vera
1084 1389 1320 1445 auctoris
1359 1395 1527 1447 nostri
1572 1394 1754 1462 lectio,

166 1473 296 1531 dictu
335 1477 740 1534 difﬁcillimum.
778 1479 942 1536 Nobis
986 1491 1162 1538 tamen
1201 1483 1341 1541 haud
1377 1503 1522 1558 mgre
1562 1490 1760 1560 proba-

166 1580 302 1624 retur
337 1571 705 1642 repouendam
736 1586 859 1629 esse
898 1589 1085 1631 vocem
1129 1575 1409 1638 Lemures.
1452 1574 1520 1636 de
1564 1583 1759 1647 quibus

167 1661 256 1716 nos
288 1662 440 1730 alibi,
483 1675 536 1717 et
575 1663 798 1720 Ovidius
835 1667 947 1735 jam
991 1683 1021 1720 ο
1065 1669 1220 1724 nobis
1262 1671 1509 1726 laudatus
1551 1672 1755 1746 (0vid.,

167 1752 246 1808 lib.
283 1771 318 1808 v
357 1753 596 1822 Faucia,
631 1757 660 1829 ς
699 1759 752 1825 5,
793 1777 914 1831 pag.
957 1761 1065 1816 652
1101 1772 1148 1815 et
1183 1773 1336 1835 seq)
1374 1765 1760 1824 Verumtamen

167 1837 258 1904 nisi
300 1852 525 1908 alterius
574 1856 919 1910 correctioris
977 1857 1178 1913 codicis
1225 1875 1330 1929 ope
1380 1861 1571 1932 adjuti,
1623 1864 1754 1919 nihil
1785 1877 1816 1938 ι

166 1941 327 1998 adhuc
355 1959 418 2000 ea
447 1945 516 1999 de
547 1961 604 2000 re
631 1947 767 2002 certi
795 1947 998 2019 aliquid
1025 1951 1189 2004 statui
1220 1967 1382 2021 posse
1411 1955 1757 2011 arbitramur.

168 2034 417 2108 Quidquid
461 2039 550 2101 sit.
594 2041 737 2110 quis,
784 2041 1037 2108 obsecro,
1083 2044 1366 2115 ingenuus,
1410 2046 1762 2120 liberalisque

170 2130 316 2185 homo
347 2131 572 2202 hujusce
597 2133 682 2188 dei
710 2149 907 2189 munus
931 2135 1084 2190 obire
1111 2153 1362 2208 umquam
1391 2140 1593 2194 vellet?

229 2221 410 2294 Neque
447 2223 612 2278 etiam
654 2225 895 2281 Aruohio
941 2227 1254 2285 credibilius
1297 2229 1531 2296 videtur,
1570 2249 1590 2283 ι
1628 2231 1763 2288 deos

168 2312 379 2371 Lucrios
423 2317 698 2372 lucrorum
752 2320 1226 2376 consccutionibus
1268 2322 1593 2392 praesidere;
1638 2340 1760 2380 cum

169 2422 224 2462 ex
251 2409 494 2479 turpibus
520 2411 698 2466 causis
722 2410 1161 2482 frequentissime
1185 2415 1422 2482 veniant,
1455 2427 1509 2470 et
1533 2415 1762 2472 aliorum

168 2517 370 2572 semper
407 2502 706 2572 dispendiis
741 2502 1011 2561 constent.
1045 2526 1062 2559 ι
1093 2506 1192 2575 Qui
1226 2518 1409 2565 autem
1453 2509 1653 2566 fuerint
1686 2511 1764 2567 illi

169 2591 254 2658 dii,
283 2595 329 2649 si
360 2594 500 2651 scire
528 2612 711 2663 aveas,
757 2598 827 2652 ah
868 2600 1031 2654 Suida
1074 2601 1321 2670 accipere
1363 2603 1585 2671 poteris.
1628 2602 1761 2658 Nam

168 2686 400 2763 stipes...
433 2689 607 2760 inquit
634 2689 872 2759 (Suidas,
922 2691 990 2745 ad
1035 2693 1239 2747 verbum
1281 2693 1557 2770 Κερδῶος),
1589 2698 1699 2757 θεὸς
1736 2696 1762 2752 ὁ

166 2777 342 2855 Ἐρμῆς
394 2783 461 2842 ὡς
515 2781 731 2859 κέρδους
776 2786 1040 2846 ποιητικὸς
1098 2789 1188 2841 καὶ
1245 2784 1454 2861 ἄγγελον
1506 2788 1559 2844 δὲ
1610 2792 1764 2845 αὐτὸν

168 2873 387 2932 καλοῦσι.
415 2877 496 2927 καὶ
529 2875 710 2929 κλῶπα
737 2917 749 2939 ,
780 2873 859 2930 διὸ
890 2880 978 2930 καὶ
1004 2879 1323 2956 μάρσυππον
1351 2880 1508 2936 αὐτὸν
1551 2888 1764 2939 ποιοῦσι

171 2965 451 3031 ϐαστάζειν,
483 2971 571 3021 καί
605 2966 783 3043 ἔφορον
816 2972 970 3025 αὐτὸν
997 2977 1091 3025 τοῦ
1114 2971 1286 3046 λόγου,
1324 2977 1412 3027 καὶ
1435 2984 1528 3036 τῆς
1555 2975 1760 3042 κλοπῆς,

167 3066 244 3116 καὶ
267 3063 542 3134 ἐμπολείων
568 3104 583 3127 ,
609 3064 764 3137 ἤγουν
795 3063 1008 3141 κέρδους
1044 3064 1242 3140 ἑέρορον.
1281 3065 1611 3133 ρηωδιυοδαε
1642 3071 1766 3125 deus

172 3151 465 3220 Mercurius,
514 3164 571 3208 ut
617 3154 748 3208 lucri
776 3158 878 3210 sive
908 3165 1131 3226 quastus
1173 3156 1405 3224 effector.
1441 3158 1579 3224 Quin
1611 3163 1765 3217 etiam

168 3246 331 3316 ipsum
359 3249 558 3320 faciunt
595 3257 795 3321 gestare
829 3251 1174 3321 marsupium,
1206 3263 1251 3304 et
1289 3253 1455 3322 ipsum
1487 3257 1754 3319 orationis,
1789 3266 1834 3329 C

171 3337 310 3408 furti,
342 3350 385 3394 et
409 3351 730 3403 mercatum.
761 3342 817 3395 id
846 3351 941 3406 est,
973 3353 1199 3412 quantus
1232 3350 1588 3415 inspectorem.
1621 3348 1734 3414 Qua

172 3443 378 3502 propter
400 3432 696 3504 Gregorius
725 3434 1096 3491 Nazianzenus
1137 3437 1190 3491 in
1234 3437 1503 3494 Juliauum
1532 3441 1763 3512 Aposta-

175 3535 272 3580 tam
299 3528 406 3583 haec
426 3529 617 3584 scribit
641 3545 654 3582 :
686 3547 704 3580 ι
735 3531 954 3596 Quoties
977 3531 1226 3586 Lucrium
1249 3540 1423 3600 tuum,
1443 3545 1496 3590 et
1516 3536 1760 3607 Logimn,

175 3630 225 3673 et
253 3620 598 3692 Eua‘gmtittm
630 3622 863 3679 intueor.
898 3626 1084 3679 ocuios
1115 3627 1330 3697 olitego,
1366 3642 1428 3682 ac
1473 3630 1766 3698 spectaculi

174 3709 363 3780 pudore
388 3714 544 3769 deum
579 3723 725 3768 tuum
750 3726 1035 3786 praetereo.
1070 3736 1089 3771 ι
1121 3716 1299 3788 (Greg.
1333 3718 1500 3790 Naz.,
1525 3732 1660 3778 orat.
1691 3741 1760 3790 tv,

173 3803 463 3868 iuJulian.,
494 3824 614 3878 pag.
660 3806 815 3878 309.)
857 3807 1027 3876 Quem
1073 3810 1128 3864 in
1175 3811 1349 3865 locum
1401 3812 1607 3870 Nonius
1651 3817 1766 3872 haec

176 3899 505 3956 observavit:
542 3920 560 3952 ‹
599 3901 854 3957 Lucrium
895 3903 1054 3958 deum
1095 3903 1416 3961 Mercurium
1463 3908 1638 3964 Gra‘ci
1673 3926 1769 3966 vo-

176 4001 310 4055 cant,
344 4000 400 4047 ut
428 3993 564 4048 lucri
589 4003 888 4052 auctorem.
917 3993 1073 4052 Unde
1102 3997 1262 4052 etiam
1291 4001 1529 4055 comicus
1560 4001 1768 4058 Aristo-

178 4085 369 4154 phanes
397 4088 450 4143 iu
481 4088 640 4143 Pluto
673 4088 1016 4156 addubitans,
1061 4109 1168 4162 quo
1209 4095 1430 4149 nomine
1469 4095 1767 4153 Mercurius

176 4181 510 4250 appellandus
537 4184 627 4250 sit,
659 4184 992 4251 Statuamus,
1022 4185 1216 4257 inquit,
1248 4189 1543 4259 ἐμπολαῖον,
1575 4189 1628 4246 id
1659 4201 1764 4260 est,

177 4285 398 4343 quzrstus
423 4289 478 4333 et
510 4278 642 4332 lucri
673 4277 979 4347 prmsidem.
1018 4297 1037 4331 ι

246 4368 352 4424 Νοη
382 4371 557 4426 solum
589 4381 770 4428 autem
803 4372 1126 4428 Mercurium
1159 4374 1317 4430 deum
1347 4377 1599 4433 Lucrium
1629 4379 1764 4436 Gre-

180 4465 348 4531 gorius
376 4481 572 4522 vocare
603 4466 842 4534 videtur,
883 4467 977 4523 sed
1019 4470 1179 4524 etiam
1222 4470 1551 4540 Apollinem.
1590 4473 1764 4544 Supe-

182 4557 303 4612 riori
331 4560 522 4617 etenim
558 4562 609 4616 iu
639 4561 883 4617 oratione
911 4563 999 4618 ille
1021 4563 1230 4620 dixerat
1259 4583 1270 4618 :
1303 4586 1322 4618 ‹
1351 4566 1632 4634 Quomodo
1664 4570 1767 4624 Lu-

1862 563 2139 614 mazimum
2171 579 2378 632 numen,
2415 568 2485 620 uti
2519 568 2759 638 loquitur
2789 571 3082 639 Arnobius,
3113 574 3457 633 ethnicorum

1856 651 2083 706 indicant
2125 654 2306 710 littera:
2334 655 2574 729 (Arnob.,
2608 660 2698 715 lib.
2731 677 2806 727 tv,
2841 681 2962 733 pag.
2996 666 3144 737 I32).
3180 667 3460 740 Frequens

1857 756 2036 800 autem
2064 751 2298 802 occurrit
2330 751 2488 820 hujus
2516 751 2632 807 dere
2661 754 2803 824 apud
2843 757 3199 828 Augustinum
3229 761 3456 839 mentio.

1858 834 2131 893 Certiores
2162 854 2292 894 vero
2322 857 2422 896 nos
2450 842 2578 898 facit
2612 859 2732 900 eam
2770 846 2840 902 ab
2873 849 3103 904 ethnicis
3130 834 3458 919 invocatam,

1861 938 1916 982 ut
1947 940 2132 985 essent
2163 933 2466 1001 pecuniosi,
2494 945 2547 989 et
2570 936 2716 992 illam
2743 954 2864 1005 quae
2886 939 2954 996 ab
2984 941 3096 1010 ipsa
3123 941 3241 998 dari
3264 943 3462 1001 frustra

1859 1023 2271 1090 ominabantur,
2305 1030 2587 1097 pecuniam
2625 1031 2937 1090 obtinerent
2979 1037 3253 1108 (August,
3283 1040 3372 1095 lib.
3409 1055 3461 1094 tv

1861 1114 1923 1168 de
1976 1112 2109 1181 Civ.,
2157 1135 2273 1188 cap.
2307 1118 2413 1185 20,
2447 1140 2568 1193 pag.
2618 1124 2742 1193 105,
2775 1135 2824 1180 et
2864 1143 2983 1199 cap.
3025 1128 3118 1196 24,
3158 1148 3279 1205 pag.
3323 1133 3456 1203 106;

1858 1205 1946 1260 lib.
1976 1223 2071 1278 vn,
2104 1226 2222 1279 cap.
2254 1212 2308 1279 3,
2340 1229 2461 1285 pag.
2491 1213 2643 1285 165).

1931 1299 2144 1356 Scimus
2188 1305 2405 1373 quidem
2441 1323 2472 1361 a
2506 1307 2771 1367 Juvenale
2807 1312 3084 1370 decantari
3124 1316 3334 1373 nullum
3366 1334 3465 1376 suo

1860 1400 2104 1463 tempore
2136 1409 2506 1456 constructum
2549 1402 2802 1460 Pecuniae
2850 1408 3135 1480 templum,
3182 1413 3466 1482 nullasque

1860 1489 2094 1542 nunnnis
2133 1505 2254 1546 aras
2299 1494 2500 1562 positas
2537 1494 2722 1555 fuisse.
2763 1499 3009 1558 Vidimus
3035 1505 3318 1562 enimvero
3341 1505 3461 1564 hac

1861 1579 2004 1636 illius
2034 1586 2274 1640 carmina
2301 1603 2314 1640 :

2261 1700 2367 1773 Etsi
2391 1700 2589 1773 funesta
2613 1707 2832 1760 Pecunia
2858 1711 3043 1773 templo

1954 1758 2176 1812 Nondum
2201 1763 2408 1824 habitas,
2435 1767 2595 1818 nullas
2618 1758 3282 1828 nutumorumiesstruxlmus
3304 1791 3434 1830 aras.

2388 1847 2610 1912 (lavem,
2636 1859 2791 1918 satyr.
2817 1855 2836 1905 1
2895 1868 3017 1907 vers.
3039 1858 3126 1910 111
3147 1866 3192 1909 et
3214 1861 3372 1925 seqq.)

1865 1945 1970 2002 Sed
2002 1948 2052 2003 id
2082 1965 2186 2005 non
2213 1953 2511 2023 prohibuit,
2542 1960 2671 2027 quin
2707 1971 2833 2038 ante
2869 1964 3092 2019 Aruohii
3124 1975 3337 2038 tempus
3365 1968 3469 2024 Pe-

1864 2039 2020 2093 cunia
2050 2041 2119 2093 ab
2149 2043 2381 2101 ethnicis
2413 2049 2706 2105 haberetur
2735 2052 2857 2117 dea,
2893 2065 3056 2124 atque
3083 2059 3152 2113 ab
3181 2059 3315 2114 lucri
3345 2062 3467 2116 avi-

1864 2130 1970 2196 dis,
2001 2142 2055 2187 et
2081 2139 2475 2207 appeleutibus,
2512 2142 2626 2198 sive
2655 2145 2707 2197 iu
2739 2145 2921 2216 aliquo
2948 2148 3065 2220 ejus
3098 2151 3322 2223 templo,
3352 2153 3470 2212 sive

1864 2224 1990 2279 alibi
2036 2227 2400 2288 iuVocaretur.
2441 2233 2576 2291 Vide
2618 2247 2797 2294 autem
2841 2249 3016 2296 utrum
3049 2245 3100 2298 in
3145 2246 3306 2316 huius
3337 2261 3466 2303 sen-

1866 2317 2046 2372 teutire
2105 2322 2567 2382 confirmationem
2615 2331 2843 2400 proferri
2892 2336 3102 2405 possint
3159 2337 3276 2396 haec
3333 2340 3468 2413 Epi-

1864 2408 2069 2465 charmi
2100 2413 2258 2468 citata
2287 2432 2316 2470 a
2347 2417 2564 2474 Stobazo
2593 2426 2831 2480 carmina
2860 2444 2872 2481 :

2054 2529 2133 2599 ἐγὼ
2167 2537 2202 2579 δ’
2225 2543 2406 2583 braca»
2426 2550 2622 2598 χρησίμους
2644 2545 2734 2590 sint
2755 2553 2856 2599 θιοὺς
2875 2569 2892 2599 τ

2051 2597 2098 2638 Τ
2118 2602 2282 2654 ἂρτὺριον
2304 2597 2502 2656 ἠμῶνίίαὶ
2522 2597 2566 2650 ab
2584 2615 2743 2663 χρυσίον.

2053 2693 2347 2775 ggoautem
2374 2701 2496 2752 deos
2519 2705 2665 2757 utiles
2689 2719 2803 2757 esse
2827 2711 3057 2775 arbitror.

2053 2757 2329 2820 Argentum
2357 2776 2573 2815 nostrum
2602 2777 2652 2818 et
2674 2757 2866 2822 aurum.

2057 2822 2342 2887 (Strebaeus,
2367 2840 2518 2880 smn.
2543 2829 2622 2892 89,
2651 2831 2715 2881 de
2742 2835 2905 2887 Laude
2929 2833 3087 2898 divit.,
3111 2853 3223 2908 pag.
3243 2843 3381 2907 535.)

1865 2922 2130 2994 Quidquid
2157 2941 2334 2986 autem
2361 2933 2426 2988 de
2451 2934 2534 2988 his
2566 2938 2809 2993 versibus
2835 2945 3171 3010 pronunties.
3198 2950 3319 3017 quis
3338 2965 3464 3005 cum

1866 3018 2106 3074 Arnobio
2159 3032 2343 3078 uestro
2396 3042 2501 3080 non
2553 3030 2811 3086 fatebitur
2866 3051 3195 3094 memoratos
3233 3056 3263 3095 a
3313 3045 3472 3100 nobis

1867 3107 2000 3164 deos
2039 3126 2104 3166 eo
2151 3114 2267 3183 ipso
2310 3117 2551 3187 refutari,
2595 3137 2704 3192 quo
2744 3123 2892 3194 vilia,
2940 3137 2996 3184 et
3040 3131 3213 3202 turpia
3262 3133 3475 3194 illorum

1867 3200 2042 3256 ofﬁcia
2083 3207 2475 3265 nominantur?

2482 3341 2776 3385 ARTICULUS
2814 3347 2887 3386 γι.

1864 3424 2268 3512 De‘aliisdiisalc
2291 3436 2496 3509 deabus,
2522 3456 2646 3512 quos
2669 3445 2928 3512 hominum
2944 3453 3082 3502 vitiis
3106 3463 3160 3507 et
3191 3427 3311 3509 aliis.
3327 3462 3484 3512 rebus

1935 3506 2154 3582 praeesse
2182 3499 2362 3582 ethnici
2386 3499 2697 3582 asperfhant,
2726 3511 2807 3557 ubi
2829 3499 3160 3582 gela—verna.

1937 3561 2813 3645 si.ffg'ﬂ'.'.'11ﬂurﬁ'93t9‘i3’93"?!”
2839 3561 3484 3645 Mittiariiihip'iééﬁiiisb’;

1935 3622 2311 3702 Effer-lica
2328 3661 2356 3702 ,‘
2370 3625 2640 3702 I’lertuuda,
2663 3632 2842 3702 'I‘U_li.l_lo
2861 3672 2874 3694 ,
2903 3622 3010 3702 sive

1931 3680 2695 3774 atascaussam.
2729 3680 2965 3774 enim

1933 3739 2223 3826 grpgu‘aLet
2257 3739 2435 3826 Naepia
2464 3739 2957 3826 ettfeniitafijiitéﬁ,
2981 3739 3238 3818 A'S'ii‘ié'r’i

2115 3807 2258 3887 ibus,
2271 3812 2314 3887 ul
2319 3813 2349 3887 1i
2371 3815 2520 3862 etiam
2538 3815 2603 3865 de
2627 3822 2803 3870 scortis
2817 3807 3248 3887 m’éiticiriis'fﬁééé

1931 3870 2016 3928 tia,
2048 3867 2212 3929 Flora,
2242 3881 2293 3922 et
2318 3872 2515 3925 Letena.

1939 3972 2151 4030 Nemini
2180 3993 2312 4034 sane
2333 3986 2678 4051 quantumvis
2712 4005 2898 4058 parum
2925 4008 3082 4065 inquo
3110 4013 3292 4055 rerum
3318 4004 3483 4059 aesti-

1867 4068 2082 4134 matori,
2115 4071 2161 4125 si
2199 4087 2319 4142 qua:
2362 4084 2540 4131 tamen
2579 4091 2743 4135 reetaa
2781 4083 3005 4142 rationis
3044 4091 3276 4148 scintilla
3308 4098 3356 4151 ci
3385 4113 3481 4152 su-

1869 4161 2057 4228 persit,
2097 4163 2389 4236 quidquam
2423 4184 2647 4239 prorsus
2675 4175 2947 4234 videbitur
2976 4197 3005 4233 a
3041 4182 3219 4240 divina
3261 4199 3479 4259 natura,

1863 4251 2094 4321 justitia,
2127 4266 2182 4311 et
2211 4261 2498 4316 sanctitate
2536 4266 2706 4334 magis
2734 4269 2993 4339 alienum,
3027 4290 3189 4344 quam
3218 4277 3353 4337 deos
3381 4283 3484 4338 lin-

1866 4362 1996 4417 gere
2033 4347 2308 4406 hominum
2344 4354 2487 4409 vitiis
2529 4373 2634 4412 non
2680 4361 2844 4417 modo
2885 4366 3150 4434 faventes,
3191 4371 3286 4425 sed
3316 4375 3481 4432 etiam

1868 4442 2176 4512 praefectos.
2213 4446 2372 4502 Tales
2404 4450 2760 4509 nihilominus
2798 4457 2953 4524 deos,
2987 4477 3086 4516 nec
3118 4479 3318 4533 paucos
3363 4471 3484 4539 qui-

1867 4534 1990 4589 dem
2019 4537 2220 4593 ethnici
2254 4542 2385 4594 mira
2412 4543 2570 4611 plane
2602 4561 2701 4602 nec
2731 4549 2864 4603 satis
2897 4567 3145 4622 umquam
3175 4557 3481 4618 damnanda

181 4650 316 4704 crius
357 4653 486 4724 ipsis
533 4655 914 4719 constituetur,
959 4665 1012 4711 et
1052 4658 1301 4712 sacculus
1345 4659 1669 4728 proferetur,
1712 4671 1761 4718 et

1891 4633 2146 4700 mpietate
2175 4638 2466 4691 commenti
2499 4649 2645 4694 sunt.
2671 4640 3034 4709 Quamobrem
3061 4647 3352 4720 Gregorius
3374 4655 3482 4711 Na-

181 4741 324 4799 furax
364 4747 448 4802 dei
498 4747 579 4801 vis
627 4757 786 4818 atque
833 4748 1058 4804 facultas
1105 4751 1485 4819 honorabitur;
1533 4755 1770 4826 illudque

181 4837 330 4893 etiam
366 4880 378 4894 .
416 4841 544 4896 Sine
591 4857 700 4897 :Pre
745 4842 1002 4898 Ph:ebum
1054 4845 1274 4901 minime
1317 4848 1617 4915 vaticinari,
1668 4867 1770 4908 nec

182 4929 330 4985 obolo
362 4933 652 5006 quidquam
693 4950 816 4991 esse
856 4938 1235 5007 pra-stantius?
1268 4940 1359 4995 lla:
1395 4943 1537 4996 enim
1579 4960 1769 5014 graves

181 5035 348 5078 eorum
382 5041 443 5080 ac
484 5028 809 5082 venerandae
837 5039 961 5083 sunt
989 5032 1293 5086 sententiae.
1329 5053 1348 5085 ι
1381 5034 1562 5105 (Greg.
1603 5036 1765 5100 Ναπ.ν

180 5103 304 5171 orat.
330 5119 377 5176 δ,
405 5120 454 5172 in
485 5118 717 5186 Iuliam,
746 5139 864 5193 pag.
895 5122 1048 5195 262.)
1082 5125 1210 5180 lude
1239 5126 1399 5181 etiam
1429 5103 1608 5184 unum
1632 5130 1764 5187 illud

182 5209 310 5278 apud
336 5210 548 5267 Grzecos
578 5211 866 5269 iambicum
900 5231 1116 5273 carmen
1149 5237 1162 5274 :

349 5339 476 5377 Ανωοι
499 5339 634 5390 lauari:
657 5340 792 5386 Φοῖϐος
816 5341 856 5378 οὗ
879 5342 1111 5389 tiu-nminat.

267 5407 450 5474 Absque
473 5425 574 5461 aere
601 5411 770 5462 Phoebi
797 5423 928 5464 muta
953 5423 1066 5464 sunt
1090 5416 1301 5466 oracula.

183 5505 337 5568 Porro
366 5525 536 5572 autem
577 5528 760 5574 monet
795 5535 893 5573 nos
919 5521 1174 5577 Giraldus
1200 5523 1508 5592 Apollinem
1545 5537 1648 5576 non
1681 5539 1765 5578 se-

185 5617 271 5657 Cus
307 5621 359 5660 ac
389 5608 704 5665 Mercurium
737 5611 984 5688 Κερδῶον,
1019 5613 1274 5668 Lucrium
1306 5631 1399 5669 seu
1443 5614 1766 5669 Lucrioucm

185 5697 248 5750 ab
297 5701 509 5757 ethnicis
565 5708 938 5771 coguominari
987 5706 1240 5779 (Girald.,
1272 5708 1410 5764 "ist.
1457 5710 1598 5763 deor.
1645 5727 1768 5781 syn-

187 5795 332 5858 lagut.
363 5793 413 5858 7,
440 5814 562 5868 pag.
593 5797 742 5868 218).

259 5883 426 5956 Longe
449 5907 576 5950 vero
603 5893 878 5954 difﬁcilius
907 5897 1134 5956 cordate
1160 5898 1384 5958 cuilibet
1412 5899 1613 5958 homini
1645 5916 1769 5974 pcr-

1869 4729 2160 4786 ziauzeuus
2203 4733 2321 4787 illos
2361 4736 2442 4789 his
2482 4741 2774 4809 compellat
2817 4745 3066 4803 versibus
3096 4747 3276 4823 (Greg.
3313 4751 3476 4820 Nar...

1872 4833 1993 4878 tom.
2027 4841 2085 4890 ιι,
2118 4843 2279 4882 carm.
2314 4829 2401 4894 61,
2437 4849 2556 4903 pag.
2594 4833 2762 4907 142):

2027 4939 2167 5017 ᾇλλους
2188 4949 2211 4990 8
2217 4955 2226 4968 ⁵
2247 4948 2328 4992 εἴη’
2350 4952 2497 4995 ἄλλοισι
2517 4964 2642 5005 male
2662 4963 2721 5000 ἐπὶ
2742 4964 2873 5014 κάρτος
2893 4965 3038 5017 ἔχοντα(
3059 4997 3071 5014 ,

2025 5005 2076 5069 ές
2096 5018 2144 5062 μὴ
2168 5021 2299 5064 μοῦνον
2324 5014 2449 5056 dum
2472 5020 2570 5057 ἅπαν
2593 5025 2718 5069 sua...
2741 5005 2838 5064 ﬂaui
2948 5005 3076 5069 ισοίῶ

2027 5067 2200 5125 ἐμμένει,
2213 5082 2259 5124 ὡς
2283 5081 2328 5130 ῥᾷ
2347 5086 2426 5130 Qui}
2444 5067 2715 5134 “lapicidinas,
2737 5089 2776 5133 ὃς
2799 5085 2881 5127 τόδ’
2901 5091 3009 5130 iuet.

1962 5143 2070 5225 Ipsa
2095 5161 2292 5225 quoque.
2311 5150 2508 5225 infanda
2532 5161 2739 5225 sacratis
2771 5163 2962 5225 numina
2989 5175 3132 5225 noxa,

1966 5207 2128 5281 ῥιψιὸ
2147 5209 2264 5281 aliis
2282 5211 2427 5281 alium
2459 5217 2589 5264 vitiis
2613 5222 2692 5277 qui
2722 5207 3132 5281 praesit,
3153 5241 3165 5274 :

1966 5222 2128 5317 Atque
2155 5222 2264 5259 ants
2282 5222 2427 5260 altum
2459 5222 2589 5264 vitiis
2613 5222 2692 5277 qui
2722 5223 2906 5281 praesit,
2934 5222 3128 5276 habetis
3153 5241 3165 5274 :

1961 5270 2039 5350 ξς)
2064 5275 2238 5350 icetut
2257 5274 2443 5350 crimen
2460 5285 2775 5350 uolitantum
2803 5285 2996 5350 vindice
3022 5302 3168 5350 pcrna

2063 5348 2283 5415 vacuum,
2309 5337 2397 5385 sed
2415 5347 2476 5415 ιρι
2500 5342 2720 5415 obtineat
2758 5334 3346 5415 laudemiqudFEusque,

1960 5394 2022 5445 Et
2044 5405 2236 5458 gratum
2259 5394 2613 5465 acceptumque
2637 5403 2763 5466 Deo,
2792 5394 3383 5475 cultuim'qde'ab‘eo'dle'm.

1870 5519 1976 5576 Sed
2013 5521 2290 5579 audiamus
2321 5526 2618 5584 Aruobium
2654 5541 2897 5587 nostrum
2931 5536 3029 5592 hos
3057 5539 3289 5598 infames
3319 5545 3472 5615 deos,

1871 5622 1926 5668 et
1953 5614 2289 5682 turpissimus
2332 5633 2517 5672 eorum
2565 5624 2918 5690 prmlecturas
2965 5642 3325 5689 enarrauti-m.
3373 5639 3478 5694 Re-

1875 5707 2409 5779 tmntiarunt,inquit,
2441 5731 2460 5762 ‹
2494 5713 2790 5769 Lavernam
2817 5718 2972 5774 deam
3005 5734 3052 5778 et
3089 5728 3370 5796 prirsidem
3395 5730 3477 5787 fu-

1873 5814 1992 5854 rum
2051 5820 2069 5851 ι
2105 5801 2346 5871 (Aruob.,
2377 5805 2465 5859 lib.
2494 5821 2570 5871 Ill,
2617 5825 2735 5877 pag.
2785 5811 2911 5883 H5)
2958 5831 3022 5874 ac
3067 5819 3357 5891 latronum,
3392 5837 3476 5880 ιιι-

1874 5908 1979 5963 quc
2000 5908 2189 5948 eorum
2221 5896 2471 5970 maxime,
2498 5901 2956 5970 quemadmodum
2987 5912 3054 5968 ab
3079 5914 3196 5974 aliis
3224 5918 3474 5979 observa-
