3872 6352
322 308 324 310 ’
343 314 448 380 $47

1588 278 2036 372 DlSSEitTATlO
2074 308 2352 370 psmn

3524 317 3638 374 διε

341 453 452 498 tum
490 451 592 510 est,
631 442 720 512 qui
763 440 898 497 clam
937 438 1252 510 occulteque
1287 422 1928 492 furabantur.’Te~tatum
1957 439 2011 499 Α
2035 447 2184 486 cesse
2211 441 2517 488 autemnon
2544 443 2627 490 est
2652 432 2739 490 hic
2767 450 2886 493 cum
2911 439 3148 494 Arnobio
3173 448 3362 493 nostro
3392 436 3636 510 (Amat,

339 533 602 605 siquidem
645 534 803 588 nobis
847 532 1014 587 Varro
1047 530 1176 586 facit
1215 530 1398 584 Romae
1435 534 1732 580 extructam
1770 523 1932 580 fuisse

336 624 461 681 huic
506 621 762 680 Lavernaa
803 625 918 680 dem
967 641 1137 689 aram,
1179 640 1242 676 ex
1289 637 1390 691 qua
1423 619 1736 674 Laverualis
1779 629 1930 688 porta

335 732 532 772 nomen
568 719 776 788 accepit
807 715 1015 785 (Varr.,
1041 717 1127 770 lib.
1161 713 1307 768 iv-de
1331 711 1483 784 Ling.
1514 712 1628 773 lat,
1663 727 1779 782 pag.
1814 708 1926 776 40).

332 796 695 875 Quod'autem
727 807 874 865 fures
901 805 997 874 illi,
1029 817 1297 874 tamquam
1331 821 1440 859 sua:
1468 802 1682 874 prarsidi
1723 802 1928 873 suppli-

331 916 536 973 carent,
569 905 795 976 probant
822 905 935 959 haec
963 899 1163 956 Horatii
1190 900 1434 954 carmina
1464 919 1476 953 :

1223 991 1429 1041 Pulchra
1453 989 1673 1040 Laverna
1694 1027 1708 1050 ,

424 1059 500 1111 Da
525 1061 641 1110 mihi
659 1058 848 1113 fallere,
869 1057 930 1106 da
950 1057 1133 1119 justum
1146 1055 1478 1119 sanctumque
1506 1054 1660 1119 videri
1682 1092 1693 1113 ,

424 1124 624 1174 Noctem
652 1123 880 1185 peccatis.
909 1115 965 1170 et
983 1115 1237 1168 fraudibus
1259 1115 1420 1180 ohjice
1447 1117 1645 1165 nubem.

701 1207 919 1266 (Horat,
945 1201 1025 1254 lib.
1053 1218 1087 1263 t,
1111 1200 1249 1268 epist.
1274 1202 1350 1261 16,
1375 1214 1498 1253 vers.
1525 1201 1586 1249 60
1610 1206 1657 1251 et
1676 1197 1833 1264 seqq.)

329 1311 487 1367 Plura
521 1312 702 1366 videre
741 1308 944 1380 poteris
983 1307 1123 1377 apud
1159 1306 1397 1371 Festum,
1433 1305 1662 1359 Nonium
1693 1301 1922 1376 Marcelf

329 1405 461 1468 lum,
508 1415 561 1457 et
603 1403 798 1457 Lilium
842 1400 1116 1459 Giraldum
1163 1398 1327 1467 (Fest.
1374 1408 1419 1451 et
1461 1397 1628 1460 Nam,
1670 1395 1738 1448 ad
1776 1394 1924 1447 verba

327 1496 699 1552 LAVEBNIONES
720 1505 766 1549 et
793 1494 1094 1558 LAVEBNS;
1121 1491 1348 1556 Girald.,
1368 1502 1572 1561 syntag.
1597 1489 1650 1554 1,
1678 1504 1796 1560 pag.
1827 1486 1918 1551 50;

324 1592 536 1653 Arnob.,
569 1592 653 1644 lib.
691 1605 762 1653 tv,
794 1605 916 1659 pag.
950 1583 1099 1658 132).

396 1683 507 1738 Nec
538 1683 728 1737 tninori
764 1681 1034 1748 impietate
1063 1678 1224 1733 iidem
1250 1677 1448 1731 ethnici
1479 1675 1788 1737 Murcidam,
1818 1673 1919 1728 La-

323 1760 504 1829 veinae
553 1772 692 1827 haud
741 1773 904 1827 dubie
953 1772 1277 1840 Oppositam,
1325 1771 1577 1840 segnium,
1628 1768 1784 1822 sicuti
1837 1767 1916 1821 eis

322 1867 450 1921 vitio
487 1868 758 1922 Arnobius
797 1865 972 1927 vertit.
1006 1851 1159 1919 deam
1194 1862 1558 1918 venditabant.
1593 1861 1724 1916 Tam
1767 1862 1909 1914 insa-

322 1976 450 2014 num
506 1975 638 2015 vero
683 1958 927 2022 humana:
971 1956 1365 2027 superstitionis
1413 1964 1777 2010 commentum
1827 1954 1915 2007 ille

322 2069 427 2108 non
459 2052 796 2122 excogitavit.
840 2052 1032 2106 Narrat
1070 2051 1352 2120 siquidem,
1395 2061 1447 2103 et
1489 2051 1646 2119 plane
1690 2049 1916 2102 miratur

320 2146 648 2215 Augustinus
673 2147 877 2214 publica
909 2161 938 2198 a
968 2145 1244 2209 Romanis,
1275 2145 1362 2212 qui
1396 2142 1621 2213 singulis
1650 2158 1786 2213 pene
1814 2141 1912 2196 ho-

321 2239 521 2291 minum
550 2239 785 2292 motibus
817 2237 946 2290 deos
975 2237 1218 2306 singulos
1245 2235 1641 2301 adtribuehaut,
1673 2236 1912 2288 instituta

317 2329 480 2385 fuisse
529 2345 679 2385 sacra
727 2331 842 2384 dere
899 2329 1128 2394 Marciae,
1161 2348 1180 2380 t
1214 2345 1334 2398 quae
1376 2339 1571 2397 praeter
1615 2328 1852 2391 modum,
1889 2345 1907 2378 ι

319 2424 476 2478 verba
519 2425 634 2493 ejus
675 2434 820 2484 sunt,
866 2443 883 2474 (
923 2439 1030 2476 non
1066 2432 1324 2484 moveret,
1369 2431 1461 2476 aut
1501 2421 1702 2476 faceret
1736 2421 1880 2475 homi

317 2534 476 2581 ncm,
525 2529 582 2572 ut
624 2520 696 2573 ait
745 2519 1089 2586 Pomponius,
1135 2517 1466 2578 murcidum,
1517 2516 1565 2568 id
1604 2525 1708 2581 est,
1753 2515 1910 2568 nitnis

315 2613 680 2680 desidiosum,
727 2622 782 2667 et
830 2613 1187 2664 inactttosum.
1233 2628 1251 2660 ι
1294 2608 1560 2680 (August,
1607 2608 1696 2662 lib.
1743 2623 1795 2661 tv
1847 2608 1909 2661 de

317 2707 490 2771 (Iivit.,
517 2723 632 2777 cap.
664 2706 754 2771 16,
781 2721 900 2776 pag.
932 2703 1075 2765 100.)
1105 2700 1280 2757 Testis
1300 2718 1426 2756 vero
1451 2701 1601 2755 nobis
1624 2712 1706 2755 est
1730 2699 1911 2753 Livius

316 2801 522 2854 Ancum
555 2799 822 2862 Martium,
853 2799 1117 2867 superatis
1147 2796 1368 2858 Latinis,
1395 2797 1483 2865 qui
1515 2810 1635 2848 eum
1667 2793 1908 2848 desidem

318 2894 678 2946 Romanorum
721 2907 901 2962 regem
942 2891 1366 2960 appellaverant,
1399 2889 1625 2942 Ruinam
1662 2888 1904 2944 rediisse.

313 2986 449 3038 'l‘um
479 2984 672 3038 deinde
694 2982 895 3037 addidit
923 3001 934 3036 :
968 3001 985 3032 ε
1023 2981 1200 3034 Multis
1235 2981 1542 3034 Latinorum
1566 2979 1616 3033 in
1639 2979 1906 3035 civitatem

312 3077 568 3146 acceptis,
615 3075 809 3145 quibus
853 3085 912 3129 ut
951 3074 1267 3143 iungeretur
1309 3071 1516 3128 Palatio
1562 3073 1906 3136 Aventinum,

310 3170 376 3224 ad
413 3170 623 3223 Murcia:
652 3169 792 3221 datio
819 3167 997 3220 sedes.
1033 3185 1051 3217 ι
1081 3165 1218 3228 (Liv.
1247 3166 1336 3218 lib.
1370 3182 1405 3228 ι,
1443 3163 1469 3234 §
1498 3164 1567 3220 32
1598 3175 1642 3216 et
1672 3164 1788 3232 55.)

383 3261 630 3317 Aliumne
672 3269 861 3313 testem
905 3257 1083 3311 adhuc
1123 3254 1443 3310 desideras?
1485 3255 1563 3308 En
1596 3255 1748 3307 adest
1780 3254 1911 3308 Ter.

313 3357 588 3421 tollianus,
609 3355 702 3425 qui
730 3354 904 3408 eidem
927 3353 1042 3408 dea:
1064 3351 1233 3406 aedem
1258 3351 1578 3404 a-dilicatam
1608 3354 1771 3404 luisse
1798 3366 1911 3405 me-

312 3459 488 3505 morat
519 3468 531 3502 :
571 3465 590 3500 ‹
622 3448 856 3510 Consus,
898 3466 916 3499 ι
954 3446 1143 3516 inquit,
1183 3464 1202 3496 ί
1239 3445 1378 3514 apud
1423 3457 1592 3498 metas
1627 3445 1728 3496 sub
1769 3455 1908 3498 terra

309 3543 574 3599 delitescit
608 3540 838 3597 Murcias
875 3559 889 3592 :
933 3541 1026 3593 has
1065 3554 1279 3609 quoque
1327 3537 1525 3592 idolum
1569 3535 1715 3591 fecit.
1763 3537 1908 3590 Mur-

311 3640 446 3692 ciam
484 3638 626 3691 enim
673 3636 825 3689 deam
869 3633 1130 3688 marcor-is
1170 3631 1378 3696 volunt,
1417 3633 1500 3685 cui
1539 3630 1592 3684 in
1631 3631 1720 3684 illa
1760 3642 1910 3698 parte

312 3731 481 3785 tndem
523 3744 743 3783 vovere.
780 3747 798 3780 ι
837 3726 1104 3799 (Tertull.,
1159 3726 1247 3779 lib.
1282 3727 1345 3778 de
1372 3725 1635 3793 Spectac.,
1686 3741 1802 3795 cap.
1847 3722 1903 3790 8,

313 3840 432 3893 pag.
461 3821 577 3891 95.)
605 3820 715 3875 Nos
754 3820 969 3889 quidem
997 3834 1102 3872 non
1128 3818 1257 3884 fugit
1284 3816 1596 3886 quibusdam
1631 3817 1805 3869 visum
1837 3815 1908 3869 ibi

313 3931 410 3984 pro
440 3914 706 3978 mercaris,
752 3911 1032 3982 legendum
1075 3910 1286 3963 amoris.
1327 3909 1382 3963 In
1427 3910 1662 3963 animum
1709 3909 1908 3978 quippe

311 4008 364 4063 hi
391 4010 490 4063 sibi
517 4009 847 4062 induxerunt
874 4005 1266 4060 Tertulliaunm
1294 4003 1361 4058 de
1388 4003 1594 4057 Venere
1624 4002 1790 4072 loqui,
1822 4000 1908 4056 cui

311 4104 384 4157 uti
421 4102 606 4173 scribit
643 4100 868 4165 Plinius,
908 4101 1140 4169 primum
1181 4099 1418 4169 Myrtete,
1459 4097 1651 4151 deinde
1693 4096 1908 4149 Murcia:

311 4210 506 4250 nomen
532 4193 648 4247 fuit.
686 4192 896 4247 Addere
926 4200 1175 4260 poterant
1207 4191 1364 4258 hujus
1386 4189 1560 4243 adlmc
1590 4204 1617 4240 a
1641 4187 1903 4252 Varrone,

312 4287 634 4345 Plutarcho.
681 4297 734 4340 et
775 4286 891 4340 aliis
944 4285 1057 4340 ﬁeri
1109 4285 1436 4339 mentiOuem
1492 4280 1690 4353 (Plin.,
1739 4281 1826 4336 lib.
1873 4296 1906 4332 ν

314 4379 506 4434 Natur.
561 4380 703 4444 Μαίη
747 4395 862 4444 cap.
908 4378 1008 4443 l9,
1053 4395 1172 4449 pag.
1201 4379 1343 4441 2H;
1387 4375 1562 4441 Varr.,
1607 4375 1695 4430 lib.
1749 4390 1799 4428 tv
1844 4375 1907 4428 de

309 4473 435 4543 (ing.
482 4472 596 4537 lat.,
631 4487 748 4538 pag.
782 4470 852 4526 '57
882 4478 929 4522 et
969 4470 1068 4532 38;
1107 4467 1397 4529 Plutarch.,
1445 4466 1637 4534 Quaest.
1677 4481 1902 4529 romam,

2035 524 2121 577 lib.
2167 540 2260 587 Ill,
2305 540 2425 596 pag.
2475 526 2561 592 15)
2603 527 2876 596 appellare
2918 529 3205 593 Venerem,
3236 531 3403 595 illum,
3438 529 3635 595 inquit,

2035 617 2333 688 cupidinum
2364 629 2594 682 matrem,
2627 620 2932 688 ptwfecmm
2961 623 3234 688 cruoribus,
3261 633 3311 676 et
3340 624 3639 692 cupiditatis

2033 708 2225 762 artiori.
2261 709 2391 778 Quis
2419 710 2560 764 enim
2597 721 2701 778 est,
2733 715 2822 782 qui
2854 715 2969 771 haec
2996 715 3244 787 ignorat?
3271 714 3636 783 Quamobrem

2032 815 2151 853 cum
2191 801 2468 855 Lactantio
2503 801 2684 858 dicere
2717 805 2917 861 sufﬁcit
2945 827 2956 862 :
2988 827 3005 859 ι
3037 806 3173 874 Quid
3207 807 3394 877 loquar
3419 807 3636 865 obsum-

2033 892 2251 947 uitatent
2283 889 2522 958 Veneris,
2549 897 2788 949 omnium
2824 897 3130 953 libidinibus
3169 900 3491 969 prostitutae,
3521 918 3636 957 non

2032 984 2256 1042 deorum
2307 999 2531 1050 tantum,
2576 990 2669 1045 sed
2717 1001 2769 1046 et
2806 991 3229 1048 hominum..."
3269 994 3399 1064 Quae
3437 997 3634 1066 prima,

2031 1083 2161 1135 utin
2217 1082 2433 1136 historia
2481 1100 2630 1138 sacra
2675 1088 3002 1154 continetur,
3045 1101 3215 1145 artem
3267 1092 3636 1147 meretriciam

2031 1172 2278 1236 ilisllltlil,
2334 1185 2627 1244 auctorque
2681 1178 3000 1234 mulieribus
3053 1183 3103 1236 in
3149 1179 3332 1254 Cypro
3383 1181 3502 1250 fuit,
3549 1184 3636 1239 uti

2027 1266 2187 1335 vulgo
2213 1280 2440 1336 corpore
2470 1279 2732 1336 quiestum
2765 1268 3018 1327 facerent.
3049 1272 3202 1340 Quod
3234 1274 3430 1330 idcirco
3459 1276 3637 1345 impe—

2027 1357 2194 1423 ravit;
2229 1373 2295 1411 ne
2322 1360 2432 1411 Sola
2459 1369 2654 1429 praeter
2675 1361 2948 1427 mulieres,
2981 1365 3270 1433 impudica,
3305 1375 3360 1422 et
3385 1367 3632 1421 virorum

2025 1462 2284 1518 appetens
2308 1451 2598 1508 videretur.
2628 1472 2647 1505 ›
2688 1451 2949 1522 (Laetam,
2973 1456 3083 1511 libi
3121 1455 3508 1530 Institut.,cap.
3531 1459 3629 1529 i7,

2023 1559 2142 1612 pag.

2095 1637 2200 1692 Sed
2232 1639 2352 1708 quia
2383 1639 2564 1709 plures
2589 1641 2656 1695 ab
2686 1640 2916 1696 ethnicis
2941 1640 3372 1712 praedicabantur
3392 1642 3638 1711 impudi-

2020 1733 2143 1786 citia
2191 1745 2244 1788 et
2294 1733 2603 1790 libidinibus
2638 1733 3010 1791 famosissima:
3048 1735 3310 1800 Veneres,
3338 1752 3496 1792 unam
3524 1739 3638 1794 im-

1944 1821 1994 1881 B
2021 1824 2206 1894 primis
2254 1825 2539 1891 Arnobius,
2581 1831 2791 1882 caeteris
2832 1843 2962 1883 sane
3009 1831 3270 1898 pejorem,
3322 1830 3404 1885 his
3443 1832 3641 1889 verbis

2020 1916 2360 1971 insectatur:
2398 1937 2414 1968 ι
2456 1917 2698 1974 Etiamne
2745 1918 2984 1976 Militaris
3027 1919 3208 1976 Venus
3255 1924 3642 1979 castrensibus

2021 2008 2209 2077 plagiis
2240 2009 2572 2078 (ms.~codex
2613 2012 2793 2081 regius
2821 2019 2872 2065 et
2916 2020 3002 2064 vet
3052 2012 3182 2067 edit.
3215 2011 3447 2084 ﬂagitiis)
3480 2029 3640 2083 pne-

2020 2099 2179 2167 sidet,
2197 2113 2250 2158 et
2269 2119 2554 2172 puerorum
2578 2089 2797 2174 stupris.
2823 2123 2840 2155 ι
2865 2104 3104 2176 (Arnob,
3122 2106 3211 2160 lib.
3237 2121 3313 2170 tv,
3333 2124 3452 2178 pag.
3470 2109 3572 2165 131
3592 2109 3639 2178 .)

2018 2192 2174 2258 Quid,
2210 2212 2415 2264 qua-so,
2449 2196 2676 2251 ethnicis
2714 2197 2924 2265 majori,
2955 2199 2998 2252 si
3028 2215 3262 2262 unquam
3300 2201 3643 2258 erubescere

2019 2288 2338 2357 poluisst-Itt,
2387 2287 2638 2341 dedecori
2684 2288 2984 2359 probroque
3029 2305 3150 2345 esse
3196 2301 3426 2360 poterat.
3459 2307 3639 2360 quam

2017 2378 2229 2432 infamis
2274 2379 2415 2434 illius
2455 2379 2570 2433 deae
2611 2379 2788 2435 cultus
2823 2392 2870 2434 et
2912 2381 3218 2436 veneratio?
3259 2381 3365 2437 Sed
3407 2385 3642 2453 rogabis

2018 2469 2158 2525 haud
2186 2470 2346 2524 dubie
2373 2486 2490 2540 quae
2521 2471 2682 2525 fuerit
2722 2473 2808 2525 illa
2847 2471 3087 2528 Militaris
3120 2472 3320 2542 Venus,
3353 2474 3502 2544 cujus
3536 2492 3642 2530 ra-

2014 2562 2144 2622 rior.
2180 2579 2338 2632 quam
2375 2563 2601 2617 aliarum
2644 2567 2847 2618 mentio
2880 2564 3015 2619 facta
3045 2578 3147 2621 est.
3180 2565 3298 2620 Non
3329 2567 3495 2624 semel
3539 2578 3639 2624 ta-

2016 2672 2135 2709 men
2170 2655 2458 2709 Pausanias
2490 2653 2712 2710 Veneris
2747 2656 2994 2725 Armatie,
3029 2673 3090 2712 ac
3123 2647 3348 2728 proinde
3379 2657 3643 2718 Militaris

2015 2747 2259 2801 meminit
2290 2745 2570 2818 (Pansam,
2600 2747 2688 2801 lib.
2723 2764 2781 2812 tt,
2811 2766 2930 2819 pag.
2965 2749 3056 2816 48,
3091 2760 3136 2803 et
3168 2750 3238 2804 lib
3289 2766 3367 2810 ιιι,
3396 2769 3515 2824 pug.
3557 2752 3638 2809 97

2013 2851 2058 2892 et
2093 2838 2242 2905 l06),
2275 2848 2432 2908 atque
2481 2839 2627 2893 hisce
2684 2841 3018 2909 potissimum
3072 2842 3252 2896 verbis
3291 2845 3534 2920 ειιύθηρα
3571 2844 3633 2903 δέ

2013 2934 2043 2990 ἡ
2071 2932 2207 2990 πόλις
2232 2931 2477 2987 ἀναϐάντι
2505 2933 2606 2986 ἀπὸ
2633 2929 2898 2992 Σκανδείας
2917 2975 2929 2995 ,
2971 2931 3160 2989 στάδια
3208 2939 3277 2996 ὡς
3314 2933 3455 2991 δεκά·
3482 2939 3544 2992 τὸ
3571 2935 3637 2993 δᾶ

2013 3024 2144 3099 ἱερὸν
2173 3032 2261 3084 τῆς
2291 3026 2543 3100 Οὐρανίας
2570 3024 2873 3098 ἁγιώτατον,
2905 3029 2990 3078 καὶ
3036 3027 3200 3100 ἱερῶν,
3229 3026 3400 3082 ὁπόσα
3440 3025 3638 3106 ’ΔυρρΟο

2013 3115 2152 3174 δὶτης
2217 3114 2343 3190 παρ’
2384 3112 2619 3172 ’Ἕλλησίν
2670 3117 2841 3177 ἕστιν,
2885 3118 3256 3188 ἀρχαιότατον.
3312 3120 3442 3177 αὐτή
3486 3116 3548 3174 δὲ
3603 3123 3639 3181 ἠ

1939 3207 1982 3269 C
2014 3212 2121 3268 θεὸς
2149 3210 2320 3274 ξόανον
2350 3211 2682 3281 ὡπλισμένον.
2713 3209 2754 3262 Α
2786 3210 3021 3265 Scandea
3048 3211 3118 3264 ad
3143 3215 3258 3282 ipsa
3283 3211 3638 3284 (fytherorum

2014 3301 2198 3354 mania
2229 3301 2580 3366 adscenditur,
2614 3303 2836 3380 stadium
2882 3305 3051 3356 decem
3081 3304 3178 3356 via.
3215 3301 3306 3358 Est
3339 3303 3442 3357 illic
3477 3303 3633 3359 Ura-

2011 3396 2111 3446 nia:
2152 3391 2358 3448 Veneris
2386 3393 2652 3461 templum,
2686 3410 2860 3448 eorum
2888 3396 3132 3458 omnium,
3166 3412 3281 3463 qua:
3304 3397 3442 3465 apud
3465 3393 3632 3452 Grc-

2011 3501 2096 3538 cos
2141 3483 2319 3540 Veneri
2349 3488 2518 3538 dicata
2549 3495 2684 3552 sunt,
2717 3487 2936 3540 maxime
2969 3488 3212 3556 priscum.
3247 3485 3374 3542 Dea:
3411 3491 3635 3560 signum

2011 3594 2123 3638 cum
2165 3579 2322 3632 armis
2366 3588 2456 3632 est.
2507 3579 2728 3631 Nonnus
2769 3593 2981 3649 quoque
3024 3577 3248 3650 (Nann.,
3297 3579 3387 3632 lib.
3432 3595 3629 3648 xxxv;

2012 3668 2255 3741 Dionys.,
2298 3686 2427 3723 vers.
2475 3669 2578 3724 175
2608 3678 2657 3723 et
2683 3669 2846 3739 seqq.)
2890 3670 2976 3723 ubi
3005 3667 3270 3725 Venerem
3307 3668 3474 3726 Marte
3517 3687 3631 3742 po-

2013 3763 2293 3819 tentiorem
2320 3764 2462 3818 canit
2490 3781 2502 3816 :

2197 3870 2258 3914 Μὴ
2284 3869 2447 3916 Σπάρτης
2474 3864 2634 3913 hqubi,
2657 3867 2862 3916 μαχῄωνις
2886 3860 2946 3917 ἧχι
2968 3867 3121 3904 πολῖται

2197 3931 2361 3969 Χὰλιιον
2383 3925 2479 3976 ἅδος
2506 3929 2629 3980 ιχουσι
2651 3931 2918 3980 aemulum;
2942 3919 3162 3980 Ᾰφθοδὶτης.

2197 4021 2268 4085 lie
2296 4020 2521 4085 Spartam
2549 4020 2836 4085 ingredere,
2862 4019 3078 4069 bellicosi
3104 4022 3187 4085 ubi
3213 4022 3349 4071 cives

2194 4083 2397 4132 Eucam
2423 4085 2681 4145 imaginem
2705 4083 2887 4131 habent
2908 4091 3105 4132 armata:
3129 4083 3359 4133 Veneris.

2010 4189 2199 4244 Narrat
2238 4201 2414 4244 autem
2455 4190 2764 4244 Lactantius
2806 4189 3074 4258 (Laetam,
3124 4190 3211 4246 lib.
3239 4207 3290 4257 l,
3337 4205 3458 4262 cap.
3513 4191 3617 4258 I9,

2011 4300 2129 4352 pag.
2174 4282 2298 4351 109)
2341 4285 2408 4336 ab
2447 4282 2633 4337 iisdem
2676 4282 2954 4352 Spartanis
2995 4292 3361 4338 constructum
3409 4283 3620 4341 Veneri

2013 4381 2246 4430 Armatae
2276 4375 2480 4440 fanum,
2534 4391 2597 4430 ac
2636 4368 3019 4435 simulacrum,
3069 4377 3120 4429 in
3167 4375 3450 4430 mulierum
3491 4393 3622 4432 me-

2013 4468 2261 4532 moriam,
2293 4484 2412 4537 qua:
2461 4467 2566 4521 illis
2611 4479 2731 4536 post
2772 4467 2981 4537 fugatos
3011 4467 3306 4522 Messenios
3349 4478 3624 4524 venerant

311 4574 431 4616 toni.
464 4579 520 4629 ll,
553 4578 668 4632 pag.
698 4560 850 4630 268).
888 4564 954 4613 At
978 4568 1125 4614 certe
1156 4575 1274 4612 cum
1304 4559 1353 4612 in
1383 4558 1737 4612 emendatiori
1771 4556 1904 4610 Ter-
1932 4577 1983 4644 1)
2011 4563 2247 4624 obviam,
2283 4572 2336 4616 ct
2363 4577 2483 4616 cum
2518 4563 2649 4630 ipsis
2677 4562 3100 4616 concubuerant.
3137 4562 3375 4630 Denique
3407 4563 3476 4616 ab
3505 4562 3626 4619 He-

310 4657 517 4712 tulliani
550 4667 691 4710 textu
725 4654 982 4723 scriptum
1015 4653 1257 4724 legamus
1281 4654 1542 4716 mnrcoris,
1569 4667 1689 4706 eum
1713 4651 1781 4704 de
1809 4666 1903 4703 ea-

310 4751 454 4810 dem,
497 4758 654 4818 atque
696 4750 840 4802 citati
880 4764 907 4800 a
947 4747 1102 4801 nobis
1142 4745 1464 4813 Scriptores.
1521 4743 1753 4798 Mnrcida
1804 4742 1904 4798 (lea

311 4841 708 4910 intelligendum
734 4856 852 4895 esse
880 4841 965 4894 cui
993 4854 1121 4893 vero
1151 4840 1306 4907 plane
1336 4837 1662 4891 simillimum
1690 4851 1795 4890 non
1829 4837 1903 4890 vi-

310 4935 533 4989 deatur?
556 4934 609 4989 Si
638 4933 755 5003 quis
781 4949 941 5003 porro
969 4942 1114 4988 recte
1140 4931 1437 5002 probaverit
1462 4935 1593 4984 hanc
1615 4930 1901 4984 Murcidam

311 5029 548 5100 segnium
593 5029 744 5081 deam
783 5042 889 5080 non
926 5027 1079 5081 aliam
1124 5041 1244 5080 esse
1275 5040 1431 5094 quam
1463 5022 1721 5078 Venerem
1760 5023 1902 5095 Myr-

311 5130 470 5178 team,
514 5135 607 5172 seu
648 5117 920 5181 Murciam,
960 5119 1160 5172 amoris
1196 5117 1312 5172 sive
1351 5119 1604 5170 tuarcttris
1640 5117 1814 5172 deam.
1853 5115 1903 5168 ei

312 5229 497 5268 manus
528 5223 671 5266 tanto
702 5213 965 5267 lubentius
1000 5210 1264 5278 dabimus,
1295 5219 1494 5278 quanto
1532 5211 1652 5264 inde
1681 5210 1903 5264 validius

311 5307 532 5362 Arnobii
558 5307 817 5360 sententia
848 5306 1136 5361 stabilitnr.

382 5400 542 5455 Visne
597 5400 660 5452 ad
718 5400 974 5465 majorem
1029 5397 1362 5451 ethnicorum
1420 5389 1785 5464 ignominiam,
1841 5409 1904 5448 ac

308 5493 689 5562 sempiternum
724 5490 978 5556 dedecus,
1009 5501 1164 5559 atque
1201 5490 1338 5545 adeo
1365 5490 1430 5544 ad
1459 5499 1657 5542 certam
1691 5488 1904 5558 religio-

309 5590 392 5643 nis
413 5602 598 5641 eorum
633 5585 837 5638 ruinam
865 5594 911 5636 et
938 5583 1269 5637 eversionem
1299 5583 1390 5636 tibi
1417 5581 1614 5650 aliquid
1643 5581 1903 5649 proferri?

308 5683 445 5738 Nihil
487 5697 614 5734 sane
657 5678 881 5733 facilius.
927 5677 1132 5730 Prmsto
1173 5677 1432 5747 siquidem
1474 5686 1599 5730 sunt
1638 5675 1694 5740 ii,
1741 5677 1840 5744 qui.
1872 5691 1902 5730 a

311 5777 467 5830 cmcis
493 5776 599 5829 illis
627 5772 917 5844 gentilibus
955 5771 1063 5826 ullo
1095 5771 1210 5825 sine
1239 5773 1434 5825 rubore
1463 5770 1798 5832 colebantur,
1830 5769 1903 5823 dii

310 5868 509 5925 illicitis
543 5883 604 5922 ac
639 5863 961 5936 turpissimis
991 5864 1170 5930 rebus,
1210 5873 1264 5919 et
1301 5863 1442 5918 vitiis
1474 5861 1764 5932 (impositi.
1796 5861 1903 5916 Ne-

2009 4653 2198 4725 sycltio
2212 4665 2540 4707 memoratur
2553 4653 2790 4728 "£71m:
2809 4652 3089 4731 Ἀφροδίτη,
3106 4657 3369 4730 Κυπρίοις.
3391 4652 3438 4706 11
3445 4665 3626 4710 astato

2021 4745 2207 4810 Venus,
2239 4745 2460 4816 Cypriis.
2494 4746 2630 4812 Quid
2673 4759 2800 4799 vero
2832 4755 2936 4798 tam
2972 4734 3126 4812 turpe
3167 4754 3221 4801 et
3269 4747 3620 4816 obscaenum,

2009 4841 2093 4894 cui
2129 4841 2238 4894 haec
2279 4840 2456 4893 Venus
2486 4848 2720 4909 prmesse
2770 4855 2872 4892 non
2903 4839 3254 4894 crederetur?
3282 4838 3410 4895 lore
3447 4839 3624 4909 igitur

2011 4933 2204 4988 merito
2237 4933 2494 4987 Ethnicos
2523 4933 2711 4986 irridet
2741 4932 3042 4998 Arnobius;
3077 4934 3199 5003 quia
3234 4932 3498 4988 Venerem
3532 4934 3625 5006 ip-

2009 5043 2122 5081 sam
2175 5026 2498 5094 tnrpissimis
2552 5027 2826 5080 hominum
2860 5026 3076 5096 ﬂagitiis
3131 5042 3368 5098 praeesse
3411 5028 3621 5098 Opina-

2013 5121 2236 5184 bantur;
2287 5135 2443 5188 quam
2493 5129 2705 5182 tamen,
2761 5119 3048 5174 militarem
3100 5132 3393 5185 armatam,
3446 5130 3624 5190 atque

2014 5211 2298 5276 hastatam,
2339 5212 2505 5264 armis
2531 5210 2983 5276 quemadmodum
3013 5210 3284 5263 amoribus
3311 5220 3364 5264 et
3390 5208 3620 5280 ﬂagitiis

2012 5302 2317 5372 praefectam
2349 5302 2642 5370 praedicare
2675 5317 2736 5355 ac
2764 5301 3009 5356 venerari
3051 5317 3158 5354 non
3186 5301 3612 5358 erubescebant.

2082 5396 2257 5465 Pergit
2289 5396 2555 5449 Arnobius
2584 5395 2818 5464 (Arnob,
2845 5395 2929 5449 lib.
2966 5411 3038 5459 tv,
3066 5411 3186 5465 pag.
3226 5394 3374 5465 131),
3403 5406 3456 5448 et
3487 5411 3622 5449 rur-

2009 5505 2100 5544 sus
2132 5489 2198 5541 ab
2229 5489 2458 5543 ethnicis
2495 5489 2795 5542 sciscitatur
2835 5498 3015 5542 ultum
3048 5487 3192 5540 serio
3219 5485 3440 5540 credant
3469 5485 3617 5542 Per-

2006 5583 2196 5646 sicam,
2244 5580 2570 5635 Pertundam
2612 5590 2666 5634 et
2710 5580 2980 5634 Tutuuum
3034 5580 3117 5644 iis,
3147 5579 3620 5648 quemadmodum

2009 5676 2108 5744 ipsi
2139 5675 2506 5746 divulgahaut,
2551 5683 2604 5728 et
2636 5674 2723 5728 ille
2768 5683 3055 5738 recenset,
3104 5672 3377 5728 obsctenis
3403 5673 3624 5741 praefici

2009 5767 2395 5836 voluptatibus.
2418 5761 2586 5832 Quem
2615 5765 2783 5827 enim,
2808 5766 2908 5819 nisi
2937 5764 3083 5819 omni
3108 5762 3314 5833 pudore
3332 5765 3617 5834 deposito,

2013 5860 2136 5915 talia
2169 5859 2384 5916 numina
2415 5860 2615 5926 colere,
2655 5858 2818 5913 inuno
2847 5859 3030 5915 dicere
3072 5872 3178 5915 non
3220 5858 3450 5929 pudeat?
3487 5857 3613 5921 Nos
