3872 6352
145 346 248 402 555

1399 342 1464 396 IN
1503 338 1877 407 ARNOBIUM,
1918 339 2070 398 CAP.
2117 338 2252 395 XIV.

3367 355 3474 410 55$

152 464 270 516 satis
299 461 501 515 indicat
559 461 808 517 Venerem
852 466 1059 530 propter
1089 459 1275 513 vulnus
1311 467 1469 512 acuta
1499 468 1546 511 et
1583 473 1767 526 magna
1794 457 1849 516 Α
1873 456 2195 526 interfectum
2221 467 2372 507 suum
2401 453 2570 523 ﬁlium
2603 453 2918 524 epulandum
2953 457 3001 512 ei
3026 473 3347 530 apponeret,
3391 468 3474 520 cui

156 573 269 610 race
281 557 618 612 clamantem.
638 562 910 626 narralque
923 553 1359 608 bellicosissimam
1381 551 1434 605 Μ
1438 563 1596 606 artem
1612 553 1767 624 fuisse

156 661 184 696 a
217 643 464 699 Diomede
510 647 568 698 in
611 655 786 698 ventre
832 643 1138 697 sauciatum.
1176 639 1386 695 Polemo
1431 651 1601 694 autem
1641 640 1763 694 dicit

153 736 304 789 etiam
346 736 643 792 Minervam
691 738 848 805 fuisse
898 733 1216 788 vulneratam
1269 733 1331 786 ab
1362 730 1576 804 Ornyto.
1630 728 1764 798 Quin

148 831 303 884 etiam
334 829 614 884 Plutonem
630 830 791 900 fuisse
816 828 1131 882 vulneratum
1149 827 1212 879 ab
1240 824 1462 880 Hercule
1481 828 1634 896 refert
1659 823 1764 877 Ho-

147 939 340 985 merus,
369 924 503 977 sicut
539 922 604 974 de
638 919 765 975 Eleo
794 920 967 991 Augea
1003 925 1162 993 refert
1203 917 1526 989 Panyassis;
1551 918 1636 990 qui
1665 917 1763 970 Ju-

145 1033 334 1071 uonem
361 1033 563 1087 quoque
587 1015 906 1087 conjngalem
941 1014 1102 1083 fuisse
1128 1013 1448 1066 vulneratam
1489 1010 1552 1063 ab
1589 1010 1762 1064 eodem

143 1109 380 1164 Hercule
424 1110 479 1162 in
512 1107 650 1178 Pylo
695 1123 906 1161 arenosa
954 1109 1130 1174 refert.
1164 1104 1400 1159 Sosibius
1441 1113 1608 1156 autem
1638 1101 1761 1154 dicit

150 1204 308 1256 etiam
361 1200 638 1255 Herculem
665 1200 821 1270 fuisse
850 1199 903 1252 in
933 1215 1088 1252 manu
1122 1199 1403 1252 sauciorum
1450 1197 1512 1248 ab
1551 1192 1757 1263 Hippo-

147 1294 426 1348 coantidis.
463 1291 631 1346 Vides
668 1305 798 1344 sane
836 1287 1108 1360 quomodo
1148 1288 1419 1342 Arnobius
1463 1284 1758 1340 Clementis

143 1384 503 1443 Alexandrini
560 1383 818 1449 fontibus,
869 1377 951 1437 u't-
976 1383 1275 1448 Ciceronis,
1320 1381 1388 1435 de
1427 1380 1662 1445 Epicuro
1703 1387 1757 1432 et

140 1480 457 1536 Democrito
506 1477 792 1543 loquentis,
828 1476 1006 1532 verbis
1047 1485 1282 1540 utamur,
1342 1473 1586 1530 hortulos
1628 1486 1756 1526 suos

143 1574 455 1644 irrigaverit
485 1570 696 1645 (Cicer.,
734 1571 823 1624 lib.
855 1586 873 1625 ι
910 1571 973 1624 de
1020 1568 1210 1623 Natur.
1257 1569 1426 1634 deor.,
1470 1584 1590 1639 pag.
1622 1566 1751 1633 212,

149 1670 243 1721 lin.
276 1667 391 1739 μ).
426 1666 765 1723 Manifestum
799 1665 891 1720 tibi
924 1681 1143 1736 quoque
1177 1679 1298 1719 esse
1325 1663 1486 1719 debet
1507 1665 1576 1717 ab
1605 1673 1752 1716 utro-

141 1780 247 1835 que
275 1763 379 1819 hac
404 1761 875 1834 argumentatione
921 1760 1112 1831 hisque
1151 1759 1414 1828 exemplis
1453 1757 1750 1812 evidentis-

1873 545 2114 618 Nyctimo
2147 563 2349 600 nomen.
2387 545 2591 600 Videsis
2609 546 2882 612 Ovidium,
2913 548 3202 621 Hyginum,
3228 564 3284 609 et
3311 557 3475 626 Apol-

1869 633 2115 696 lodorum
2143 642 2209 695 tle
2242 640 2345 696 hoc
2375 649 2430 695 et
2455 640 2578 710 alits
2602 643 2870 711 exemplis
2903 644 3162 700 hactenus
3189 650 3474 704 recensitis

1868 731 2069 801 (Ovid.,
2103 733 2192 786 lib.
2226 748 2244 786 ι
2274 731 2572 797 Haemon,
2606 733 2713 800 fab.
2749 734 2802 798 7,
2835 750 2958 805 pag.
2992 734 3060 788 12
3089 747 3135 790 et
3163 737 3346 808 seqq.)

1936 826 2074 892 Quid
2110 824 2324 880 tandem
2355 825 2500 879 aliud
2529 834 2813 894 supererat
2842 828 2906 880 ad
2945 828 3274 895 probandam
3310 847 3462 887 mor-

1867 920 2024 974 talem
2064 918 2212 973 Jovis
2252 918 2588 988 aliorumque
2633 918 2887 972 falsorum
2924 919 3150 975 deorum
3197 935 3470 985 naturam.

1865 1011 1966 1065 nisi
1994 1013 2216 1066 cuilibet
2245 1011 2550 1082 patefacere
2577 1011 2778 1064 obitatn
2828 1011 2893 1064 ab
2935 1012 3013 1066 eis
3046 1013 3282 1068 humano
3322 1033 3472 1072 more

1865 1115 2118 1167 mortem,
2145 1119 2206 1158 ac
2232 1119 2418 1158 eorum
2454 1103 2649 1158 deinde
2682 1104 3046 1173 sepulturam,
3101 1108 3243 1161 nntle
3282 1109 3466 1164 nullus

1861 1196 1929 1251 ad
1955 1198 2114 1251 vitam
2140 1207 2425 1252 revocatus
2455 1195 2757 1266 est?Atqui
2785 1237 2800 1260 ,
2847 1215 2866 1248 ι
2900 1198 3051 1265 Apud
3074 1199 3304 1254 insulam
3329 1197 3468 1256 Cre-

1864 1299 1991 1352 tam.
2031 1312 2046 1342 ι
2097 1292 2270 1362 inquit
2314 1291 2618 1356 Arnobius,
2681 1310 2698 1341 ι
2737 1293 3031 1358 sepultura:
3078 1310 3200 1348 esse
3247 1295 3471 1348 manda-

1860 1393 1972 1440 tttm
2014 1385 2203 1440 Jovem
2252 1387 2404 1440 nobis
2442 1386 2645 1441 editum
2696 1385 2926 1440 traditur
2976 1389 3218 1450 (Arnob..
3262 1389 3354 1443 lib.
3381 1405 3464 1453 tv,

1860 1496 1979 1550 pag.
2005 1477 2153 1549 144).
2185 1498 2204 1529 ι
2251 1481 2294 1534 A
2325 1495 2432 1551 quo
2464 1490 2643 1534 autem
2671 1479 2726 1535 id
2758 1480 3011 1534 traditum
3045 1485 3149 1550 sit,
3193 1486 3369 1543 disces
3399 1505 3468 1546 ex

1857 1571 2138 1628 Clemente
2160 1572 2552 1638 Alexandrino,
2584 1573 2738 1643 cujus
2763 1575 2987 1652 vesngia
3018 1575 3112 1632 ille
3135 1594 3319 1634 rursus
3350 1598 3468 1649 pro-

1855 1664 2119 1735 sequitur.
2169 1663 2304 1718 Nam
2356 1667 2472 1719 bam
2516 1666 2629 1732 ipsa
2658 1677 2782 1718 sunt
2826 1681 3002 1736 grtcca
3049 1669 3292 1736 ejusdem
3339 1671 3464 1728 Cle-

1857 1758 2052 1812 mentis
2100 1756 2263 1812 verba
2289 1755 2543 1827 (Clemens
2572 1756 2888 1820 Alexandr.,
2915 1759 3180 1815 Admonit.
3201 1764 3269 1814 ad
3299 1774 3463 1833 gent.,

143 1858 281 1912 sime
330 1856 531 1912 confici
582 1855 701 1910 illos
749 1869 847 1910 nec
893 1854 1025 1909 deos
1069 1868 1212 1920 esse,
1242 1867 1341 1907 nec
1388 1851 1740 1916 immortales,

1886 1867 1969 1922 ag.
1997 1849 2128 1919 242)
2174 1868 2186 1902 :
2236 1855 2382 1909 Ζήτει
2430 1872 2526 1906 σου
2571 1851 2654 1906 τὸν
2694 1852 2784 1904 Δία
2805 1892 2820 1914 ,
2851 1855 2922 1922 μὴ
2951 1851 3036 1908 τὸν
3064 1854 3276 1929 οὐρανὸν
3297 1896 3313 1918 ,
3342 1856 3469 1911 ἀλλὰ

142 1967 376 2022 quorutn
409 1951 632 2005 vulnera
665 1964 763 2004 nec
785 1950 900 2005 sine
925 1948 1209 2020 sanguine,
1240 1957 1294 2004 et
1322 1945 1467 2017 quod
1495 1961 1561 2000 eo
1593 1945 1745 2014 pejus

143 2055 244 2109 est,
275 2045 433 2099 sanie
459 2053 516 2098 et
541 2043 890 2112 corruptione
917 2043 1004 2097 vix
1041 2057 1291 2111 umquam
1321 2055 1443 2095 esse
1471 2046 1744 2109 poterant,

143 2152 239 2192 nec
269 2135 394 2191 sine
437 2135 844 2191 medicamentis
890 2136 1086 2189 sanari.
1147 2134 1256 2188 Nos
1303 2145 1483 2188 autem
1533 2132 1601 2186 de
1651 2133 1746 2186 bo-

141 2243 325 2284 rumce
352 2229 577 2284 deorum
609 2228 922 2282 vulneribus
953 2227 1080 2281 alibi
1104 2226 1480 2288 disseruimus,
1515 2225 1583 2280 de
1609 2224 1744 2279 Mar-

143 2321 222 2386 lis,
273 2321 484 2376 scilicet
533 2330 586 2375 et
617 2318 844 2374 Veneris
875 2319 1043 2390 plagis
1094 2321 1146 2372 in
1178 2321 1445 2389 superiori
1489 2319 1745 2374 disserta-

144 2416 282 2468 tione
308 2432 321 2466 :
346 2413 414 2470 de
441 2413 674 2468 Minerva
705 2430 831 2466 vero
868 2422 922 2468 et.
955 2413 1184 2468 llercule
1205 2414 1462 2468 sauciatis
1491 2415 1540 2467 in
1571 2416 1744 2482 primo

142 2505 446 2576 Apparatus
479 2507 646 2561 nostri
679 2517 824 2561 tomo
880 2506 1119 2578 (Dissert.
1146 2524 1344 2576 super.,
1374 2524 1490 2578 cap.
1523 2507 1614 2574 l5,
1637 2518 1738 2561 art.

112 2600 202 2672 ,3.
233 2608 360 2653 tam.
393 2614 408 2652 t
457 2600 741 2669 Apparat.,
775 2617 894 2670 pug.
943 2599 1048 2654 76'2
1075 2610 1124 2653 et
1155 2598 1305 2670 816).
1350 2598 1525 2655 Citata
1564 2611 1741 2655 autem

144 2691 366 2746 llotneri
410 2690 480 2746 de
524 2691 736 2746 lunone
787 2701 841 2745 et
891 2691 1119 2746 Plutone
1169 2692 1409 2747 carmina
1456 2693 1508 2747 in
1561 2693 1744 2760 quinta

142 2783 279 2840 illius
301 2784 470 2840 Iliade
494 2787 735 2841 invenies
763 2783 1026 2856 (ﬂamen,
1056 2783 1216 2839 Iliad.
1251 2801 1303 2850 ν,
1333 2803 1461 2840 vers.
1493 2785 1644 2856 357).

210 2880 285 2934 Ex
323 2878 520 2935 eodem
559 2879 839 2934 Clemente
888 2879 1258 2934 Alexandrino
1310 2895 1373 2935 ea
1417 2879 1598 2934 adhuc.
1643 2895 1742 2936 es-

151 2984 330 3044 cerpta
358 2984 486 3029 sunt
513 2990 633 3044 qua:
658 2975 929 3031 Arnobius
958 2975 1024 3030 de
1053 2975 1294 3031 Vulcano
1313 2973 1508 3030 claudo
1533 2983 1589 3030 et
1615 2974 1743 3030 2E5-

142 3069 351 3138 culapio
402 3068 641 3124 fulminis
700 3070 804 3123 ictu
853 3085 1115 3138 percusso
1148 3070 1349 3124 retulit.
1402 3065 1477 3124 De
1518 3079 1744 3138 utroque

152 3171 325 3217 autem
378 3161 503 3216 alibi
558 3172 738 3216 aetum
793 3177 820 3213 a
874 3161 1030 3217 nobis
1083 3161 1182 3216 fuit
1220 3153 1482 3226 (Arnob,
1530 3161 1621 3215 lib.
1664 3177 1734 3228 tv,

146 3274 262 3328 pag.
300 3255 435 3320 H3;
476 3264 599 3309 tom.
634 3271 651 3310 l
682 3255 970 3324 Apparat.,
1005 3273 1125 3326 pag.
1162 3255 1297 3321 75‘,
1347 3264 1395 3309 et
1440 3255 1646 3311 dissert.
1690 3255 1744 3308 in

152 3349 361 3416 Minue,
398 3366 516 3419 cap.
553 3349 643 3415 15,
676 3359 776 3402 art.
808 3348 910 3403 2et
935 3348 1029 3420 3).

746 3527 1038 3568 ABTICULUS
1077 3529 1137 3568 11.

152 3651 391 3709 Quomodo
416 3651 549 3702 idem
577 3651 812 3715 probetur
838 3651 1082 3713 exemplis
1119 3649 1252 3715 lovis
1271 3691 1284 3713 ,
1314 3655 1395 3715 qui
1433 3653 1628 3702 nescius
1660 3653 1749 3704 bu-

210 3727 368 3763 mauas
389 3713 822 3768 carnes’eomedit.
846 3720 996 3776 atque
1023 3727 1085 3762 ex
1111 3713 1244 3763 illius
1268 3713 1446 3775 morte,
1487 3722 1541 3764 et
1579 3716 1748 3776 sepul-

212 3784 328 3841 tura,
359 3779 560 3841 fratrum
586 3776 872 3841 Castorisgt
896 3775 1125 3841 Pollucis,
1145 3776 1339 3841 Saturni
1361 3813 1375 3831 .
1396 3791 1454 3828 ac
1473 3776 1604 3841 Tyrii
1626 3775 1750 3828 Her-

210 3836 609 3901 culissepulcris,
637 3847 785 3901 atque
808 3837 1045 3887 Thebano
1063 3838 1281 3890 Hercule
1302 3841 1417 3903 igne
1443 3836 1746 3906 consumpto.

222 3984 511 4056 Corporeis
551 3985 867 4041 vulneribus
897 3985 1052 4056 pejor
1080 3986 1435 4056 proculdubio
1474 3990 1748 4046 censenda

156 4089 233 4134 est
269 4082 466 4136 mentis
494 4079 875 4146 imbecillitas,
904 4090 956 4134 et
991 4083 1315 4150 ignorantia.
1350 4084 1511 4152 Atqui
1538 4085 1589 4138 in
1616 4084 1750 4142 Jove

159 4181 298 4227 tanta
351 4188 537 4227 rerum
581 4171 848 4242 ignoratio
876 4181 1134 4243 tantaque
1164 4171 1231 4228 ad
1273 4189 1395 4228 eum
1439 4175 1748 4231 circumve-

159 4265 404 4320 niendum
443 4265 545 4319 fuit.
570 4263 838 4328 facilitas;
885 4274 937 4318 ut
965 4309 978 4330 ,
1013 4265 1465 4334 quemadmodum
1497 4269 1752 4325 observat

162 4357 443 4424 Arnobius,
473 4357 766 4412 «invitatus
794 4356 859 4411 ad
885 4359 973 4427 jus
989 4372 1210 4422 mensze,
1234 4374 1331 4428 pro
1345 4361 1520 4414 suillis
1540 4361 1752 4418 visceri.

162 4451 260 4506 bus
279 4452 477 4519 prolem
500 4450 716 4507 nescius
743 4451 1078 4523 Lycaonyam
1112 4454 1750 4523 pratisitaverit(Arnob.,

163 4545 252 4599 lib.
275 4561 340 4606 tv.
361 4563 477 4617 pag.
505 4544 652 4614 145).
688 4565 707 4595 ιι
737 4544 842 4600 Sed
871 4547 985 4599 haec
1004 4545 1093 4601 ille
1114 4560 1266 4601 more
1279 4563 1376 4601 suo
1389 4563 1452 4601 es
1473 4545 1750 4605 Clemente

161 4637 518 4692 Alemadrino
546 4644 788 4706 accepta,
820 4636 1034 4693 brevius
1065 4640 1267 4692 retulit.
1297 4639 1352 4693 In
1372 4639 1548 4709 hujus,
1576 4643 1747 4697 enim~

165 4745 288 4785 vero
309 4731 372 4786 ad
393 4741 584 4803 gentes
615 4731 999 4788 Admonitione
1020 4733 1211 4788 ismaec
1226 4734 1423 4789 litteris
1442 4737 1755 4806 consignata

165 4823 386 4894 legimus
401 4824 658 4895 (Clemens
671 4824 984 4887 Alexandr.,
1005 4827 1272 4882 Adtnanit.
1292 4828 1361 4881 ad
1384 4838 1543 4899 gent.,
1563 4847 1616 4900 p.
1636 4831 1752 4900 ‘25):

167 4919 406 4974 Μετέλαϐι
442 4918 496 4975 δὲ
544 4923 630 4973 καὶ
658 4922 918 4991 τραπέζης
948 4923 1261 4997 ἀνθρωπίνης
1286 4927 1432 4998 παρὰ
1459 4933 1567 4988 τοῖς
1596 4929 1753 4981 Αἰθίο-

168 5011 270 5083 ψιν.
300 5014 637 5090 ἀπανθρώπου
669 5011 724 5067 δὲ
753 5016 838 5067 καί
866 5015 1112 5086 ἀθέσμου,
1163 5016 1317 5076 αὐτὸς
1358 5016 1383 5070 ὁ
1437 5022 1580 5081 Ζεὺς.
1611 5023 1756 5092 παρά

171 5105 379 5159 Λυκάονι
420 5112 492 5177 τῷ
513 5103 722 5178 Ἀρκάδι
749 5105 1073 5177 ἑστιώμενος,
1127 5107 1446 5182 ἀνθρωπείων
1493 5115 1614 5181 γοῦν
1662 5112 1759 5165 ἄνευ

174 5203 358 5268 φοριῐτο
387 5201 614 5271 σαρκῶν,
663 5196 770 5266 οὐχ
801 5196 947 5250 έκὼνο
983 5203 1145 5270 ἠγνοεῖ
1167 5201 1267 5271 ’γὰρ
1308 5199 1334 5254 ὁ
1373 5202 1499 5262 θεὸς.
1542 5204 1611 5263 ὡς
1656 5199 1760 5280 ἆρα

177 5291 372 5342 Λυκάων
399 5289 425 5345 ὁ
452 5287 656 5362 Ἀρκὰς.
687 5288 713 5341 ὁ
761 5287 1016 5364 ἑστιάτωρ
1061 5293 1243 5354 αὐτοῦ,
1280 5295 1364 5348 τὸν
1403 5292 1567 5350 παῖδα
1614 5319 1768 5353 κατα-

175 5381 358 5452 σφάξας
376 5383 458 5436 τὸν
487 5383 670 5445 αὐτοῦ,
701 5371 956 5454 Νὑκίι-ιμος
985 5379 1142 5456 ὄνομα
1169 5387 1616 5463 αὐτοῡ,παραθιίη
1644 5388 1768 5461 ὄψον

177 5478 249 5544 τῷ
272 5476 356 5527 Διί.
402 5471 526 5526 Fuit
556 5485 728 5526 autent
769 5474 1010 5527 humana:
1038 5493 1235 5547 quoque
1275 5495 1464 5534 ntenste
1509 5481 1766 5552 particeps

178 5565 310 5632 apud
336 5563 608 5635 Ethiopes
626 5608 640 5633 ,
686 5575 796 5618 tant
819 5565 1118 5621 inhumanae
1141 5579 1186 5622 et
1213 5573 1430 5641 nefaria:
1453 5613 1468 5636 ,
1500 5590 1615 5627 cum
1642 5591 1766 5629 can-

182 5655 303 5708 aiaio
325 5673 356 5708 a
379 5655 612 5730 Lycaone
650 5657 856 5712 Arcade
892 5661 1210 5729 exciperetur
1243 5663 1352 5734 ipse
1388 5662 1626 5734 Jupiter;
1663 5669 1764 5720 ltu-

181 5748 334 5802 manis
367 5751 552 5821 quippe
585 5751 832 5806 carnibus
873 5761 1018 5805 satur
1053 5753 1260 5808 invitus.
1317 5754 1587 5825 Nesciebat
1628 5760 1764 5814 enim

183 5838 324 5907 deus,
349 5844 476 5909 quod
500 5841 707 5916 Lycaon
737 5843 922 5904 Arcas.
954 5843 1044 5911 qui
1062 5846 1294 5900 convivio
1318 5847 1601 5916 excipiebat
1622 5866 1758 5920 eum,

807 5937 1081 6000 PATROL.
1131 5937 1186 5998 V

1848 1948 1937 2002 τήν
1980 1953 2071 2016 γῆν
2122 1943 2566 2020 πολυπραγμόνει·
2597 1942 2622 1996 ὁ
2644 1947 2779 2025 agon:
2806 1963 2887 1996 σοι
2915 1940 3242 2017 διηγήσεται,
3270 1945 3397 2023 παρ’
3427 1945 3467 2021 ᾧ

1848 2041 1933 2092 καὶ
1959 2038 2228 2105 τέθαπται,
2260 2037 2590 2109 Καλλίμαχος
2616 2038 2666 2090 ἐν
2702 2036 2902 2107 ὕμνοις·

2038 2235 2049 2246 ο
2124 2239 2134 2249 .
2205 2234 2215 2245 -
2285 2235 2296 2246 .
2334 2213 2408 2250 Καὶ
2439 2212 2507 2264 γὰρ
2527 2213 2657 2264 τάξον,
2677 2208 2706 2249 ei
2730 2208 2815 2257 ἄνα,
2840 2217 2918 2250 σιῖο

2036 2277 2173 2321 Κοῆτις
2214 2276 2464 2322 ιτιιτήναντο.

1847 2393 1978 2459 Qum
2006 2392 2227 2447 Latinus
2264 2392 2538 2462 interpres
2580 2394 2658 2448 sic
2700 2392 2978 2451 reddidit:
3026 2415 3044 2446 ι
3082 2394 3273 2462 Quaere
3303 2405 3455 2451 tuum

1845 2484 2068 2549 Jovem,
2126 2502 2193 2540 ne
2224 2486 2486 2540 scruteris
2514 2501 2748 2550 emtum,
2805 2485 2902 2540 sed
2940 2495 3164 2541 terram.
3206 2487 3466 2542 Narrabit

1849 2579 1942 2632 tibi
1976 2579 2256 2634 Cretensis
2312 2578 2452 2646 apud
2484 2595 2643 2649 quem
2678 2590 2763 2652 est
2795 2578 3064 2648 sepultus,
3096 2577 3464 2636 Callimachus

1848 2658 1899 2724 in
1927 2670 2141 2741 hymnis
2169 2689 2181 2724 :

2415 2848 2436 2874 α
2460 2829 2731 2880 Cretenses
2755 2841 2968 2892 namque
2987 2828 3268 2892 sepulcrum

1944 2891 2285 2943 Coustruxere
2310 2898 2464 2942 tuum.

1921 3034 2030 3090 Sed
2065 3051 2091 3088 a
2125 3035 2281 3090 nobis
2309 3037 2420 3106 jam
2452 3036 2799 3091 observatum
2829 3049 3096 3109 estquam
3127 3040 3464 3109 ntcritojure

1845 3128 2116 3184 Arnobius
2155 3139 2361 3195 noster,
2387 3145 2450 3185 ac
2473 3146 2574 3199 qua
2615 3131 2842 3185 aliorum
2883 3133 3097 3187 te~tiutn
3142 3135 3465 3189 auctoritate

1773 3221 1818 3284 C
1852 3221 1980 3276 illud
2044 3220 2280 3277 etboicis
2335 3222 2745 3292 exprobraverit
2798 3223 3058 3294 (Dissert.
3111 3226 3164 3280 in
3214 3226 3459 3295 Μίνωα,

1851 3330 1970 3383 cap.
2007 3315 2094 3378 ii,
2127 3324 2227 3368 art.
2261 3313 2341 3385 ὅ).

1924 3405 2076 3461 Fecit
2111 3405 2289 3462 adhuc
2330 3407 2422 3463 ille
2463 3410 2754 3464 verborum
2787 3411 3028 3479 ejusdem
3070 3411 3368 3468 Clementis
3395 3414 3465 3471 de

1852 3499 1976 3554 aliis
2000 3499 2106 3554 diis
2137 3501 2520 3571 compendium
2552 3544 2565 3564 ,
2599 3502 2687 3557 ubi
2716 3505 2796 3557 vel
2832 3506 3090 3560 memoria
3119 3507 3300 3577 lapsus
3325 3550 3338 3572 ,
3373 3518 3468 3564 aut

1853 3603 2032 3649 textus
2056 3595 2174 3665 ejus
2213 3595 2540 3667 depravatus
2576 3598 2812 3653 videtur.
2857 3599 2983 3655 llam
3021 3601 3165 3655 enim
3211 3601 3300 3656 ille
3326 3604 3463 3657 scri-

1851 3689 1929 3745 bit
1958 3688 2196 3760 (Arnob.,
2229 3690 2318 3744 lib.
2348 3706 2423 3754 tv,
2448 3708 2566 3763 pag.
2603 3691 2750 3765 144).
2814 3713 2831 3743 ί
2868 3695 2923 3748 In
2973 3695 3240 3764 Spartanis
3278 3705 3333 3751 et
3383 3697 3465 3750 la-

1850 3782 2200 3838 cedaemoniis
2251 3783 2485 3850 finibus,
2526 3805 2544 3836 ι
2593 3786 2783 3856 supple
2842 3788 3140 3856 numquid,
3199 3809 3217 3841 ι
3258 3805 3356 3845 nos
3380 3790 3465 3845 di-

1850 3875 2022 3931 cimus
2045 3876 2312 3942 conditos,
2340 3875 2393 3930 in
2423 3877 2576 3930 cunis
2607 3878 2831 3932 coalitos
2864 3878 3095 3956 fratres,
3128 3901 3146 3931 υ
3185 3878 3464 3937 Castorem

1851 3971 2058 4025 scilicet
2095 3985 2159 4028 ac
2200 3969 2521 4025 Pollucem?
2566 3989 2584 4022 t
2615 3970 2811 4026 Noster
2870 3973 2957 4028 ille
2993 3985 3076 4028 est
3113 3984 3338 4039 auctor,
3374 3977 3466 4045 qui

1852 4066 2130 4122 Patrocles
2187 4066 2422 4120 Tbnrins
2472 4067 2799 4136 scriptorum
2845 4069 2896 4122 in
2949 4068 3116 4123 titulis
3163 4069 3465 4137 indicatur,

1853 4160 1945 4230 qtti
2001 4160 2236 4215 tumulos
2280 4171 2578 4224 memorat,
2641 4161 3008 4232 reliquiasque
3036 4161 3316 4218 Saturnias
3363 4164 3466 4219 tel-

1853 4251 1970 4307 lttrc
2020 4251 2072 4306 in
2142 4252 2317 4308 Sicula
2378 4252 2696 4308 contineri?
2762 4254 3094 4308 Cbazroneus
3151 4258 3278 4326 (ms.
3347 4255 3466 4310 cod.

1851 4360 1959 4413 reg.
2008 4342 2394 4414 Hieronymus)
2445 4343 2769 4400 Plutarchus
2820 4355 3124 4399 nostrarum
3169 4360 3290 4402 esse
3347 4361 3471 4415 par-

1854 4439 1982 4492 tium
2023 4438 2429 4509 comprobatur,
2469 4439 2558 4509 qui
2614 4440 2665 4493 in
2699 4437 2888 4494 JEtteis
2923 4438 3216 4494 verticibus
3269 4440 3471 4496 llercu-

1856 4529 1959 4584 lem
2010 4541 2128 4599 post
2161 4531 2472 4585 morborum
2524 4531 2877 4585 comitialium
2923 4535 3105 4586 ruinas
3147 4532 3470 4588 dissolutum

1775 4605 1832 4667 Ῑ)
1860 4621 1910 4675 in
1933 4623 2170 4678 cinerem
2218 4622 2487 4692 prodidit?
2519 4643 2535 4674 ι
2581 4622 2834 4677 Clemens
2883 4638 3011 4677 vero
3068 4623 3473 4681 Alexandrinus

1861 4714 2131 4784 (Clemens
2162 4715 2443 4768 Alexandr.
2473 4757 2487 4780 ,
2547 4715 2808 4769 Admonit.
2865 4716 2932 4769 ad
2988 4725 3148 4787 gent.,
3185 4735 3302 4785 pag.
3339 4714 3472 4786 18):

1856 4809 2130 4884 Φιλόχορος
2181 4807 2277 4863 δὲ..
2290 4846 2326 4864 ..

1858 4903 2074 4956 ἐνθαῦτα
2119 4902 2269 4955 αὐτὸν
2312 4903 2569 4973 τετάφθαι.
2601 4901 2890 4977 Πατροκλῆς
2940 4922 2993 4956 τε
3035 4899 3060 4955 ὁ
3105 4902 3353 4976 θούριος.
3391 4903 3478 4956 καὶ

2399 4809 2578 4882 Κρόνον
2649 4811 2928 4864 ἐπικεῖσθαι
2994 4811 3045 4863 ἐν
3102 4809 3293 4884 Σικελίᾳ
3321 4851 3336 4875 ,
3389 4813 3476 4864 καὶ

1860 4996 2102 5068 Σοφοκλῆς
2150 4992 2176 5048 ὁ
2224 4997 2466 5070 νεώτερος
2514 4996 2563 5048 ἐν
2615 4998 2754 5071 τρισί
2817 4992 3126 5072 τραγωδίαις
3196 4994 3480 5069 ἱστὸρειτον

1863 5096 1967 5144 τοῖν
1994 5091 2324 5160 Διοσκούροιν
2390 5093 2523 5155 (ms.
2579 5104 2686 5156 reg.
2737 5087 3014 5161 ἱστόρειτον
3058 5089 3130 5140 τὼ
3182 5087 3479 5160 Διοσκούρώ

1864 5185 2027 5255 περὶ)·
2061 5180 2323 5258 Ἀνθρὼπω
2362 5184 2462 5236 τινέ
2494 5182 2662 5236 τούτω
2708 5183 2780 5234 τὼ
2817 5180 3106 5253 Διοσκούρω
3128 5179 3363 5252 γενέσθην
3391 5216 3407 5242 ,
3437 5175 3489 5232 εἴ

1871 5297 1945 5345 τῳ
1969 5273 2136 5333 ἱκανὸς
2175 5275 2542 5328 πιστώσασθαι
2587 5268 2816 5346 Ὀμηρος
2841 5272 2898 5324 τὸ
2928 5270 3216 5344 λελεγμένον
3247 5285 3260 5320 :

2062 5447 2073 5458 .
2143 5444 2155 5457 .
2225 5440 2239 5454 ο
2312 5444 2322 5454 .
2360 5419 2452 5464 τοὺς
2476 5414 2511 5456 δ’
2532 5413 2604 5466 ἤδη
2634 5419 2781 5466 ivi-squ
2805 5413 2974 5466 φυσίζοος
3000 5410 3090 5459 αἶα,

2058 5483 2107 5522 Ev
2128 5477 2370 5530 Λακεδαίμονι
2391 5475 2490 5528 αὖθι,
2511 5480 2594 5531 οιλῃ
2618 5481 2668 5517 ινι
2691 5475 2862 5529 “statim
2886 5480 2982 5528 ταίῃ.

2422 5551 2424 5554 ’
2699 5549 2867 5612 (Hom.
2897 5546 3032 5596 Iliad.
3054 5551 3123 5607 ut,
3153 5560 3197 5595 v.
3220 5542 3357 5604 245.)
3411 5611 3413 5613 ι

1871 5660 2215 5717 Philochorus
2245 5669 2413 5714 autem
2457 5659 2718 5711 dicit......
2765 5653 3055 5708 Saturnum
3080 5654 3244 5707 situm.
3276 5665 3385 5702 csse
3431 5650 3488 5702 in

1871 5755 2075 5821 Sicilia,
2114 5764 2161 5809 et
2191 5771 2303 5808 eum
2323 5752 2427 5806 illic
2442 5750 2603 5820 fuisse
2621 5746 2897 5818 sepultum.
2929 5743 3194 5799 Patrocles
3221 5739 3454 5794 Tlturius
3475 5779 3490 5802 ,

1869 5861 1915 5905 et
1937 5850 2108 5918 iunior
2131 5846 2409 5918 Sophocles
2437 5844 2664 5899 scribunt
2704 5840 2768 5894 de
2792 5837 3007 5894 Castore
3035 5848 3079 5892 ιι
3140 5833 3354 5887 Polluce
3408 5844 3495 5885 eos

2928 5932 3004 6007 18
