3872 6340
380 347 489 407 555
1634 327 2089 395 DlSSERTATIO
2125 325 2411 385 PREVIA
3568 325 3677 385 εδδ

380 457 608 513 homines
652 454 812 523 fuisse
843 452 994 509 morti
1041 452 1260 524 fatisque
1297 448 1562 506 obnoxios.
1613 447 1763 516 Quod
1810 447 1961 502 sicui

2106 442 2148 497 iv
2168 442 2321 497 αὐτὸν
2348 445 2484 515 σφᾶς
2500 440 2767 520 Ἡρακλέα.
2791 438 2845 496 ὃν
2860 438 2947 496 καὶ
2967 437 3167 518 Τύριυι,
3191 440 3436 500 σέϐεσθαι
3454 440 3677 518 ὕστεραι)

380 550 537 619 possit
582 546 738 617 ﬁdem
771 549 940 619 facere
984 544 1242 601 Homerus
1279 542 1521 599 audiatur
1555 542 1691 611 quod
1728 540 1969 611 scriptum

2108 538 2130 589 ἐ
2158 532 2254 594 ἤδη
2280 534 2552 595 «him-ac
2582 534 2633 593 ἐς
2651 530 2913 595 Ἕλληνας,
2958 537 3169 606 νομίσαι
3194 538 3281 590 καὶ
3307 530 3543 612 Ἠρακλέῑ
3583 541 3679 591 τοῦ

379 650 496 696 est:
1692 655 1696 658 ’

657 737 822 796 autem
836 740 936 796 jam
957 727 1480 796 tenebatarma‘tellus

532 795 589 845 In
613 791 968 845 Lacedaemone
995 793 1092 845 illic
1112 791 1294 843 dilecta
1316 792 1367 841 iu
1391 792 1544 854 patria
1564 797 1719 841 terra.

378 900 517 956 Tum
541 900 741 957 deinde
767 910 1125 968 narratquem
1158 897 1517 969 Hieronymus
1541 893 1897 966 philosophus
1916 900 1972 948 et

379 993 723 1049 Dicaearchus
758 992 994 1047 dixerim
1026 990 1193 1045 fuisse
1218 990 1465 1058 corporis
1486 989 1704 1057 orisque
1724 985 1970 1042 Herculis

374 1085 637 1151 habitum,
659 1099 723 1138 ac
748 1084 1090 1139 continenter
1106 1081 1298 1150 adjicit
1322 1080 1530 1153 (Cleon,
1578 1078 1731 1150 ibid.)
1765 1097 1777 1132 :
1807 1076 1971 1139 Οὗτος

374 1174 461 1234 οὖν
490 1179 515 1233 ὁ
541 1176 807 1254 Ἠρακλῆς.
833 1176 926 1232 δύο
951 1178 1078 1253 πρὸς
1101 1184 1208 1237 τοῖς
1236 1179 1552 1235 πεντήκοντα
1581 1172 1668 1234 ἴτη
1711 1173 1971 1247 βεϐιωκὼς

369 1268 686 1346 κατέστρεψε
733 1270 817 1324 τὸν
873 1270 1002 1341 βίον.
1047 1266 1131 1324 διὰ
1157 1278 1249 1329 τῆς
1276 1269 1326 1323 ἐν
1357 1265 1480 1340 Οἴτῃ
1509 1272 1683 1343 πυρᾶς
1730 1264 1970 1325 κεκηδευ-

368 1365 537 1434 μένος.
605 1360 705 1416 Hie
746 1377 867 1434 ergo
911 1360 1157 1416 Hercules
1194 1378 1309 1415 cum
1346 1360 1477 1415 duos
1522 1371 1569 1414 et
1601 1359 1971 1430 quinquaginta

368 1474 530 1512 annos
552 1457 784 1523 uixisset,
814 1476 842 1511 ε
866 1459 970 1511 vita
999 1458 1209 1512 excessit
1240 1474 1329 1526 per
1350 1473 1480 1521 eam,
1505 1472 1619 1527 qua:
1640 1456 1736 1527 fuit
1762 1454 1815 1508 in
1841 1452 1970 1507 Oeta

367 1566 549 1620 pyram
567 1550 725 1619 justis
753 1549 833 1603 illi
857 1549 1007 1619 factis
1036 1550 1277 1616 exequiis.
1311 1549 1415 1605 Sed
1446 1559 1611 1604 testes
1633 1562 1761 1602 suos
1790 1546 1863 1601 ibi
1889 1547 1969 1602 ci-

368 1645 532 1701 tando
561 1645 874 1715 discrepare
896 1648 964 1703 ab
988 1648 1230 1705 Arnobio
1258 1658 1447 1703 nostro
1470 1665 1577 1703 non
1604 1662 1790 1719 parum
1814 1645 1966 1699 vide-

367 1749 477 1792 tur.
520 1738 811 1795 Saturnum
841 1741 983 1796 enim
1034 1743 1085 1795 in
1116 1740 1297 1796 Sicilia
1337 1742 1625 1811 sepulturae
1654 1739 1967 1795 mandatum

2074 620 2444 702 ’Δμφιτρύωνος
2479 625 2643 697 νέμειν
2663 625 2839 696 τιμάς.
2874 622 3103 681 Narrant
3126 636 3304 683 autem
3331 626 3467 679 duttt'
3486 625 3680 695 Tyrio-

2078 732 2196 771 rum
2228 714 2484 771 secuudte
2512 730 2898 787 prosperaque
2926 731 3017 773 res
3041 728 3224 773 essent
3241 759 3256 783 ,
3287 717 3560 772 coloniam
3588 717 3682 773 cui

2077 805 2361 862 Herculem
2383 805 2606 877 Tyrium
2636 805 3013 876 praefecerant,
3044 807 3264 862 missam
3291 808 3362 863 ab
3386 808 3492 863 illis
3508 808 3683 863 fuisse

2075 900 2127 953 in
2159 898 2492 968 Hispaniam,
2528 897 2619 954 ubi
2649 898 2865 953 tandem
2893 899 3010 968 ipse
3038 899 3299 955 Hercules
3320 910 3560 955 mortuus
3593 915 3685 955 se-

2074 990 2363 1061 pultusque
2389 990 2511 1045 fuit.
2542 989 2741 1046 Scribit
2763 1005 2896 1046 vero
2920 989 3053 1051 Mela
3079 992 3136 1046 in
3158 990 3423 1047 Gaditana
3450 991 3638 1047 insula
3665 1009 3681 1044 :

2079 1105 2098 1138 ι
2132 1086 2416 1158 Templum
2467 1084 2705 1158 Egyptii
2762 1085 3046 1154 Herculis,
3100 1085 3508 1153 conditoribus,
3549 1085 3687 1141 reli-

2072 1178 2233 1248 gione
2257 1218 2273 1246 ,
2324 1186 2597 1232 vetustate
2618 1217 2634 1243 ,
2672 1176 2864 1246 opibus
2896 1177 3104 1233 illustre
3127 1219 3142 1244 ,
3174 1176 3323 1248 Tyrii
3351 1177 3680 1233 condidere.

2036 1304 2037 1307 η
2074 1270 2180 1325 Cur
2208 1281 2453 1326 sanctum
2486 1271 2595 1337 sit,
2628 1283 2757 1324 ossa
2785 1268 2902 1338 ejus
2931 1269 3005 1326 ibi
3037 1270 3143 1325 sita
3165 1311 3181 1340 ,
3209 1270 3448 1326 efﬁciunt
3487 1268 3684 1343 (Heln,

2073 1361 2163 1417 lib.
2188 1377 2266 1428 ιιι,
2296 1377 2411 1429 cap.
2442 1360 2522 1432 6).
2549 1379 2568 1411 ι
2624 1360 2731 1415 Sed
2778 1361 2850 1416 ibi
2898 1360 3032 1416 Mela
3079 1361 3149 1416 ab
3174 1360 3403 1417 Arriano
3424 1402 3439 1428 .
3477 1371 3532 1416 et
3555 1361 3689 1416 aliis

2074 1453 2277 1508 idcirco
2305 1453 2600 1523 castigatur
2620 1491 2636 1518 ,
2662 1452 2807 1522 quod
2836 1450 3126 1508 Herculem
3152 1452 3465 1525 Egyptium
3494 1462 3549 1509 et
3574 1452 3690 1525 Ty-

2072 1548 2210 1602 rium
2236 1588 2253 1613 ,
2302 1562 2440 1617 quos
2480 1545 2674 1601 Cicero
2714 1544 2914 1618 aliique
2941 1546 3314 1616 distinguunt,
3347 1554 3690 1617 prapostere

2071 1637 2377 1694 confuderit
2399 1634 2658 1708 (Arriam,
2689 1638 2780 1699 lib.
2807 1653 2845 1692 ιι
2870 1636 2935 1692 de
2953 1635 3159 1708 Ettped.
3183 1635 3359 1703 Alea,
3383 1654 3501 1709 pag.
3524 1635 3689 1708 125).

2073 1731 2151 1787 De
2175 1730 2339 1802 Tyrio
2368 1741 2549 1786 autem
2573 1773 2589 1796 ,
2628 1730 2720 1800 qui
2762 1730 2815 1785 in
2866 1730 3119 1801 Hispania
3171 1731 3483 1799 colebatur,
3532 1746 3691 1801 pra:-

365 1830 529 1886 fuissc
558 1833 751 1901 probat
796 1831 1059 1889 Patroclis
1084 1834 1268 1889 Thurii
1288 1876 1301 1897 ,
1343 1833 1596 1889 Clemens
1628 1848 1755 1888 vero
1784 1832 1966 1888 Philo—
1995 1834 2043 1894 B
2072 1838 2152 1891 ter
2175 1824 2287 1893 iam
2336 1822 2586 1878 “Malos
2637 1823 2965 1878 Pausaniam
3006 1831 3061 1878 εί
3101 1824 3389 1878 Amanum
3414 1866 3429 1891 ι
3473 1824 3693 1895 Vneris

365 1922 516 1976 chori
569 1923 898 1978 testimonio.
950 1926 1223 1980 Arnobius
1264 1935 1526 1994 prieterea
1570 1926 1790 1991 nullius,
1837 1925 1962 1980 Cle-

364 2029 520 2069 mens
546 2023 722 2069 autem
756 2016 931 2083 trium,
946 2018 1209 2073 Patroclis
1235 2019 1459 2087 Thurii,
1489 2020 1725 2091 junioris
1751 2018 1964 2090 Sopho-

364 2106 504 2171 clis,
551 2116 611 2164 et
652 2106 869 2163 Homeri
924 2114 1252 2166 auctoritate
1292 2113 1529 2168 ostendit
1578 2110 1858 2168 Castorem
1903 2128 1966 2169 ac

366 2201 640 2256 Pollucem
680 2203 947 2258 obnoxios
1000 2206 1161 2259 morti
1204 2206 1369 2261 fuisse
1410 2206 1680 2275 homines,
1721 2215 1775 2262 et
1799 2206 1968 2262 Lace-

362 2292 609 2347 darmone
650 2296 910 2363 sepultos.
966 2294 1204 2367 Denique
1250 2298 1505 2355 Clemens
1543 2300 1765 2354 formam
1818 2300 1967 2356 habi-

364 2393 585 2454 tumque
610 2384 871 2463 ‘Herculis
900 2428 915 2452 ,
971 2399 1132 2457 atque
1181 2392 1253 2444 uti
1283 2391 1513 2455 videtur,
1546 2391 1736 2445 mortis
1759 2406 1962 2461 genus,

360 2478 811 2546 quemadmodum
841 2479 1207 2552 Hieronymus
1234 2480 1588 2551 philosophus
1608 2523 1623 2547 ,
1650 2490 1703 2537 et
1734 2482 1967 2538 Dicaear-

358 2572 497 2623 chus
518 2572 773 2636 retulere,
809 2573 1078 2627 Arnnbius
1110 2589 1280 2641 vero,
1313 2576 1451 2628 sicut
1474 2573 1812 2639 Cltwroneus,
1852 2576 1968 2631 sive

360 2663 435 2715 uti
486 2662 539 2716 in
574 2663 761 2719 codice
789 2665 939 2735 regio
981 2665 1240 2735 scriptum
1306 2667 1561 2734 diximus,
1624 2667 1968 2739 Hieronymus

358 2752 696 2811 Plutarchus.

429 2845 633 2907 Verum
665 2867 772 2906 non
803 2862 949 2907 tanta
984 2854 1127 2909 inter
1154 2853 1291 2907 duos
1317 2863 1533 2909 nostros
1562 2855 1860 2927 scriptores
1882 2862 1970 2910 est

358 2944 661 3010 dissensio,
712 2947 755 2999 si
788 2948 1060 3004 Arnobius
1090 2947 1292 3002 nullum
1324 2949 1617 3018 sepulturae
1646 2948 1887 3004 Castoris
1914 2958 1971 3003 et

359 3034 600 3090 Pollucis
634 3045 855 3101 testem,
900 3038 1087 3108 plures
1117 3054 1247 3093 vero
1284 3038 1541 3096 Clemens
1580 3051 1741 3111 atque
1777 3042 1829 3095 in
1862 3042 1969 3110 pri-

358 3128 462 3182 mis
492 3127 783 3182 Homernm
826 3131 1090 3184 citaverit.
1145 3130 1250 3186 Sed
1294 3132 1490 3186 mirum
1538 3134 1767 3188 fortasse
1810 3133 1970 3188 alicui

358 3221 627 3277 videbitur
654 3238 752 3277 cur
790 3224 991 3277 nullam
1035 3226 1364 3281 mentionem
1408 3227 1599 3282 fecerit
1630 3227 1789 3298 hujus
1829 3244 1970 3300 grte-

361 3328 546 3367 corum
591 3324 874 3385 poetarum
915 3317 1173 3385 principis
1204 3358 1219 3381 ,
1263 3318 1353 3385 qui
1412 3334 1515 3373 non
1548 3320 1725 3373 solum
1772 3336 1802 3374 a
1842 3319 1969 3375 Cle-

361 3415 567 3469 mente,
593 3406 687 3461 sed
717 3408 879 3462 etiam
905 3422 933 3461 a
960 3406 1227 3463 Cicerone
1253 3409 1501 3465 laudatur
1526 3410 1611 3467 his
1636 3412 1972 3482 tmidemque

359 3500 578 3555 verbis:
617 3519 635 3551 ο
665 3500 832 3567 Quos,
862 3520 880 3552 ι
912 3499 1190 3555 Castorem
1218 3510 1275 3557 et
1298 3502 1595 3568 Pollucem,
1629 3522 1647 3555 ‹
1678 3503 1964 3570 Homerus,

360 3596 450 3665 qui
474 3610 665 3650 recens
693 3596 762 3651 ab
808 3595 1023 3649 illorum
1055 3604 1214 3649 aetate
1243 3594 1362 3658 luit,
1406 3598 1651 3666 sepultus
1677 3612 1801 3653 esse
1841 3597 1972 3652 dicit

361 3692 754 3747 Laccdcemone
784 3689 913 3762 (Cic.
936 3732 949 3754 ,
987 3690 1076 3743 lib.
1104 3705 1160 3743 ιιι
1183 3690 1244 3742 de
1270 3688 1460 3744 Natur.
1483 3691 1628 3745 deor.
1653 3734 1667 3756 ,
1689 3709 1809 3763 pag.
1840 3692 1969 3773 241,
2040 3734 2044 3738 .

365 3786 460 3840 lin.
491 3786 605 3857 30).
635 3804 653 3837 ι
690 3783 902 3853 Smpius
928 3785 1071 3839 enim
1106 3785 1379 3839 Arnobius
1423 3784 1613 3840 horum
1647 3787 1968 3857 scriptorum

362 3880 593 3949 vestigia
625 3877 843 3948 premit.

443 3971 645 4027 Verum
693 3970 745 4024 in
788 3972 889 4025 hoc
921 3971 1091 4041 magis
1131 3986 1160 4023 a
1193 3970 1471 4026 Clemente
1506 3972 1788 4037 dissentit,
1829 3971 1971 4039 quod

362 4065 581 4119 Saturni
628 4061 955 4132 sepulturam
1010 4062 1309 4125 Patroclis,
1365 4060 1618 4117 Clemens
1664 4063 1970 4118 Philochori

365 4157 681 4213 testimonio
725 4156 1033 4211 confirmat.
1115 4156 1368 4212 Diversos
1417 4159 1697 4213 enimvero
1720 4160 1883 4215 vades
1929 4161 1973 4215 si

366 4252 495 4305 dare
525 4250 847 4314 noluerunt,
891 4248 1034 4313 vide,
1066 4263 1273 4317 quaeso,
1325 4260 1502 4303 utrum
1543 4248 1815 4307 Arnobius
1854 4269 1970 4308 me-

368 4342 539 4396 moria
570 4342 751 4410 lapsus
781 4342 871 4404 sit,
903 4350 995 4393 aut
1018 4356 1171 4395 error
1201 4342 1252 4409 in
1290 4342 1493 4397 librarii
1527 4324 1867 4399 osciiantiam
1892 4348 1972 4401 vel

370 4426 706 4489 inscientiam
759 4433 908 4504 rejici
962 4432 1174 4489 debeat.
1229 4436 1297 4488 At
1336 4446 1484 4490 certe
1532 4435 1647 4491 haec
1694 4440 1974 4496 oscitantia

368 4527 543 4599 magis
587 4535 735 4597 patet
780 4527 831 4580 in
861 4527 1146 4596 descriptis
1184 4528 1493 4583 nominibus
1532 4529 1841 4586 Clueroneus
1889 4534 1972 4589 vel

2066 1918 2131 1986 ρ.
2158 1916 2401 1974 Curtium
2431 1917 2777 1974 ac.Vossium
2802 1918 3092 1973 consulere
3120 1918 3352 1988 (Arrian.
3376 1961 3391 1984 ,
3415 1918 3514 1972 loc.
3544 1918 3645 1971 cit.
3670 1933 3693 1982 ,'

2069 2013 2133 2077 ρ.
2166 2009 2336 2083 Cum,
2366 2010 2456 2065 lib.
2487 2024 2595 2075 vn;
2629 2008 2797 2077 Voss.,
2828 2010 2918 2064 lib.
2948 2026 2960 2064 I
2995 2010 3059 2065 de
3081 2008 3232 2081 Orig.
3254 2020 3304 2064 et
3336 2008 3497 2080 Prog.
3516 2009 3690 2080 ἰάσι,

2066 2118 2186 2174 cap.
2213 2103 2307 2169 54,
2336 2118 2459 2173 pag.
2483 2102 2583 2157 1⁸51
2610 2111 2658 2155 et
2682 2101 2870 2173 seqq).

2139 2195 2431 2251 Thebanus
2460 2210 2622 2265 porro
2646 2193 2927 2259 Hercules,
2954 2198 3055 2251 etsi
3076 2194 3226 2251 Jovis
3252 2205 3310 2251 et
3338 2196 3690 2263 Alcumenae,

2066 2293 2129 2364 pl
2154 2300 2183 2339 a
2214 2285 2373 2341 nobis
2398 2297 2553 2340 antea
2581 2286 2927 2341 observatum
2954 2295 3039 2341 est
3080 2285 3325 2357 (Dissert.
3363 2290 3421 2341 in
3447 2286 3689 2355 Minuta,

2078 2396 2192 2448 cap.
2217 2379 2308 2444 15,
2330 2387 2433 2433 art.
2453 2379 2536 2447 3),
2556 2378 2821 2433 adulterio
2839 2388 3017 2446 natus,
3040 2379 3446 2451 Amphitryonis
3470 2390 3685 2446 tamen,

2072 2470 2352 2537 Thebani,
2401 2477 2459 2525 et
2487 2470 2728 2540 ejusdem
2762 2470 3075 2527 Alcumena:
3104 2470 3308 2537 mariti,
3342 2472 3481 2526 illius
3513 2472 3693 2527 habe-

2068 2564 2259 2629 batur,
2300 2574 2463 2633 atque
2489 2562 2694 2617 idcirco
2722 2564 3029 2632 appellatur
3056 2562 3367 2619 Thebanus.
3410 2563 3517 2619 Cur
3547 2580 3693 2620 vero

2069 2671 2133 2710 ac
2158 2654 2428 2725 quomodo
2455 2654 2509 2708 in
2549 2653 2719 2710 Oeteo
2750 2667 2933 2710 monte
2961 2660 3115 2710 vivus
3144 2640 3459 2713 combustus
3485 2654 3689 2723 fuerit,

2070 2748 2197 2803 alibi
2228 2748 2391 2802 etiam
2422 2748 2833 2817 explicavimus.
2884 2748 2956 2802 At
2977 2748 3104 2802 inde
3128 2750 3473 2818 explanatum
3502 2747 3691 2804 adhuc

2072 2840 2322 2905 habebis,
2350 2838 2495 2910 quod
2526 2854 2712 2894 rursus
2739 2852 2927 2895 auctor
2956 2851 3141 2902 noster
3165 2840 3323 2910 paulo
3361 2850 3481 2910 post
3504 2841 3686 2895 dixit:

2079 2952 2097 2984 ι
2135 2931 2325 2987 Proles
2369 2931 2556 2999 Jovis,
2628 2931 2917 3001 Sophoclis
2956 2932 3011 2986 in
3038 2932 3374 2999 Trachiniis,
3419 2933 3689 2991 Hercules

2074 3024 2313 3093 pestiferi
2358 3024 2608 3095 tegminis
2666 3026 3072 3081 circumretitus
3119 3025 3411 3096 indagine,
3456 3026 3687 3081 misera-

2074 3116 2212 3172 biles
2262 3116 2429 3172 edere
2482 3116 2754 3171 inducitur
2821 3117 3102 3186 ejulatus,
3165 3117 3423 3172 violentia
3474 3118 3687 3174 doloris

1997 3213 2042 3275 ρ
2074 3208 2287 3280 frangi,
2330 3219 2491 3278 atque
2527 3210 2580 3262 in
2620 3209 2862 3264 ultimam
2894 3210 3072 3264 tabem
3100 3208 3464 3265 difﬂuentium
3498 3211 3686 3267 visce-

2071 3318 2189 3356 rum
2222 3302 2583 3357 maceratioue
2609 3304 2855 3358 consumi
2881 3323 2900 3355 ›
2933 3304 3173 3374 (Arnob.,
3208 3303 3297 3359 lib.
3319 3320 3395 3373 tv,
3421 3323 3543 3376 pag.
3575 3306 3678 3364 151

2071 3404 2126 3473 et
2145 3391 2330 3465 seqq).
2377 3393 2533 3448 Prius
2578 3410 2708 3450 vero
2735 3393 2957 3461 Cicero,
3020 3407 3074 3451 et
3119 3399 3316 3453 clarius
3361 3417 3375 3453 :
3430 3418 3447 3451 ι
3486 3399 3685 3455 Videa-

2073 3501 2193 3539 mus
2216 3526 2231 3550 ,
2268 3504 2286 3537 ›
2341 3486 2557 3556 inquit,
2608 3506 2625 3539 ι
2659 3487 2943 3543 Herculem
2966 3490 3139 3559 ipsum
3167 3531 3184 3557 ,
3232 3493 3323 3562 qui
3356 3503 3467 3547 tum
3495 3493 3684 3549 dolore

2072 3576 2441 3647 frangebatur,
2470 3594 2592 3633 cum
2622 3579 3079 3635 immortalitatem
3098 3584 3226 3653 ipsa
3258 3592 3435 3639 morte
3467 3602 3681 3654 quaere-

2072 3671 2181 3726 bat.
2234 3670 2379 3739 Quas
2428 3673 2514 3727 hic
2551 3687 2715 3728 voces
2759 3674 2901 3741 apud
2931 3672 3255 3744 Sophoclem
3289 3677 3343 3731 in
3372 3675 3681 3734 Trachiniis

2075 3765 2222 3820 edit?
2261 3764 2360 3820 Cui
2384 3780 2505 3821 cum
2562 3766 3112 3838 chaniraisanguine
3157 3766 3411 3824 Centauri
3454 3771 3677 3827 tinctam

2077 3858 2311 3912 tunicam
2341 3860 2640 3925 induisset,
2686 3860 3096 3932 inltmsissetque
3125 3878 3187 3916 ea
3222 3864 3521 3921 visceribus
3547 3907 3561 3929 ,
3604 3866 3682 3921 ait

2074 3949 2170 4005 ille
2198 3952 2276 4005 :0
2300 3951 2491 4018 multa,
2516 3960 2619 4006 etc.
2651 3970 2670 4002 ι
2705 3950 2919 4024 (Cicer.,
2948 3954 3035 4007 llb.
3071 3970 3109 4010 tt
3134 3953 3374 4024 Tuscul.,
3400 3974 3519 4030 pag.
3554 3958 3675 4025 158,

2074 4046 2167 4099 lin.
2210 4044 2325 4117 42).
2375 4046 2705 4119 Transcripti
2744 4064 2873 4104 vero
2912 4049 3199 4121 Sophoclis
3246 4067 3436 4109 versus
3477 4055 3530 4109 in
3577 4072 3676 4126 ea,

2074 4156 2231 4209 quam
2263 4140 2382 4205 ille,
2414 4142 2544 4195 citat
2572 4142 2831 4213 tragmdia
2883 4160 2942 4197 re
2991 4146 3104 4214 ipsa
3156 4147 3502 4204 inveniuntur
3540 4149 3674 4223 (So-

2078 4234 2273 4301 pltocl.,
2294 4234 2346 4287 in
2367 4230 2641 4302 Tmolum,
2665 4252 2793 4291 vers.
2828 4237 2964 4292 1057
2992 4249 3039 4292 et
3062 4242 3243 4312 δέρᾳ).

2147 4326 2319 4392 Quam
2334 4326 2565 4380 validum
2595 4343 2757 4397 porro
2778 4331 2846 4384 sit
2870 4332 3009 4386 istud
3032 4332 3256 4389 Arnobii
3276 4349 3672 4407 argumentum,

2077 4420 2161 4475 vel
2191 4437 2257 4474 ex
2301 4421 2416 4491 ipso
2464 4420 2726 4479 Cicerone
2754 4426 3013 4495 colliges,
3055 4429 3145 4497 qui
3190 4445 3314 4484 cum
3361 4431 3582 4489 dixisset
3605 4434 3676 4490 ab

2079 4514 2417 4571 Evehemero
2447 4528 2500 4572 et
2528 4528 2730 4573 mortes
2754 4529 2809 4574 et
2832 4521 3139 4590 sepulturas
3168 4523 3525 4582 demonstrari
3545 4527 3675 4583 deo-

371 4620 719 4691 Hieronymus
744 4618 1073 4674 Plulharcus.
1107 4620 1165 4674 Si
1192 4620 1331 4675 enim
1365 4623 1753 4684 Arnobit'sibi.
1786 4641 1969 4693 quem-

2110 4624 2221 4670 um,
2257 4608 2379 4664 hinc
2408 4612 2683 4685 concludit
2722 4613 2791 4666 ab
2816 4612 2911 4667 illo
2950 4624 3113 4670 totam
3154 4620 3365 4687 penitus
3413 4621 3522 4674 tolli
3551 4622 3673 4676 reli-

371 4713 660 4769 admodum
708 4713 835 4768 alibi
893 4713 1227 4767 Clementem
1293 4716 1575 4785 sequitur,
1624 4718 1968 4774 scribendum

374 4815 492 4860 erat
520 4805 874 4876 Hieronymus
897 4807 1252 4876 philosophus,
1283 4809 1371 4877 qui
1403 4807 1685 4866 Herculem
1712 4812 1767 4866 in
1791 4823 1975 4869 monte

376 4895 506 4953 Oeta
536 4912 593 4953 se
624 4897 801 4952 vivum
831 4898 1198 4953 combussisse
1226 4899 1481 4969 prodidit.

2072 4702 2284 4770 gionetn
2311 4743 2327 4765 ,
2377 4703 2469 4756 sed
2516 4719 2620 4758 nou
2654 4704 2813 4759 aliam
2846 4711 3087 4775 prolecto
3115 4750 3132 4775 ,
3184 4711 3289 4765 nisi
3336 4711 3671 4771 ethnicorum

2071 4791 2287 4866 (Cicer.,
2317 4795 2368 4847 in
2393 4795 2487 4862 fin.
2517 4796 2609 4851 lib.
2635 4813 2649 4851 ι
2679 4798 2743 4851 de
2774 4797 2966 4853 Natur.
2991 4800 3159 4868 ἄξοι,
3195 4819 3319 4875 pag.
3342 4804 3493 4876 2η).

2685 4893 2913 4952 CAPUT
2953 4895 3070 4951 XV.

446 4993 710 5048 Cmtcrum
766 4992 836 5049 de
890 4994 1046 5063 hujus
1113 5004 1169 5051 et
1237 4997 1464 5052 alterius
1508 4997 1757 5055 Herculis
1804 5010 1969 5059 morte

2106 4983 2352 5052 Quomodo
2384 4984 2638 5039 Arnobius
2684 4987 2973 5056 probaverit
3009 4991 3181 5043 omnia
3207 5007 3324 5057 qum
3358 4993 3421 5047 de
3456 4994 3551 5049 diis
3588 5010 3672 5047 me

376 5098 563 5141 auctor
593 5095 774 5141 noster
799 5087 970 5155 primo
994 5102 1092 5141 suo
1121 5092 1171 5141 in
1203 5087 1341 5144 libro
1364 5090 1606 5146 dixerat:
1646 5112 1663 5143 ι
1687 5092 1977 5150 Thebanus

378 5188 470 5232 aut
501 5177 693 5248 Tyrius
721 5163 1013 5242 Hercules,
1060 5179 1148 5235 hic
1197 5182 1265 5235 in‘
1292 5182 1487 5238 ﬁnibus
1513 5185 1751 5253 sepultus
1777 5187 1974 5257 Histia-

381 5273 504 5336 ni:c,
529 5272 757 5327 ﬂammis
780 5273 916 5327 alter
932 5275 1502 5331 concrematusOelcis
1527 5296 1544 5329 ι
1572 5276 1808 5351 (Arnob.,
1828 5280 1914 5335 lib.
1936 5298 1970 5347 ι,

382 5382 500 5439 pag.
542 5366 655 5434 ΞΟ).
718 5366 871 5421 Prior
913 5377 1088 5423 autem
1145 5370 1232 5424 illo
1272 5370 1529 5425 Hercules
1573 5371 1699 5437 fuit,
1753 5375 1821 5430 de
1866 5392 1974 5445 quo

384 5457 675 5511 Pausanias
714 5458 830 5512 haec
870 5459 1061 5513 litteris
1092 5463 1427 5532 consignavit
1468 5462 1759 5534 (Pausutt.,
1800 5467 1889 5520 lib.
1914 5485 1967 5533 v,

386 5569 505 5622 pag.
544 5549 666 5621 175)
702 5570 715 5605 :
760 5552 822 5605 Et
851 5546 1009 5607 Tltasi
1035 5555 1232 5623 quidem
1266 5558 1435 5610 audivi
1462 5555 1673 5627 Tyrium
1699 5576 1803 5614 esse
1834 5560 1967 5614 Ηετο

384 5648 542 5698 colem
566 5686 579 5710 ,
608 5662 751 5713 quem
784 5646 963 5700 Thasii
992 5647 1055 5700 ab
1082 5648 1227 5701 initio
1248 5660 1410 5703 essent
1441 5653 1663 5706 venerati
1688 5670 1700 5705 :
1732 5655 1817 5707 sed
1840 5655 1972 5707 enim

388 5757 502 5793 cum
539 5757 591 5793 se
622 5741 701 5793 illi
732 5739 919 5795 (ἐτίναξε
947 5742 1302 5809 adjuuxisscnt
1321 5786 1336 5809 ,
1367 5755 1555 5813 emptos
1579 5745 1643 5798 ab
1675 5746 1738 5800 iis
1763 5747 1976 5817 Amphi-

392 5832 585 5899 tryonis
614 5832 761 5886 etiam
790 5834 895 5901 filio
923 5834 1135 5888 honores
1168 5837 1360 5890 haberi.
1436 5848 1641 5895 ηκουσα
1664 5836 1718 5893 δὲ
1747 5841 1795 5894 ἐν
1821 5842 1979 5914 Θάσῳ

2152 5086 2349 5128 morata
2396 5086 2532 5143 sunt,
2595 5079 2729 5131 male
2758 5081 2811 5131 in
2857 5088 3031 5149 poetas
3066 5081 3127 5133 ab
3155 5084 3369 5139 ethnicis
3395 5087 3562 5157 rejici,
3600 5102 3669 5139 ac

2150 5168 2271 5222 deos
2300 5167 2433 5221 ludis
2458 5209 2473 5232 ,
2520 5170 2572 5221 in
2610 5187 2783 5224 eorum
2826 5171 3067 5227 honorem
3095 5175 3342 5231 institutis
3363 5220 3376 5245 ,
3404 5179 3663 5249 infamari,

2149 5275 2197 5316 et
2223 5262 2469 5317 attributa
2492 5264 2707 5333 spoliari
2737 5266 3019 5321 divinitate.
3460 5246 3468 5249 ⁷
3648 5246 3676 5277 τ’

2606 5373 2899 5413 Αιιτιουιυε
2936 5375 3147 5415 PRIMUS.

2075 5446 2359 5519 Ostenditur
2383 5461 2441 5496 ea
2458 5449 2782 5519 iomnia,_qua:
2805 5451 2871 5519 de
2892 5450 2989 5519 diis
3007 5453 3135 5519 dicta
3160 5459 3287 5519 sunt,
3313 5457 3439 5519 male
3475 5457 3670 5507 retundl

2139 5512 2185 5582 iu
2212 5517 2399 5582 poetas,
2424 5518 2574 5571 atque
2602 5512 2823 5562 ethnicos
2842 5516 3079 5582 debuisse
3110 5516 3159 5564 in
3192 5512 3327 5579 illos,
3356 5522 3667 5582 quemadmo-

2133 5573 2249 5639 dum
2272 5572 2507 5623 adversus
2525 5586 2729 5635 regnum
2751 5578 3019 5639 potentiam
3032 5572 3406 5639 murtiiurantes,
3422 5591 3470 5632 et
3483 5583 3668 5631 calum-

2136 5636 2378 5707 i’tiatores,
2416 5639 2711 5707 sententiam
2752 5636 2945 5707 Terre,
2986 5654 3042 5689 ac
3082 5654 3191 5707 cum
3229 5643 3311 5707 eis
3362 5636 3667 5707 proscribere

2138 5697 2631 5809 ltitstiioneﬁmimos,
2658 5713 2714 5750 ac
2738 5697 3075 5763 pantomimos,
3100 5705 3183 5753 ubi
3211 5704 3277 5756 de
3299 5697 3562 5770 quindecim
3579 5709 3665 5755 vi-

2142 5772 2166 5806 r
2185 5795 2209 5809 .
2273 5772 2418 5809 aurea
2444 5774 2502 5809 ts.

2142 5771 2209 5809 I'IS
2234 5771 2502 5810 Laureatts.

2156 5842 2310 5899 Tanti
2350 5844 2602 5915 ponderis
2647 5859 2990 5919 argumenta,
3036 5867 3064 5905 a
3107 5854 3263 5911 nobis
3290 5855 3551 5928 exposita,
3594 5871 3653 5911 ιιι
3732 5928 3739 5935 ο
