3872 6382
156 405 240 460 ςςςτ
1289 392 1354 449 IN
1393 383 1767 454 ARNODIUM,
1807 381 1962 439 car.
2005 381 2118 437 xv.
3303 381 3410 438 5:53

158 515 325 571 ethnici
361 515 627 572 infirmare
652 555 668 583 ,
708 523 802 571 aut
841 520 991 568 certe
1017 511 1241 568 eludere
1289 524 1505 582 quoquo
1549 508 1708 563 modo

1841 496 1993 551 uistis
2021 493 2255 564 injuriis.
2289 511 2308 545 ι
2346 491 2601 564 (Aruob.,
2636 493 2727 547 lib.
2758 509 2832 557 tv,
2869 508 2989 564 pag.
3029 491 3178 564 151.)
3206 492 3262 548 Si
3291 493 3413 563 quis

157 617 382 677 possent,
427 608 820 678 respondebant
851 623 913 661 ea
947 606 1125 659 omnia
1149 604 1373 659 deorum
1406 603 1711 673 turpissima

157 700 302 764 facta,
353 708 544 754 mortes
577 708 630 753 et
655 699 957 768 sepulturas
986 697 1237 767 ﬂgmenta
1265 709 1385 751 esse
1412 706 1708 763 poetarum,

157 793 213 847 ab
249 792 306 846 iis
349 809 446 846 non
475 807 620 847 sanat
654 792 852 846 mentis
902 788 1207 844 hominibus
1247 787 1313 842 ad
1341 787 1621 843 libidinem
1649 802 1714 844 ac

157 884 448 952 voluptatem
478 884 797 953 composita,
836 884 1032 953 quibus
1061 881 1367 950 imperitum
1401 879 1588 948 vulgus
1614 879 1712 935 de-

155 985 398 1045 ceperunt.
442 975 637 1030 Verum
681 976 764 1029 cui
816 973 1077 1030 credibile
1110 974 1234 1039 fiet,
1287 973 1360 1027 ait
1407 972 1709 1038 Arnobius,

158 1081 317 1139 poetas
354 1071 632 1125 vetustatis
676 1068 1056 1125 remotissimxe
1083 1082 1150 1122 eo
1178 1065 1525 1136 impudentiae
1553 1065 1717 1120 deve-

158 1163 296 1227 nisse,
320 1172 376 1217 ut
395 1162 616 1218 infames
642 1170 800 1234 atque
822 1162 1263 1218 obscmnissimas
1288 1160 1355 1214 de
1384 1159 1487 1215 diis
1512 1160 1718 1214 fabulas

156 1269 278 1308 ceco
312 1254 482 1310 furore
523 1255 1034 1321 disseminaverint,
1091 1253 1403 1324 nullamque
1428 1253 1718 1307 metuerint

154 1355 232 1399 aut
275 1347 423 1401 adiis
464 1348 636 1417 ipsis,
693 1357 786 1402 aut
842 1347 1150 1404 hominibus
1206 1361 1420 1417 pmnam
1469 1345 1715 1416 (Arnob.,

156 1436 230 1490 lib.
260 1453 327 1504 iv,
356 1455 472 1511 pag.
508 1439 612 1495 N8
638 1449 687 1495 et
712 1438 904 1512 seqq.).

223 1529 405 1585 Deinde
432 1546 560 1588 vero
584 1567 602 1597 ,
651 1540 771 1594 esto
796 1573 810 1597 ,
865 1540 1051 1587 contra
1080 1531 1168 1601 jus
1193 1545 1353 1586 omne
1375 1539 1429 1586 et
1458 1528 1560 1594 fas,
1603 1527 1721 1584 haec

154 1625 409 1678 commenti
441 1624 568 1690 sint,
603 1640 698 1679 cur
725 1639 858 1695 ergo
886 1624 964 1680 illi
986 1625 1162 1696 legum
1192 1625 1481 1680 severitate
1509 1622 1721 1677 debitas

157 1724 282 1769 tanto
309 1716 490 1772 sceleri
523 1732 712 1788 plenas
742 1733 850 1772 non
877 1717 1186 1773 dederunt?
1233 1715 1426 1771 Nonne
1463 1715 1720 1786 gravissi-

157 1823 280 1862 mum
305 1809 498 1864 crimen
528 1821 611 1865 est
640 1810 833 1866 famam
865 1811 1091 1882 alicujus
1117 1851 1130 1874 ,
1178 1810 1349 1864 multo
1379 1810 1550 1879 magis
1589 1809 1717 1873 Dei,

1814 588 1942 641 velit
1987 586 2036 640 id
2069 585 2167 640 sibi
2214 584 2442 654 alicujus
2486 586 2808 640 auctoritate
2837 585 3090 654 probari,
3135 588 3180 640 is
3229 587 3416 641 audiat

1815 681 2135 736 Ciceronem
2166 697 2180 734 :
2219 699 2238 730 ι
2276 679 2568 735 Duodecim
2599 680 2829 748 tabulm,
2863 700 2880 732 ι
2918 681 2990 735 ait
3031 692 3233 750 orator,
3269 699 3287 732 ι
3320 681 3416 736 de-

1816 773 2025 829 clarant
2065 771 2222 828 condi
2261 772 2375 842 jam
2411 782 2523 826 tum
2565 771 2780 826 solitum
2828 787 2946 827 esse
2975 787 3193 828 carnem
3231 772 3419 842 :quod

1818 881 1886 921 ne
1904 865 2091 921 liceret
2110 864 2223 921 ﬂeri
2246 865 2312 919 ad
2335 865 2559 920 alterius
2579 865 2850 936 injuriam,
2878 865 3024 936 leges
3046 875 3364 921 sanxerunt.
3391 886 3410 920 ι

1822 959 2046 1034 (Cicer.,
2094 961 2182 1016 lib.
2227 976 2281 1016 ιν
2330 959 2574 1027 Tuscul.,
2630 977 2749 1033 pag.
2805 960 2929 1027 165,
2961 960 3054 1014 lin.
3085 959 3202 1030 9.3.)
3236 963 3420 1031 Augu-

1818 1054 1990 1108 Slitltls
2017 1068 2147 1108 vero
2197 1063 2422 1109 testatur
2469 1069 2528 1108 se
2580 1069 2645 1108 ex
2677 1068 2820 1108 nunc
2849 1053 3134 1124 deperdita
3172 1053 3422 1124 ejusdem

1818 1142 2094 1200 Ciceronis
2135 1157 2328 1216 quarto
2369 1146 2436 1201 de
2486 1145 2782 1217 Republica
2829 1145 2972 1201 libro
3014 1145 3128 1200 haec
3154 1145 3222 1201 de
3254 1147 3422 1202 verbo

1820 1238 1888 1294 ad
1919 1239 2142 1294 verbum
2176 1240 2551 1309 descripsisse.
2584 1258 2602 1291 ι
2638 1237 2850 1294 Nostrze
2898 1237 3182 1294 duodecim
3226 1239 3423 1294 tabula:

1820 1349 1942 1389 cum
1998 1349 2294 1405 perpaucas
2345 1350 2433 1389 res
2478 1335 2656 1404 capite
2702 1335 3046 1399 sanxissent,
3090 1337 3140 1388 in
3174 1337 3257 1388 his
3285 1334 3425 1388 hanc.

1822 1441 2037 1499 quoque
2058 1427 2404 1483 sanciendam
2424 1436 2781 1498 putaverunt;
2805 1428 2850 1482 si
2866 1430 2986 1498 quis
3003 1428 3420 1491 occentavisset,

1822 1524 1943 1579 sive
1994 1540 2213 1580 carnem
2267 1523 2632 1591 condidisset,
2691 1523 2834 1594 quod
2891 1521 3166 1578 infamiam
3219 1522 3426 1577 faceret

1823 1618 2152 1689 ﬂagitiumve
2179 1620 2356 1674 alteri.
2387 1619 2673 1675 Praeclare.
2704 1618 2929 1674 Judiciis
2955 1620 3097 1674 enim
3140 1621 3426 1690 magistra-

1823 1720 2007 1778 tuum,
2035 1711 2522 1783 disceptationibus
2568 1711 2824 1782 legitimis
2853 1711 3186 1781 prOpositam
3217 1713 3424 1777 vitam,

1824 1820 1935 1860 non
1966 1815 2246 1875 poetarum
2276 1807 2506 1876 ingeniis
2543 1805 2745 1862 habere
2797 1806 3092 1871 debemus,
3143 1823 3245 1863 nec.
3295 1823 3428 1878 pro-

158 1899 366 1955 ledere?
412 1901 602 1956 Nonne
641 1902 815 1972 majus
863 1911 947 1958 est
988 1901 1294 1957 convicium
1320 1942 1336 1968 ,
1393 1900 1439 1954 si
1485 1900 1717 1970 aliquem
1748 1893 1796 1954 B
1823 1899 1981 1955 brum
2014 1901 2235 1965 audire;
2272 1901 2374 1956 nisi
2403 1917 2466 1957 ea
2511 1901 2632 1971 lege
2677 1911 2736 1956 ut
2783 1901 3114 1971 respondere
3145 1901 3341 1968 liceat,
3377 1909 3433 1956 et:

157 1990 256 2046 falsi
281 1992 510 2047 criminis
540 2008 756 2063 arguas,
785 2007 945 2064 quam
972 1993 1018 2047 si
1047 2009 1169 2048 eum
1199 1994 1247 2048 ei
1275 1993 1552 2063 objectes?
1583 1991 1722 2061 Quid

157 2099 293 2150 vero,
333 2085 470 2155 quod
503 2085 718 2141 Ethnici
751 2086 840 2156 qui
883 2101 912 2139 a
943 2086 1117 2140 doctis
1146 2095 1252 2139 tam
1295 2087 1467 2155 turpia
1498 2085 1724 2139 deorum

159 2179 359 2232 facinora
391 2179 647 2233 venditari
679 2179 895 2247 impune
923 2178 1264 2249 patiebantur
1287 2220 1300 2244 ,
1332 2193 1440 2232 non
1469 2178 1721 2245 minoris,

158 2284 292 2335 quam
319 2269 412 2336 illi,
445 2270 524 2325 rei
554 2269 773 2324 fuerunt
797 2269 1059 2325 sceleris?

215 2361 331 2427 Quae
355 2370 555 2428 autem,
591 2371 646 2417 et
671 2369 868 2432 quanta
901 2362 1128 2416 deorum
1151 2360 1376 2432 ﬂagitia,
1410 2361 1726 2433 sacrilegia,

159 2451 379 2516 vincula,
423 2454 684 2520 vulnera,
735 2463 789 2508 et
837 2453 1092 2508 interitus
1149 2453 1454 2507 cecinerint
1498 2467 1563 2506 ex
1616 2453 1728 2521 jam

157 2543 326 2610 dictis,
374 2555 428 2600 et
477 2545 737 2615 deinceps
786 2545 1031 2601 dicendis
1080 2545 1238 2600 facile
1287 2543 1626 2616 intelligitur.
1660 2545 1730 2599 At

159 2635 267 2690 illud
289 2638 553 2693 Arnobius
585 2640 636 2692 in
669 2638 858 2708 primis
876 2637 978 2692 hoc
1002 2639 1055 2691 in
1082 2637 1203 2692 loco
1226 2648 1410 2706 urget,
1440 2637 1583 2706 quod
1608 2635 1729 2691 Jovi

157 2731 460 2801 adscriptum
507 2731 648 2786 fuit:
680 2749 698 2782 ‹
727 2730 847 2801 Ipse
877 2730 967 2786 ille
991 2731 1223 2801 Jupiter,
1249 2732 1436 2800 cujus,
1474 2749 1493 2781 ›
1521 2731 1726 2799 inquit,

164 2841 178 2873 ‹
209 2839 294 2879 vos
320 2839 514 2878 nomen
544 2822 702 2880 eﬂ'ari
734 2839 842 2878 non
871 2824 990 2878 sine
1034 2833 1183 2878 metu
1228 2823 1445 2888 decuit,
1478 2830 1533 2875 et
1564 2821 1730 2876 totius

156 2920 372 2987 corporis
387 2918 773 2982 concussione,
796 2917 1004 2972 amasio
1029 2917 1296 2987 (amasius
1322 2932 1419 2969 ms.
1446 2931 1556 2987 reg.
1585 2913 1727 2985 cod.)

157 3022 318 3080 captus
341 3012 405 3065 ab
434 3025 606 3066 uxore
625 3053 639 3077 ,
691 3010 1019 3066 describitur
1048 3008 1294 3064 confiteri
1339 3008 1529 3076 culpas
1565 3021 1690 3061 suas
1712 3047 1726 3072 ,

155 3113 201 3158 et
223 3107 353 3160 velut
375 3107 636 3172 demens,
671 3121 735 3161 ac
764 3107 1012 3170 nescius,
1043 3120 1176 3174 quas
1203 3104 1465 3158 amiculas
1490 3102 1726 3173 conjungi,

156 3213 270 3265 quas
302 3202 449 3254 uxori
496 3201 871 3271 anteposuerit
903 3199 1156 3269 pellices,
1189 3197 1486 3252 obduratus
1515 3197 1732 3251 invere-

1820 1991 2024 2061 judicio
2052 1993 2345 2050 defendere
2378 2013 2396 2045 ι
2444 1991 2690 2067 (August.
2716 2035 2732 2061 ,
2763 1993 2852 2048 lib.
2887 2009 2926 2048 ιι
2953 1994 3016 2048 de
3040 1993 3188 2048 Civil.
3208 2035 3222 2061 ,
3247 1995 3429 2064 σαμε),

1828 2100 1947 2154 pag.
1980 2086 2049 2140 58
2069 2083 2112 2157 ).
2145 2085 2300 2152 Quod
2351 2085 2570 2157 quidem
2611 2086 2945 2155 Augustinus
2991 2085 3213 2141 Seneca:
3257 2086 3435 2142 adhuc

1828 2179 2140 2233 testimonio
2192 2178 2424 2234 ﬁrmavit
2455 2178 2670 2251 (Idem,
2698 2179 2824 2234 ibid.
2848 2221 2862 2246 ,
2895 2198 3010 2252 cap.
3047 2179 3135 2247 12,
3167 2197 3284 2253 pag.
3315 2180 3457 2252 40):

1829 2270 2069 2341 Denique
2099 2269 2294 2326 cecinit
2337 2271 2593 2327 Horatius
2627 2291 2638 2325 :

1922 2425 2174 2539 gmnaqge
2197 2427 2312 2489 lata,
2339 2427 2466 2477 malo
2488 2441 2599 2491 qua?
2623 2366 3341 2494 noueggafm‘illgnqbgnquam

1970 2502 2098 2539 eseri
2137 2503 2170 2538 l.

1970 2502 2150 2539 BSCl'lDl
2161 2529 2170 2538 .

2200 2553 2398 2613 (Horat.
2425 2549 2507 2602 lib.
2535 2568 2586 2615 ιι,
2614 2551 2756 2618 epist.
2782 2555 2828 2614 1,
2851 2566 2977 2605 vers.
3003 2554 3093 2605 152
3115 2561 3162 2606 et
3184 2555 3341 2622 seqq.)

1830 2657 2006 2728 Atque
2036 2657 2127 2713 ille
2171 2659 2329 2728 paulo
2375 2669 2502 2713 ante
2548 2658 2869 2726 tabularum,
2906 2676 2935 2712 a
2965 2660 3253 2726 duodecim
3304 2664 3440 2720 viris

1831 2751 2194 2814 sancitarum,
2254 2750 2581 2804 mentionem
2653 2750 2874 2805 fecerat.
2923 2751 3104 2817 Hunc,
3153 2753 3196 2808 si
3246 2754 3436 2822 lubet,

1832 2841 2092 2907 consule,
2126 2840 2525 2896 ctGothofredi
2568 2844 2621 2897 in
2672 2841 2814 2897 titul.
2861 2842 2927 2896 de
2973 2843 3193 2899 famosis
3243 2847 3440 2902 libellis

1832 2933 2215 2988 annotationes
2262 2932 2448 3007 (Tom.
2508 2951 2566 2989 ιιι
2604 2934 2720 2988 cod.
2778 2933 3012 3002 Theod,
3065 2954 3183 3008 pag.
3229 2938 3360 3005 237,
3393 2950 3441 2995 et

1833 3024 2010 3095 seqq.)
2041 3025 2252 3093 Quanta
2299 3025 2463 3096 igitur
2505 3027 2791 3098 iniquitate
2831 3036 2888 3083 et
2920 3030 3178 3100 injustitia
3233 3032 3440 3088 ethnici

1835 3124 1944 3169 tam
1989 3116 2195 3171 severis
2225 3117 2434 3185 legibus
2466 3117 2745 3172 hominum
2779 3119 3004 3188 injurias
3036 3130 3196 3192 atque
3227 3124 3439 3178 calum-

1834 3207 1952 3260 nias
2003 3207 2390 3272 vindicabant,
2441 3220 2496 3263 et
2547 3210 2816 3279 patienter
2867 3211 3207 3282 tolerabant,
3271 3216 3442 3272 immo

155 3291 322 3345 cundia
377 3293 660 3363 publicare
701 3313 720 3345 ι
762 3292 1013 3365 (Arnob.,
1057 3291 1147 3344 lib.
1195 3305 1273 3356 tv,
1323 3307 1445 3360 pag.
1477 3288 1626 3360 150).
1665 3290 1733 3342 At
1759 3278 1806 3341 Ο
1837 3315 1968 3355 vero
1990 3301 2217 3355 summis
2240 3300 2488 3356 laudibus
2510 3278 2875 3368 extollebant,
2917 3314 3125 3375 poetas,
3173 3278 3202 3361 a
3244 3309 3441 3378 quibus

156 3382 215 3435 ibi
243 3383 300 3437 ad
332 3385 426 3438 hos
457 3383 603 3439 haud
633 3385 798 3440 dubie
819 3384 1009 3439 alludit
1037 3382 1256 3438 Homeri
1282 3397 1470 3437 versus
1495 3423 1510 3448 ,
1539 3382 1733 3452 quibus

153 3471 335 3542 Jupiter
358 3492 417 3531 se
446 3475 674 3532 Ixionis;
706 3479 921 3545 uxoris,
966 3477 1080 3531 sive
1107 3475 1252 3542 Dim,
1295 3486 1350 3529 et
1391 3474 1635 3540 Danaes,
1669 3488 1734 3528 ac

156 3566 393 3625 Ptianicis
444 3570 597 3635 tiliae,
660 3569 933 3635 Semeles,
991 3569 1318 3634 Alcmenes,
1348 3567 1630 3633 Cecreris,
1679 3575 1735 3622 et

156 3672 346 3728 Latona:
389 3688 578 3729 amore
621 3685 682 3725 se
729 3679 945 3739 captum
993 3665 1158 3722 fuisse
1202 3664 1405 3721 Junoni
1454 3665 1730 3730 declarat,

156 3779 201 3821 et
247 3768 528 3825 conﬁtetur
579 3764 841 3838 (Homer.
870 3804 886 3830 ,
915 3761 1111 3829 lliad.,
1156 3777 1271 3825 xw,
1318 3777 1448 3816 vers.
1492 3758 1634 3825 514,
1682 3765 1737 3814 et;

156 3866 334 3934 seqq.).

219 3954 339 4010 Tam
371 3955 594 4012 eﬁrenis
623 3967 755 4022 ergo
783 3950 946 4021 hujus
977 3949 1318 4019 aliorumque
1356 3957 1638 4018 poetarum
1669 3946 1735 4000 li-

156 4049 342 4116 centia,
392 4052 572 4120 pergit
601 4045 876 4101 Arnobius
907 4041 1129 4113 (Arnob.
1156 4084 1169 4107 ,
1203 4040 1290 4095 lib.
1324 4056 1397 4108 tv,
1429 4056 1548 4112 pag.
1583 4037 1735 4110 150),

159 4140 374 4212 legibus,
408 4157 470 4198 ac
512 4139 819 4214 plebiscitis
864 4152 972 4193 non
1017 4137 1213 4191 minori
1261 4137 1554 4192 severitate
1583 4149 1738 4189 coer-

157 4236 254 4291 ceri
280 4237 345 4291 ab
372 4235 624 4292 Ethnieis
651 4233 870 4296 debuit,
912 4247 1073 4302 quam
1118 4245 1340 4295 eorum,
1395 4230 1486 4300 qui
1539 4228 1607 4283 de
1653 4243 1740 4283 re-

158 4327 293 4397 gibus
335 4335 843 4390 murmuraverant,
893 4333 1055 4394 atque
1099 4323 1304 4377 idcirco
1336 4320 1634 4393 majestatis
1661 4321 1740 4376 rei

159 4422 454 4491 agebantur.
489 4421 706 4488 Quibus
732 4432 864 4473 sane
895 4416 1076 4471 verbis
1101 4415 1193 4470 ille
1219 4414 1440 4484 respicit
1469 4412 1535 4468 ad
1565 4413 1740 4483 legem

161 4515 329 4570 luliam
360 4515 669 4586 majestatis
691 4553 705 4578 ,
739 4526 898 4582 quam
929 4507 1270 4564 Theodosius
1297 4505 1520 4575 Magnus
1548 4517 1764 4576 postea

162 4609 418 4681 mitigavit.
446 4607 666 4662 Videsis
695 4606 746 4658 in
781 4602 1135 4658 Iustiniaan
1164 4610 1218 4656 et
1238 4600 1620 4656 Theodosiauo
1649 4615 1741 4654 co-

1834 3394 2051 3464 ipsimet
2096 3393 2168 3449 dii
2199 3384 2500 3452 innumeris
2527 3396 2784 3453 conviciis
2824 3408 2879 3455 et
2905 3401 3252 3458 contumeliis
3279 3418 3442 3459 vexa-

1835 3487 2066 3541 bantur?

1909 3577 2096 3650 Neque
2129 3590 2304 3635 tamen
2335 3582 2465 3636 solis
2497 3583 2703 3652 poetis,
2737 3583 2833 3640 sed
2859 3585 3020 3640 etiam
3056 3588 3438 3658 pantomimis,

1837 3672 2018 3729 mimis
2039 3713 2054 3738 ,
2090 3673 2476 3742 histrionibus,
2525 3677 2821 3743 commdis,
2855 3694 2918 3734 ac
2966 3681 3223 3751 tragoedis
3248 3683 3442 3739 eadem

1836 3769 2052 3824 licentia
2105 3768 2228 3824 data
2267 3780 2396 3826 erat
2444 3771 2686 3841 (Arnob.,
2736 3772 2826 3826 lib.
2865 3788 2942 3838 tv,
2975 3791 3092 3844 pag.
3129 3775 3277 3847 151).
3307 3775 3442 3832 Nam

1840 3863 1893 3916 hi
1928 3878 2118 3919 omnes
2146 3865 2198 3918 in
2229 3863 2455 3920 theatris
2496 3864 2683 3920 eadem
2739 3866 2852 3936 ipsa
2905 3866 3131 3922 deorum
3181 3868 3441 3938 Veneris,

1839 3955 2103 4028 Cybeles,
2160 3956 2434 4024 Herculis,
2493 3969 2548 4012 et
2595 3959 2822 4014 aliorum
2872 3958 3108 4032 ﬂagitia,
3159 3962 3446 4033 turpiaque

1839 4060 1894 4105 et
1921 4047 2162 4104 crudelia
2205 4048 2445 4103 facinora
2498 4049 2704 4120 majore
2747 4051 2924 4108 adhuc
2969 4053 3300 4123 impudentia
3343 4072 3445 4113 nec

1840 4143 2050 4198 minore
2095 4141 2413 4212 impunitate
2474 4145 2958 4212 reprzesentabant.
3024 4145 3266 4204 Gentiles
3315 4165 3446 4204 vero

1840 4251 1950 4290 non
1993 4234 2188 4290 molles
2217 4243 2424 4289 tantum
2457 4243 2507 4289 et
2540 4234 2866 4302 effeminati,
2895 4237 2991 4292 sed
3019 4237 3214 4305 etiam,
3270 4243 3446 4298 omnis

1842 4329 2105 4399 populus,
2174 4339 2488 4390 senatores,
2557 4327 2900 4383 sacerdotum
2945 4339 2999 4385 et
3025 4331 3448 4400 magistratuum

1843 4422 2063 4493 collegia
2091 4464 2106 4488 ,
2142 4421 2432 4477 Pontifices
2474 4421 2728 4488 maximi,
2753 4420 3019 4479 Curiones
3041 4466 3055 4491 ,
3089 4424 3296 4492 Diales,
3323 4426 3450 4480 Fla-

1841 4513 2046 4581 mines,
2107 4515 2384 4584 Augures,
2451 4524 2505 4568 et
2549 4511 2870 4582 Quindecim
2914 4516 3014 4570 viri
3062 4515 3288 4572 laureati
3350 4518 3450 4574 hos

1847 4621 2040 4675 magno
2109 4605 2367 4675 applausu
2434 4621 2734 4677 magnaque
2801 4607 3081 4676 voluptate
3134 4609 3446 4666 audiebant.

163 4663 424 4773 diceoleges
445 4702 515 4757 de
539 4697 846 4754 maledictis
888 4697 941 4750 in
973 4695 1269 4764 principem
1290 4737 1304 4761 ,
1338 4705 1390 4749 et
1418 4707 1538 4764 quae
1570 4694 1623 4748 in
1649 4708 1742 4748 eas
1765 4663 1819 4726 Β
1847 4663 2193 4766 Quindecim.
2221 4707 2400 4753 autem
2454 4663 2552 4752 illi”
2590 4663 2689 4753 viii
2745 4663 3132 4770 Sibyllinorum
3189 4701 3451 4757 librorum

164 4791 505 4850 Gothofredus
544 4788 932 4846 animadvertit
959 4786 1107 4861 (Cod.
1140 4785 1305 4853 Just.,
1336 4787 1426 4842 lib.
1457 4802 1496 4851 ι,
1531 4788 1608 4839 tit.
1635 4787 1665 4840 7
1689 4794 1745 4841 et

165 4883 208 4952 8;
235 4906 288 4944 ac
315 4901 434 4945 tom.
466 4905 545 4954 ιιι,
578 4885 699 4941 cod.
733 4883 1010 4950 Theodos,
1060 4901 1181 4955 pag.
1225 4881 1316 4949 42,
1352 4894 1402 4937 ει
1440 4899 1577 4954 seqq.
1603 4886 1644 4954 ).
1675 4882 1745 4936 lis

166 4995 320 5040 autem
361 4984 489 5041 illud
535 4981 920 5045 caiifirmatur,
951 4977 1092 5049 quod
1148 4978 1424 5048 subjungit
1474 4977 1746 5032 Arnobius

167 5077 387 5134 decretas
415 5080 468 5134 in
493 5094 625 5134 eum
646 5087 854 5147 pmnas,
874 5073 964 5144 qui
993 5074 1043 5126 in
1061 5072 1307 5127 ordinem
1339 5071 1748 5142 magistratuum

169 5183 454 5230 senatorum
482 5171 724 5242 redigit,
766 5178 858 5224 aut
889 5168 1036 5224 illum
1086 5166 1335 5223 convicio
1385 5167 1746 5238 persequitur.

170 5267 357 5334 Quanto
386 5283 520 5339 ergo
562 5262 812 5319 severius
855 5263 906 5316 in
938 5261 1137 5315 divinae
1169 5260 1468 5330 majestatis
1498 5273 1621 5313 reos
1650 5272 1752 5313 sre-

171 5361 400 5416 viendum
424 5369 545 5415 erat
562 5358 588 5410 ‘l
614 5355 729 5410 Cur
759 5368 889 5425 ergo
912 5353 1087 5424 poetis
1110 5353 1322 5410 veniam
1349 5352 1548 5408 dabant
1575 5361 1630 5407 et
1656 5353 1756 5407 im-

173 5454 485 5522 punitatcm?

236 5548 332 5618 Sed
362 5559 660 5620 pergamus
687 5545 732 5599 si
764 5544 945 5616 placet
974 5559 989 5598 :
1029 5561 1048 5594 ι
1076 5539 1306 5598 Carmen
1335 5541 1533 5596 malum
1566 5561 1584 5594 ι
1613 5539 1764 5595 addit

178 5653 342 5698 auctor
372 5653 584 5708 noster,
618 5657 637 5692 ι
667 5638 1048 5700 conscribere,
1074 5653 1181 5707 quo
1204 5637 1342 5691 fama
1366 5637 1586 5692 alterius
1613 5635 1764 5692 coin-

181 5735 427 5804 quinetur,
459 5745 516 5791 et
547 5733 660 5788 vita
680 5775 696 5798 ,
725 5729 1177 5785 decemviralibus
1219 5729 1371 5784 scitis
1400 5729 1633 5784 evadere
1664 5743 1764 5782 no-

184 5828 337 5886 luisds
365 5832 588 5901 impune
615 5844 630 5879 :
653 5842 716 5882 ac
743 5840 814 5881 ne
843 5832 1052 5880 vestras
1092 5838 1251 5879 aures
1289 5823 1534 5878 convicio
1574 5822 1769 5892 aliquis

190 5924 528 5992 petulantiore
561 5921 842 5994 pulsaret,
868 5918 936 5975 de
961 5918 1232 5974 atrocibus
1271 5917 1529 5974 formulas
1573 5915 1774 5972 consti-

1848 4802 2003 4847 erant
2030 4790 2317 4858 custodes,
2344 4805 2481 4860 quos
2507 4791 2728 4846 Servius
2747 4834 2762 4859 ,
2796 4791 3028 4861 primum
3056 4791 3193 4847 duos
3212 4835 3225 4856 ,
3256 4793 3454 4851 deinde

1849 4886 2036 4942 decem
2058 4926 2073 4951 ,
2115 4896 2302 4954 postea
2332 4884 2644 4954 quindecim
2679 4882 2845 4937 fuisse
2872 4885 3143 4938 observat.
3178 4885 3337 4940 Plura
3383 4888 3454 4943 de

1852 4981 1937 5047 his
1984 4979 2032 5035 si
2077 4979 2217 5034 scire
2262 4994 2499 5042 avenas,
2548 4976 2770 5032 consule
2799 4977 3150 5042 Ciceronem,
3181 4977 3455 5035 Valerium

1853 5074 2179 5137 Maximum,
2213 5074 2276 5126 A.
2305 5071 2573 5137 Gellium,
2610 5071 2841 5125 Plinium
2866 5112 2880 5136 ,
2914 5071 3228 5127 Suetonium
3255 5115 3270 5137 ,
3305 5074 3458 5129 Tira-

1855 5170 2092 5240 quellum
2115 5211 2130 5234 ,
2163 5177 2218 5223 et
2247 5166 2583 5221 Lactantium
2617 5182 2645 5218 a
2678 5165 2830 5220 nobis
2853 5165 2978 5219 alibi
3001 5166 3218 5220 citatum
3244 5166 3456 5238 (Serv.,

1855 5264 1907 5318 in
1937 5262 2023 5316 lib.
2057 5278 2108 5316 vr
2141 5259 2382 5326 .Eneid.,
2416 5276 2541 5313 vers.
2594 5259 2692 5326 75;
2737 5257 2926 5324 Cicer.,
2985 5257 3073 5313 lib.
3103 5274 3122 5312 ι
3164 5258 3226 5312 de
3255 5257 3463 5314 Natura

1862 5357 2029 5418 deor.,
2064 5372 2183 5426 pag.
2217 5355 2354 5419 225;
2397 5352 2509 5406 Val.
2541 5351 2712 5415 Max”
2742 5350 2828 5405 lib.
2874 5367 2914 5416 ι,
2962 5368 3078 5420 cap.
3117 5351 3166 5417 l;
3200 5354 3262 5405 A.
3288 5353 3421 5408 Gell.
3443 5395 3461 5420 ,

1864 5450 1950 5504 lib.
1983 5446 2177 5502 tNoct.
2201 5447 2386 5512 Attic.,
2411 5462 2526 5513 cap.
2553 5445 2634 5508 19,
2661 5462 2781 5515 pug.
2806 5444 2907 5506 8'6;
2959 5442 3124 5509 Plin.,
3160 5444 3244 5497 lib.
3291 5461 3467 5502 xxvm

1869 5540 2007 5594 Hist.
2061 5550 2258 5603 natur.,
2291 5538 2490 5607 cap.2,
2525 5552 2644 5606 pag.
2702 5535 2827 5599 557;
2882 5533 3156 5604 Tiraq.-in
3200 5536 3346 5592 Alex.
3405 5539 3468 5593 ab

1869 5634 2038 5700 Alcen,
2073 5634 2157 5689 lib.
2211 5649 2265 5686 ιιι
2322 5631 2450 5686 Gen.
2476 5632 2629 5695 dier.,
2676 5627 2900 5697 cap.i6,
2954 5644 3072 5697 pag.
3114 5627 3255 5693 269;
3287 5639 3410 5684 tam.
3453 5646 3476 5686 ι

1872 5729 2146 5799 Apparat.,
2178 5745 2299 5800 pag.
2326 5725 2456 5798 254)
2469 5767 2481 5780 .

1946 5824 2176 5878 Tantum
2208 5837 2370 5894 porro
2391 5821 2566 5883 abest,
2590 5827 2648 5874 ut
2670 5815 2870 5872 ethnici
2898 5813 3114 5880 mimos,
3145 5815 3443 5877 histriones
3463 5862 3481 5887 ,

1879 5917 2121 5985 aliosque
2178 5914 2424 5986 ejusdem
2485 5913 2674 5969 farina:
2741 5908 3033 5973 homines,
3095 5917 3202 5962 tam
3259 5909 3484 5972 infamia
