3872 6346
429 366 533 422 δῖιθ

1679 347 2128 409 Ι)185ΕΙὶΤᾹΤΙΟ
2167 341 2439 401 ΡΙιᾹΞῊᾹ

3602 339 3685 394 iiin

428 483 649 534 deorum
668 476 1411 542 factareprmscntantes.pro
1427 467 1620 520 mei-ito
1637 463 2018 536 castigavcrint
2049 467 2098 526 Α
2123 477 2242 534 pag.
2274 459 2379 514 258
2409 462 2446 528 ),
2499 467 2682 508 sacros
2723 465 2876 519 esse,
2922 450 3139 520 illisque
3194 459 3462 521 tamquam
3518 450 3690 506 solem-

429 574 556 642 quin
577 572 751 640 potius
768 570 874 621 illis
892 565 1281 626 concesswint,
1300 571 1355 616 ut
1371 569 1512 614 recte
1532 565 1604 611 ait
1621 569 1810 612 auctor
1827 565 2030 637 noster,

437 689 455 715 ι
480 666 617 719 dona
642 673 696 718 et
721 677 962 718 munera.
989 660 1056 713 ab
1081 658 1272 711 ofﬁciis
1299 655 1463 707 otium
1492 652 1717 721 publicis
1738 693 1751 714 ,
1785 651 2034 704 immuni-

432 769 596 813 tatem
619 799 634 819 ,
663 757 996 810 vacationem
1017 766 1138 805 eum
1160 748 1375 802 coronis
1405 765 1422 796 ›
1459 745 1610 815 (Arn.
1640 744 1726 795 lib.
1751 759 1820 805 iv,
1844 760 1894 809 p.
1919 739 2030 809 52).

430 852 562 906 Nam
611 849 988 904 Tlieodoretns
1033 851 1217 909 aperte
1263 839 1397 893 dixit
1429 854 1440 888 :
1471 834 1772 912 mappam;
1818 837 1908 904 μέν
1948 836 2034 885 καὶ

433 943 700 1017 κωμῳδίας
731 942 1005 1014 ὑποκριταὶ
1031 936 1245 1007 ἔχουσιν
1268 937 1337 992 εἰς
1369 930 1682 1004 afﬂatum-2;
1714 934 1802 986 τήν
1847 930 2034 999 τέχνην

433 1044 660 1110 μετέασι,
677 1039 832 1104 καὶτῇ
853 1040 951 1086 τῶν
971 1030 1226 1100 στεφάνων
1248 1023 1409 1080 ἐλπιδι
1436 1032 1532 1078 τῶν
1553 1024 1713 1076 πόνων
1738 1022 2032 1091 ἀνέχονται.

438 1131 822 1203 Trcgaediaruiu
845 1137 891 1181 et
914 1124 1281 1179 comoediarum
1308 1119 1448 1171 mimi
1472 1118 1660 1170 habent
1683 1117 1734 1166 id
1755 1116 1903 1184 cujus
1921 1129 2032 1166 res-

435 1237 583 1298 pectu
606 1235 762 1279 artem
777 1232 1029 1283 exercent,
1048 1229 1094 1273 et
1108 1231 1411 1270 coronarum
1433 1229 1522 1283 spe
1545 1211 1768 1265 laborem
1783 1209 2036 1262 sustinent

434 1318 755 1390 (Tlicodor.,
792 1324 902 1369 orat
939 1313 994 1377 9,
1020 1312 1082 1366 de
1107 1309 1346 1371 Proviil.,
1366 1324 1486 1375 pag.
1511 1303 1617 1358 4‘29
1635 1312 1682 1357 et
1702 1299 1828 1369 454)
1854 1297 2038 1352 .Addit

434 1428 564 1468 vero
586 1409 967 1480 tragmdiarum
996 1404 1195 1466 mimis,
1219 1398 1675 1472 quemadmodum
1694 1392 2035 1449 exercituum

437 1506 665 1561 ducibus
685 1545 701 1568 ,
735 1500 986 1561 athletis,
1038 1495 1307 1566 pugilibus
1332 1535 1346 1560 ,
1395 1501 1448 1546 et
1469 1488 1668 1558 aurigis
1697 1494 1901 1540 statuas
1922 1524 1936 1548 ,
1970 1496 2036 1536 eo

439 1617 544 1671 quo
576 1597 847 1659 vicerant,
881 1592 1064 1646 habitu
1097 1590 1344 1644 decretas
1391 1586 1554 1638 fuisse
1583 1591 1637 1635 et
1663 1579 1978 1633 collocatas.

514 1694 741 1745 Tantam
773 1687 936 1757 igitur
979 1683 1316 1752 iniquitatem
1362 1677 1483 1745 jure
1529 1672 1722 1727 merito
1766 1668 2036 1722 Arnobius

441 1785 791 1841 condemnat.
827 1779 958 1832 Cum
990 1773 1321 1828 Tertolliano
1349 1766 1614 1838 siquidem
1661 1777 1715 1818 et
1740 1760 2038 1830 Augustino

2137 553 2294 605 nibus
2327 550 2640 618 religionum
2669 545 2862 600 officiis
2885 585 2899 606 ,
2931 542 3215 607 honorari,
3261 544 3494 611 placari,
3535 557 3592 597 ac
3619 559 3694 611 po-

2136 648 2235 699 sita
2293 646 2599 706 simultate,
2670 639 3003 694 reconciliari
3071 637 3452 706 opinabantur.
3506 635 3695 691 Litteris

2137 751 2314 794 autem
2347 738 2558 801 Livius,
2607 750 2670 790 ac
2700 735 2894 788 deinde
2929 733 3169 787 Valerius
3215 731 3506 794 Maximus,
3535 741 3587 784 et
3611 734 3697 784 Au-

2137 833 2382 902 gustinus
2434 828 2756 881 mandarunt
2810 826 2871 879 Τ.
2928 825 3166 895 Sulpicio
3216 825 3422 887 Petico,
3468 823 3598 875 ett).
3630 822 3700 874 Li-

2137 924 2278 977 cinio
2329 923 2550 976 Stolone
2595 919 2961 981 Consulibus,
3022 933 3142 972 cum
3205 917 3370 986 peSIis
3418 914 3701 983 graviSsima

2138 1016 2466 1070 Iecusleriiio
2493 1015 2677 1068 sedata
2709 1029 2814 1067 non
2846 1011 3051 1075 fuisset,
3075 1011 3138 1064 ad
3168 1010 3482 1080 placandam
3507 1010 3702 1064 deorum

2139 1110 2269 1163 iram
2326 1109 2597 1162 institutos
2649 1106 2813 1161 fuisse
2839 1106 2994 1160 ludos
3039 1107 3284 1160 scenicos
3315 1101 3490 1174 (Liv.,
3521 1104 3602 1156 lib.
3623 1119 3700 1167 vn,

2136 1204 2290 1262 init.;
2333 1201 2453 1255 Val.
2482 1201 2652 1266 Mosa,
2687 1201 2774 1255 lib.
2827 1217 2886 1266 ti,
2917 1217 3034 1269 cap.
3064 1199 3120 1264 4,
3156 1198 3184 1271 §
3215 1200 3282 1264 4;
3321 1198 3558 1269 August,
3591 1196 3664 1250 lib.
3691 1213 3704 1252 ι

2139 1297 2202 1349 de
2229 1295 2404 1361 Civit.,
2434 1311 2550 1364 cap.
2585 1293 2672 1359 52,
2727 1311 2848 1365 pag.
2879 1293 3005 1362 29).
3059 1290 3194 1344 Tum
3226 1291 3426 1345 dehinc
3458 1291 3521 1344 iis
3551 1291 3704 1344 inser-

2139 1396 2221 1440 tas
2268 1396 2453 1456 turpes
2504 1385 2734 1446 fabulas,
2770 1396 2822 1439 et
2875 1383 3176 1453 impudicos
3210 1383 3528 1437 histrionum
3557 1393 3704 1436 actus.

2143 1477 2316 1542 Audi,
2341 1493 2546 1548 quaeso,
2599 1477 2882 1547 Augustini
2912 1474 3055 1544 (Lib.
3088 1491 3123 1529 ιι
3184 1474 3246 1528 de
3289 1473 3464 1537 Civit.,
3495 1492 3603 1544 cap.
3636 1475 3707 1541 17,

2141 1587 2262 1640 pag.
2299 1571 2389 1635 75;
2414 1571 2502 1624 lib.
2523 1585 2596 1635 iv,
2625 1585 2741 1639 cap.
2763 1568 2854 1633 26,
2882 1586 3000 1639 pag.
3035 1567 3156 1631 106,
3183 1577 3230 1620 et
3257 1566 3348 1619 lib.
3372 1582 3485 1631 vni,
3504 1583 3612 1636 cap.
3639 1567 3706 1630 l5,

2142 1682 2260 1736 pag.
2291 1663 2612 1736 201),vei-ba
2643 1684 2653 1718 :
2693 1683 2710 1715 ι
2744 1665 2878 1718 Ludi
2907 1664 3138 1728 scenici,
3170 1663 3476 1731 spectacula
3507 1663 3710 1731 turpitu-

2142 1759 2422 1825 dinum,et
2445 1759 2655 1813 licentia
2692 1758 3007 1821 vanitatuui,
3028 1773 3131 1809 non
3161 1756 3439 1809 hominum
3461 1755 3612 1816 vitiis,
3634 1755 3712 1809 sed

443 1873 845 1932 evidentissime
912 1866 1150 1924 ostendit
1205 1877 1494 1932 numquam
1549 1857 1818 1919 atrocius,
1877 1870 2036 1924 quam
2071 1853 2115 1912 Β
2143 1854 2366 1908 deorum
2394 1864 2698 1907 vestrorum
2738 1852 2904 1922 jussis
2937 1851 3120 1904 Roma:
3148 1850 3379 1903 instituti
3411 1859 3553 1902 sunt.
3581 1848 3715 1903 Tole-

444 1971 592 2025 hisce
619 1964 900 2022 comoediis
929 1973 982 2016 et
1011 1957 1283 2029 tragoediis
1318 1970 1474 2023 posse
1507 1953 1743 2005 divinam
1784 1951 2039 2016 majesta-

447 2075 552 2118 teni
611 2058 839 2120 olTendi,
890 2055 1008 2109 lcedi
1074 2060 1127 2106 et
1158 2051 1346 2103 violari
1389 2044 1763 2118 (Tertullinm,
1792 2041 2037 2108 Apolog.,

447 2174 560 2222 cap.
596 2154 688 2216 55',
722 2153 938 2220 August.
964 2191 977 2212 ,
1022 2147 1110 2199 lib.
1147 2161 1184 2198 tt
1216 2146 1277 2195 de
1316 2139 1469 2195 Civil.
1493 2181 1507 2202 ,
1533 2155 1648 2207 cap.
1682 2136 1736 2199 8,
1771 2145 1816 2187 et
1849 2130 2035 2200 seqq).

447 2247 806 2316 Quznnobrein
839 2251 984 2296 recte
1012 2241 1234 2294 omnino
1271 2245 1327 2289 et
1373 2250 1489 2288 eam
1539 2233 1589 2284 iii
1638 2244 1750 2282 rem
1797 2226 2042 2296 apposite

446 2339 655 2407 scripsit
690 2336 1002 2392 Lactantius
1036 2352 1047 2385 :
1083 2351 1099 2380 ι
1137 2331 1271 2384 Num
1309 2327 1489 2396 pejus,
1521 2339 1677 2394 quam
1710 2321 1866 2376 iidem
1904 2320 2038 2388 ipsi,

405 2439 413 2446 ’
443 2433 568 2503 qui,
598 2447 718 2486 cum
750 2429 883 2482 deos
914 2426 1093 2480 colere
1130 2438 1190 2476 se
1238 2421 1455 2483 dicant,
1492 2428 1668 2470 tamen
1701 2429 1795 2468 cos
1829 2411 2040 2482 publice

446 2526 780 2593 turpiterque
811 2518 1092 2580 derident,
1141 2515 1209 2569 de
1256 2512 1451 2583 quibus
1499 2511 1659 2564 etiam
1695 2509 1886 2561 niinins
1916 2520 2038 2559 cum

446 2620 554 2672 risu
585 2627 637 2670 et
669 2615 939 2683 voluptate
987 2609 1292 2680 patiuntur?
1321 2605 1504 2671 Qualis
1539 2604 1652 2656 lucc
1698 2600 1885 2669 religio
1908 2640 1922 2663 ,
1951 2606 2044 2651 aut

443 2720 642 2781 quanta
677 2707 930 2773 majestas
961 2702 1197 2773 putanda
1230 2707 1313 2752 est
1335 2739 1347 2759 ,
1380 2711 1500 2766 qua:
1530 2694 1787 2750 aduratur
1818 2693 1869 2745 in
1902 2704 2040 2745 tem-

446 2805 580 2873 plis,
611 2799 849 2856 illudilur
879 2798 932 2852 iii
969 2793 1226 2849 theatris?
1258 2792 1322 2846 Et
1365 2791 1455 2860 qui
1507 2791 1620 2844 haec
1671 2789 1894 2842 fecerint
1935 2801 2040 2840 non

446 2909 636 2964 pinnas
670 2892 854 2945 violati
890 2888 1125 2943 numinis
1155 2885 1424 2955 pendunt,
1457 2883 1549 2936 sed
1583 2882 1828 2936 hooorati
1853 2881 2040 2946 etiam,

441 2985 754 3052 laudatique
803 2981 1088 3036 discedunt
1125 2997 1142 3029 ι
1201 2976 1483 3047 (Lactant.,
1532 2973 1620 3027 lib.
1675 2989 1731 3026 ιιι
1786 2971 2040 3030 lustituL,

444 3097 559 3148 cap.
609 3078 698 3137 :20,
743 3093 862 3146 pug.
883 3075 1035 3144 5'26).
1066 3071 1175 3126 Nec
1207 3071 1386 3125 minus
1414 3068 1612 3122 acriter
1657 3066 1767 3135 jam
1799 3066 2046 3119 laudatus

444 3172 776 3242 Augustinus
826 3168 1202 3227 ethnicorum,
1253 3164 1341 3234 qui
1400 3165 1570 3232 turpia
1633 3161 1855 3215 deorum
1910 3161 2042 3212 facta

2144 1949 2364 2002 rabilius
2386 1948 2596 2001 divinos
2622 1950 2856 2000 honores
2881 1942 3164 2000 delerretis
3196 1942 3271 1995 illi
3305 1941 3714 2012 Scipioni,quatn

2143 2039 2276 2094 deos
2324 2040 2590 2109 ejusmodi
2637 2040 2909 2094 eoleretis.
2943 2057 2961 2089 ι
3015 2036 3380 2103 Quamobrem
3432 2046 3605 2106 postea
3641 2033 3716 2086 ille

2147 2133 2287 2186 haud
2329 2133 2642 2186 dubitanter
2671 2132 2984 2201 pronuntiat
3021 2130 3106 2184 his
3157 2129 3298 2182 ludis
3352 2128 3606 2199 majorem
3645 2125 3717 2179 iii-

2145 2237 2356 2279 vectum
2389 2225 2553 2280 fuisse
2594 2240 2822 2288 morum,
2867 2242 3026 2293 quam
3075 2237 3364 2290 corporum
3396 2231 3623 2291 pestem;
3654 2231 3718 2273 ta-

2145 2321 2300 2373 metsi
2327 2319 2483 2388 hujtis
2513 2320 2769 2373 sanandae
2797 2335 2958 2373 causa
2989 2317 3263 2373 constituti
3294 2317 3617 2372 dicerentur.

2216 2411 2271 2464 Pi
2289 2411 2370 2463 ius
2389 2425 2566 2465 autem
2586 2411 2894 2465 Lactantius
2920 2429 2931 2463 :
2958 2429 2976 2462 ι
3002 2412 3272 2465 Ludoruiii
3289 2409 3714 2474 celebrationes,i

2144 2503 2345 2571 inquit,
2384 2522 2401 2554 ‹
2433 2503 2655 2557 deorum
2709 2508 2842 2558 testa
2895 2512 3056 2566 sunt;
3109 2501 3377 2572 siquidem
3425 2502 3495 2555 ob
3540 2501 3719 2554 natales

2144 2609 2353 2659 eorum,
2388 2594 2470 2649 vel
2501 2596 2821 2665 templorum
2862 2610 3125 2648 novorum
3183 2595 3570 2648 aediﬁcationes
3617 2599 3724 2646 sunt

2145 2689 2442 2741 constituti.
2500 2687 2566 2742 Et
2599 2690 2846 2758 primitus
2875 2689 3091 2758 quidem
3121 2689 3439 2742 venationes
3461 2728 3475 2751 ,
3505 2703 3617 2758 quae
3644 2700 3722 2738 vo-

2146 2791 2338 2834 Cautur
2371 2797 2614 2844 munera,
2646 2781 2881 2836 Saturno
2912 2782 3186 2836 attributa:
3235 2791 3362 2834 sunt
3394 2798 3404 2832 :
3438 2779 3548 2834 ludi
3569 2789 3719 2832 autem

2145 2873 2345 2926 SCCIthl
2379 2873 2596 2939 Libero,
2631 2875 2906 2928 circenses
2943 2873 3214 2944 Neptuno.
3248 2872 3512 2926 Paulatim
3541 2887 3655 2924 vero
3679 2879 3724 2925 et

2145 2967 2355 3018 exteris
2387 2965 2487 3019 diis
2515 2965 2657 3020 idem
2692 2966 2864 3020 honos
2893 2967 3055 3020 tribui
3086 2967 3273 3034 coepit,
3304 2965 3607 3036 singulique
3632 2962 3722 3018 ludi

2145 3061 2456 3112 numinibus
2505 3073 2694 3112 eorum
2738 3059 3039 3114 consecrati
3096 3069 3241 3123 sunt,
3300 3059 3443 3113 sicut
3471 3060 3722 3114 Sisuiiiius

2146 3148 2339 3217 Capito
2371 3150 2421 3202 iu
2450 3149 2602 3203 libris
2631 3151 3075 3220 Spectaculorum
3121 3151 3302 3204 docet.
3328 3149 3385 3204 Si
3430 3153 3550 3219 quis
3586 3150 3722 3220 igitur

442 3283 472 3319 ιι
531 3237 706 3334 poetis
753 3263 874 3317 licta
935 3275 1060 3315 esse
1123 3257 1470 3328 garriebaiit,
1525 3253 1883 3308 insulsitatem
1951 3267 2035 3305 ca-
2075 3237 2120 3299 C
2151 3243 2471 3310 spectaculis
2500 3244 2762 3307 interest,
2805 3244 2870 3298 ad
2902 3260 3021 3312 qua:
3051 3244 3323 3314 religionis
3349 3244 3521 3314 gratia
3547 3255 3722 3297 eunve-

445 3360 604 3429 stigat
628 3368 681 3412 et
709 3358 1002 3411 insectatur
1034 3372 1044 3406 :
1082 3372 1099 3403 ι
1134 3350 1270 3418 Quid
1303 3359 1460 3412 sunt,
1501 3366 1518 3398 ι
1559 3347 1762 3414 inquit,
1802 3365 1818 3395 ι
1855 3343 1919 3398 ad
1946 3343 2047 3398 hoc

445 3455 646 3510 malum
697 3450 945 3506 Mercurii
995 3450 1171 3512 furta,
1206 3444 1435 3499 Veneris
1484 3441 1733 3501 lascivia,
1770 3450 1953 3508 stupra
1984 3454 2045 3493 ac

444 3547 804 3616 turpitudines
834 3557 1153 3598 cancrorum
1183 3583 1195 3606 ,
1228 3554 1350 3608 qua:
1381 3535 1745 3606 proferrenius
1771 3534 1837 3587 de
1872 3533 2041 3597 libris,

442 3641 546 3694 nisi
578 3637 817 3706 quotidie
852 3642 1204 3689 cantarentur
1231 3641 1284 3685 et
1312 3630 1639 3683 saltateutur
1685 3627 1736 3680 iti
1782 3624 2045 3678 theatris?

445 3735 551 3790 Sed
581 3735 694 3787 hinc
720 3730 848 3800 quid
882 3738 1005 3783 sunt
1033 3727 1098 3782 ad
1131 3735 1335 3780 tantum
1370 3723 1605 3786 malum,
1636 3721 1787 3790 cujus
1834 3719 2042 3789 magni—

443 3827 574 3880 tudo
605 3839 814 3894 magna:
852 3822 1004 3876 Matri
1056 3816 1425 3873 tantummodo
1473 3815 1853 3884 competebat;
1908 3829 2042 3881 prze-

441 3919 626 3974 sertiin
657 3915 798 3987 quod
854 3914 942 3968 illa
991 3911 1242 3967 dicuntur
1295 3925 1322 3962 a
1375 3909 1545 3978 poetis
1601 3922 1723 3962 esse
1773 3905 2035 3970 conficta,

442 4011 583 4084 quod
615 4013 724 4064 sint
752 4010 857 4062 diis
885 4019 1034 4078 grata
1063 4015 1118 4060 et
1149 4005 1401 4073 accepta?
1433 4002 1500 4058 Ut
1536 4016 1664 4070 ergo
1691 4011 2032 4066 canerentur,

442 4103 913 4163 etscriberentur,
948 4097 1174 4151 audacia
1209 4095 1317 4158 sit,
1367 4093 1452 4148 vel
1504 4093 1796 4162 petulantia
1853 4104 2039 4162 pocla-

441 4212 557 4252 rum
591 4213 604 4250 :
634 4206 690 4254 ut
722 4209 851 4249 vero
891 4191 1088 4246 divinis
1140 4190 1299 4243 rebus
1341 4199 1387 4242 et
1447 4187 1772 4251 honoribus,
1830 4187 2034 4242 eisdem

439 4289 862 4359 imperantibus,
916 4294 968 4338 et
1021 4282 1470 4352 extorquentibus
1523 4280 1830 4334 numinibus
1870 4280 2033 4333 adde-

439 4394 649 4448 rentur,
682 4380 809 4451 qttid
851 4389 934 4433 est
982 4363 1081 4430 nisi
1140 4378 1343 4450 crimen
1392 4374 1653 4439 deorum,
1705 4373 1866 4425 immo
1907 4387 2034 4427 vero

413 4477 709 4532 'conl'essio
754 4471 1178 4534 daemoniorum,
1229 4483 1284 4526 et
1332 4470 1579 4534 deceplio
1613 4467 1973 4523 niiscrmum?
2010 4487 2027 4518 ι

436 4573 678 4642 (August.
709 4611 723 4632 ,
778 4570 841 4620 de
887 4565 1036 4620 Civil.
1083 4565 1166 4617 lib.
1205 4579 1296 4625 vti,
1329 4580 1444 4631 cap.
1478 4563 1569 4626 :26,
1627 4579 1746 4630 paq.
1799 4561 1936 4624 182;
1989 4569 2034 4614 et

2150 3338 2314 3400 nitur,
2345 3338 2592 3393 diScessit
2625 3355 2654 3392 a
2689 3339 2777 3392 Dei
2807 3341 2973 3404 cultu,
3008 3348 3062 3393 et
3095 3339 3161 3391 ad
3194 3337 3325 3392 dces
3380 3351 3438 3391 se
3487 3336 3720 3398 contulit,

2147 3446 2376 3499 quorum
2403 3433 2607 3484 natales
2624 3441 2678 3485 et
2696 3431 2830 3486 festa
2850 3433 3145 3486 celebravit
3168 3451 3187 3483 ι
3230 3429 3518 3501 (Laetam,
3548 3429 3631 3484 lib.
3676 3442 3722 3482 Vt

2147 3522 2209 3574 de
2237 3537 2351 3575 vero
2384 3521 2559 3586 Cultu,
2590 3541 2704 3592 cap.
2737 3524 2832 3588 20,
2866 3542 2988 3594 pag.
3013 3523 3162 3594 6'2I).

2215 3615 2579 3671 Tertulianus
2601 3633 2730 3672 vero
2762 3619 2875 3672 haec
2904 3619 3060 3689 longe
3073 3617 3240 3673 fusius
3267 3618 3478 3689 integro
3494 3619 3559 3674 de
3575 3619 3722 3689 Spec-

2145 3711 2336 3765 taculis
2396 3711 2535 3766 libro
2598 3715 2944 3781 prosequiur
3004 3710 3270 3778 (Tertull.,
3318 3713 3413 3766 lib.
3455 3714 3518 3767 de
3545 3713 3724 3783 8pm.,

2143 3821 2265 3875 pag.
2299 3806 2390 3868 89,
2419 3815 2466 3858 et
2498 3805 2684 3875 δείνῳ).
2712 3807 2769 3858 In
2799 3822 2863 3860 eo
2893 3807 3036 3860 enim
3071 3805 3383 3876 planissime
3411 3808 3724 3862 demonstrat

2142 3896 2265 3952 illos
2297 3912 2487 3952 omnes
2515 3899 2791 3953 solemnes
2837 3898 3117 3968 gentilium
3166 3898 3322 3953 ludos
3366 3900 3574 3969 origine
3601 3913 3687 3953 sua
3708 3938 3721 3963 ,

2143 3990 2333 4055 titulis,
2369 4000 2424 4045 et
2449 4004 2711 4061 apparatu
2739 3992 2813 4045 ita
2851 3992 2918 4045 ad
2969 3992 3328 4047 idololatriam
3364 3997 3646 4063 pertinere,
3676 3999 3725 4044 ut

2141 4084 2271 4138 nulli
2300 4084 2600 4138 christiano
2631 4085 2696 4137 iis
2719 4085 2931 4144 adesse.
2960 4085 3195 4155 illosque
3221 4097 3471 4158 spectare
3494 4101 3722 4158 umquam

2138 4175 2369 4230 licuerit.
2405 4179 2765 4244 Quamobrem
2803 4179 3072 4232 Arnobius
3097 4180 3233 4233 dixit
3261 4194 3358 4234 eos
3383 4182 3451 4234 ab
3475 4180 3688 4234 ethnicis
3707 4216 3720 4240 ,

2138 4273 2444 4342 religionum
2494 4274 2623 4325 inter
2668 4273 2843 4341 ofﬁcia
2891 4273 3159 4342 deputari,
3209 4275 3403 4344 quibus
3448 4275 3575 4329 deos
3611 4285 3722 4326 suos

2139 4366 2391 4421 honorari
2437 4367 2834 4422 arbitrabantur
2889 4367 3137 4439 (Arnob.,
3191 4368 3280 4422 lib.
3313 4384 3406 4435 vn,
3439 4385 3556 4439 pag.
3585 4366 3720 4436 258).

2135 4463 2240 4516 Sed
2267 4465 2558 4533 quomodo,
2586 4483 2682 4519 oro
2708 4476 2775 4530 te,
2804 4466 2878 4519 dii
2911 4464 3049 4519 ludis
3077 4464 3330 4519 honorari
3361 4473 3619 4533 poterant,
3644 4459 3724 4531 qui

2137 4559 2440 4625 turpissima
2469 4562 2763 4630 agebantur
2789 4559 3178 4615 obscaanitate?

435 4623 524 4717 lib.
560 4679 632 4726 tv,
664 4679 779 4731 cap.
807 4662 892 4720 10,
930 4677 1050 4730 pay.
1086 4656 1200 4728 96.)
1229 4657 1364 4724 Quin
1399 4656 1560 4710 etiam
1593 4656 1705 4709 luce
1734 4655 1959 4709 deorum
1982 4664 2034 4708 et
2062 4623 2112 4681 D
2213 4652 2353 4706 Duos
2395 4663 2572 4707 autem
2620 4663 2824 4707 tantum
2872 4663 3059 4707 auctor
3091 4663 3274 4707 noster
3303 4653 3615 4708 nominatim
3638 4664 3720 4720 ap-

435 4757 664 4811 crimina
716 4764 898 4810 essent
948 4752 1319 4816 incredibilia,
1367 4751 1468 4804 nisi
1501 4750 1552 4803 in
1578 4749 1801 4802 theatris
1823 4792 1836 4812 ,
1869 4747 1919 4800 in
1951 4761 2038 4802 eo-

432 4866 553 4905 rum
585 4851 845 4904 honorem
875 4845 1135 4902 institutis
1157 4887 1170 4911 ,
1207 4844 1568 4900 libentissime
1599 4853 1994 4913 Spectarentur.

1051 4998 1345 5039 ABTICULUS
1387 4999 1442 5036 11.

432 5100 538 5160 Quo
559 5106 698 5162 pacto
720 5099 964 5162 Arnobius
981 5096 1124 5146 falsos
1146 5111 1256 5147 esse
1285 5096 1539 5162 gentilium
1565 5095 1684 5144 deos
1709 5095 2029 5162 demonstret,

493 5159 572 5212 ex'
601 5163 723 5211 ludis
760 5160 1061 5210 solemnibus
1100 5162 1145 5208 in
1191 5174 1360 5209 eorum
1405 5159 1636 5205 honorem
1683 5159 1934 5215 exhibitis,
1975 5172 2031 5207 ac

491 5227 762 5285 praesertim
789 5223 1074 5281 Floralibus,
1098 5237 1152 5271 ac
1176 5222 1556 5285 Megalensibus.
1573 5221 1696 5269 etde
1712 5222 2030 5285 quorumdam

489 5282 867 5345 instauratione;
894 5286 956 5333 de
983 5282 1270 5344 ροιιισειὼιδί
1291 5284 1541 5344 tragmdiis
1564 5320 1575 5341 ,
1605 5292 1654 5331 et.
1694 5282 1935 5332 Atellanis
1960 5287 2030 5329 l'a-

493 5350 639 5405 bulis,
665 5362 772 5411 qua:
797 5351 843 5396 in
868 5348 1042 5397 iisdem
1065 5347 1188 5396 ludis
1208 5349 1514 5410 agebantur;
1542 5347 1605 5393 de
1630 5349 1928 5411 stuiiidorum
1950 5358 2031 5393 ca-

489 5408 847 5522 pittibus'rasis,
889 5418 1039 5473 atque
1078 5408 1394 5482 salepiiaruiti
1430 5411 1608 5466 sonitu,
1650 5417 1702 5457 et
1739 5408 2029 5458 fascinorum

489 5488 544 5522 ru
581 5487 687 5522 ore.

487 5487 687 5523 I‘UDOl‘e.

497 5601 644 5656 Ficta
673 5600 739 5654 ab
770 5599 999 5656 ethnicis
1030 5601 1252 5655 deorum
1282 5616 1500 5656 suorum
1528 5608 1712 5652 natura
1738 5643 1749 5662 ,
1775 5600 2026 5670 majostas

419 5697 676 5756 mentita.
710 5706 761 5750 et
791 5696 1201 5765 superstitiosus
1253 5694 1466 5749 illorum
1518 5693 1692 5748 cultus
1736 5694 2029 5748 evidentis-

420 5789 556 5843 sime
586 5788 762 5842 adhuc
793 5787 1302 5842 demonstrabantur
1329 5787 1554 5856 publicis
1593 5787 1656 5840 iis
1687 5785 1826 5840 ludis
1847 5827 1860 5850 ,
1890 5801 2025 5854 quos

421 5880 580 5942 iidem
639 5883 860 5952 ethnici,
924 5881 1091 5952 inquit
1137 5882 1405 5937 Arnobius
1473 5880 1747 5947 (Arnob,
1781 5881 1868 5934 lib.
1932 5897 2018 5944 vit,

2134 4744 2336 4814 pellat,
2372 4745 2611 4800 Florales
2641 4758 2695 4801 et
2725 4747 3055 4816 Megalenses
3077 4785 3091 4810 ,
3135 4745 3254 4814 quia
3289 4745 3526 4817 singulos
3558 4759 3722 4800 recen-

2134 4851 2256 4892 sere
2302 4839 2511 4908 longius
2565 4839 2791 4902 fuisset,
2838 4851 2999 4908 atque
3028 4839 3216 4891 horum
3244 4837 3495 4907 exemplo
3519 4836 3639 4909 quid
3661 4834 3722 4890 de

2133 4929 2253 4984 aliis
2277 4930 2624 4998 judicandum
2651 4973 2666 4996 ,
2700 4946 2892 4986 omnes
2921 4932 3076 4986 facile
3105 4930 3496 5000 intelligebant.

2211 5021 2456 5078 Flos-ales
2486 5039 2632 5085 vero,
2667 5027 2780 5078 sive
2813 5022 3040 5078 Floralia
3064 5064 3078 5087 ,
3128 5024 3580 5093 quemadmodum
3625 5020 3713 5076 ob-

2139 5120 2371 5172 servavit
2404 5117 2699 5173 Macrobius
2724 5158 2738 5181 ,
2775 5118 2880 5171 ludi
2911 5128 2965 5172 et
2993 5117 3123 5172 festa
3173 5127 3327 5172 erant
3348 5159 3362 5184 ,
3395 5133 3514 5189 quae
3543 5129 3722 5171 nomen

2140 5224 2191 5266 et
2219 5215 2479 5282 originem
2501 5213 2768 5266 duxerunt
2817 5228 2844 5264 a
2870 5213 3070 5265 famosa
3095 5213 3404 5276 meretrice,
3429 5228 3544 5281 qua:
3569 5210 3719 5279 prius,

2138 5303 2272 5358 sicut
2299 5305 2424 5358 alibi
2457 5305 2852 5365 annotminius.
2879 5306 3088 5360 Chloris
3112 5315 3438 5374 nuncupata,
3471 5309 3563 5357 hos
3585 5301 3722 5355 ludos

2135 5413 2199 5454 ex
2250 5401 2507 5468 peciinia,
2561 5400 2702 5470 turpi
2747 5402 2992 5471 corporis
3041 5408 3246 5471 qua‘stn
3297 5412 3501 5465 coacta,
3533 5393 3720 5451 institui

2132 5497 2301 5550 voluut
2328 5497 2346 5566 (
2372 5495 2630 5561 Macrob.,
2665 5495 2749 5549 lib.
2794 5512 2808 5550 t
2862 5496 3168 5560 Saturiial.,
3199 5511 3316 5564 cap.
3341 5503 3410 5557 4;
3444 5494 3650 5546 Dium.
3673 5490 3721 5541 iit

2134 5589 2356 5657 Minoa,
2389 5609 2503 5660 cap.
2540 5592 2626 5652 l8,
2657 5601 2757 5643 art.
2788 5589 2876 5662 '5).
2909 5591 3015 5646 Sed
3046 5605 3098 5644 ut
3126 5591 3335 5644 infamis
3356 5591 3492 5643 adeo
3517 5583 3723 5656 originis

2130 5687 2389 5741 memoria
2436 5685 2713 5740 obliterari
2744 5684 2950 5739 facilius
2993 5694 3196 5754 posset,
3225 5699 3368 5746 eam,
3404 5690 3603 5738 mutato
3631 5692 3715 5732 no-

2127 5780 2292 5843 mine,
2314 5779 2552 5845 Floram,
2584 5777 3014 5848 appellaverunt,
3046 5775 3424 5845 fiuxeruntque
3451 5789 3565 5830 eam
3594 5785 3717 5841 pric-

2127 5877 2302 5942 sidere
2331 5878 2574 5935 ﬂoribus.
2611 5875 2993 5932 Verumtamen
3041 5874 3258 5930 missam
3309 5873 3517 5943 penitus
3546 5867 3721 5924 nolue-
