3872 6380
184 370 282 427 561

1410 381 1473 435 ΙΝ
1513 380 1866 438 ARNOBIUM
1893 426 1908 449 ,
1947 382 2099 439 CAP.
2145 386 2259 440 XV.
3399 389 3504 446 Bibi!

184 504 309 551 runt
339 504 452 550 tam
498 508 708 566 gratam
752 499 854 554 sibi
898 501 1174 570 ﬂagitiosae
1214 500 1448 555 auctoris
1497 501 1789 555 lasciviam.
1823 505 1873 562 Λ
1904 501 2055 558 ludos
2081 518 2174 557 eos
2199 520 2423 574 quorum
2458 504 2645 575 religio
2676 515 2819 559 tanta
2846 515 2946 569 est,
2984 516 3040 561 ut
3069 523 3137 562 ex
3167 507 3369 562 ultimis
3395 519 3504 562 ter~

185 587 350 642 Nobis
378 590 424 643 si
462 590 624 644 Iidem
660 591 959 646 habendam
992 591 1228 654 dubites.
1260 593 1403 646 illam
1436 593 1629 647 Ovidio
1655 592 1798 647 haud

182 681 345 735 dubie
380 699 496 737 non
527 683 840 751 dettegaliis,
877 687 1030 752 cujus
1059 685 1175 739 inec
1198 697 1324 739 sunt
1347 684 1413 739 de
1447 684 1638 739 Itorunt
1668 685 1798 741 Flo-

183 775 372 830 ralium
409 776 756 832 institutione
783 778 1023 832 carmina
1056 794 1069 830 :

301 889 610 941 Convenere
634 892 822 948 Patres,
853 901 904 942 et
926 895 964 942 si
994 895 1125 942 bene
1149 895 1324 943 ﬂoreat
1352 907 1522 949 anuus,

366 953 668 1004 Numinibus
691 957 873 1004 nostris
895 968 1052 1004 annua
1074 955 1197 1006 festa
1221 965 1417 1005 vovent.

271 1015 560 1065 Aunttitnus
583 1019 706 1066 votis
725 1056 738 1074 ,
763 1018 930 1067 consul
957 1033 1067 1067 rum
1087 1019 1289 1069 consule
1314 1018 1454 1069 ludos

370 1077 664 1127 Postlnnnio
687 1079 857 1129 Latous
881 1081 1167 1138 perSolvere
1190 1083 1322 1131 mihi.

269 1145 524 1206 Qutgrere
547 1143 755 1206 eonabar
778 1155 934 1203 quare
961 1142 1154 1192 lascivia
1181 1145 1329 1206 major

362 1202 464 1266 His
485 1202 611 1252 loret
635 1209 679 1253 in
705 1202 848 1261 ludis,
876 1205 1181 1266 liberiorque
1199 1202 1353 1266 iocus.

267 1264 521 1328 SPdlllllli
547 1269 802 1326 succurrit,
828 1280 1005 1316 nomen
1035 1264 1128 1317 non
1152 1264 1262 1318 esse
1287 1281 1538 1328 severum,

365 1327 599 1391 Aptaque
618 1327 811 1378 delicns
830 1343 1034 1379 munera
1063 1332 1196 1381 ferre
1219 1332 1382 1380 deant.

950 1411 1138 1478 (0pm.,
1164 1413 1249 1463 lib.
1278 1431 1307 1463 v
1332 1416 1546 1474 Easton,
1573 1415 1599 1476 ξ
1622 1417 1695 1474 5.)

177 1518 248 1574 lbi
281 1536 416 1576 vero
466 1521 557 1576 ille
605 1523 748 1576 varia
803 1524 854 1576 in
905 1523 1054 1578 hisce
1102 1524 1242 1578 ludis
1288 1524 1522 1579 admissa
1558 1526 1789 1581 lascivia:

175 1627 376 1682 genera
426 1614 721 1679 ἀθειτὶιιίι,
751 1631 870 1684 qua:
917 1617 959 1670 si
985 1626 1156 1678 vacat,
1189 1617 1368 1685 lepere
1400 1618 1620 1687 poteris.
1647 1617 1790 1674 Con-

179 1705 325 1759 sules
385 1720 553 1775 porro
579 1707 646 1761 ab
679 1723 743 1762 eo
776 1718 1027 1763 notantur
1056 1710 1399 1764 Postltumius
1427 1712 1681 1779 Albinus,
1735 1722 1790 1767 et

177 1795 702 1867 M.PopiliusL;eua,
736 1816 764 1853 a
784 1801 979 1871 quibus
1012 1803 1061 1856 1ιί
1088 1803 1198 1856 1ιιι11
1231 1805 1458 1873 primttnt
1483 1804 1610 1859 editi
1637 1815 1783 1860 sunt.

1903 597 1978 653 ris
2005 595 2290 659 accersita,
2337 599 2386 652 in
2441 597 2539 651 hac
2570 598 2700 653 urbe
2731 598 3068 664 consederit;
3113 600 3200 669 qui
3234 600 3322 653 uni
3370 600 3499 660 ludi,

1902 707 1969 745 tte
2000 691 2163 746 verbo
2191 691 2404 760 quidem
2427 692 2767 760 appellantur
2797 692 2980 755 latino,
3014 701 3072 746 ut
3097 692 3358 746 vocabulo
3386 694 3501 759 ipso

1899 793 1955 838 et
1992 785 2229 853 appetita
2261 783 2449 854 religio
2475 793 2718 849 externa,
2750 795 2798 839 et
2827 784 3009 838 Matris
3054 800 3258 853 magna:
3283 784 3500 839 nomine

1896 886 2145 940 suscepta
2175 875 2481 929 declaretur
2515 894 2526 928 :
2564 880 2660 931 hos
2693 877 2848 930 ludos
2876 877 3018 931 servi
3058 877 3324 942 fecerunt,
3356 878 3496 931 servi

1898 980 2306 1037 spectaverunt;
2336 979 2442 1022 tota
2471 969 2730 1038 denique,
2757 969 2862 1024 huc
2887 971 3062 1031 aedile,
3090 986 3365 1025 servorum
3397 969 3497 1024 Mc-

1895 1063 2092 1130 galesia
2135 1060 2348 1116 fuerunt
2385 1081 2402 1112 ›
2443 1059 2602 1132 (Liv.,
2635 1064 2724 1116 lib.
2786 1079 2931 1124 χχιχ,
2964 1081 3079 1132 cap.
3115 1064 3182 1127 7;
3216 1063 3319 1118 Cic.
3358 1072 3490 1120 orat.

1895 1155 1983 1218 30,
2010 1158 2073 1208 de
2098 1157 2310 1224 Itarttsp.
2349 1156 2481 1222 Resp
2513 1198 2526 1220 ,
2562 1174 2680 1226 pag.
2711 1156 2834 1218 452,
2871 1157 2964 1210 lin.
2997 1157 3067 1211 56
3096 1167 3140 1211 et
3171 1155 3356 1226 καφ).

1965 1248 2173 1316 Quanta
2201 1261 2378 1303 autem
2412 1249 2693 1317 religione,
2748 1250 2831 1303 vel
2872 1251 3047 1318 potius
3082 1248 3490 1317 superstitione,

1894 1342 1948 1396 1ιί
1977 1342 2174 1411 aliique
2205 1341 2477 1396 solemnes
2508 1343 2615 1396 lttdi
2640 1343 2706 1395 ab
2735 1341 2967 1397 etlmieis
2997 1341 3208 1405 lierent,
3250 1357 3355 1394 non
3404 1354 3492 1393 so-

1894 1434 2003 1489 lum
2024 1452 2086 1489 ex
2113 1435 2195 1488 bis
2223 1435 2380 1504 liquet
2401 1436 2679 1490 Ciceronis
2699 1435 2894 1496 verbis,
2918 1434 3011 1489 sed
3037 1452 3101 1484 ιιι)
3123 1433 3486 1504 potissitutun,

1893 1526 2033 1596 quod
2057 1527 2099 1580 si
2140 1541 2247 1596 quo
2281 1527 2363 1581 vel
2389 1526 2612 1580 ntinimo
2644 1527 2840 1581 delicto
2889 1525 3070 1594 polluti
3112 1525 3484 1588 crederentur,

1894 1633 2076 1692 postea
2109 1622 2297 1690 majori
2326 1637 2452 1676 cura
2483 1631 2536 1675 et
2577 1621 2939 1675 Sollicitudine
2985 1619 3267 1673 instaurari
3318 1617 3484 1671 debe-

1891 1717 2038 1772 bant.
2063 1717 2404 1785 Quapropter
2438 1715 2700 1769 Arnobms
2735 1715 2848 1767 lia-c
2869 1715 3217 1782 adipstismet
3242 1711 3485 1765 ethnicos

1890 1810 2054 1864 verba
2085 1808 2242 1864 fecit:
2267 1829 2283 1860 ι
2318 1809 2372 1861 ln
2396 1807 2706 1862 eet-inioniis
2729 1808 2943 1868 vestris,
2974 1807 3241 1874 rebuSque
3268 1804 3480 1866 divinis,

181 1889 234 1942 Si
268 1903 532 1959 przcterea
558 1910 768 1963 qumras
794 1910 909 1962 cur,
944 1898 1096 1966 eujns
1122 1898 1297 1966 jussu,
1329 1916 1433 1968 quo
1463 1900 1622 1955 Urbis
1648 1915 1781 1955 c0n-
1812 1887 1859 1946 Β
1889 1903 2282 1974 postulionibus
2331 1902 2521 1956 vestris
2576 1900 2727 1955 locus
2770 1910 2872 1963 est,
2921 1909 2976 1954 et
3024 1899 3244 1966 piaculis
3289 1897 3483 1951 dicitur

181 1982 301 2036 dite
332 1999 480 2039 anno
531 1987 792 2054 instituti,
841 2004 903 2043 ac
951 2005 1056 2059 quo
1099 1992 1223 2044 anni
1251 1991 1337 2046 die
1366 2002 1672 2060 agi-rentur,
1704 1993 1785 2046 his

175 2077 350 2132 disces
384 2078 541 2133 Plinii
577 2079 795 2135 verbis:
834 2101 851 2130 ι
893 2081 1118 2136 Floralia
1145 2093 1337 2153 quarto
1363 2083 1620 2139 kalendas
1642 2085 1785 2156 ejus-

176 2173 331 2240 dem,
373 2195 393 2227 ι
429 2176 587 2239 tnaii,
628 2196 646 2228 ι
682 2176 1069 2243 instituerunt,
1113 2177 1274 2234 Urbis
1324 2195 1468 2234 anno
1499 2180 1683 2244 DXIV,
1713 2196 1780 2236 ex

178 2269 411 2323 oraculis
437 2268 679 2340 Sibylla),
710 2282 767 2323 ut
789 2272 968 2324 omnia
998 2272 1132 2325 bene
1154 2272 1598 2328 deﬂorescerent.
1629 2274 1780 2329 l’lllllc

181 2359 343 2413 Varro
373 2360 732 2427 determinat;
778 2362 896 2416 sole
925 2362 1088 2417 Tauri
1133 2375 1339 2434 partem
1386 2378 1634 2434 quartam
1680 2365 1776 2420 de-

174 2452 362 2506 cimam
397 2453 695 2510 obtinente.
729 2455 870 2524 Ergo
899 2457 941 2509 si
1001 2458 1050 2510 in
1096 2456 1195 2510 hoc
1245 2456 1590 2527 quatriduum
1647 2459 1780 2513 inci.

176 2542 311 2598 derit
348 2545 698 2609 plenilunium
721 2588 737 2613 ,
772 2547 978 2616 fruges,
1008 2559 1060 2602 et
1087 2550 1302 2615 omnia,
1332 2567 1451 2620 quze
1484 2550 1775 2619 ﬂorebunt,

175 2637 289 2692 lit-di
331 2655 552 2695 necesse
583 2640 683 2694 erit
753 2660 771 2693 ι
805 2641 1010 2712 (Plin.,
1046 2644 1134 2697 lib.
1181 2660 1307 2698 xvtn
1374 2643 1510 2698 Hist.
1561 2657 1774 2712 nomn,

175 2746 266 2800 cup
320 2731 406 2794 19,
435 2749 560 2803 pag.
595 2732 742 2802 527).
779 2733 834 2786 lit
887 2733 1035 2788 l‘asns
1087 2745 1266 2789 antem
1302 2735 1630 2791 kalendariis
1674 2753 1774 2792 no-

175 2832 352 2879 tantur
377 2842 452 2891 vr,
487 2824 790 2895 kal.junii,
843 2837 898 2882 et
940 2829 992 2881 in
1041 2827 1354 2883 kalendario
1407 2830 1628 2885 liusdco
1673 2831 1774 2885 sub

174 2919 293 2970 maii
336 2921 538 2973 mensis
582 2917 764 2974 liuent.
809 2919 969 2975 Plura
1015 2924 1082 2975 de
1111 2922 1253 2976 ludis
1287 2923 1391 2977 illis
1420 2923 1647 2978 maxima
1679 2925 1774 2980 ob-

173 3011 451 3064 sccenitate
479 3022 535 3065 et
591 3011 804 3065 lascivia
863 3013 1148 3067 celebratis
1199 3014 1244 3068 si
1283 3015 1590 3081 desideres,
1621 3016 1772 3071 adire

173 3102 371 3171 poteris
407 3101 728 3171 Varronem,
763 3103 1080 3159 Ciceronem
1109 3148 1124 3170 _.
1181 3107 1521 3175 Suetonium,
1557 3109 1771 3164 Martia-

174 3193 274 3248 lcni
297 3238 310 3257 ,
347 3194 620 3250 Valerium
651 3196 938 3251 Maximum
963 3241 977 3257 .
1023 3209 1181 3268 atque
1231 3201 1282 3254 in
1315 3203 1504 3270 primis
1538 3200 1765 3256 Lactauo

1888 2004 2160 2050 contracta
2177 2010 2300 2050 esse
2318 1995 2651 2050 commissio.
2672 1994 2715 2047 si
2739 2009 2833 2063 prr
2850 1991 3225 2061 imprudentiae
3249 1992 3479 2060 lapsum,

1887 2099 1977 2141 aut
2009 2089 2058 2141 iu
2095 2087 2260 2142 vet-bo
2287 2087 2573 2157 quispiam,
2625 2094 2717 2139 aut
2760 2085 3042 2155 sympuvio
3097 2083 3379 2145 deerrarit,
3436 2083 3480 2134 si

1885 2194 2046 2234 cursu
2073 2179 2122 2232 in
2145 2178 2477 2232 solemnibus
2508 2177 2668 2241 ludis,
2695 2175 3083 2243 curriculisque
3111 2174 3305 2228 divinis
3331 2188 3481 2226 eom-

1885 2273 2132 2332 niissutu.
2163 2287 2352 2326 omnes
2381 2272 2561 2324 statim
2591 2271 2642 2323 in
2675 2270 2965 2339 religiones
3003 2268 3247 2321 clamatis
3273 2277 3475 2327 saeras,

1883 2367 1926 2421 si
1959 2364 2161 2420 Ludius
2215 2366 2334 2435 (ius.
2368 2362 2590 2434 Lydius)
2618 2363 2875 2425 constitit,
2902 2370 2994 2415 aut
3019 2362 3230 2415 tibicetn
3256 2370 3477 2429 repente

1881 2459 2174 2521 conticuit;
2223 2467 2315 2511 aut
2361 2458 2405 2511 si
2456 2457 2711 2524 patritnus
2757 2455 2867 2520 ille,
2904 2455 2992 2525 qui
3026 2455 3288 2508 vocitatur
3319 2467 3473 2522 puer,

1880 2552 2064 2605 omisit
2111 2567 2205 2621 per
2249 2550 2603 2620 ignorantiam
2654 2549 2851 2613 lorum,
2903 2556 2995 2599 aut
3045 2556 3242 2599 terram
3291 2555 3478 2598 tenere

1880 2659 1985 2698 non
2018 2645 2189 2711 potuit
2250 2663 2268 2693 ›
2306 2640 2546 2709 (Arnob,
2593 2642 2661 2694 lib
2712 2657 2784 2703 tv,
2819 2658 2939 2711 pag.
2984 2639 3132 2704 H9).
3170 2637 3319 2693 Unde
3348 2650 3476 2692 vero

1881 2737 1996 2792 haec
2025 2737 2112 2790 ille
2137 2737 2428 2804 acceperit,
2474 2735 2516 2787 si
2573 2735 2691 2804 quis
2733 2749 2798 2787 ex
2848 2732 3001 2785 nobis
3049 2731 3371 2794 sciscitetur,
3419 2728 3474 2783 in

1879 2845 2128 2900 promptu
2159 2827 2441 2894 res;.on.~io
2470 2837 2573 2891 est,
2605 2828 2730 2881 illud
2758 2828 3048 2880 delibatum
3087 2841 3151 2880 ex
3176 2827 3286 2893 jam
3310 2825 3471 2878 citata

1877 2923 2155 2978 Ciceronis
2185 2924 2447 2976 oratione.
2473 2919 2548 2973 lbi
2580 2921 2777 2974 ett-nim
2800 2937 2811 2948 ·
2836 2937 2853 2968 ι
2890 2919 2943 2971 Si
2975 2917 3198 2981 Ludiu~,
3229 2936 3246 2968 ›
3279 2916 3470 2984 inquit,

1881 3037 1899 3070 ι
1930 3018 2191 3079 constitit,
2245 3026 2336 3068 aut
2379 3016 2594 3067 tibieein
2646 3022 2868 3080 repente
2897 3014 3173 3075 conticuit,
3221 3020 3310 3063 aut
3342 3024 3474 3078 puer

1875 3111 1966 3165 ille
1995 3110 2255 3180 patriinns
2282 3117 2336 3162 et
2367 3108 2667 3166 uiatrinnts,
2702 3107 2746 3160 si
2798 3116 2991 3160 terram
3023 3122 3128 3158 non
3159 3105 3349 3169 tenuit,
3379 3111 3474 3156 aut

1876 3217 2108 3269 tensam,
2140 3213 2231 3256 aut
2260 3204 2431 3256 lorntn
2459 3201 2657 3265 amisit,
2688 3209 2780 3253 aut
2805 3202 2846 3253 si
2876 3199 3049 3252 aedilis
3084 3199 3268 3256 verbo.
3302 3207 3393 3249 aut
3424 3197 3470 3250 si

175 3285 300 3340 tium
328 3330 340 3350 ,
370 3289 458 3356 qui
487 3288 690 3343 erroris
714 3299 890 3344 tamen
921 3291 1202 3358 cujUsdatn
1232 3309 1259 3345 a
1285 3292 1392 3348 Vos
1425 3293 1476 3347 io
1503 3296 1763 3363 arguitur,
1798 3268 1842 3328 C
1875 3311 2006 3353 nutu
2046 3296 2339 3355 aberravit,
2367 3294 2473 3347 ludi
2498 3302 2622 3345 sunt
2650 3309 2755 3345 nou
2797 3293 2899 3345 rite
2921 3289 3066 3353 facti,
3095 3305 3264 3357 caque
3292 3296 3468 3341 errata

172 3379 260 3432 sed
311 3393 487 3434 utrum
531 3382 681 3450 jure,
736 3384 820 3437 vel
871 3386 1060 3452 injuria
1094 3401 1192 3438 suo
1222 3387 1341 3441 loco
1398 3389 1768 3456 expendentes

174 3469 192 3540 (
229 3468 400 3526 Varro.
426 3514 440 3533 ,
493 3473 582 3526 lib.
633 3491 682 3527 tv
730 3477 792 3527 de
836 3473 986 3546 Ling.
1024 3477 1198 3543 latim,
1249 3495 1370 3548 pag.
1404 3480 1490 3541 18,
1519 3480 1605 3534 lib.
1640 3478 1760 3534 Rer.

172 3575 294 3618 rtut.
323 3581 437 3634 cap.
473 3569 526 3628 l;
553 3564 661 3622 Cic.
689 3608 702 3628 ,
728 3577 862 3620 orat.
911 3569 944 3622 4
982 3570 1033 3621 iit
1075 3567 1216 3623 Verr.
1241 3612 1257 3635 ,
1307 3589 1425 3640 pag.
1458 3573 1578 3632 194;
1615 3572 1760 3627 Suet.

173 3656 224 3706 in
261 3653 359 3710 Vit.
382 3656 531 3710 Galli.
557 3699 572 3722 ,
601 3658 655 3719 6,
689 3657 717 3729 §
746 3659 799 3723 6;
836 3657 947 3712 Val.
979 3658 1147 3724 Max”
1179 3660 1265 3714 lib.
1297 3678 1352 3725 tl,
1378 3679 1490 3731 cap.
1521 3662 1607 3728 10,
1699 3664 1763 3725 8;

179 3747 397 3803 Martial.
421 3792 436 3813 ,
494 3752 582 3805 lib.
628 3770 665 3815 t,
712 3755 874 3824 epigr.
907 3754 939 3807 5
966 3765 1010 3806 et
1040 3755 1142 3820 56;
1209 3758 1422 3826 August.
1453 3798 1467 3823 ,
1521 3757 1608 3810 lib.
1638 3773 1673 3812 tt
1707 3762 1769 3812 de

176 3840 311 3894 Civil.
344 3859 457 3910 cap.
484 3844 575 3904 27,
610 3861 730 3915 pag.
761 3845 873 3914 57).

245 3933 567 4002 .‘degdcnses
623 3953 749 3989 vero
803 3937 913 3992 lttdi
971 3941 1020 3991 isi
1071 3938 1250 3994 Matris
1277 3940 1436 3995 deum
1469 3942 1762 4008 honorem,

179 4033 417 4098 lnSlleCllS
451 4032 603 4087 libris
642 4034 940 4106 sibyllinis,
973 4037 1174 4090 decreti
1217 4037 1448 4093 fuerant.
1481 4040 1558 4094 Eo
1586 4053 1762 4096 autem

178 4125 380 4180 nomine
407 4127 702 4196 appellatos
734 4129 1042 4197 perhibent,
1073 4131 1193 4199 quia
1223 4131 1546 4188 Pessinunte
1574 4175 1589 4199 ,
1623 4137 1762 4189 unde

183 4216 274 4270 dea
321 4220 422 4281 illa,
475 4221 589 4275 sive
637 4220 752 4290 ejus
803 4220 1009 4292 efﬁgies
1043 4223 1267 4277 Romam
1316 4238 1589 4295 asportata
1647 4237 1757 4292 est,

181 4324 497 4370 exstrucmni
548 4317 646 4371 fuit
671 4317 1082 4373 celeberrimum
1113 4319 1255 4374 illius
1287 4323 1565 4391 templum,
1596 4324 1760 4393 quod,

185 4405 405 4464 Varrone
443 4419 764 4477 attestante,
798 4411 1117 4481 Megalesion
1149 4415 1571 4482 nuncupabatur.
1603 4435 1622 4466 ι
1652 4416 1760 4471 Me-

181 4502 390 4567 galesia,
436 4524 452 4554 ι
492 4504 662 4573 inquit
691 4504 818 4567 ille.
860 4525 875 4552 ι
913 4505 1054 4558 dicta
1087 4523 1116 4560 a
1143 4504 1366 4572 Graecis,
1400 4508 1542 4577 quod
1590 4525 1656 4562 ex
1698 4509 1760 4564 li-

183 4593 278 4647 bris
312 4595 574 4666 siliyllznis
628 4596 887 4650 accersita
935 4599 1002 4651 ab
1050 4599 1259 4664 Attalo,
1318 4616 1444 4669 rege
1476 4602 1753 4672 Pergami,

183 4699 330 4754 prope
372 4703 580 4740 murum
629 4686 989 4756 Megalesion,
1035 4689 1122 4742 ubi
1173 4693 1431 4760 templum
1460 4693 1576 4761 ejus
1606 4693 1754 4759 dcte,

183 4779 304 4833 unde
327 4781 546 4834 advecut
590 4779 816 4834 Romam
847 4801 866 4832 ι
894 4778 1107 4851 (Varr.,
1133 4780 1221 4836 ltb.
1253 4799 1282 4834 v
1305 4784 1368 4836 de
1397 4783 1547 4854 Ling.
1579 4785 1750 4847 latim,

181 4889 266 4941 pag
322 4877 423 4945 ill).
457 4879 525 4929 At
554 4889 866 4945 persuasum
895 4877 1133 4947 Scaliger
1164 4878 1323 4933 habet
1352 4891 1606 4949 corrupta
1636 4895 1757 4938 esse

180 4983 233 5020 ea
261 4971 406 5023 verba
445 4969 701 5025 Varronis
722 5011 735 5031 ,
769 4989 929 5041 prope
959 4990 1192 5039 murum,
1224 4984 1279 5029 et
1317 4975 1597 5044 lrgcntlntn
1628 4975 1752 5032 Pes-

179 5063 382 5130 sinunte,
415 5067 492 5120 vel
521 5070 623 5123 ἀπὸ
648 5071 839 5146 μητρὸς
865 5071 1081 5142 μεγάλης
1100 5112 1115 5137 ,
1141 5085 1464 5142 quamquam
1512 5087 1562 5125 ιιι
1611 5073 1752 5142 prio-

181 5171 278 5212 rem
305 5160 580 5216 lectionem
615 5165 782 5233 magis
827 5164 1067 5218 inclinet.

242 5250 305 5306 De
331 5251 407 5306 bis
437 5269 599 5323 porro
630 5254 788 5321 ludis,
818 5272 1049 5325 quorum
1080 5257 1281 5323 Livius,
1313 5258 1513 5329 aliique
1539 5261 1737 5329 saepius

181 5345 474 5414 meminere,
502 5348 580 5402 sic
611 5349 785 5402 oravit
814 5348 1004 5405 Cicero
1035 5369 1047 5404 :
1089 5370 1106 5402 ι
1144 5351 1280 5418 Quid
1309 5367 1409 5422 ego
1451 5352 1517 5406 de
1543 5353 1645 5408 illis
1671 5353 1750 5407 lu-

179 5431 466 5507 siis-loquar.
503 5454 640 5510 quos
671 5440 722 5492 in
756 5440 960 5494 Palatio
992 5444 1156 5496 nostri
1206 5445 1435 5512 majores
1464 5456 1590 5499 ante
1612 5454 1750 5499 tem-

182 5527 333 5595 plum,
364 5532 412 5585 in
443 5533 561 5601 ipso
587 5531 769 5586 Matris
793 5548 1000 5602 magna:
1017 5545 1329 5603 conspectu,
1361 5534 1753 5604 Magalensibus

181 5621 298 5686 lieri,
347 5625 717 5695 celebrarique
765 5624 1084 5680 voluerunt?
1129 5621 1232 5694 Qui
1261 5635 1389 5680 sunt
1420 5642 1569 5680 more
1600 5628 1752 5681 insti-

181 5717 389 5786 tutisque
438 5721 672 5774 maxime
717 5722 870 5786 casti,
915 5720 1204 5787 solemnes,
1250 5722 1478 5792 religiosi
1513 5741 1524 5776 :
1557 5724 1755 5792 quibus

177 5807 301 5864 ludis
328 5815 549 5882 primunt
585 5824 710 5870 ante
739 5815 919 5888 populi
952 5831 1303 5882 consessum,
1338 5817 1545 5872 senatui
1577 5817 1753 5872 locum

181 5899 231 5954 Ρ.
264 5903 528 5960 Africanus
560 5910 749 5960 iterum
784 5911 971 5963 consul
1015 5911 1101 5963 ille
1135 5911 1305 5974 maior
1331 5911 1639 5966 dedit.......
1679 5912 1751 5966 lla

1871 3392 2178 3459 expiantur,
2203 3397 2258 3442 et
2290 3397 2497 3440 tuentes
2525 3385 2746 3438 deorum
2779 3382 3181 3443 immortalium,
3222 3381 3468 3433 Indorum

1870 3483 2260 3538 instauratione
2286 3480 2562 3547 placantur
2586 3497 2605 3528 ι
2641 3476 2856 3545 (Cicer.,
2887 3484 3019 3528 orat.
3055 3476 3144 3539 50,
3165 3475 3227 3527 tle
3255 3474 3443 3544 ,Arusp

1869 3576 2052 3646 Resp,
2087 3592 2206 3644 pag.
2239 3573 2364 3635 452,
2398 3572 2487 3626 lin.
2515 3571 2631 3640 26).
2666 3571 2771 3625 Nos
2792 3585 2967 3624 autem
3001 3569 3216 3639 quidam
3246 3584 3469 3621 monue-

1870 3680 1994 3724 runt
2019 3670 2070 3722 in
2097 3673 2195 3723 hoc
2216 3667 2496 3722 Ciceronis
2529 3675 2674 3719 textu
2706 3681 2800 3732 pro
2826 3665 2906 3717 liis
2939 3663 3136 3729 verbis,
3163 3673 3248 3714 aut
3272 3663 3314 3714 si
3343 3673 3466 3714 num

1870 3764 2146 3824 aberravit,
2182 3762 2232 3814 in
2263 3758 2587 3830 quibusdam
2604 3758 2884 3812 codicibus
2911 3760 3193 3826 scriptum,
3223 3765 3308 3808 aut
3330 3771 3467 3824 sym-

1870 3857 1990 3924 pztlo
2014 3854 2280 3908 aberravit.
2327 3853 2600 3907 Arnobius
2632 3861 2808 3905 tamen
2856 3850 3048 3919 legisse
3093 3848 3321 3912 videtur,
3379 3860 3467 3901 aut

1867 3949 2136 4020 sympttvio
2158 3948 2406 4002 deerravit
2431 3963 2450 3999 :
2473 3946 2566 4000 sed
2589 3947 2777 4000 eodeni
2804 3943 3128 4013 signiﬁcatu.
3152 3941 3463 4012 Synipulum

1867 4044 2131 4112 siquidem
2164 4053 2217 4094 ct
2240 4043 2579 4111 syntpuviutn
2614 4039 2917 4110 signiﬁcant
2969 4037 3182 4092 lictilettt
3214 4038 3462 4105 calicem,

1866 4152 1972 4206 quo
2001 4136 2182 4188 vinum
2213 4135 2264 4186 iit
2304 4133 2583 4188 sacriﬁciis
2639 4134 2788 4188 libari
2845 4132 3068 4187 Solebat.
3130 4130 3464 4198 Quibusdam

1871 4242 2002 4283 vero
2029 4227 2246 4280 dubium
2279 4226 2500 4279 forsitan
2547 4225 2759 4279 videtur
2801 4237 2977 4278 utrum
3008 4224 3059 4277 in
3095 4224 3210 4292 ipso
3238 4222 3463 4277 Arnobii

1869 4329 2016 4373 textu
2046 4333 2238 4372 nomen
2269 4315 3014 4386 postnlionibusadulteraluin
3042 4331 3145 4370 non
3169 4317 3256 4374 sit.
3275 4330 3338 4370 ac
3359 4316 3461 4386 legi

1866 4409 2530 4480 debeatpostulationibus.
2560 4406 2691 4460 Nam
2717 4406 2906 4461 Cicero
2937 4407 3092 4475 paulo
3136 4417 3260 4460 ante
3300 4408 3461 4461 citata

1865 4521 1893 4559 a
1921 4505 2076 4558 nobis
2105 4505 2223 4572 ejus
2255 4503 2413 4556 verba
2445 4503 2654 4556 dixerat
2680 4520 2692 4555 :
2731 4520 2749 4553 ι
2790 4501 3187 4556 Postulationes
3214 4502 3462 4557 decretas

1864 4613 1984 4653 esse
2000 4597 2140 4658 Jovi,
2157 4596 2409 4659 Saturno,
2427 4594 2696 4663 Neptuno,
2715 4593 2937 4659 'l‘ellnri,
2959 4595 3060 4649 diis
3077 4595 3409 4662 caelestibus,
3435 4615 3454 4648 υ

1863 4705 2024 4763 atque
2048 4692 2208 4746 etiam
2241 4703 2425 4760 poStea
2457 4709 2470 4743 :
2507 4709 2524 4739 t
2558 4689 2757 4744 Telluri
2807 4689 3093 4758 postulatio
3145 4688 3391 4744 debetur.
3435 4711 3454 4741 i

1863 4785 2058 4858 (Ideni,
2087 4785 2237 4848 ibid.,
2268 4786 2360 4838 litt.
2394 4784 2447 4842 8:
2471 4794 2518 4836 et
2540 4799 2660 4854 pag.
2693 4784 2819 4848 451,
2845 4784 2935 4836 lin.
2973 4782 3058 4846 l0;
3089 4781 3324 4848 (iudicia,
3367 4783 3459 4836 lib.

1862 4898 1910 4935 tv
1935 4883 1997 4934 de
2019 4881 2146 4932 .lure
2177 4880 2388 4950 pontifi,
2413 4894 2527 4947 cup.
2568 4876 2682 4950 15.)
2707 4877 2968 4932 Gntlterio
2993 4887 3166 4931 tamen
3198 4876 3460 4947 probatur

1859 4971 1948 5026 illa
1983 4971 2201 5026 Arnobii
2233 4971 2392 5025 lectio
2424 4969 2815 5039 postnlionibus,
2846 4980 3006 5037 atque
3035 4983 3084 5022 ιιι
3111 4984 3326 5023 omnem
3356 4969 3458 5024 tol-

1860 5065 1974 5120 lere
2004 5064 2314 5133 scrupulum
2364 5074 2543 5132 queat,
2599 5062 2877 5117 contendit
2933 5064 3322 5131 postulationes,
3354 5062 3459 5117 diis

1860 5160 2072 5229 superis
2099 5157 2281 5221 factas,
2323 5167 2376 5212 et
2408 5157 2588 5210 inferis
2612 5158 2947 5226 postuliones,
2985 5158 3176 5226 quibus
3207 5156 3459 5226 petebant

1861 5255 2138 5308 hominem
2169 5253 2251 5307 his
2272 5251 2546 5306 devoveri.
2581 5250 2778 5305 Verum
2815 5252 2915 5305 etsi
2947 5266 3031 5305 res
3062 5250 3134 5304 ita
3163 5263 3327 5309 eSset,
3347 5265 3457 5319 quo

1858 5358 2177 5419 argumento
2206 5347 2522 5403 conlicietttr
2579 5350 2889 5413 Arnobium,
2927 5348 2995 5402 ibi
3026 5347 3095 5402 de
3136 5347 3239 5400 diis
3270 5346 3459 5402 inferis

1861 5444 2060 5513 potius,
2091 5457 2252 5510 quam
2271 5441 2484 5510 superis
2504 5439 2694 5495 iecisse
2714 5456 3043 5496 sermonem.
3073 5440 3127 5495 Si
3148 5438 3270 5508 quid
3292 5442 3458 5493 enim-

1860 5552 1988 5592 vero
2015 5552 2081 5589 ex
2108 5534 2389 5597 Cicerone,
2412 5535 2566 5588 sicuti
2589 5533 2844 5599 diximus,
2865 5532 3139 5593 tlelibavit,
3169 5524 3453 5586 de'iisdem

1862 5631 2244 5703 proculdubio,
2277 5639 2434 5698 atque
2460 5627 2568 5688 ille,
2594 5627 2697 5680 diis
2721 5627 2930 5696 superis
2973 5626 3225 5693 loquitur.
3273 5623 3454 5677 Adda-

1865 5741 2004 5789 mus,
2035 5724 2079 5777 si
2113 5721 2266 5786 velis,
2302 5723 2431 5774 nihil
2471 5720 2738 5788 imperito,
2800 5731 2890 5772 aut
2935 5717 3198 5771 festinanti
3234 5715 3453 5771 librario

1862 5816 2092 5878 facilius,
2132 5829 2290 5885 quam
2338 5812 2626 5868 scribendo
2668 5826 2862 5865 nomen
2914 5807 3301 5878 posmlionibns,
3358 5809 3456 5862 has

1863 5914 1998 5966 tlnas
2043 5910 2264 5965 litteras.
2299 5915 2371 5972 at,
2406 5905 2676 5959 omittere.
2721 5901 2886 5957 Nobis
2924 5897 3136 5970 quidem
3187 5911 3293 5951 non
3327 5898 3458 5956 latet
