3872 6384
418 393 524 449 565

1693 372 2140 434 DISSERTATIO
2164 373 2444 433 Pii/EVM

3576 378 3665 435 564

420 507 718 566 Varronem
752 505 970 561 nomine
999 503 1319 576 postulionis,
1355 502 1432 557 sic
1460 496 1656 555 alicubi
1681 511 1835 553 usum
1863 510 2008 563 esse,
2040 501 2093 559 Α
2116 494 2580 561 obscmnitatibus,
2600 496 2803 552 ludicra
2826 505 2881 553 et
2898 497 3083 553 infami
3104 512 3453 568 personarum
3479 513 3668 556 suarum

422 604 515 659 ubi
542 600 762 671 scripsit
786 617 798 653 :
836 618 856 652 ι
884 599 1054 654 Deum
1070 596 1301 653 Manium
1330 592 1691 664 postulionem
1720 591 2010 661 postulare,

418 697 475 752 id
506 707 610 757 est.
654 694 829 750 civem
862 692 1213 748 fortissimum
1244 686 1433 743 eodem
1465 685 1602 767 mitti
1632 703 1649 736 ι
1679 682 1889 755 (Varr.,
1923 680 2011 736 lib.

419 806 474 846 tv
501 789 564 842 de
586 787 740 859 Ling.
776 787 949 851 latim,
980 801 1100 855 pag.
1131 780 1245 853 '55).
1274 780 1380 837 Sed
1411 780 1649 849 Scaliger
1694 777 1766 832 ibi
1789 773 2015 831 delenda

422 889 610 936 censet
643 880 757 934 htcc
782 878 969 941 verba,
1002 875 1058 927 id
1089 882 1180 941 est,
1208 882 1260 928 et
1288 871 1590 943 postulionis
1632 868 1849 924 nomine
1877 866 2015 921 idem

424 989 488 1030 ac
513 970 875 1043 postulationis
903 966 1216 1038 signiﬁcari.

498 1062 766 1134 Quidquid
788 1074 949 1131 porro
980 1057 1431 1129 pronuntiaveris,
1470 1053 1742 1110 Arnobius
1784 1066 1848 1107 ex
1879 1050 2022 1121 ejus-

429 1158 549 1213 dem
581 1154 862 1210 Ciceronis
892 1152 1072 1207 verbis
1113 1166 1173 1205 ea
1223 1150 1398 1205 adhuc
1447 1147 1742 1217 sumpsisse
1788 1144 2019 1209 videtur,

434 1263 554 1320 quae
584 1246 653 1302 de
679 1245 906 1299 aliorum
950 1243 1223 1306 ludorum,
1258 1250 1473 1311 propter
1500 1255 1735 1302 servum,
1780 1238 1946 1309 virgis
1971 1238 2022 1291 in

430 1341 577 1395 circo
625 1353 825 1394 ercsum
861 1348 915 1392 et
944 1345 1212 1402 necatum,
1246 1334 1635 1390 instauratione
1662 1341 1844 1403 postea
1875 1339 2023 1386 retu-

430 1433 494 1487 lit
522 1431 760 1505 (Arnob.,
790 1430 877 1485 lib.
908 1445 1001 1495 vtt,
1038 1446 1156 1501 pag.
1186 1427 1337 1500 2M).
1374 1427 1481 1484 Sed
1513 1426 1628 1482 haec
1656 1423 1793 1479 infra
1815 1438 1843 1477 a
1867 1423 2025 1478 nobis

432 1524 628 1595 aptiori
658 1524 781 1578 loco
810 1520 1141 1577 enncleanda
1174 1530 1318 1574 sunt.

510 1615 779 1671 Caeterum
823 1628 930 1684 quo
965 1613 1156 1683 majori
1189 1612 1333 1667 cultu
1364 1619 1417 1665 et
1444 1609 1701 1679 religione
1725 1605 1802 1673 hi,
1831 1605 2029 1676 aliique

440 1709 651 1781 praefati
683 1710 951 1764 solemnes
984 1707 1113 1769 ludi,
1144 1706 1212 1761 ab
1242 1705 1467 1760 ethnicis
1506 1701 1936 1766 celebrabantur,
1965 1714 2031 1753 eo

441 1802 744 1858 evidentius
772 1800 897 1855 inde
924 1799 1230 1854 ostenditur
1256 1798 1407 1863 deos,
1434 1797 1522 1865 qui
1553 1796 1605 1850 in
1648 1795 1751 1848 illis
1774 1793 2030 1848 coleban-

2114 589 2615 661 repraesentatione,
2649 601 2808 659 atque
2848 592 3088 661 insuper,
3130 593 3569 663 quemadmodum
3608 596 3671 650 lo-

2116 682 2301 754 quitur
2332 681 2624 749 Arnobius,
2657 703 2677 735 r
2711 684 3048 754 stupidorum
3096 684 3364 755 capitibus
3388 688 3532 749 rasis.
3559 688 3673 742 sala.

2120 776 2344 842 pilarum
2378 775 2579 842 sonitu,
2625 786 2678 831 et
2730 775 3058 832 fascinorunt
3106 778 3401 847 ingentium
3442 779 3618 834 rubore

2121 866 2359 938 (Arnob.,
2390 867 2477 922 lib.
2520 884 2615 937 vn,
2646 886 2766 941 pag.
2797 868 2966 940 259)?
2988 870 3044 925 lu
3074 870 3226 925 hisce
3252 871 3461 926 scilicet
3484 872 3682 927 scenicis

2121 961 2258 1016 ludis
2287 962 2502 1032 quidam
2546 962 2694 1018 mimi
2727 973 2782 1018 et
2824 964 3137 1031 histriones,
3170 965 3428 1021 ridiculas
3476 967 3685 1035 stupido-

2122 1071 2239 1109 runi
2265 1054 2561 1123 hominum,
2591 1057 2729 1111 rasis
2758 1058 3047 1127 capitibus,
3083 1073 3349 1131 personas
3380 1059 3612 1127 agebant,
3636 1075 3687 1114 ac

2124 1148 2472 1215 salapitarum
2504 1150 2705 1214 sonitu,
2742 1150 2791 1204 id
2834 1161 2937 1214 est,
2977 1152 3255 1218 alaparum
3285 1151 3497 1216 ictibus,
3521 1167 3686 1207 sonum

2127 1239 2447 1306 edentibus,
2499 1240 2665 1296 ofﬁcii
2723 1244 2804 1296 sui
2862 1243 3314 1299 admonebantur.
3360 1244 3688 1313 Quamobrem

2128 1330 2491 1388 Tertullianus
2518 1332 2656 1389 hanc
2689 1334 2932 1389 insanam
2980 1336 3566 1405 impudentissimorum
3606 1335 3690 1391 ho-

2129 1427 2333 1482 mittum
2364 1428 2717 1484 temeritatem
2748 1429 2825 1482 sic
2851 1428 3057 1491 irridet,
3082 1438 3135 1484 et
3164 1431 3441 1499 exagitat:
3477 1448 3495 1481 t
3532 1430 3694 1483 Place-

2128 1521 2205 1577 bit
2247 1522 2337 1591 qui
2382 1521 2559 1575 vultus
2604 1536 2731 1575 suns
2778 1522 3039 1576 novacula
3075 1522 3283 1576 mutat?
3339 1522 3560 1578 lnﬁdelis
3592 1538 3695 1591 erga

2132 1612 2322 1669 faciem
2353 1628 2525 1676 suam,
2557 1629 2716 1684 quam
2743 1629 2848 1669 non
2877 1624 3165 1669 contentus
3194 1616 3450 1679 Saturno,
3483 1626 3533 1671 et
3570 1614 3696 1676 Isidi.

2132 1713 2187 1760 et
2202 1705 2399 1761 Libero
2423 1705 2721 1775 proximam
2752 1706 2951 1771 facere,
3000 1707 3221 1776 insuper
3245 1707 3577 1762 contumeliis
3606 1708 3699 1759 ala-

2135 1812 2322 1868 parum
2345 1798 2423 1853 sic
2452 1798 2658 1868 objicit,
2689 1801 2839 1867 quasi
2890 1801 2957 1854 de
3004 1811 3276 1871 prarcepto
3320 1802 3523 1855 Domini
3555 1798 3699 1853 ludat.

440 1908 550 1963 tur,
581 1894 745 1950 falsos
766 1908 886 1949 esse
912 1902 971 1949 et
995 1891 1411 1949 commentitios.
1430 1904 1491 1944 ac
1511 1888 1857 1957 depravatam
1882 1901 2034 1955 pror—
2061 1881 2109 1941 B
2139 1889 2305 1945 Docet
2330 1890 2536 1945 scilicet
2562 1901 2616 1945 et
2644 1890 2892 1945 diabolus
2918 1892 3302 1948 verberandam
3333 1893 3595 1947 maxillam
3625 1908 3703 1959 pa-

442 2003 536 2044 sus
556 1995 612 2042 et
631 1996 936 2055 corruptam
962 1984 1127 2039 fuisse
1156 1981 1466 2038 eorumdem
1509 1978 1788 2049 gentilium
1818 1976 2034 2049 religio-

443 2099 590 2139 nem.
617 2082 748 2137 Nam
799 2082 850 2134 iu
903 2080 1051 2133 hisce
1101 2078 1239 2132 ludis
1278 2087 1471 2146 praster
1502 2075 1603 2129 alia
1650 2074 1901 2143 plurima,
1932 2071 2034 2127 diis

443 2175 607 2245 plane
635 2172 869 2242 indigna,
901 2170 1197 2239 agebantur
1226 2166 1502 2237 tragoediae
1542 2163 1809 2230 crudeles,
1841 2171 1896 2219 et
1927 2172 2036 2216 tur-

446 2282 544 2337 pes
569 2264 869 2330 comoedite,
899 2264 966 2319 de
989 2263 1183 2333 quibus
1215 2261 1371 2330 paulo
1408 2268 1530 2313 ante
1558 2258 1929 2313 disseruimus.
1956 2259 2037 2312 Ab

450 2355 693 2411 Arnobio
720 2365 899 2410 autem
924 2364 1111 2409 nostro
1141 2354 1455 2407 nominatim
1504 2351 1807 2405 indicantur
1831 2349 2039 2420 Sopho-

448 2452 550 2507 clis
600 2450 925 2513 Trachinize,
976 2449 1235 2503 Hercules
1278 2446 1568 2515 Euripidis,
1616 2454 1671 2499 et
1709 2444 1883 2499 Plauti
1910 2446 2039 2498 Am-

448 2544 667 2615 phitryo
700 2542 888 2615 (lbid.,
942 2558 1064 2611 pag.
1114 2539 1218 2595 238
1249 2548 1294 2592 et
1321 2537 1521 2609 seqq.);
1565 2553 1683 2607 qua:
1708 2536 1921 2607 quidem
1950 2550 2043 2590 co-

452 2636 685 2701 ntmdiie,
710 2634 851 2689 haud
874 2634 1040 2688 semel
1066 2633 1207 2704 typis
1236 2630 1414 2697 editre,
1444 2631 1499 2684 in
1527 2630 1767 2683 omnium
1800 2628 2044 2682 inanibus

450 2736 755 2782 versantur.
791 2724 904 2779 Huc
939 2724 1165 2786 accedit,
1195 2721 1335 2792 quod
1367 2730 1597 2791 quatuor
1628 2719 1907 2775 conicedia:
1937 2718 2042 2773 Te-

452 2821 613 2877 rentii
641 2829 894 2874 notentur
921 2826 1054 2870 actae
1087 2816 1168 2870 his
1197 2816 1347 2884 ipsis,
1377 2831 1513 2885 quos
1539 2814 1915 2883 explicuimus,
1940 2812 2046 2866 Me-

455 2914 765 2984 galensibus
806 2910 968 2964 ludis.
1002 2909 1134 2978 Quis
1165 2918 1343 2962 autem
1391 2908 1561 2962 nescit
1607 2915 1863 2977 quantum
1892 2906 1942 2959 in
1971 2906 2048 2959 eis

457 3010 584 3063 hesa
607 3007 871 3076 irrisaque
894 3005 1076 3067 fuerit,
1108 3002 1153 3057 si
1192 3005 1280 3071 qui
1312 3017 1429 3057 esse
1478 3002 1799 3072 potuissent,
1827 2999 2049 3054 deorum

456 3098 751 3167 majestas?

530 3190 695 3244 Addit
726 3198 984 3261 praeterea
1007 3196 1193 3240 auctor
1238 3196 1421 3240 noster
1469 3194 1617 3239 actas
1670 3183 1843 3238 adhuc
1890 3183 2055 3237 fuisse

460 3281 690 3351 publicis
732 3281 783 3333 in
844 3278 983 3332 ludis
1025 3278 1318 3341 Atellanus,
1367 3277 1658 3333 comoedias
1711 3292 1803 3331 seu
1850 3263 2125 3331 fabulasC

462 3374 654 3441 (lbid.,
689 3389 807 3442 pag.
848 3370 1003 3440 259).
1038 3370 1187 3425 Scire
1215 3379 1390 3423 autem
1422 3372 1464 3421 si
1506 3369 1657 3433 velis,
1697 3383 1831 3436 quae,
1878 3376 1933 3421 et
1961 3382 2055 3422 cur

464 3467 542 3520 sic
576 3466 967 3534 cognominatm
998 3463 1126 3527 sint,
1159 3460 1315 3515 facile
1347 3461 1612 3530 intelliges
1648 3476 1712 3515 ex
1746 3460 1893 3513 hisce
1923 3459 2053 3513 Livii

462 3559 644 3614 verbis
676 3576 687 3611 :
725 3576 743 3607 ‹
782 3557 930 3622 Quod
959 3570 1130 3625 genus
1162 3554 1402 3607 ludortnn
1451 3553 1517 3605 ab
1564 3552 1715 3605 Oscis
1753 3563 2053 3621 acceptum,

468 3651 641 3706 tenuit
664 3651 940 3719 juventus,
974 3663 1075 3701 nec
1096 3648 1163 3701 ab
1196 3646 1547 3700 histrionibus
1577 3646 1737 3713 pollui
1771 3660 1926 3713 passa
1953 3655 2054 3698 est.

472 3747 547 3799 lio
588 3745 885 3797 institutum
940 3749 1139 3805 manet,
1184 3748 1239 3793 ut
1280 3746 1491 3792 actores
1539 3738 1930 3795 Atellanarum,
1962 3750 2059 3788 nec

471 3838 612 3894 tribu
643 3846 984 3899 moveantur,
1012 3845 1063 3886 et
1091 3833 1354 3900 stipendia
1398 3842 1667 3901 tamquam
1694 3840 1944 3899 expertes
1974 3830 2057 3882 lu-

468 3930 637 3984 dicra:
695 3929 828 3981 artis
873 3926 1071 3981 faciant
1106 3944 1123 3976 ι
1162 3923 1325 3992 (Liv.,
1378 3923 1465 3976 lib.
1504 3938 1597 3989 vn,
1624 3939 1739 3993 cap.
1776 3923 1855 3991 2).
1887 3921 2061 3975 Atella

469 4037 599 4077 vero
646 4019 957 4090 Campaniae
1003 4016 1259 4087 Oppidum
1312 4031 1452 4070 nunc
1494 4017 1732 4080 Aversa;
1779 4015 1902 4069 Osci
1932 4029 2061 4069 vero

471 4112 959 4182 erantCampauite
983 4112 1188 4181 p0puli,
1213 4110 1303 4179 qui
1334 4109 1595 4179 turpibus,
1630 4108 2060 4178 quandoquidem

471 4210 651 4264 verbis
677 4223 820 4277 saepe
844 4207 1041 4276 smpius
1063 4204 1447 4271 abutebantur,
1482 4202 1627 4267 inde,
1651 4218 1843 4257 nomen
1875 4202 2062 4256 obsca-

474 4320 618 4366 num,
646 4302 713 4357 ad
735 4317 850 4355 rem
895 4300 1128 4370 aliquam
1158 4308 1369 4367 turpem
1399 4297 1826 4369 signiﬁcandam,
1852 4297 2062 4352 deriva-

474 4404 589 4450 tum
634 4402 735 4449 est.
768 4393 967 4447 Eorum
999 4392 1175 4461 itaque
1212 4390 1493 4446 couimdiae
1540 4390 1763 4444 Romam
1797 4388 2062 4455 adductae,

478 4488 735 4559 quouiant
770 4486 1036 4555 turpiores
1064 4494 1237 4550 erant,
1266 4484 1530 4547 Romana,
1573 4482 1684 4549 vel,
1718 4491 1775 4536 ut
1804 4483 1878 4537 ait
1905 4482 2065 4538 Vale-

481 4585 591 4637 rius
647 4580 936 4645 Maximus,
1000 4580 1173 4632 italica
1230 4581 1520 4634 severitate
1578 4587 1890 4647 temperata:
1943 4586 2067 4631 sunt

481 4675 631 4748 (Val.
658 4672 828 4738 stam,
866 4672 954 4726 lib.
986 4687 1041 4734 ιι,
1069 4688 1184 4739 cap.
1216 4673 1268 4735 .t,
1306 4671 1332 4741 ς
1364 4672 1441 4741 4).
1496 4645 1735 4724 Donatus
1780 4684 1908 4724 vero
1950 4669 2066 4733 illa:
2094 4645 2146 4705 D

479 4783 598 4823 rum
616 4767 1019 4831 ohscceuitates,
1042 4765 1122 4817 his
1141 4764 1317 4818 verbis
1339 4778 1598 4817 excusare
1626 4760 1823 4815 frustra
1848 4762 2062 4816 nititur:

488 4880 505 4911 ι
544 4859 807 4915 Atellana:
856 4858 1058 4913 salibus
1109 4866 1162 4911 et
1209 4856 1345 4925 juris
1398 4856 1733 4926 compositas,
1778 4871 1897 4923 qua:
1930 4856 1981 4908 in
2009 4871 2066 4911 se

486 4972 590 5008 non
618 4952 841 5016 habent,
870 4952 973 5005 nisi
1004 4960 1283 5005 venustam
1302 4948 1639 5019 elegantiam.
1682 4967 1698 4999 ι
1734 4947 1862 5001 Nam
1890 4948 2065 5001 Arno-

2136 1982 2330 2038 tienter
2361 1981 2591 2038 offerre?
2628 2004 2645 2035 ι
2679 1982 2947 2055 (Tertull.,
2972 1984 3061 2038 lib.
3081 1986 3145 2038 de
3168 1984 3432 2054 Spectata,
3464 2002 3573 2052 cap.
3604 1981 3704 2049 28.)

2136 2075 2310 2131 Julius
2336 2090 2465 2131 vero
2487 2074 2821 2147 Capitolinus
2851 2086 3034 2130 narrat
3055 2077 3331 2147 quomodo
3359 2075 3598 2145 stupidus
3617 2074 3708 2144 qui-

2138 2170 2260 2226 dam
2285 2173 2335 2226 in
2360 2186 2515 2226 scena
2544 2171 2845 2225 adulterum
2872 2171 3053 2225 uxoris
3086 2170 3337 2224 Antonini
3380 2168 3701 2237 Philosophi,

2141 2279 2205 2318 eo
2234 2273 2514 2333 prazsente,
2546 2264 2761 2317 nomine
2783 2278 2880 2334 suo
2905 2263 3253 2333 appellaverit
3288 2261 3609 2334 (Capitolin.,
3634 2261 3707 2313 sub

2143 2360 2237 2424 lin.
2294 2357 2397 2412 Vit.
2452 2358 2639 2413 Anton.
2691 2355 3030 2427 philosoph.).
3090 2355 3155 2411 At
3195 2354 3328 2409 nihil
3377 2352 3709 2424 impudentius

2145 2452 2370 2515 fascina,
2388 2451 2541 2520 cujus
2558 2451 2704 2504 nulla
2732 2465 3008 2520 umquam,
3028 2448 3127 2503 nisi
3158 2449 3223 2504 ab
3250 2447 3708 2517 aliquibus.quem-

2144 2543 2434 2597 admodum
2467 2542 2787 2613 Augustino,
2817 2552 2872 2595 et
2917 2550 3139 2596 auctore
3165 2551 3375 2601 nostro.
3412 2538 3710 2593 christianu-

2146 2652 2265 2691 rum
2297 2652 2511 2689 causam
2542 2645 2727 2690 contra
2754 2635 3018 2700 ethnicos,
3044 2634 3111 2687 de
3140 2633 3321 2687 infami
3365 2632 3581 2687 deorum
3603 2643 3706 2683 suo-

2147 2746 2264 2785 rum
2315 2728 2643 2799 impudicitia
2689 2716 3003 2799 gloriantes,
3054 2726 3335 2796 agentibus
3382 2725 3579 2779 mentio
3618 2722 3712 2777 ﬁeri

2149 2822 2335 2878 debuit
2363 2823 2625 2892 (Aitgust.,
2656 2821 2742 2874 lib.
2780 2836 2832 2873 vt
2861 2820 2922 2872 de
2949 2820 3121 2883 CiviL,
3148 2836 3265 2889 cap.
3295 2817 3349 2881 9,
3383 2836 3501 2889 pag.
3529 2814 3666 2886 157).

2224 2917 2356 2985 Quis
2396 2927 2573 2971 autem
2607 2932 2710 2970 non
2767 2915 2996 2970 fateatur
3050 2913 3174 2968 hinc
3216 2914 3284 2969 ab
3313 2915 3547 2968 Arttnbio
3593 2919 3715 2964 recte

2152 3008 2403 3064 concludi
2468 3010 2729 3078 Stupenda
2783 3022 3004 3077 prorsus
3056 3006 3297 3060 caecitate
3346 3018 3529 3075 captos
3574 3004 3713 3057 fuisse

2153 3101 2381 3170 gentiles
2412 3102 2605 3173 (Arnob
2636 3141 2651 3163 ,
2686 3099 2773 3153 lib.
2811 3114 2864 3163 v,
2900 3116 3018 3168 pag.
3056 3098 3157 3151 176
3189 3107 3233 3150 et
3264 3095 3388 3167 181)
3437 3097 3521 3164 qui
3552 3092 3711 3148 crede-

2155 3189 2286 3245 bant
2311 3191 2441 3245 dcos
2472 3203 2576 3243 tam
2607 3189 2890 3244 infamibus
2920 3189 3057 3242 ludis
3085 3197 3139 3242 et
3179 3186 3461 3242 commdiis
3488 3184 3715 3256 gaudere,

2158 3285 2260 3339 coli
2299 3295 2460 3354 atque
2506 3284 2743 3352 placari?
2790 3283 2904 3335 Non
2946 3280 3162 3336 aliunde
3202 3281 3422 3335 demum
3452 3290 3590 3331 ortas
3616 3291 3717 3331 esse

2160 3386 2349 3432 censet
2371 3375 2505 3429 adeo
2535 3374 2797 3429 absurdus
2829 3374 3041 3428 illorum
3074 3374 3378 3442 opiniones,
3410 3386 3573 3441 quam
3598 3368 3715 3439 quod

2160 3471 2316 3541 plane
2343 3471 2632 3524 nescierivt
2654 3469 2778 3537 quid
2812 3471 2878 3521 sit
2908 3470 3068 3523 Deus.
3099 3479 3189 3520 aut
3218 3482 3338 3536 qua:
3381 3466 3488 3519 sint
3511 3465 3617 3533 ejus
3640 3480 3717 3516 ua-

2159 3572 2299 3626 tura,
2350 3564 2603 3619 attributa
2645 3574 2697 3615 et
2725 3563 3028 3631 qualitates.
3082 3561 3155 3614 De
3187 3562 3267 3613 his
3296 3576 3457 3629 porro
3486 3559 3614 3613 ludis
3645 3571 3717 3610 co-

2159 3656 2373 3711 llidetiS
2429 3666 2481 3708 et
2518 3654 2809 3723 tragmdiis,
2860 3653 2925 3707 de
2954 3652 3147 3721 quibus
3193 3653 3301 3721 jam
3356 3651 3714 3721 disputavimus

2163 3750 2406 3822 (Dissert.
2453 3751 2503 3801 in
2547 3748 2769 3811 Minue”
2803 3765 2919 3813 cap.
2960 3748 3047 3811 15,
3078 3756 3177 3799 art.
3208 3745 3283 3814 1),
3312 3748 3401 3815 qui
3433 3747 3575 3815 plura
3602 3744 3717 3796 scire

2162 3846 2329 3914 Cupit,
2362 3846 2404 3897 is
2432 3844 2575 3909 legat
2598 3843 2717 3897 Lilii
2746 3842 2968 3904 Giraldi,
2996 3841 3273 3911 Scaligeri,
3302 3840 3610 3903 Camerarii,
3639 3839 3721 3891 (2a-

2162 3938 2308 4003 salis,
2353 3936 2586 3991 Alberici
2631 3936 2867 4005 gentilis,
2914 3935 3167 4000 Fabricii,
3217 3943 3269 3987 et
3297 3933 3518 3989 aliorum
3550 3933 3609 3985 de
3636 3930 3720 3981 illis

2163 4030 2671 4086 commentationes.
2724 4030 2863 4083 Satis
2908 4041 3084 4084 autem
3140 4039 3327 4099 aperte
3372 4043 3438 4083 ex
3489 4028 3586 4090 itis,
3626 4039 3721 4096 qua:

2166 4123 2321 4177 dicta
2355 4132 2500 4188 sunt,
2530 4123 2597 4176 ab
2616 4121 2864 4176 omnibus
2897 4121 3208 4190 intelligitur
3238 4120 3323 4174 vel
3356 4120 3459 4175 illis
3481 4119 3598 4173 solis
3619 4132 3723 4187 gen-

2168 4216 2337 4271 tilium
2393 4216 2546 4281 deos,
2600 4224 2875 4286 totamque
2923 4230 3111 4270 eorum
3161 4214 3477 4285 religionem
3523 4210 3721 4267 funditus

2165 4308 2354 4364 everti.

2758 4399 2987 4457 CAPUT
3024 4398 3168 4455 XVI.

2174 4542 2340 4611 Quam
2394 4540 2550 4593 varia:
2598 4537 2791 4608 fuerint
2820 4536 3139 4599 ethnicorum
3185 4532 3249 4587 de
3278 4533 3497 4604 singulis
3526 4531 3616 4583 diis
3643 4526 3722 4583 suis

2243 4634 2534 4703 opiniones,
2565 4639 2612 4684 et
2663 4645 2816 4699 quam
2846 4637 2981 4682 recte
3022 4626 3285 4680 Arnobius
3312 4625 3432 4680 inde
3457 4625 3721 4678 demonstret

2243 4728 2430 4798 falsam
2462 4741 2569 4779 esse
2600 4724 2939 4791 unicajusque
2968 4720 3305 4773 divinitatem.

2694 4864 2990 4913 Alimentus
3025 4869 3234 4910 animus.

2170 4983 2489 5035 Examinatur
2516 4980 2711 5029 Arnobii
2738 4983 2905 5026 contra
2930 4977 3231 5027 ethnicorum
3250 4976 3375 5025 deos
3401 4968 3719 5035 argumentum.

484 5049 604 5101 hius
627 5046 819 5100 merito
844 5043 1122 5099 contendit
1151 5043 1245 5095 has
1288 5040 1493 5094 fabulas
1537 5051 1593 5095 et
1630 5040 1925 5095 couiaedias
1951 5040 2072 5095 aliis

484 5155 581 5193 nec
605 5138 862 5193 castiores
894 5151 1037 5198 esse,
1084 5151 1182 5189 nec
1217 5134 1573 5197 honestiores,
1606 5148 1779 5201 neque
1806 5132 1940 5187 deos
1972 5132 2073 5187 iiii-

484 5249 584 5287 nus
607 5231 821 5300 indigne
852 5230 903 5283 in
932 5229 1057 5291 illis,
1087 5242 1244 5297 quam
1270 5225 1387 5278 aliis
1415 5223 1648 5278 tractari.

560 5326 901 5392 Quapropter
933 5318 1179 5373 ethnicos
1224 5317 1421 5373 acriter
1450 5317 1687 5388 corripit,
1736 5316 1824 5387 qui
1872 5331 2065 5387 perpe-

485 5434 599 5473 ram
631 5414 1012 5471 existimabant
1043 5413 1125 5466 his
1144 5409 1475 5467 solemnibus
1508 5410 1666 5474 ludis,
1694 5424 1758 5464 ac
1791 5409 2073 5465 comoediis

487 5512 618 5566 deos
660 5509 860 5573 laetari,
892 5506 1163 5572 honorari,
1207 5504 1432 5574 placari,
1476 5503 1608 5556 iram
1650 5511 1704 5558 et
1747 5502 2071 5557 simultatem

486 5607 780 5676 deponere,
813 5614 866 5657 et
896 5599 1221 5665 hominibus,
1270 5614 1298 5651 a
1339 5597 1534 5668 quibus
1562 5594 1749 5651 offensi
1779 5606 1954 5662 erant,
1989 5608 2075 5650 re-

487 5697 785 5754 conciliari.
819 5696 933 5763 Qua
957 5696 1098 5750 enim
1131 5694 1201 5748 dii
1226 5692 1411 5747 laetitia
1434 5689 1705 5762 perfundi,
1739 5690 1966 5759 aliisque
1988 5689 2073 5757 ju.

488 5792 677 5846 cundis
703 5790 934 5845 motibus
954 5788 1094 5843 affici
1140 5795 1384 5858 possunt,
1419 5786 1548 5840 visis
1576 5794 1653 5839 tot
1680 5784 1947 5855 tantisque
1981 5799 2073 5841 co-

488 5886 829 5949 mmdiarum,
863 5883 938 5939 uti
976 5883 1086 5951 jam
1130 5881 1357 5945 dictum,
1386 5890 1440 5935 et
1468 5878 1642 5935 adhuc
1677 5877 1813 5933 infra
1842 5878 2073 5944 dicetur,

2239 5047 2350 5095 inde
2375 5047 2589 5103 ductum,
2612 5042 2740 5104 quod
2779 5054 2925 5103 quem
2964 5043 3111 5088 deum
3132 5037 3350 5104 nonnulli
3384 5050 3444 5085 ex
3460 5032 3723 5104 'parentibtttt

2237 5116 2544 5173 procreatum
2571 5096 2818 5173 dict-baut}
2850 5104 2938 5173 alii
2967 5114 3079 5173 rent
3105 5099 3313 5173 aliquam
3347 5096 3609 5173 naturalem
3641 5101 3721 5143 esse

2238 5157 2597 5221 afﬁrmare-rint.
2626 5174 2775 5229 atque
2800 5157 2847 5214 in
2873 5166 3035 5229 primis
3056 5157 3248 5229 Janui'n,
3274 5162 3546 5229 Saturnum,
3570 5157 3719 5229 lorea].

2238 5233 2500 5291 Junoneni,
2538 5219 2835 5291 Fluvitinam.
2873 5219 3534 5291 l'omgnarrrLOssipaginam,
3570 5219 3721 5269 Febru—

2242 5298 2345 5355 tim,
2371 5287 2703 5356 Pupulouiam,
2732 5290 2967 5348 Cinxiam,
2992 5287 3316 5350 Caprozinam.

2253 5418 2406 5473 Aliud
2436 5416 2723 5477 Arnobius,
2765 5429 2864 5469 nec
2893 5414 3108 5469 caeteris
3150 5413 3331 5467 minus
3360 5410 3550 5467 efﬁcax
3576 5424 3631 5465 ac
3650 5418 3719 5458 vn.

2180 5512 2365 5575 Iidum,
2399 5510 2662 5564 adversus
2692 5508 2957 5564 absurdos
2991 5506 3272 5579 gentilium
3316 5506 3384 5561 de
3411 5505 3515 5560 diis
3545 5502 3640 5559 suis
3662 5510 3722 5551 er-

2181 5619 2333 5659 rores
2360 5612 2732 5673 argumentum
2758 5602 2910 5657 duxit
2931 5601 3184 5669 exlvariis
3211 5610 3264 5653 et
3286 5599 3428 5654 inter
3452 5614 3509 5652 se
3530 5604 3720 5668 pugnan-

2181 5697 2322 5753 tibus
2352 5696 2566 5751 illurum
2598 5695 2665 5751 de
2695 5712 2800 5749 uno
2830 5695 3127 5762 eodemque
3156 5693 3261 5747 deo
3298 5690 3594 5746 sententiis.
3637 5686 3720 5750 (ὶυο

2177 5791 2341 5856 enim,
2368 5790 2559 5861 inquit,
2590 5787 2750 5843 modo
2782 5788 2893 5843 ﬁeri
2947 5795 3126 5856 potest
3164 5794 3222 5839 ut
3251 5783 3319 5837 ad
3345 5782 3502 5838 deum
3534 5782 3717 5850 aliquem

2178 5880 2606 5952 cognoscendum
2656 5894 2718 5933 ac
2768 5877 3057 5933 colendum
3098 5876 3346 5930 homines
3407 5874 3647 5929 inducas.
3682 5874 3721 5916 tn

3724 6162 3824 6280 Α
