3872 6370
217 394 326 450 565

1483 394 1551 451 IN
1582 392 1960 459 ARNOBIUM,
2002 391 2161 448 CAP.
2209 391 2348 448 XVI.

3436 402 3545 458 566

214 512 306 580 qui
355 513 540 582 qualis
571 514 665 570 ille
686 516 779 581 sit,
811 530 970 586 quem
1001 514 1155 579 colis,
1189 529 1289 568 nec
1319 514 1435 584 ipse
1465 513 1594 579 scis,
1629 526 1730 568 nec
1772 511 1842 568 ab
1870 516 1922 576 Α
2020 507 2227 565 Eodem
2257 509 2417 580 plane
2467 513 2694 569 rationis
2723 524 2999 571 momento
3029 514 3119 570 ille
3163 515 3382 571 conﬁcit
3420 517 3544 571 nul-

216 605 342 660 aliis
396 608 544 663 scire
595 624 847 679 umquam
900 609 992 662 tibi
1033 609 1216 662 datum
1247 608 1364 660 est?
1407 604 1600 660 Nonne
1629 604 1697 659 de
1728 620 1848 660 uno
1943 601 2051 657 lum
2081 617 2202 657 esse
2250 619 2450 658 numen
2480 605 2734 672 Saturni;
2787 608 2986 678 (ιυίιιρε
3015 608 3104 678 qui
3136 616 3352 678 ῑεπιρυε
3379 608 3544 664 hunc

219 697 533 768 eodemque
574 701 856 772 gentilium
887 701 989 756 deo
1037 710 1112 755 tot
1164 699 1279 756 fere
1337 707 1492 754 erant
1522 700 1831 770 opiniones,

213 803 348 862 quot
375 794 605 863 capita?

278 887 353 940 At
382 899 541 944 certe
565 889 616 943 id
641 900 828 944 auctor
853 900 1036 945 noster
1064 905 1213 945 more
1243 891 1420 946 adhuc
1467 905 1566 945 suo
1599 890 1701 944 hac
1741 889 1828 943 in-

208 978 479 1036 ductione
529 981 937 1037 evidentissime
977 983 1357 1038 demonstrat:
1399 1003 1418 1036 c
1475 983 1826 1052 Incipiamus,

215 1072 420 1142 inquit,
459 1075 776 1130 solemniter
797 1077 866 1131 ab
889 1076 1049 1142 Jano,
1078 1089 1133 1130 et
1172 1092 1270 1131 nos
1325 1088 1494 1142 patre,
1526 1093 1685 1146 quem
1711 1077 1831 1146 qui-

206 1161 330 1217 dam
356 1180 429 1219 ex
463 1167 616 1221 vobis
649 1168 930 1227 mundum.
964 1184 1162 1222 annum
1193 1169 1305 1230 alii,
1346 1170 1516 1223 solem
1549 1184 1670 1222 esse
1701 1185 1829 1238 pro-

206 1255 401 1311 didere
432 1259 680 1314 uonnulli
733 1279 751 1311 ι
787 1259 1031 1333 (Arnob.,
1067 1261 1158 1314 lib.
1191 1276 1271 1327 ιιι,
1311 1278 1428 1332 pag.
1460 1261 1521 1315 11
1544 1258 1611 1330 i).
1641 1259 1828 1330 Neque

207 1347 313 1403 hoc
365 1359 583 1407 temere
624 1353 692 1408 ab
732 1355 828 1408 illo
880 1355 1081 1409 dictum
1113 1364 1288 1424 putes.
1335 1358 1377 1409 A
1410 1355 1599 1410 Servio
1627 1354 1828 1425 quippe

209 1440 327 1497 h:ec
350 1447 578 1514 scriptis
611 1447 824 1516 prodita
858 1449 1088 1518 legimus
1122 1466 1135 1502 :
1173 1468 1190 1500 ι
1226 1448 1328 1502 Alii
1363 1447 1555 1504 Janum
1586 1447 1694 1503 diei
1723 1447 1824 1502 do-

204 1537 415 1592 miuum
445 1542 652 1605 volunt,
687 1544 738 1595 in
777 1559 884 1612 quo
911 1554 1062 1598 ortus
1093 1555 1174 1598 est
1201 1555 1254 1599 et
1283 1559 1680 1598 occasus.......
1716 1543 1822 1597 Alii

203 1630 332 1683 anni
371 1633 564 1698 totius,
596 1649 756 1704 quem
796 1636 847 1689 in
875 1647 1104 1705 quatuor
1155 1648 1395 1705 tempora
1447 1645 1659 1690 constat
1699 1649 1825 1690 esse

209 1722 477 1777 divisum.
507 1724 647 1779 Anni
670 1738 848 1782 autem
876 1743 997 1782 esse
1024 1729 1181 1783 deum
1213 1729 1297 1781 illa
1327 1743 1413 1783 res
1441 1727 1654 1797 probat,
1677 1727 1824 1798 quod

205 1813 273 1867 ab
327 1829 398 1868 eo
450 1815 619 1884 prima
659 1833 784 1885 pars
812 1819 936 1872 anni
984 1819 1308 1872 nominatur.
1349 1819 1480 1872 Nam
1507 1834 1538 1872 a
1566 1818 1702 1873 Jano
1729 1818 1824 1874 Ja-

1941 706 1997 749 et
2039 709 2214 764 graece
2258 697 2469 772 χρόνος,
2527 699 2679 765 sive,
2724 709 2781 752 ut
2811 700 2887 752 ait
2915 700 3268 769 Augustinus,
3304 701 3545 771 temporis

1940 790 2228 858 longitudo,
2264 789 2432 844 fuisse
2456 791 2824 860 perhibeatur.
2855 791 2971 846 Non
3001 793 3177 847 solum
3209 803 3387 852 autem
3428 793 3543 848 Ma-

1943 884 2182 947 crobius,
2230 896 2284 940 et
2338 886 2677 951 Plutarchus,
2721 889 2835 941 haec
2884 902 3140 958 expresse
3180 889 3541 954 tradiderunt,

1937 977 2032 1033 sed
2054 977 2245 1032 Cicero
2275 981 2437 1034 etiam
2469 980 2621 1037 hisce
2652 981 2986 1052 totidemque
3023 981 3204 1036 verbis
3238 999 3251 1035 :
3291 999 3309 1039 ι
3349 981 3540 1036 Satur-

1938 1085 2066 1123 num
2093 1081 2270 1124 autem
2318 1087 2441 1126 eum
2470 1087 2591 1126 esse
2620 1074 2926 1140 voluerunt,
2972 1073 3064 1142 qui
3092 1088 3308 1128 cursum
3336 1083 3388 1128 et
3408 1088 3539 1129 cou-

1937 1163 2243 1220 versionem
2267 1167 2565 1234 spatiorum
2623 1183 2685 1222 ac
2738 1177 3045 1237 temporum
3075 1169 3399 1223 contineret.
3438 1167 3538 1235 Qui

1935 1256 2084 1310 Deus
2156 1271 2332 1326 grwce
2404 1257 2638 1327 idipsum
2701 1274 2898 1312 nomen
2955 1259 3135 1314 habet.
3164 1261 3350 1332 Χρόνος
3392 1261 3538 1316 enim

1935 1349 2170 1414 dicitur,
2229 1350 2316 1418 qui
2365 1360 2449 1404 est
2485 1351 2626 1405 idem
2681 1353 2869 1428 χρόνος
2920 1355 3179 1422 temporis
3227 1354 3480 1423 spatium.
3513 1373 3533 1405 ι

1934 1440 2142 1495 Rursus
2188 1453 2368 1496 autem
2401 1443 2526 1496 inde
2580 1442 2742 1498 infert
2788 1444 3064 1499 Arnobius
3111 1444 3414 1499 tollendum
3471 1446 3539 1501 de

1933 1535 2115 1589 medio
2147 1534 2460 1598 Saturnum,
2491 1536 2638 1591 leo
2686 1536 2887 1591 editum
2944 1547 3095 1606 patre
3143 1536 3413 1609 (August.,
3445 1539 3535 1593 lib.

1935 1645 1987 1683 tv
2013 1630 2077 1682 de
2100 1627 2276 1693 Civit,
2303 1645 2418 1696 cap.
2447 1629 2535 1694 10,
2558 1645 2679 1700 pag.
2711 1628 2812 1693 95;
2844 1628 3101 1695 Macrob.,
3127 1631 3214 1682 lib.
3245 1646 3260 1683 ι
3293 1630 3534 1696 Saturn.,

1933 1739 2052 1793 cap.
2106 1722 2174 1786 8;
2215 1721 2510 1788 Platore/1.,
2543 1723 2632 1776 lib.
2663 1723 2726 1774 de
2760 1720 2895 1775 Isid.
2942 1733 2988 1775 et
3041 1721 3180 1776 Osir.
3212 1764 3227 1787 ,
3281 1733 3405 1776 tom.
3457 1738 3532 1787 ιι,

1932 1834 1985 1885 p.
2010 1815 2148 1881 567:;
2182 1813 2375 1880 Cicer.,
2405 1817 2496 1868 lib.
2526 1831 2562 1869 ιι
2594 1817 2656 1869 de
2696 1814 2827 1892 Nat.
2853 1817 3023 1883 deor.,
3049 1834 3102 1886 p.
3134 1815 3263 1882 225,
3295 1817 3388 1870 liii.
3414 1816 3532 1885 28).

205 1906 440 1959 nuarius
461 1906 803 1965 dicitur......
859 1910 962 1964 Alii
999 1911 1191 1965 Jauum
1230 1911 1484 1965 mundum
1519 1911 1812 1981 accipiunt,
1855 1904 1904 1963 B
2001 1909 2138 1978 Quid
2163 1920 2445 1982 prmterea,
2478 1909 2620 1980 quod
2650 1910 2828 1965 nullus
2853 1927 3068 1980 quoque
3093 1926 3344 1981 umquam
3370 1910 3533 1966 fuisse

202 2000 358 2068 cujus
387 2003 567 2056 caulae
599 2002 721 2057 ideo
751 2005 800 2058 in
833 2021 964 2075 pace
1006 2007 1202 2060 clausae
1234 2017 1379 2072 sunt,
1410 2006 1552 2076 quod
1583 2005 1818 2060 mundus

207 2092 453 2162 undique
493 2095 711 2149 clausus
753 2107 868 2161 est;
922 2099 1044 2152 belli
1095 2108 1335 2168 tempore
1380 2099 1698 2170 aperiuntur
1748 2097 1817 2152 ad

196 2184 468 2240 auxilium
501 2189 814 2255 petendum,
849 2198 902 2243 ut
935 2200 1168 2258 pateant.
1217 2210 1234 2242 ι
1280 2189 1477 2263 (Serv.,
1521 2193 1574 2243 in
1599 2189 1692 2245 lib.
1723 2206 1815 2244 vttt

195 2273 452 2341 1Eneid.,
475 2294 606 2333 vers.
638 2279 743 2336 605
773 2291 818 2334 el
849 2298 1010 2352 seqq.,
1039 2300 1158 2354 pag.
1194 2285 1343 2353 474).
1379 2283 1542 2337 Addit
1571 2284 1718 2337 illum
1746 2285 1814 2339 ab

197 2366 340 2433 aliis,
390 2372 852 2438 quemadmodum
898 2390 926 2426 a
973 2372 1237 2430 Cicerone
1288 2373 1498 2444 (Cicer.,
1547 2376 1636 2430 lib.
1689 2393 1706 2430 ι
1751 2376 1815 2429 de

195 2456 393 2514 Natur.
433 2462 604 2526 deor.,
630 2481 750 2535 pag.
785 2465 934 2534 221),
969 2466 1166 2520 Janum
1191 2484 1284 2522 seu
1308 2468 1514 2522 Eanum
1543 2468 1611 2522 ab
1631 2468 1812 2524 eundo

191 2554 444 2618 vocitari,
478 2558 761 2629 ipsumque
789 2576 908 2615 esse
935 2561 1186 2627 Martem;
1234 2565 1302 2618 ab
1327 2564 1448 2617 aliis
1478 2579 1659 2618 aerem
1688 2579 1810 2620 ere-

191 2643 262 2706 di,
293 2647 362 2700 ab
387 2648 516 2702 aliis
544 2665 674 2705 vero
707 2653 1031 2719 Clusivium,
1070 2665 1163 2708 aut
1201 2655 1499 2711 Patuleunt.
1535 2668 1626 2712 aut
1647 2657 1806 2712 Jazo-

1929 2003 2190 2059 dicendus
2222 2014 2301 2057 est
2330 2003 2573 2073 ejusdem
2601 2003 2821 2060 Saturni
2863 2013 2918 2058 et
2964 2003 3095 2072 Opis
3125 2003 3268 2057 filius
3299 2003 3527 2074 Jupiter,

1926 2097 1980 2150 in
2015 2097 2212 2151 linibus
2260 2096 2600 2152 Cretensium
2644 2097 2929 2167 sepultus?
2960 2097 3091 2151 Nam
3137 2096 3280 2152 hunc
3307 2098 3394 2152 alii
3438 2114 3531 2154 so-

1924 2187 2054 2252 lem,
2105 2188 2196 2242 alii
2249 2187 2506 2242 :etherem
2555 2203 2678 2244 esse
2739 2189 3158 2244 contendebant.
3222 2190 3531 2246 Macrobius

1925 2280 2069 2335 enim
2119 2281 2285 2335 variis
2328 2291 2570 2335 veterum
2628 2291 2910 2336 auctorum
2971 2283 3294 2338 testimouiis
3339 2284 3529 2353 probat

1922 2389 2045 2429 eum
2095 2390 2283 2430 revera
2330 2389 2452 2430 esse
2500 2375 2670 2430 solem
2725 2374 3010 2445 (Macrob.,
3043 2377 3131 2430 lib.
3170 2391 3186 2430 ι
3228 2376 3525 2443 Saturnal.,

1921 2484 2042 2534 cap.
2073 2467 2187 2538 25).
2218 2466 2408 2522 Cicero
2438 2477 2616 2524 autem
2642 2479 2828 2537 aperte
2857 2470 3011 2525 nobis
3051 2470 3290 2524 declarat
3319 2471 3472 2525 illu'n
3496 2487 3524 2524 a

1921 2559 2224 2630 Chrysippo
2249 2559 2453 2616 aztltera
2485 2563 2716 2625 censeri,
2741 2571 2904 2632 atque
2937 2563 3196 2626 Ennium.
3221 2565 3363 2634 quia
3398 2565 3526 2619 \‘ar—

1920 2666 2056 2706 roue
2085 2651 2244 2706 etiam
2274 2655 2518 2708 eamdem
2551 2655 2622 2709 ob
2645 2670 2862 2710 causam
2913 2657 3108 2710 citatur
3141 2656 3352 2728 (Cicer.,
3385 2658 3470 2710 lib.
3507 2674 3522 2712 ι

193 2736 368 2803 nium,
404 2750 571 2808 atque
603 2745 764 2796 etiam
795 2744 1080 2812 Quirinum
1110 2748 1392 2818 appellari.

260 2831 579 2888 Macrobius
608 2851 737 2890 vero
765 2839 1006 2893 ostendit
1028 2839 1169 2894 hunc
1201 2842 1375 2911 ipsum
1407 2859 1436 2897 a
1459 2843 1806 2913 quibusdam,

190 2925 266 2977 uti
289 2925 359 2979 ab
391 2926 629 2998 Nigidio,
662 2931 911 2985 eumdem
955 2933 1060 2986 dici
1089 2946 1250 3005 atque
1281 2936 1452 2990 solem
1474 2979 1487 2997 ,
1524 2946 1578 2992 et
1601 2939 1806 3007 Apolli~

189 3032 335 3084 nem,
366 3036 394 3072 a
428 3023 708 3078 nonnullis
737 3040 867 3079 vero
889 3027 1149 3080 mundum
1177 3038 1234 3082 et
1269 3031 1489 3095 caelum,
1515 3041 1677 3100 atque
1709 3033 1804 3086 iis-

186 3107 332 3174 dem,
367 3126 496 3180 qute
536 3112 756 3168 Servius
784 3127 1052 3183 recenset,
1088 3120 1420 3186 nominibus,
1452 3122 1520 3176 ab
1546 3121 1668 3178 aliis
1703 3138 1802 3178 vo-

187 3212 392 3274 catum,
443 3207 496 3258 in
544 3209 841 3279 primisque
885 3211 1196 3276 Janonium,
1249 3232 1268 3264 ‹
1315 3213 1490 3283 quasi,
1532 3235 1550 3267 ι
1606 3217 1800 3286 inquit,
1855 3288 1863 3289 ί
1912 3207 2088 3264 Alium
2118 3213 2293 3266 adhuc
2316 3223 2506 3268 testem
2533 3214 2736 3284 profert
2764 3216 3098 3286 Euripidem,
3121 3219 3229 3289 qui,
3249 3228 3304 3272 ut
3332 3219 3497 3272 multa

194 3313 211 3347 ι
247 3313 356 3351 non
391 3300 572 3354 solum
606 3304 807 3357 mensis
832 3304 1093 3369 Januarii,
1122 3308 1216 3362 sed
1260 3311 1527 3363 mensium
1557 3314 1788 3366 omnium

1918 3303 2178 3371 praeclare,
2205 3305 2352 3359 addit
2375 3306 2465 3361 ille
2491 3306 2702 3379 (Cicer.,
2729 3309 2828 3362 loc.
2855 3308 3002 3378 cil.),
3033 3313 3107 3364 sic
3137 3288 3233 3364 hoc
3260 3311 3474 3366 breviter
3495 3331 3513 3366 .-

184 3388 469 3461 ingressus
518 3403 811 3452 tenentem.
872 3418 891 3450 ι
951 3401 1232 3472 (Macrob.,
1285 3403 1376 3456 lib.
1434 3420 1449 3456 ι
1497 3403 1794 3472 Saturnal.,

182 3497 296 3551 cap.
345 3483 430 3556 9).

253 3579 421 3648 Atqui
451 3579 496 3632 si
518 3595 605 3634 res
631 3581 697 3636 ita
717 3584 806 3649 sit,
834 3586 1012 3655 arguit
1035 3587 1308 3642 Arnobius
1332 3589 1576 3660 (Arnob.,
1597 3593 1688 3646 lib.
1713 3609 1792 3660 ιιι,

184 3685 306 3740 pag.
347 3671 502 3745 117),
533 3685 680 3730 certe
713 3679 893 3732 nullus
916 3681 1231 3746 eritJanus,
1266 3699 1423 3751 quem
1449 3685 1654 3740 ethnici
1676 3703 1797 3742 ven-

182 3760 436 3816 ditabant
468 3765 614 3821 Caelo
645 3777 700 3822 et
730 3767 924 3824 Hecata
971 3785 1334 3840 procreatum,
1362 3776 1606 3836 Juturnaa
1634 3779 1797 3834 mari-

183 3864 316 3917 tum,
352 3872 613 3926 generum
649 3861 915 3929 Vulturni,
951 3875 1156 3931 patrem
1192 3867 1365 3931 Fonti,
1406 3868 1792 3927 Jauiculicon-

186 3947 452 4013 ditorem,
511 3952 674 4007 Italia:
717 3971 921 4025 regem,
964 3961 1281 4031 cunctisque
1325 3963 1595 4031 precibus,
1644 3975 1697 4018 ut
1728 3982 1793 4020 ex

189 4040 386 4097 Ovidio
421 4044 612 4113 liquet,
643 4057 804 4116 atque
827 4051 1010 4116 etiam,
1045 4062 1101 4104 ut
1135 4063 1315 4108 monet
1345 4052 1556 4118 Cicero,
1586 4057 1795 4112 sacrifi—

183 4136 282 4190 ciis
306 4153 533 4206 semper
563 4144 984 4210 praeponendum
1015 4146 1221 4213 (0vid.,
1249 4148 1338 4203 lib.
1372 4166 1388 4203 ι
1417 4149 1652 4213 Faster...
1680 4153 1707 4224 ᾗ
1733 4157 1793 4219 5;

183 4228 374 4298 Cicer.,
404 4231 494 4285 lib.
528 4249 562 4286 ιι
589 4234 652 4287 de
676 4234 867 4290 Natur.
895 4238 1060 4303 deor.,
1087 4258 1205 4310 pag.
1239 4241 1392 4311 224).
1423 4243 1531 4299 Nec
1557 4245 1789 4302 absimili

186 4336 412 4390 prorsus
439 4326 600 4379 modo
627 4328 958 4398 Augustinus
992 4350 1003 4384 :
1034 4331 1090 4385 Si
1112 4331 1301 4395 Janus,
1338 4335 1529 4404 inquit.
1556 4337 1791 4392 sitmun-

183 4415 306 4478 dus,
336 4433 437 4470 cur
465 4421 695 4486 gentiles
723 4421 857 4476 falso
889 4423 1210 4478 asserebant
1236 4425 1301 4478 ad
1333 4441 1458 4480 eum
1492 4443 1672 4482 rerum
1698 4431 1782 4484 iui-

184 4509 276 4568 tia.
302 4509 463 4574 ﬁnes,
490 4523 544 4565 et
576 4514 864 4567 terminum
895 4515 1121 4569 referri?
1149 4515 1258 4570 Cur
1287 4516 1579 4574 bifrontem
1612 4522 1786 4584 illum,

185 4603 342 4671 quasi
390 4603 512 4657 dua:
559 4615 764 4660 tantum
808 4609 916 4662 sint
959 4608 1144 4662 mundi
1195 4620 1396 4678 partes,
1445 4622 1536 4667 aut
1566 4615 1784 4683 quadri-

184 4693 445 4760 frontem,
481 4698 634 4764 quasi
690 4698 804 4768 ipse
853 4711 904 4753 et
946 4701 1178 4754 mundus
1209 4703 1456 4770 geminus
1498 4705 1587 4766 sit.
1624 4706 1785 4776 linge-

193 4785 359 4841 bant?
385 4788 494 4842 Cur
527 4789 872 4844 venditabant
920 4807 1084 4860 penes
1129 4809 1250 4847 eum
1283 4810 1402 4849 esse
1455 4797 1646 4865 prima,
1675 4797 1788 4854 sive

186 4879 337 4933 initia
397 4879 698 4944 fat-torum,
753 4895 807 4935 et
871 4899 1082 4938 summa
1135 4901 1301 4954 penes
1358 4887 1575 4951 Jovem,
1634 4891 1786 4959 quasi

187 4975 428 5026 omnium
459 4976 681 5043 regem?
717 4976 853 5043 Quid
879 4993 1012 5047 ergo
1059 4978 1256 5034 factum
1286 4989 1370 5034 est
1397 4981 1465 5035 de
1507 4981 1608 5035 hoc
1650 4982 1786 5038 Jove

189 5063 468 5119 hominum
519 5066 851 5138 deorumque
883 5087 1029 5141 rege,
1083 5074 1126 5126 si
1173 5072 1338 5127 Janus
1388 5075 1621 5130 mundus
1665 5092 1787 5133 esse

188 5154 432 5210 dicatur?
476 5159 738 5229 (August.,
773 5163 861 5215 lib.
906 5180 977 5218 vtt
1006 5165 1067 5217 de
1113 5162 1286 5225 Ciuit..
1330 5184 1445 5237 cap.
1486 5171 1515 5220 7
1545 5180 1593 5222 et
1622 5187 1784 5239 seqq.,

187 5265 308 5318 pag.
360 5249 464 5304 168
521 5263 565 5303 et
615 5268 797 5322 scqq.;
843 5251 1060 5309 Disserl.
1111 5259 1163 5310 in
1224 5255 1460 5322 Minuc.,
1511 5275 1626 5328 cap.
1681 5262 1784 5326 15,

188 5348 284 5391 art.
330 5340 412 5412 1.)

260 5435 375 5490 Alia
402 5436 628 5507 insuper
649 5441 862 5495 ratione
893 5444 1163 5500 Arnobius
1191 5444 1429 5499 ostendit
1458 5446 1660 5500 nullam
1703 5449 1783 5503 ei-

190 5524 308 5582 dem
361 5527 518 5594 Jano,
569 5532 612 5584 si
643 5547 817 5586 annus
863 5537 953 5598 sit,
1005 5536 1162 5592 tribui
1221 5554 1379 5607 posse
1423 5539 1780 5597 divinitatem.

192 5618 328 5686 Quid
360 5621 504 5675 enim
537 5634 620 5677 est
643 5639 840 5690 annus,
875 5625 976 5680 nisi
1005 5629 1220 5698 aliquod
1245 5633 1474 5699 spatium
1506 5636 1780 5702 temporis,

193 5723 340 5767 certo
363 5714 568 5770 dierum
599 5723 977 5789 mensiumque
1013 5739 1236 5777 numero
1281 5726 1784 5797 circumscriptum?

195 5806 322 5871 Quis
346 5823 471 5862 vero
497 5809 647 5875 illud,
678 5810 823 5881 quod
858 5813 1050 5866 transit
1076 5829 1138 5868 ac
1162 5815 1375 5880 labitur,
1409 5817 1515 5870 vim
1547 5817 1783 5872 divinam

200 5897 394 5956 habere
424 5900 525 5958 sibi
573 5903 928 5973 persuadebit
987 5905 1229 5976 (Arnob.,
1259 5909 1346 5966 lib.
1377 5925 1456 5977 ιιι,
1483 5927 1602 5981 pag.
1643 5909 1785 5980 117).

1919 2743 1983 2796 de
2005 2741 2202 2797 Natur.
2227 2745 2394 2811 deor.,
2428 2762 2550 2816 pag.
2583 2747 2710 2808 201,
2741 2748 2834 2800 lin.
2861 2748 2952 2810 56,
2977 2757 3022 2800 et
3053 2749 3140 2802 lib.
3167 2764 3222 2813 ιι,
3246 2765 3366 2819 pag.
3390 2749 3520 2810 214,

1919 2833 2012 2887 lin.
2061 2833 2162 2900 12;
2198 2835 2361 2903 lbid.,
2405 2857 2529 2916 pag.
2571 2837 2699 2902 225,
2730 2840 2824 2892 lin.
2867 2840 2968 2904 57;
3025 2840 3197 2905 γυνη,
3229 2841 3318 2895 lib.
3361 2857 3414 2895 tv
3461 2842 3524 2895 de

1915 2926 2070 2996 Ling.
2108 2928 2226 2994 lat.,
2255 2947 2374 3001 pag.
2402 2930 2517 3000 16),
2549 2933 2792 2986 omnium
2820 2947 3048 2986 assensu
3074 2932 3285 2987 dixisse
3319 2951 3333 2987 :

2873 3047 2994 3094 inice
3019 3047 3048 3094 b

2873 3063 2878 3070 .
2919 3047 2927 3057 ‘
3019 3047 3048 3094 ι]

2009 3104 2231 3155 Sublime
2255 3107 2487 3164 candens.
2517 3121 2666 3158 cuem
2691 3046 3111 3159 invti‘cgbelgﬁiug:
3132 3109 3324 3160 Jovem.

1999 3416 2153 3484 Yides
2171 3418 2382 3468 sublime
2405 3418 2586 3477 fusum.
2611 3422 2980 3473 immoderatum
3005 3426 3210 3484 aethera,

2001 3478 2092 3550 Qui
2121 3489 2296 3528 tenero
2319 3488 2502 3550 terram
2527 3487 2858 3550 circumvectu
2879 3488 3190 3550 amplectitur

1999 3541 2141 3590 Hunc
2161 3558 2400 3592 summum
2421 3546 2602 3595 habeto
2623 3549 2806 3608 divum,
2833 3541 2971 3598 hunc'
2985 3551 3248 3612 perhibeto
3270 3551 3464 3601 Jovem.

1903 3666 2011 3722 Nos
2038 3683 2166 3722 vero
2193 3668 2457 3725 Eusebius
2485 3674 2720 3727 monitos
2745 3689 2865 3730 esse
2895 3677 3060 3730 voluit
3088 3677 3274 3732 Jovem
3306 3678 3374 3732 ab
3397 3679 3502 3733 Or-

1903 3760 2066 3829 pheo.
2101 3761 2145 3814 si
2179 3761 2478 3835 Porphyrio
2503 3765 2656 3830 fides,
2680 3778 2735 3821 et
2756 3769 3014 3823 mundum
3041 3771 3348 3825 universum
3377 3773 3500 3838 dici,

1902 3859 1958 3905 et
1998 3852 2230 3905 animam
2283 3854 2400 3924 ejus
2464 3855 2665 3910 aethera
2719 3857 2957 3930 (Euseb.,
3015 3861 3102 3914 lib.
3153 3877 3209 3915 ιιι
3254 3861 3497 3932 Prazpar.

1903 3945 2130 4018 Evang,
2164 3965 2280 4016 cap.
2317 3949 2368 4015 9,
2400 3966 2520 4020 pag.
2553 3947 2674 4018 100,
2706 3961 2753 4004 ei
2781 3953 2968 4025 seqq)

1974 4039 2128 4094 Falsa
2161 4058 2289 4111 ergo
2319 4053 2398 4096 est
2429 4043 2594 4098 etiam
2617 4045 2846 4100 Junonis
2872 4049 3145 4115 divinitas,
3176 4067 3337 4120 quam
3364 4054 3502 4108 sicut

1899 4135 2074 4202 arguit
2104 4135 2375 4190 Arnobius
2407 4138 2664 4207 (Arnob.,
2714 4140 2802 4193 lib.
2836 4157 2929 4207 ιιι,
2961 4160 3082 4214 pag.
3118 4143 3284 4215 H8),
3320 4162 3498 4201 aerem

1901 4225 2147 4295 plerique
2189 4226 2477 4293 dicebant,
2529 4245 2592 4283 ac
2643 4232 2981 4300 potissimum
3033 4237 3233 4303 Stoici,
3268 4254 3498 4307 quorum

1897 4319 2207 4389 ppiuionem
2239 4321 2430 4376 Cicero
2461 4321 2544 4376 his
2587 4324 2821 4394 eXplicat
2850 4327 3032 4382 verbis
3058 4345 3070 4380 :
3100 4347 3120 4379 ‹
3157 4331 3267 4384 Aer
3294 4342 3496 4398 autem,

1900 4422 1954 4464 ut
1988 4410 2152 4465 Stoici
2184 4413 2479 4481 disputant,
2513 4417 2825 4484 interjectus
2856 4419 2998 4474 inter
3020 4437 3168 4475 mare
3195 4431 3248 4476 et
3273 4423 3494 4489 caelum,

1895 4503 2123 4558 Junonis
2155 4509 2373 4562 nomine
2401 4519 2772 4577 consecratur,
2806 4529 2926 4581 quae
2958 4523 3042 4568 est
3070 4529 3227 4570 soror
3280 4526 3334 4570 et
3361 4532 3498 4572 con-

1891 4600 1988 4670 jux
2019 4600 2203 4667 Jovis;
2239 4606 2380 4672 quod
2407 4617 2461 4658 et
2483 4606 2781 4661 similitudo
2803 4619 2886 4662 est
2917 4611 3158 4675 aetheris,
3197 4622 3251 4666 et
3281 4628 3402 4666 cum
3431 4629 3498 4668 eo

1895 4709 2106 4748 summa
2134 4696 2462 4766 conjunctio.
2494 4697 2890 4755 ElIeminarunt
2915 4712 3096 4756 autem
3131 4719 3252 4758 eum
3279 4747 3294 4770 ,
3323 4704 3496 4760 Juno-

1897 4785 2058 4854 nique
2089 4787 2424 4850 tribuerunt;
2455 4789 2599 4858 quod
2642 4791 2774 4844 nihil
2810 4803 2892 4846 est
2923 4808 2989 4846 eo
3021 4796 3237 4849 mollius
3270 4796 3492 4867 (αἱρέθη,

1895 4877 1984 4930 lib.
2015 4894 2049 4930 ιι
2080 4878 2142 4930 de
2174 4877 2364 4933 Natar.
2397 4880 2562 4948 deor.,
2592 4901 2712 4953 pag.
2742 4883 2872 4950 225,
2909 4885 2999 4940 lin.
3031 4887 3145 4958 47).
3187 4906 3205 4940 ι

1967 4970 2178 5026 Oratori
2220 4984 2436 5041 autem,
2482 4986 2607 5031 ante
2626 4978 3031 5048 .Augustiuum,
3078 4981 3378 5038 Macrobius
3420 4986 3499 5041 sic

1893 5066 2214 5138 subscripsit
2244 5088 2257 5124 :
2292 5087 2311 5120 ‹
2349 5070 2489 5125 Juno
2516 5086 2672 5126 soror
2701 5073 2839 5141 ejus,
2868 5072 3038 5139 Jovis,
3072 5085 3127 5129 et
3157 5076 3353 5147 conjux
3397 5094 3465 5134 vo
3490 5111 3498 5119 ι

1893 5168 2065 5212 catur.
2098 5160 2196 5214 Est
2241 5172 2422 5217 autem
2467 5162 2607 5220 Juuo
2655 5180 2782 5228 aer;
2827 5176 2882 5220 et
2921 5166 3117 5220 dicitur
3162 5184 3340 5234 soror,
3371 5177 3497 5239 quia

1895 5252 2088 5308 iisdem
2119 5255 2442 5321 seminibus,
2474 5257 2669 5325 quibus
2697 5259 2916 5322 coelum,
2947 5261 3109 5313 etiam
3139 5276 3232 5314 aer
3261 5271 3340 5315 est
3371 5278 3496 5332 pro-

1894 5358 2134 5412 creatus;
2155 5349 2373 5418 conjux,
2389 5351 2513 5420 quia
2531 5350 2770 5419 subjecm
2788 5361 2871 5406 est
2891 5353 3032 5406 cmlo
3049 5351 3310 5423 (August,
3327 5354 3417 5409 lib.
3437 5372 3494 5411 tv

1893 5440 1956 5494 de
1981 5439 2155 5507 Civit.,
2205 5458 2321 5510 cap.
2371 5443 2459 5507 10,
2504 5459 2556 5509 p.
2581 5444 2669 5506 95,
2701 5452 2745 5496 et
2767 5443 2855 5497 lib.
2880 5459 2970 5508 vti,
3007 5461 3123 5513 cap.
3154 5445 3240 5508 16,
3273 5463 3327 5515 ρ.
3353 5447 3492 5513 175;

1892 5532 2150 5597 Macrob.,
2182 5533 2272 5588 lib.
2307 5551 2322 5588 ι
2352 5535 2404 5587 in
2438 5534 2622 5589 Somn.
2653 5535 2826 5605 Scip.,
2881 5552 2999 5605 cap.
3033 5535 3146 5608 17).
3188 5555 3209 5588 ι
3246 5538 3493 5610 Porphy-

1889 5624 2002 5679 rius
2033 5639 2161 5678 vero
2192 5624 2307 5678 haec
2358 5625 2551 5680 litteris
2585 5627 2952 5696 mandaverat,
2997 5642 3115 5697 quae
3159 5629 3226 5681 ab
3262 5629 3495 5685 Eusebio

1889 5716 1966 5770 sic
1998 5719 2321 5786 transcripta
2354 5727 2482 5770 sunt
2511 5715 2832 5787 (Porphgr.,
2862 5718 3001 5785 apud
3048 5716 3263 5787 Euseb.,
3301 5721 3388 5775 lib.
3435 5737 3495 5774 ιιι

1895 5807 2131 5878 Prwpur.
2167 5824 2370 5879 evang.,
2423 5825 2541 5879 cap.
2589 5810 2689 5873 11,
2742 5826 2862 5878 pag.
2913 5810 3038 5878 108)
3068 5816 3206 5868 :Tv‘.»
3252 5811 3306 5867 δὲ
3338 5811 3498 5887 Ἦραν

1897 5905 2128 5957 σύνοικον
2142 5909 2215 5975 τῷ
2233 5906 2306 5957 Διὶ
2335 5906 2699 5966 πεποιήκασιν,
2729 5907 2818 5958 τήν
2848 5901 3064 5966 αἰθέριον
3092 5903 3179 5954 καὶ
3206 5905 3374 5978 ἀέριον
3411 5901 3483 5956 δυ·
