3872 6346
418 367 523 420 567

1703 355 2153 419 lliSSl‘Ill'l‘ATltl
2196 356 2477 414 ιίςΑςνιΑ
3599 353 3688 406 cui:

413 509 562 558 ναμιν
631 497 760 557 ripas
793 487 1176 557 προσείποντες.
1212 484 1320 538 ἔστι
1373 486 1473 557 γάρ
1503 481 1629 536 me
1659 483 1823 558 αἰθὴρ,
1853 481 1953 549 ἀὴρ
1981 477 1995 532 ἑ

2113 477 2200 536 tib.
2247 491 2297 530 tv
2329 475 2392 531 de
2425 476 2575 547 Ling.
2637 477 2754 541 ἰαί..
2802 492 2921 547 pag.
2968 475 3068 540 i7;
3117 475 3356 544 August,
3401 475 3487 528 lib.
3531 488 3596 527 vn
3637 476 3691 531 dc

413 580 902 654 λεπτομερέστατος.
920 577 948 628 J
957 593 1170 631 anienem
1184 585 1349 628 autem
1364 574 1507 629 Jovis
1519 590 1725 627 uxorem
1739 588 1845 626 esse
1861 571 2014 640 ﬁnxe-

411 681 552 728 runt.
582 672 718 742 quod
753 671 1015 726 (rt/teriam
1052 671 1243 723 scilicet
1286 670 1578 734 aeriamque
1617 668 1714 719 nim
1752 665 2010 718 lunonem

411 764 750 834 appellarent.
787 761 978 816 .Etlter
1017 762 1149 814 enim
1179 759 1542 814 subtilissimus
1577 775 1636 810 ac
1688 756 2012 810 tenuissimus

415 873 504 910 aer
532 867 625 911 est.
655 856 814 912 Addit
869 858 955 910 ille
986 870 1101 908 eam
1135 859 1234 910 ἀπὸ
1263 861 1356 910 τοῦ
1395 856 1545 930 ἀέρος
1578 851 1743 925 Ἦρα,
1777 851 1844 905 ab
1885 865 2010 905 aere

411 947 677 1005 Junonem
699 949 858 1004 fuisse
876 947 1193 1016 appellatam
1249 947 1544 1002 Macrobius
1577 945 1813 1009 tandem,
1847 959 2009 1012 quem

411 1042 574 1110 paulo
603 1050 726 1095 ante
751 1036 1063 1105 citavimus,
1094 1039 1217 1100 alibi
1248 1051 1428 1094 narrat
1458 1038 1724 1093 Jnnonem
1766 1052 1886 1092 esse
1917 1038 2004 1092 in-

411 1131 592 1186 ﬁmum
619 1148 821 1196 aerem,
847 1133 921 1186 uti
950 1131 1105 1200 paulo
1136 1143 1254 1200 post
1282 1130 1686 1185 observabimus
1713 1127 2004 1200 (Macrob.,

411 1226 498 1280 lib.
533 1242 588 1281 ιιι
624 1225 920 1288 Saturnal.,
953 1241 1068 1295 cap.
1101 1225 1180 1294 5).

483 1322 550 1372 At
584 1317 705 1372 inde
735 1318 1003 1371 Arnobius
1029 1318 1108 1371 sic
1149 1325 1557 1387 argumentatur
1585 1334 1597 1368 :
1628 1333 1647 1365 ‹
1682 1315 1736 1370 Si
1778 1329 1872 1368 aer
1914 1313 2005 1368 illa

408 1421 492 1466 est
541 1410 990 1480 quemadmodum
1012 1425 1104 1464 vos
1124 1409 1307 1464 ludere
1335 1424 1397 1463 ac
1421 1408 1664 1463 dictitare
1684 1405 2004 1471 consuestis,

407 1505 564 1574 graeci
615 1504 846 1556 nominis
888 1503 1202 1556 austeritate
1266 1502 1527 1570 repetita,
1576 1500 1714 1554 nulla
1756 1515 1908 1554 soror
1953 1509 2008 1554 et

409 1597 602 1664 Conjnx
626 1596 1008 1666 omnipotentis
1037 1597 1336 1665 reperietur
1357 1595 1524 1661 Jovis,
1561 1595 1697 1648 nulla
1723 1593 2003 1655 Fluviona.

409 1689 555 1742 nulla
586 1689 846 1751 Pomona,
878 1689 1018 1741 nulla
1050 1687 1383 1756 Ossipagitta,
1419 1687 1564 1739 nulla
1594 1685 1864 1750 Februtis,
1896 1683 2000 1737 Po-

406 1778 622 1847 pulonia
646 1821 660 1842 ,
689 1778 876 1832 Cinxia
900 1820 913 1843 ,
947 1791 999 1831 et
1029 1778 1315 1847 Caprotina
1364 1776 1604 1847 (Arnob.,
1637 1775 1723 1829 lib.
1756 1792 1811 1830 ιιι
1837 1816 1851 1840 ,
1880 1791 2000 1846 pag.

2118 565 2291 633 Civil"
2322 586 2371 625 ο.
2403 568 2492 634 16,
2526 586 2645 639 pag.
2674 567 2824 631 174).
2853 566 2957 623 Sed
2986 567 3052 623 de
3079 567 3176 622 hac
3195 568 3498 637 conjectura
3530 576 3690 621 nostra

2118 663 2344 716 aliorum
2373 672 2486 715 esto
2504 662 2785 730 judicium.

2191 754 2542 824 Depravatum
2566 770 2779 826 quoque
2802 754 3042 810 nonnulli
3063 754 3352 825 opinantur
3373 755 3694 826 subsequens

2114 847 2353 917 ejusdem
2380 847 2608 904 Junonis
2634 864 2850 914 nomen,
2883 865 2991 921 quo
3017 848 3084 903 ab
3119 849 3360 904 Aroobio
3403 847 3693 918 Ossipagina

2115 951 2356 1004 vocatur,
2390 940 2893 1012 emendandumqne
2939 942 3141 996 vellent
3187 940 3457 1013 Opigcna,
3494 940 3560 996 de
3601 957 3694 1012 qua

2114 1030 2257 1085 hunc
2288 1031 2481 1086 Festus
2512 1032 2748 1104 loquitur
2780 1033 2834 1087 in
2868 1032 3081 1087 modum
3112 1050 3126 1086 :
3163 1052 3182 1084 ι
3219 1033 3515 1104 Opigenam
3542 1032 3694 1087 Juno-

2115 1139 2238 1178 nem
2270 1134 2530 1180 matrona:
2554 1125 2823 1189 eolebant,
2843 1125 2983 1193 quod
3004 1126 3144 1181 ferre
3162 1141 3280 1180 eam
3302 1141 3460 1194 opem
3481 1126 3528 1180 in
3554 1136 3696 1193 partu

2110 1217 2478 1273 laborantibus
2495 1217 2788 1274 credebant
2827 1239 2844 1270 ι
2863 1217 3096 1292 (Festus,
3121 1219 3188 1272 ad
3206 1218 3410 1272 verbum
3437 1218 3693 1287 omnem).

2114 1309 2218 1364 Sed
2256 1308 2379 1364 inde
2430 1325 2536 1363 non
2581 1309 2712 1363 satis
2760 1308 2992 1363 dilucide
3035 1310 3319 1363 conﬁcitur
3370 1319 3542 1362 utrum
3592 1307 3698 1363 bare

2110 1405 2296 1458 eadem
2326 1402 2415 1466 sit,
2441 1413 2602 1469 atque
2623 1401 2956 1472 Ossipagina,
2987 1416 3126 1472 quat,
3153 1413 3210 1455 ut
3233 1410 3420 1470 postea
3444 1399 3697 1456 Arnobius

2110 1497 2362 1565 scripsit,
2415 1495 2687 1549 solidati-ia:
2735 1497 2981 1560 ossium,
3034 1505 3197 1563 atque
3250 1493 3531 1548 infantium
3586 1506 3696 1546 ossa

2110 1589 2298 1640 durare
2325 1597 2375 1641 et
2414 1589 2636 1641 solidnre
2677 1587 2967 1658 putabatur
2996 1587 3233 1656 (Arnob,
3263 1586 3351 1639 lib.
3382 1601 3456 1651 tv,
3484 1604 3533 1655 p.
3558 1584 3695 1654 151).

2108 1677 2332 1732 Vossius
2383 1695 2516 1734 vero
2559 1679 2809 1734 lubenter
2847 1693 3103 1734 assensus
3144 1690 3225 1732 est
3256 1677 3583 1740 Stewechio,
3615 1676 3698 1747 qui

2112 1772 2364 1845 Ossipaga
2428 1775 2513 1829 vel
2582 1773 2873 1845 Ossipanga
2941 1772 3332 1828 restituendum
3401 1771 3700 1826 autumabat

405 1870 558 1938 H8).
590 1888 608 1919 ι
639 1869 849 1924 Ethnici
873 1870 1135 1940 siquidem
1168 1881 1244 1924 tot
1267 1871 1509 1940 aliasque
1531 1870 1711 1937 plures
1736 1867 1998 1934 Iunones,
2031 1856 2078 1915 Β
2106 1865 2379 1936 (Voss.,iu
2408 1864 2726 1938 Etgmolog.,
2759 1866 2829 1918 ad
2853 1865 3057 1920 verbum
3084 1863 3217 1938 05.).
3247 1865 3378 1918 Eam
3408 1867 3603 1920 etenim
3627 1863 3698 1918 sic

405 1962 628 2031 ejusque
652 1963 866 2015 nomina
888 1971 941 2015 et
961 1961 1176 2015 numina
1202 1965 1485 2015 tinxerant.
1513 1964 1579 2013 At
1601 1959 1669 2013 de
1691 1956 1872 2013 Cinxia
1893 1958 2002 2027 jam

406 2070 435 2107 a
472 2053 627 2108 nobis
656 2054 812 2123 paulo
839 2063 994 2107 antea
1026 2062 1202 2107 actum
1230 2064 1332 2107 est.
1378 2053 1507 2118 Qum,
1535 2064 1711 2106 autem
1744 2049 2002 2105 Fluviona

407 2148 502 2211 sit,
539 2147 692 2201 doctu
736 2145 964 2202 Festus:
1001 2167 1017 2198 ‹
1060 2149 1373 2202 Fluvionam
1402 2147 1664 2201 Junonem
1689 2190 1702 2206 ,
1745 2165 1764 2198 ι
1799 2145 2000 2215 inquit,

413 2266 430 2288 ι
476 2239 729 2294 mulieres
759 2240 1027 2304 colebant,
1060 2239 1202 2307 quod
1230 2256 1346 2293 eam
1376 2240 1653 2308 sanguinis
1692 2237 1918 2292 iluorem
1949 2239 2003 2291 in

404 2345 663 2402 conceptu
702 2333 936 2388 retinere
969 2335 1222 2402 putabant
1254 2331 1480 2404 (Festus,
1511 2333 1581 2385 ad
1605 2331 1740 2386 verb.
1773 2330 2000 2385 vam-

404 2426 556 2498 seu).
598 2445 616 2478 ι
651 2427 822 2496 Quam
869 2427 1083 2496 quidem
1136 2428 1620 2481 nomenclationem
1671 2426 2000 2496 Augustinus

405 2518 664 2574 Varronis
685 2521 1002 2574 auctoritate
1032 2521 1107 2574 sic
1128 2521 1412 2575 conﬁrmat
1441 2538 1454 2572 :
1487 2539 1504 2571 t
1545 2521 1648 2575 Dea
1677 2519 1828 2574 Mena
1853 2535 2000 2574 men-

403 2615 568 2668 struis
611 2612 866 2666 lluoribus
900 2621 1126 2680 pricest.
1157 2612 1400 2682 quamvis
1444 2611 1592 2666 Jovis
1641 2612 1748 2666 ﬁlia
1777 2654 1788 2671 .
1820 2620 1997 2666 tamen

406 2703 674 2773 ignobilis.
709 2704 773 2757 Et
801 2703 938 2757 hanc
971 2704 1300 2772 provinciam
1342 2703 1570 2758 ﬂuorum
1603 2712 1997 2758 menstruorum

403 2797 457 2851 in
489 2799 623 2852 libro
654 2798 975 2852 selectorum
1005 2797 1226 2851 deormn
1259 2797 1356 2867 ipsi
1383 2796 1579 2850 Junoni
1607 2796 1748 2850 idem
1780 2805 1995 2860 auctor,

406 2887 596 2951 Varro,
622 2888 878 2956 assignat,
907 2905 1025 2954 qu:e
1049 2888 1098 2941 in
1123 2887 1226 2942 diis
1252 2888 1466 2941 selectis
1491 2889 1649 2941 etiam
1682 2889 1860 2957 regina
1892 2899 1995 2951 est,

405 2990 459 3034 et
492 2979 575 3033 hic
608 2989 875 3049 tamquam
905 2980 1045 3034 Juno
1077 2979 1277 3034 Lucina
1304 2996 1426 3035 cum
1457 2980 1647 3035 eadem
1674 2980 1855 3046 Mena,
1885 2980 1996 3050 pri-

405 3072 562 3136 vigua
593 3086 686 3123 sua
714 3112 728 3136 ,
761 3073 934 3126 eidem
978 3073 1156 3126 cruori
1216 3074 1469 3142 prtesidct
1515 3072 1773 3143 (Augusl.,
1808 3073 1896 3126 lib.
1928 3088 2000 3127 vu

404 3163 468 3216 de
507 3160 680 3228 Civit.,
711 3181 825 3233 ευρ.
857 3165 923 3229 ‘2,
961 3181 1078 3236 pag.
1114 3165 1260 3236 165).
1301 3185 1321 3218 ι
1373 3165 1476 3221 Sed
1520 3167 1573 3219 id
1603 3165 1671 3218 ab
1700 3166 1792 3219 ilio
1841 3166 1998 3236 paulo

2109 1970 2466 2030 nuncupatam
2495 1969 2701 2024 censet,
2736 1959 2876 2029 quod
2909 1967 3118 2029 pangat,
3143 1958 3278 2024 sive,
3311 1967 3371 2012 ut
3399 1957 3600 2028 antiqui
3627 1956 3700 2010 lo-

2105 2053 2427 2123 quebantur,
2457 2062 2603 2123 paget
2636 2068 2908 2121 puerorum
2931 2067 3067 2105 ossa.

2179 2142 2419 2198 Febrntit
2447 2153 2646 2208 autem,
2673 2143 2787 2198 sive
2816 2141 3051 2196 Febralis
3075 2141 3216 2196 Juno
3247 2157 3275 2194 a
3304 2137 3563 2195 Romanis
3582 2183 3595 2206 ,
3627 2139 3696 2192 uti

2106 2239 2282 2294 adhuc
2307 2239 2558 2293 observat
2579 2237 2792 2299 Festus,
2815 2239 2881 2290 ah
2903 2236 3023 2288 aliis
3052 2233 3300 2299 Februta,
3328 2236 3412 2288 vel
3439 2231 3701 2287 Februalis

2105 2330 2584 2401 cognominabatur
2598 2326 2767 2396 (Fest.
2786 2328 2853 2380 ad
2867 2327 3071 2380 verbum
3090 2327 3443 2396 FEBRUAIUUS)
3456 2365 3469 2378 .
3503 2324 3699 2378 Nomen

2105 2439 2266 2494 porro
2298 2423 2426 2477 illud
2460 2423 2646 2476 sortita
2675 2430 2760 2476 est
2784 2436 2813 2474 a
2849 2434 3034 2474 mense
3084 2419 3356 2472 februario
3377 2460 3392 2485 ,
3425 2433 3531 2486 quo
3555 2430 3700 2470 sacra

2104 2517 2221 2585 ejus
2255 2516 2368 2570 ﬁeri
2400 2516 2667 2581 solebant,
2698 2524 2858 2583 atque
2891 2523 2948 2567 ut
2992 2512 3132 2568 idem
3173 2511 3366 2566 Festus
3392 2511 3506 2565 ait:
3541 2508 3703 2564 Feria'

2105 2621 2249 2664 erant
2288 2609 2632 2681 Lupercalia,
2678 2625 2776 2678 quo
2821 2610 2902 2662 die
2947 2608 3184 2662 mulieres
3235 2607 3620 2675 [ebruabuntur,
3653 2605 3700 2658 id

2103 2714 2207 2770 est,
2239 2703 2602 2758 lustrabantur
2633 2713 2688 2757 et
2719 2702 3101 2772 purgabantur,
3134 2717 3165 2753 a
3192 2699 3465 2770 Lupercis,
3489 2698 3703 2753 amiculo

2102 2798 2366 2864 Junonis,
2397 2798 2448 2850 id
2493 2808 2605 2861 est,
2644 2798 2776 2865 pelle
2825 2796 3057 2858 caprina.
3109 2795 3328 2864 Legesis
3371 2789 3701 2856 Varronem,

2103 2889 2491 2960 Augusﬁnum,
2523 2901 2576 2944 et
2617 2889 2812 2943 Lilium
2861 2888 3137 2946 Giraldum
3182 2886 3399 2958 (Varr.,
3435 2889 3525 2941 lib.
3558 2901 3590 2939 v
3647 2887 3706 2939 de

2103 2985 2254 3056 Ling,
2291 2987 2406 3047 lat.,
2443 2984 2471 3057 §
2501 2985 2565 3048 3;
2602 2985 2840 3056 Augush,
2869 2986 2908 3037 l.
2938 2999 3010 3037 vn
3041 2985 3102 3037 de
3128 2983 3301 3047 Cirit.,
3323 2997 3369 3036 c.
3407 2982 3460 3047 7,
3491 3000 3547 3052 p.
3575 2981 3702 3048 168;

2106 3080 2335 3137 Girald..
2369 3080 2644 3151 Sgutagm.
2673 3082 2728 3145 5,
2761 3099 2813 3149 p.
2849 3079 3000 3150 H9).

2177 3152 2486 3241 Populonia:
2521 3185 2650 3226 vero
2677 3170 2937 3233 Junonis.
2966 3180 3019 3227 et
3053 3171 3236 3240 templi
3269 3170 3323 3224 in
3355 3169 3500 3223 illius
3534 3169 3703 3223 hono-

405 3269 561 3328 post,
599 3254 690 3312 sed
722 3259 936 3315 brevius
983 3260 1264 3330 repetitum
1288 3304 1300 3323 ,
1337 3272 1387 3314 et
1433 3279 1459 3312 a
1496 3259 1687 3314 Vossio
1717 3270 1994 3314 tractaturo
2027 3236 2070 3297 C
2106 3279 2219 3319 rem
2268 3264 2451 3327 dicati,
2487 3265 2733 3318 meminit
2781 3263 2921 3332 apud
2967 3261 3292 3318 Macrobium
3339 3261 3401 3315 P.
3448 3261 3701 3316 Tertius:

405 3350 641 3418 reperies
688 3348 875 3422 (lbid.,
919 3367 1034 3419 cap.
1082 3353 1152 3416 5;
1204 3351 1372 3418 Voss,
1429 3353 1516 3405 lib.
1568 3369 1614 3406 vi
1660 3354 1721 3406 de
1768 3352 1916 3424 Orig.
1955 3369 2000 3409 et

403 3457 551 3512 prag.
589 3441 753 3510 ldol.,
787 3459 902 3512 cap.
933 3444 1023 3508 26,
1052 3461 1172 3515 pag.
1201 3444 1350 3514 221).

476 3536 727 3601 Quamvis
757 3547 936 3593 autem
968 3537 1137 3592 Varro
1185 3540 1415 3594 nominis
1447 3539 1696 3593 Pomona:
1732 3541 1997 3611 originem

407 3626 572 3683 latere
603 3630 864 3690 latcatur,
895 3647 1014 3685 eam
1046 3641 1221 3686 tamen
1255 3633 1361 3694 ille,
1389 3642 1444 3688 et
1468 3632 1716 3698 Ovidius,
1752 3634 1996 3701 Servius,

403 3722 992 3792 Angustiuus,aliique
1035 3724 1245 3791 plurimi
1289 3739 1567 3792 pomorum
1613 3737 1667 3778 et
1715 3721 2013 3780 hortorum

403 3813 559 3867 deam
585 3813 652 3867 ab
677 3815 906 3869 ethnicis
922 3816 1198 3884 praedicari
1229 3819 1802 3888 testiﬁcantur(Varr.,
1831 3821 1919 3876 lib.
1947 3839 1996 3877 vt

403 3908 466 3960 tle
493 3904 642 3977 Ling.
679 3908 768 3962 lat.
791 3949 807 3974 ,
839 3926 961 3980 pug.
990 3909 1093 3974 80;
1127 3907 1300 3975 Ovid.,
1328 3911 1415 3964 lib.
1448 3928 1533 3966 xw
1569 3913 1797 3980 Metanu,
1835 3915 1864 3987 §
1897 3917 1992 3977 i7;

404 3999 577 4066 Serm,
609 4000 662 4052 in
698 4001 788 4055 lib.
826 4017 878 4054 γι
921 4000 1167 4067 Αἰιιείάη
1205 4020 1325 4074 pag.
1361 4003 1466 4058 457
1494 4021 1508 4068 ;
1541 4007 1782 4076 August,
1812 4008 1902 4062 lib.
1937 4024 1992 4062 tv

402 4091 468 4145 de
493 4092 665 4152 Civit..
696 4110 810 4164 cap.
845 4096 934 4156 54,
964 4113 1083 4166 pag.
1118 4097 1253 4161 1M;
1287 4096 1493 4153 Fabric.
1519 4101 1569 4152 in
1599 4099 1848 4170 Descript.
1879 4103 1993 4160 urb.

402 4184 582 4250 Rom.,
634 4196 753 4240 tom.
791 4203 847 4241 Ill
880 4189 1127 4259 Antiquit.
1174 4189 1350 4255 Rom.,
1395 4208 1514 4262 pag.
1555 4192 1706 4264 4'52).
1747 4197 1816 4249 At
1858 4211 1993 4266 quo-

404 4279 567 4333 modo
592 4295 653 4334 ea
686 4279 827 4335 Juno
858 4281 960 4337 dici
1008 4285 1263 4351 potuerit,
1293 4285 1435 4341 haud
1469 4287 1624 4344 facile
1655 4290 1992 4359 perspicitur.

403 4373 748 4445 Quapropter
775 4375 1119 4444 suspicantur
1147 4379 1392 4432 nonnulli
1427 4379 1529 4435 hoc
1561 4397 1758 4438 nomen
1790 4383 1994 4439 librarii

400 4468 605 4523 incuria
639 4484 760 4523 esse
795 4481 1130 4536 corruptum,
1151 4473 1274 4528 etei
1309 4473 1710 4546 subrogandum
1735 4477 1994 4544 Sororiw;

400 4550 837 4634 quandoquidem
871 4563 1012 4618 Juno
1060 4564 1332 4621 ferebatur
1377 4582 1499 4624 esse
1543 4569 1695 4625 Jovis
1743 4585 1898 4626 soror
1940 4582 1994 4628 et

399 4654 617 4725 conjux.
669 4654 724 4709 In
784 4654 941 4726 lmjns
986 4665 1165 4713 autem
1212 4659 1479 4728 opinionis
1527 4661 1991 4720 continuationem

398 4748 614 4818 adjnngi
646 4759 824 4820 potest
853 4750 1038 4804 Roma:
1074 4766 1104 4805 a
1139 4751 1357 4807 Sorrrio
1394 4752 1590 4824 Tigillo
1626 4765 1990 4812 Constructum

398 4844 596 4900 Junoni
628 4845 906 4914 templum.
939 4846 1079 4917 quod
1113 4847 1309 4902 idcirco
1336 4847 1563 4903 Juuoiiis
1592 4849 1820 4906 Sororite
1849 4867 1988 4909 nun-

396 4948 648 5002 cupatum
697 4938 814 4992 fuit.
844 4939 950 4993 Sed
999 4939 1120 4993 huic
1169 4940 1493 5008 conjecturae
1544 4943 1742 4998 nullius
1786 4944 1990 5002 codicis

395 5031 703 5086 testimonio
731 5032 982 5100 ﬁrmatae,
1005 5033 1047 5086 si
1074 5033 1234 5087 aliam
1260 5032 1496 5102 adjicere
1538 5036 1714 5101 liceat,
1746 5037 1986 5095 dicemus

393 5132 450 5178 et
479 5137 633 5192 poma
660 5134 713 5178 et
744 5122 949 5178 fructus
978 5123 1044 5177 ad
1079 5135 1299 5190 terram,
1330 5124 1444 5179 sive
1475 5127 1720 5182 tellurem
1742 5128 1985 5200 quando-

392 5218 611 5288 quidem
651 5219 944 5288 pertiuent,
977 5218 1090 5274 ﬁeri
1121 5219 1358 5288 potuisse
1387 5230 1444 5273 ut
1469 5218 1630 5286 Juno,
1659 5235 1777 5291 quae
1824 5222 1983 5279 tellus

393 5325 535 5378 esse,
552 5323 606 5367 et
636 5312 910 5367 terrestria
939 5327 1126 5382 regere
1142 5312 1483 5377 credebatur,
1503 5311 1767 5382 Pomontz,
1790 5331 1982 5386 quem-

391 5403 678 5460 admodum
725 5413 780 5460 et
829 5412 909 5459 tot
953 5405 1073 5459 aliis
1132 5405 1442 5460 nominibus
1488 5406 1753 5475 appellata
1800 5408 1976 5464 luerit.

389 5497 543 5564 Quod
573 5506 748 5552 autem
779 5496 921 5552 Juno
963 5507 1103 5552 terra
1147 5507 1483 5562 censeretur,
1523 5497 1605 5552 his
1649 5498 1852 5568 Varro,
1894 5503 1978 5556 cui

387 5592 723 5664 Augustinus
752 5592 1096 5662 astipulatur,
1126 5592 1308 5647 verbis
1356 5606 1454 5645 nos
1489 5589 1804 5648 admonuit:
1838 5611 1858 5645 ι
1887 5592 1979 5649 Jo-

387 5687 468 5739 vis
492 5685 632 5740 Juno
661 5685 878 5755 conjux,
902 5695 956 5740 et
987 5687 1031 5738 is
1057 5684 1277 5753 caelum,
1307 5683 1424 5740 haec
1451 5691 1615 5750 terra,
1638 5699 1757 5754 qua:
1786 5685 1974 5742 cadent

387 5778 576 5847 tellus;
611 5786 669 5834 et
696 5793 760 5834 ea
786 5778 924 5834 dicta
954 5778 1096 5848 quod
1127 5793 1227 5832 una
1257 5792 1381 5833 cum
1422 5776 1561 5833 Jove
1599 5777 1749 5846 juvat
1792 5777 1971 5849 Juno;

391 5879 447 5924 et
473 5874 675 5942 regina,
704 5871 850 5944 quod
879 5871 996 5929 inec
1019 5869 1203 5927 omnia
1234 5869 1512 5927 terrestria
1539 5869 1676 5941 regit
1708 5888 1730 5924 ι
1763 5868 1971 5942 (Varr.,

2110 3377 2128 3408 ι
2166 3357 2220 3411 lo
2251 3357 2556 3428 Papyriano
2586 3362 2730 3413 enim
2770 3361 2925 3427 jure,
2962 3377 2980 3407 ›
3016 3358 3220 3423 aiebat,
3257 3376 3274 3407 ι
3311 3357 3592 3412 evidenter
3620 3372 3703 3412 re-

2103 3454 2268 3508 latum
2292 3465 2373 3507 εει
2389 3470 2496 3506 ara:
2520 3457 2692 3508 vicem
2714 3467 2972 3523 priesmre
2995 3466 3156 3521 posse
3182 3467 3423 3506 mensam
3440 3452 3702 3513 dicatam;

2103 3553 2159 3598 ut
2185 3544 2235 3597 in
2271 3544 2496 3612 templo,
2527 3545 2718 3614 inquit,
2739 3543 2968 3597 JunOnis
2987 3542 3298 3612 Populonia:
3319 3559 3503 3598 mensa
3525 3542 3702 3597 dicata

2098 3645 2181 3688 est
2213 3655 2231 3685 ι
2271 3635 2555 3705 (Μαι-οὺ..
2582 3639 2619 3688 t.
2650 3652 2707 3690 ιιι
2742 3636 3034 3700 Saturnal.,
3063 3652 3110 3688 τ.
3148 3633 3259 3707 Η).
3285 3640 3354 3689 At
3381 3635 3482 3688 hoc
3509 3647 3702 3689 nomen

2100 3727 2178 3782 illi
2219 3728 2446 3782 inditum
2489 3728 2812 3796 perhibent,
2842 3729 2964 3795 quia
3009 3728 3174 3780 maris
3217 3737 3272 3780 et
3316 3725 3530 3795 femina:
3569 3741 3702 3781 con-

2094 3822 2381 3891 junctioni,
2401 3839 2468 3876 ex
2497 3837 2600 3889 qua
2618 3825 2739 3877 novi
2766 3822 2944 3892 populi
2971 3831 3242 3886 creantur,
3271 3819 3536 3894 Junonem
3565 3834 3705 3889 pra--

2101 3914 2187 3971 ﬁci
2245 3915 2646 3970 existimabant.
2708 3915 2913 3970 Seneca
2967 3929 3097 3968 vero
3149 3912 3290 3983 apud
3348 3912 3700 3982 Augustinum

2099 4011 2430 4064 mentionem
2483 4009 2761 4080 cujusdam
2814 4008 3125 4081 Populonia:
3175 4008 3346 4063 vidua:
3399 4007 3565 4074 fecit,
3619 4010 3701 4062 cui

2096 4101 2381 4171 petitorem
2430 4102 2664 4157 defuisse
2720 4119 2824 4157 non
2872 4105 3098 4156 miratur
3141 4103 3418 4174 (August.,
3462 4103 3500 4155 l.
3544 4117 3598 4156 vt
3643 4106 3702 4157 de

2099 4191 2274 4258 Civit.,
2307 4211 2356 4248 c.
2390 4195 2480 4259 10,
2511 4212 2565 4264 p.
2597 4193 2868 4266 i60).Sed
2901 4193 3018 4249 haec
3049 4194 3400 4264 proculdubio
3427 4193 3568 4248 Juno
3596 4192 3699 4248 Po-

2098 4290 2311 4358 pulonia
2350 4305 2454 4343 non
2497 4300 2633 4344 erat.
2666 4290 2740 4344 De
2769 4288 2868 4343 hac
2906 4298 3106 4354 autem,
3150 4297 3204 4342 et
3247 4285 3481 4352 Februti,
3515 4287 3697 4341 itidem

2095 4379 2326 4436 Junonia
2357 4380 2617 4452 legendus
2646 4379 2940 4436 Martianus
2961 4377 3179 4452 Capella
3206 4379 3299 4434 lib.
3330 4394 3365 4432 ιι
3409 4378 3476 4433 de
3520 4377 3686 4450 Nupt.

2097 4472 2362 4544 Philolog.

2168 4566 2482 4638 Capratinte,
2527 4567 2631 4634 vel,
2675 4576 2735 4622 ut
2760 4567 2882 4622 aliis
2909 4567 3106 4636 placet,
3152 4565 3444 4636 Capratime
3485 4565 3684 4620 Junoni

2098 4663 2353 4718 mulieres
2395 4663 2522 4717 olim
2570 4662 2944 4718 sacriﬁcabant
2981 4661 3053 4716 ob
3090 4671 3356 4716 servatam
3388 4661 3693 4730 puellarum

2093 4764 2149 4810 et
2196 4763 2562 4809 matronarum
2609 4753 2938 4824 pudicitiam,
2968 4767 3031 4807 ac
3071 4751 3394 4816 Fidenates,
3435 4753 3528 4823 qui
3574 4767 3694 4809 eam

2092 4847 2303 4918 eripere
2353 4846 2643 4912 volebant,
2692 4859 2996 4916 superatos.
3045 4843 3216 4900 Varro
3261 4855 3436 4901 autem
3481 4846 3550 4901 de
3594 4846 3696 4902 hoc

2091 4940 2361 4996 sacriﬁcio
2403 4940 2480 4995 sic
2526 4939 2796 5010 loquitur:
2833 4957 2852 4990 ι
2892 4937 3056 4994 Nona:
3083 4939 3421 5009 Caprotimu,
3447 4939 3596 5011 quod
3628 4956 3694 4996 eo

2095 5033 2182 5088 die
2208 5033 2259 5086 in
2292 5031 2444 5086 Latio
2474 5030 2669 5086 Junoni
2698 5029 3004 5101 Caprotina:
3050 5031 3308 5087 mulieres
3347 5031 3687 5095 sacriﬁcant.
3750 5081 3756 5090 ,

2091 5135 2145 5181 et
2174 5125 2276 5180 sub
2304 5123 2559 5194 capriﬁco
2587 5124 2806 5184 iaciunt,
2836 5133 2892 5178 et
2921 5139 2951 5178 e
2980 5123 3236 5194 capriﬁce
3276 5122 3538 5178 adhibent
3583 5125 3692 5179 vir-

2089 5234 2209 5290 gam
2244 5236 2264 5271 ›
2303 5216 2509 5290 (Varr.,
2535 5220 2572 5271 l.
2599 5233 2627 5270 v
2655 5217 2718 5271 de
2747 5215 2900 5288 Ling.
2929 5217 3047 5277 lat..
3076 5235 3130 5287 p.
3161 5215 3274 5282 50’).
3304 5216 3477 5285 Hujus
3529 5232 3691 5288 porro

2089 5313 2370 5380 sacriﬁcii,
2401 5323 2560 5381 atque
2611 5312 2768 5374 festi,
2800 5311 2944 5382 quod
2992 5310 3322 5366 Ancillarum
3368 5311 3687 5373 vocabatur,

2087 5421 2304 5461 causmn
2352 5414 2406 5460 et
2459 5404 2852 5458 institutionem
2915 5402 3217 5458 Macrobius
3271 5403 3476 5457 retulit.
3536 5403 3691 5459 Illius

2086 5500 2248 5554 etiam
2303 5497 2548 5552 meminit
2594 5495 2944 5562 Plutarchus,
2978 5505 3031 5549 et
3074 5495 3186 5550 alii.
3219 5496 3484 5550 Caeterum
3529 5495 3687 5565 plura

2084 5593 2296 5658 adlmc,
2344 5602 2402 5647 ut
2446 5589 2666 5647 Servius
2712 5593 2821 5657 ait,
2863 5599 3019 5647 erant
3063 5589 3288 5645 Junonis
3338 5589 3594 5656 nmuina,
3630 5601 3688 5645 ut

2084 5686 2232 5742 Curis
2259 5698 2313 5743 et
2341 5685 2557 5750 Lucina,
2589 5702 2706 5757 qua:
2741 5687 3011 5742 Arnobius
3033 5729 3048 5752 ,
3077 5685 3509 5757 quandoquidem
3549 5688 3688 5741 satis

2081 5778 2248 5835 multa
2279 5786 2700 5844 mctnoraverat,
2734 5778 2950 5834 silentio
2990 5779 3270 5849 preterire
3315 5777 3500 5832 maluit
3526 5776 3686 5848 (Ma-

2079 5874 2239 5945 crob.,
2268 5876 2306 5930 l.
2335 5889 2354 5930 ι
2385 5873 2679 5943 Saturnal.,
2722 5891 2770 5929 c.
2815 5875 2905 5942 Η,
2954 5893 3006 5945 p.
3050 5872 3189 5940 323;
3230 5871 3528 5940 Plutarch,
3571 5872 3686 5928 Pa-
