3872 6350
192 385 290 439 3389
1472 381 1535 435 ΙΝ
1577 379 1948 448 ARNOBIUM,
1992 380 2146 437 CAP.
2188 383 2326 440 XVI.

3382 385 3486 442 570

187 499 380 564 rallel.,
410 507 541 554 tam.
571 513 631 566 ιι,
663 518 718 570 p.
747 501 882 568 3t5;
917 501 1060 556 Serv.
1091 502 1143 555 in
1164 501 1202 555 ι.
1233 516 1244 554 ι
1290 497 1528 566 ιΕιιεὶά.,
1562 515 1675 554 vers
1715 499 1784 553 12
1813 502 1862 561 Λ
1888 497 2234 570 Trilogenium
2254 544 2269 568 ,
2299 503 2433 568 quod
2472 512 2548 554 ter
2587 506 2638 555 in
2686 517 2821 555 anno
2848 510 3086 555 naturam
3115 510 3303 568 inritet,
3335 516 3485 567 vere,

192 605 236 649 et
266 594 377 667 15).

259 686 390 742 Cum
439 698 520 744 tot
565 704 699 761 ergo
742 691 943 747 ethnici
991 689 1272 746 habuerint
1313 689 1584 753 Junones,
1617 689 1700 744 vel
1731 700 1788 742 ιιι

190 777 408 835 Servius
435 783 542 840 ait.
574 781 843 836 Junonum
877 783 1096 837 numina
1117 825 1134 848 ,
1178 781 1301 837 inde
1331 796 1430 852 pro
1452 791 1572 836 ecto
1600 791 1788 834 auctor

190 879 375 924 uoster
400 873 625 926 coniicit
657 873 776 927 illas
795 889 1004 940 omnes,
1034 885 1191 945 atque
1218 874 1388 943 ipsam
1409 887 1643 943 quoque,
1667 887 1786 942 qua:

188 959 336 1016 Jovis
364 977 531 1018 soror
557 975 612 1020 et
639 965 834 1034 conjux
868 965 1062 1034 ubique
1093 965 1500 1036 praedicabatur,
1529 965 1658 1018 deas
1680 964 1785 1018 dici

189 1068 292 1108 non
326 1070 512 1123 posse,
538 1057 752 1115 siJuuo
777 1058 926 1127 juxta
947 1058 1110 1130 grteci
1135 1059 1366 1114 nominis
1387 1058 1784 1130 etymologiam,

186 1155 239 1201 et
260 1147 496 1216 plurium
529 1150 977 1219 Opinioncm,aer
997 1151 1180 1217 fuerit,
1211 1166 1332 1205 nam
1365 1165 1580 1205 aernon
1606 1161 1785 1219 putest

185 1255 300 1297 esse
321 1243 494 1309 deus;
522 1259 648 1318 ergo
675 1247 821 1302 nulla
848 1247 989 1302 Juno
1017 1247 1119 1303 dea
1148 1257 1253 1303 est.

791 1379 1078 1420 ABTICULUS
1121 1380 1180 1419 ll.

186 1495 432 1556 Quomodo
457 1499 707 1550 Arnobius
728 1502 952 1551 ostendat
973 1503 1118 1551 deam
1145 1516 1320 1553 revera
1347 1515 1439 1552 non
1462 1515 1574 1553 esse
1599 1502 1784 1552 Miner-

247 1572 348 1626 vam
375 1575 441 1610 ex
469 1565 617 1626 variis
637 1563 894 1626 gentilium
917 1567 1223 1626 Opinionibtts
1243 1566 1306 1614 de
1331 1564 1410 1614 illa
1431 1580 1460 1614 e
1484 1565 1620 1614 Jovis
1641 1578 1786 1614 cure-

244 1621 478 1734 teilmqutla,
502 1621 682 1699 ldentis
703 1633 756 1676 et
774 1621 999 1675 Victoriae
1017 1625 1131 1690 tilia,
1148 1630 1228 1679 ubi
1249 1628 1314 1676 de
1325 1629 1530 1676 nominis
1549 1627 1784 1678 Minerva:

297 1699 326 1748 y
425 1700 562 1748 ogta.

254 1808 410 1865 Vertit
444 1814 720 1871 Arnobius
750 1816 815 1870 ad
845 1817 1159 1883 Minervam,
1178 1833 1243 1872 ac
1267 1817 1448 1874 Granii
1473 1818 1783 1873 testimonio

1889 602 2094 658 testate,
2125 594 2342 664 hyeme;
2369 603 2414 647 et
2442 593 2727 665 Glaucopin
2772 595 2907 660 dici,
2950 612 3052 649 non
3097 595 3233 666 quod
3277 593 3488 665 glaucos

1889 689 2061 741 oculos
2103 689 2285 742 habent
2309 689 2593 760 (insulsum
2621 690 2753 743 enim
2781 693 2878 743 hoc
2904 688 3045 757 esse)
3065 731 3079 754 ,
3113 689 3202 742 sed
3234 687 3357 756 quia
3400 702 3490 741 aer

1888 771 2072 853 glauco
2101 782 2164 834 sit
2190 792 2392 855 mpectu
2404 822 2416 834 .

1961 875 2210 930 Servium
2243 876 2365 929 huic
2394 874 2768 945 adjungamns,
2799 874 2888 944 qui
2924 873 2974 926 in
3009 873 3120 927 suis
3163 873 3230 927 ad
3276 871 3484 942 Virgilii

1889 969 2155 1038 [Eneiden
2201 969 2609 1024 commentariis
2655 969 2917 1038 scripsit:
2967 987 2985 1018 ι
3039 968 3341 1024 Potestates
3393 975 3488 1020 aut

1890 1078 2121 1124 terrena:
2149 1077 2308 1126 sunt.
2338 1077 2430 1121 aut
2459 1068 2623 1121 aeriae
2656 1084 2668 1119 :
2698 1066 2791 1121 sed
2823 1066 2947 1135 quia
2987 1063 3157 1119 aether
3196 1063 3333 1132 ignis
3366 1071 3481 1126 est,

1890 1164 2010 1219 ideo
2043 1164 2095 1217 in
2122 1163 2464 1217 tetlteriarnnt
2513 1168 2838 1229 potestatum
2861 1155 3072 1226 templis
3110 1156 3247 1225 ignis
3277 1166 3392 1219 est;
3427 1163 3485 1207 ut

1888 1255 2148 1311 reddatur
2185 1257 2264 1309 eis
2295 1254 2470 1325 imago
2499 1255 2580 1307 sui
2611 1252 2884 1308 elementi.
2915 1250 3010 1305 Est
3038 1259 3215 1304 autem
3249 1246 3300 1302 in
3342 1254 3483 1301 tem-

1888 1349 1977 1418 plo
2002 1348 2175 1417 Jovis,
2201 1349 2324 1418 quia
2352 1347 2522 1401 :ether
2553 1357 2634 1401 est
2662 1346 2935 1409 Minerva~,
2969 1359 3089 1414 quae
3114 1356 3276 1411 supra
3308 1339 3481 1396 tribe-

1888 1458 2000 1495 rem
2026 1451 2128 1495 est.
2158 1440 2307 1497 Unde
2334 1441 2500 1508 patris
2523 1440 2591 1494 de
2608 1440 2782 1507 capite
2807 1446 3083 1509 procreata
3106 1449 3225 1490 esse
3241 1435 3437 1490 dicitur
3457 1452 3476 1485 ι

1887 1536 2085 1609 (ειη-νη
2115 1538 2169 1590 in
2215 1538 2253 1590 ι.
2304 1553 2357 1592 1v
2410 1534 2653 1598 lEucid.,
2699 1553 2753 1605 ρ.
2797 1534 2944 1604 39.6).
2991 1532 3227 1602 Denique
3273 1531 3482 1586 Macro-

1887 1629 2007 1682 bius
2039 1637 2220 1681 narrat
2253 1629 2320 1682 ab
2349 1629 2437 1694 iis,
2469 1628 2556 1697 qui
2587 1626 2919 1696 diligentius,
2955 1626 3027 1679 uti
3062 1624 3304 1694 putabat,
3336 1623 3483 1678 veri-

1889 1731 2049 1774 tatem
2081 1723 2433 1790 quterebaut,
2466 1721 2603 1773 hanc
2647 1719 2824 1772 datam
2874 1717 3038 1772 fuisse
3085 1718 3346 1771 rationem
3390 1729 3485 1770 cur

1886 1811 2125 1867 Minerva
2181 1811 2318 1866 dicta
2374 1813 2536 1866 luerit
2588 1825 2856 1866 summum
2910 1808 3128 1864 aetheris
3177 1823 3482 1863 cacumen:

187 1904 374 1972 PWbal
421 1905 773 1962 Aristotelem
821 1908 1069 1964 docuisse
1111 1926 1228 1965 eam
1271 1926 1392 1965 esse
1421 1910 1646 1965 Lunam.
1676 1910 1782 1965 Alii
1813 1894 1859 1953 Β
1893 1923 1911 1956 t
1947 1904 2099 1972 Esse,
2137 1923 2156 1955 ›
2191 1905 2382 1975 inquit,
2422 1923 2439 1954 (
2479 1904 2715 1958 medium
2746 1902 2945 1956 a-tltera
2979 1900 3189 1962 Jovem,
3216 1899 3486 1954 lunonem
3548 1945 3551 1949 .

187 2006 358 2051 tamen
388 2000 460 2054 ab
493 2000 648 2070 hujus
673 2003 926 2073 Opinione
973 2017 1348 2069 recesserunt,
1384 2006 1664 2076 palamque
1697 2021 1786 2058 as-

186 2101 471 2144 seruerunt
503 2091 647 2147 illam
679 2110 801 2149 esse
827 2095 1106 2150 :etheriunt
1158 2098 1412 2152 verticem
1438 2137 1454 2162 ,
1489 2109 1541 2153 et
1571 2097 1784 2150 summi-

186 2185 318 2248 tatis,
346 2196 406 2240 ut
432 2188 512 2241 ait
537 2189 826 2255 Arnobius,
860 2192 998 2244 illius
1025 2209 1296 2245 summanr.
1331 2193 1432 2246 Alii
1467 2192 1781 2245 memoriam

185 2291 300 2333 esse
331 2280 659 2335 voluerunt:
696 2301 715 2334 ι
745 2281 919 2348 Unde,
957 2305 976 2334 ›
1012 2285 1205 2354 inquit,
1236 2305 1254 2335 ‹
1295 2300 1491 2340 nomen
1518 2284 1780 2348 Minerva,

184 2371 328 2439 quasi
371 2373 622 2440 quiedam
662 2373 984 2430 Meminerva
1029 2377 1316 2432 formatum
1364 2390 1446 2432 est
1488 2399 1508 2430 ι
1544 2377 1782 2449 (Arnob.,

184 2463 218 2515 ι.
239 2479 318 2526 ιιι⁹
337 2483 392 2533 ρ.
428 2467 579 2533 H8).
599 2465 681 2521 Ad
714 2468 1019 2524 Aristotelis
1066 2485 1192 2524 vero
1216 2472 1537 2525 sententiam
1562 2473 1783 2541 propius

184 2559 408 2612 accessit
440 2557 774 2630 Porphyrius
798 2601 813 2626 ,
845 2572 901 2616 ut
932 2563 1099 2632 liquet
1127 2579 1191 2617 ex
1222 2564 1400 2619 verbis
1428 2563 1544 2633 ejus
1571 2569 1641 2618 ab
1672 2565 1783 2619 Ett-

183 2649 329 2704 sebio
364 2651 449 2705 sic
495 2654 833 2722 transcriptis
862 2653 1101 2722 (Euseb,
1133 2657 1170 2710 l.
1214 2672 1270 2710 ιιι
1304 2655 1540 2727 Prwpar.
1573 2674 1779 2729 evang.,

181 2757 224 2793 c.
257 2743 342 2802 Η.
373 2762 430 2813 p.
471 2746 595 2814 “5)
620 2744 809 2822 εὈπερ
841 2747 895 2804 δὲ
922 2748 1164 2804 Ἀπόλλων
1193 2753 1241 2804 ἐν
1272 2752 1410 2824 ἡλίῳ.
1440 2758 1594 2808 τοῦτο
1613 2752 1782 2810 ’Λθήνη

183 2838 229 2889 ἐν
250 2838 452 2912 σελήνῃ.
487 2839 602 2896 ἔστι
630 2843 729 2916 γάρ
760 2850 850 2903 τῆς
881 2847 1172 2917 φρονήσεως
1202 2845 1480 2915 σύμϐολον.
1515 2848 1676 2902 Αθηνᾶ
1703 2865 1782 2904 τις

180 2925 328 2985 οὖσα.
363 2931 518 2998 Quod
547 2946 716 2988 autem
741 2936 794 2988 in
835 2935 943 2989 sole
974 2936 1188 3004 Apollo,
1219 2937 1313 2989 hoc
1337 2939 1503 3006 ipsum
1550 2937 1782 2992 Minerva

179 3021 230 3074 in
255 3023 379 3077 luna
405 3035 504 3090 est,
533 3026 669 3094 quod
707 3026 798 3080 illa
833 3027 1118 3095 prudentia:
1164 3013 1446 3096 symbolum
1490 3029 1652 3082 instar
1693 3047 1781 3083 cu-

171 3115 380 3184 jusdam
420 3115 668 3171 Minerva:
707 3118 790 3173 ait.
835 3119 1168 3188 Augustinus
1195 3135 1324 3173 vero
1355 3130 1636 3188 utramque
1667 3122 1782 3192 opi-

179 3212 417 3277 nionem,
444 3212 514 3267 ab
537 3215 659 3268 aliis
681 3216 978 3278 defensam,
1006 3225 1061 3271 et
1085 3229 1344 3272 assertam
1372 3217 1512 3273 hunc
1546 3220 1780 3289 explicat

1887 2011 2020 2063 vero
2059 1996 2294 2050 medium
2341 1996 2543 2051 atthera
2571 2011 2693 2050 cnnt
2729 2006 2905 2056 terra,
2934 2001 2988 2046 et
3016 1991 3308 2047 Minervam
3340 2006 3484 2045 sum-

1888 2106 2032 2143 mum
2065 2091 2286 2146 ttatlteris
2315 2106 2598 2156 cacumen,
2632 2107 2697 2144 eo
2723 2098 3042 2159 argumento
3074 2097 3316 2152 utuntur,
3344 2086 3487 2156 quod

1886 2182 2240 2252 Tarquinius,
2279 2183 2544 2237 Demarati
2578 2181 2842 2236 Corinthii
2891 2181 3029 2234 lilius
3054 2222 3069 2244 ,
3098 2178 3488 2235 Sammhraciis

1887 2277 2234 2347 religionibus
2278 2278 2504 2344 mystice
2544 2276 2818 2338 imbutus,
2850 2289 2958 2329 uno
3009 2275 3239 2342 templo,
3280 2287 3343 2327 ac
3387 2272 3488 2327 sub

1885 2371 2075 2426 eodem
2103 2381 2249 2426 tecto
2280 2378 2496 2426 numina
2527 2381 2819 2426 memorata
2843 2369 3123 2440 coojnngit
3153 2393 3171 2423 ι
3201 2368 3484 2443 (Macrob,

1888 2465 1925 2518 l.
1957 2482 2013 2520 ιιι
2043 2466 2314 2520 Satunml.
2367 2483 2414 2519 ε.
2444 2465 2525 2538 4).
2558 2465 2663 2520 Sed
2722 2465 2868 2529 vide,
2918 2479 3124 2534 qturso,
3171 2465 3358 2533 quanti
3396 2478 3486 2518 ro-

1885 2560 2032 2616 boris
2058 2561 2125 2612 sit
2153 2560 2255 2612 hoc
2285 2570 2680 2629 argumentum.

1959 2651 2127 2705 Porro
2158 2661 2335 2705 autem
2370 2649 2593 2706 Vossius
2623 2660 2773 2720 putat
2815 2649 3066 2704 ethnicos
3106 2649 3359 2702 Minerva:
3387 2663 3488 2703 no-

1887 2745 2032 2799 mine
2077 2745 2409 2799 intellexisse
2439 2745 2660 2800 :etltet'is
2693 2743 2890 2813 Deique
2919 2743 3024 2795 vim
3053 2743 3102 2795 ιιι
3135 2739 3354 2796 homine
3379 2783 3395 2808 ,
3425 2756 3489 2796 ac

1887 2839 2224 2908 potissimum
2276 2840 2590 2894 memoriam
2623 2838 2845 2909 ejusque
2872 2834 3062 2891 foetum
3094 2879 3109 2904 ,
3148 2835 3486 2903 prudentiam

1887 2931 2090 3003 (Vasa,
2126 2933 2164 2986 ι.
2206 2949 2242 2986 ιι
2265 2934 2327 2986 de
2352 2932 2499 3003 Orig.
2526 2942 2570 2985 et
2603 2932 2764 3003 Prog.
2797 2931 3005 2996 idolol.,
3034 2947 3081 2982 c.
3121 2928 3214 2990 4‘2,
3249 2945 3302 2998 p.
3331 2928 3483 3000 “275).

1885 3027 1956 3080 At
1986 3025 2038 3078 id
2058 3069 2071 3087 ,
2102 3041 2164 3078 ac
2195 3025 2442 3080 eamdem
2481 3040 2695 3095 quoque
2737 3005 3033 3078 Minervam
3074 3023 3298 3086 Mentis,
3328 3023 3486 3077 sicuti

1885 3118 1962 3170 ait
2009 3119 2277 3171 Arnobius
2303 3158 2317 3179 ,
2347 3119 2507 3170 tiliam
2555 3127 2913 3186 nuncupatam
2948 3115 3109 3170 fuisse
3131 3157 3144 3178 ,
3176 3116 3486 3171 conﬁrmari

1889 3226 2044 3279 posse
2081 3211 2371 3263 arbitratur
2402 3210 2485 3263 his
2530 3209 2672 3279 apud
2707 3211 2772 3265 A.
2807 3209 3036 3264 Gellium
3070 3209 3274 3263 Afranii
3313 3210 3486 3263 versi-

181 3305 231 3359 in
264 3307 485 3360 modutn
521 3325 534 3360 :
576 3327 594 3359 ι
627 3307 952 3374 Minervam,
979 3310 1102 3379 quia
1141 3326 1258 3365 eam
1302 3311 1548 3366 humanis
1575 3315 1779 3370 artibus
1807 3277 1852 3340 C
1885 3308 2005 3373 bus,
2062 3308 2257 3377 quibus
2307 3306 2636 3377 Sapientiam
2696 3323 2824 3361 usus
2881 3315 2934 3360 et
2991 3307 3266 3360 memoria:
3318 3305 3484 3362 tiliam

178 3413 614 3472 prmposuerunt,
648 3421 747 3461 nec
791 3407 1112 3462 invenerunt
1142 3411 1374 3475 stellam,
1418 3413 1507 3467 ubi
1533 3427 1649 3466 eam
1678 3429 1778 3485 po-

177 3505 390 3561 nerent,
411 3496 657 3552 eamdem
683 3497 766 3553 vel
781 3514 1049 3553 summum
1072 3504 1294 3566 aethera,
1316 3504 1398 3558 vel
1421 3505 1776 3561 etiamlunam

176 3585 453 3645 dixerunt.
491 3610 509 3642 ι
546 3592 608 3645 Et
638 3593 795 3660 paulo
826 3603 979 3662 post:
1007 3613 1026 3646 ι
1058 3593 1290 3649 Minerva
1320 3612 1561 3651 summus
1583 3599 1774 3666 aether,

177 3691 228 3737 et
256 3682 495 3739 Minerva
529 3683 712 3739 itidem
743 3684 890 3749 luna,
922 3702 1083 3756 quam
1113 3703 1234 3742 esse
1263 3689 1312 3742 itt
1341 3690 1562 3745 aetheris
1592 3692 1778 3746 intimo

177 3776 348 3833 limite
387 3779 695 3833 existimant
728 3799 746 3831 ι
788 3780 1063 3854 (August.,
1085 3783 1121 3836 Ι.
1139 3799 1209 3837 vn
1236 3787 1298 3837 de
1324 3783 1498 3848 Civit.,
1531 3804 1646 3859 cap.
1688 3789 1773 3854 16,

175 3888 227 3939 ρ.
261 3872 408 3939 174).
443 3871 712 3928 Diodorus
758 3883 937 3928 autem
987 3874 1222 3941 Siculus,
1256 3878 1341 3931 tibi
1394 3879 1462 3933 de
1494 3879 1778 3951 Epyptio-

174 3978 290 4019 rum
311 3965 605 4035 theologia,
625 3968 900 4020 memoria:
921 3968 1137 4022 tradidit
1173 3969 1284 4023 acti
1311 3985 1505 4026 nomen
1524 3973 1776 4027 Minervae

175 4055 396 4121 datum,
429 4064 486 4110 et
531 4057 655 4113 inde
699 4056 922 4124 factum,
955 4070 1010 4112 ut
1037 4060 1223 4130 virgo,
1267 4077 1334 4114 cx
1376 4061 1530 4116 Jovis
1573 4066 1778 4120 vertice

177 4159 291 4204 orta
316 4191 332 4213 ,
363 4164 427 4205 ac
454 4149 760 4221 Tritogeuia
786 4191 801 4214 ,
833 4161 888 4206 et
917 4150 1205 4220 Glaucopis
1245 4153 1383 4208 dicta
1430 4157 1520 4209 sit.
1559 4156 1776 4213 Diodori

177 4255 338 4310 porro
368 4243 532 4298 verba
564 4244 606 4297 si
639 4243 818 4314 legere
846 4244 1002 4310 velis,
1035 4245 1105 4298 ab
1133 4244 1368 4301 Eusrbio
1396 4250 1474 4302 sic
1501 4249 1774 4319 descripta

177 4333 417 4390 invenies
462 4333 723 4406 (Diodor.
782 4336 973 4400 SicuL,
1025 4336 1114 4390 lib.
1165 4353 1182 4392 t
1225 4337 1495 4403 Bibliollt.,
1537 4359 1657 4412 pag.
1709 4346 1772 4407 8;

180 4424 386 4488 Ειιιεὺ..
417 4429 457 4482 l.
485 4443 544 4483 ιιι
587 4427 880 4497 Praeparat.
914 4445 1092 4499 evang.
1122 4446 1169 4482 ε.
1199 4430 1255 4495 5,
1283 4448 1405 4501 pag.
1430 4432 1521 4502 89)
1555 4451 1568 4486 :
1595 4437 1689 4488 Τὸν
1720 4434 1775 4489 δὲ

176 4521 301 4598 ἀέρα
349 4523 771 4597 προσαγορεῦσαὶ
815 4543 966 4592 φασιν
992 4521 1222 4585 Ἀθηνᾶν,
1278 4524 1776 4600 μεθερμηνευομένης

175 4622 262 4673 τῆς
286 4614 480 4679 λέξεως
521 4619 607 4668 καὶ
633 4616 744 4674 Διὸς
769 4617 1031 4687 θυγατέρα
1058 4617 1266 4686 νομίσαι
1290 4618 1505 4681 ταύτην,
1535 4622 1622 4671 καὶ
1641 4639 1773 4692 παρ-
1797 4663 1850 4723 D

176 4704 222 4723 ,ιο
344 4705 356 4720 ο
522 4711 530 4722 ο
650 4707 674 4723 Λ
765 4704 790 4723 θ
825 4707 834 4720 I
1003 4707 1014 4721 ς
1070 4702 1095 4722 ν
1133 4708 1156 4723 ll.
1376 4703 1399 4723 Ύ
1558 4711 1566 4723 ι
1727 4713 1736 4723 ε

174 4704 303 4757 Oho-1
332 4705 732 4764 ὑποστήσασθαι
760 4704 844 4762 διά
871 4727 927 4759 τε
965 4707 1022 4761 τὸ
1062 4702 1316 4782 ἄφθαρτον
1334 4703 1480 4766 ,εἶναι
1508 4711 1658 4782 φύσει
1687 4713 1771 4765 τὸν

175 4798 345 4874 ἀέρα,.
373 4799 559 4852 καὶτὸν
579 4799 860 4869 ἀκρότατον
888 4800 1097 4869 ἐπέχειν
1140 4799 1292 4855 τόπον
1331 4805 1424 4854 τοῦ
1469 4803 1773 4872 σύμπαντος

176 4888 386 4959 κόσμου.
414 4888 589 4968 διόπερ
615 4892 670 4945 ἐκ
700 4899 790 4951 τῆς
820 4900 1042 4966 κορυφῆς
1094 4897 1187 4946 τοῦ
1233 4893 1339 4953 Διὸς
1383 4893 1775 4966 μυθολογηθῆναι

176 4980 356 5041 σἠνὲϐη
373 4984 564 5042 ταύτην
583 4983 837 5054 γενέσθαι.
859 4984 1152 5056 ὠνομάσθαι
1164 4982 1215 5040 δὲ
1227 4987 1387 5044 αὐτὴν
1403 4990 1772 5062 Τριτογένειαν,

178 5076 277 5129 ἀπὸ
303 5084 388 5131 τοῦ
432 5083 545 5154 τρὶς
590 5078 922 5150 μεταϐάλλειν
950 5079 1082 5154 αὐτῇ
1126 5085 1216 5138 τήν
1267 5081 1416 5151 φύσιν
1459 5082 1571 5135 κατ’
1600 5083 1771 5136 ἐνιαυ-

177 5168 276 5225 τὸν,
309 5167 473 5246 ἔαρος.
501 5174 589 5225 καὶ
616 5172 790 5245 θέρους
816 5175 903 5225 καὶ
927 5178 1203 5244 χειμῶνος·
1233 5171 1468 5243 λέγεσθαι
1515 5171 1568 5228 δέ
1610 5175 1768 5232 αὐτὴν

179 5265 262 5314 καὶ
277 5263 580 5334 γλαυκῶπιν,
606 5264 712 5334 οὐχ
738 5265 917 5338 ὥσπερ
961 5261 1079 5319 ἔνιοι
1117 5272 1217 5320 τῶν
1259 5264 1468 5322 ἑλλήνων
1487 5266 1767 5330 ὑπέλαϐον,

178 5355 280 5408 ἀπὸ
298 5362 382 5410 τοῦ
409 5361 530 5417 τοὺς·
556 5357 838 5429 ὀφθαλμοὺς
859 5357 1112 5430 γλαυκοὺς
1153 5359 1326 5424 (τοῦτο
1354 5361 1445 5430 μὲν
1471 5361 1572 5430 γὰρ
1600 5361 1770 5420 εὐηθὰς

182 5449 464 5525 ὑπάρχει).
499 5451 603 5506 ἀλλ’
634 5453 736 5506 ἀπὸ
774 5456 868 5506 τοῦ
907 5454 990 5506 τὸν
1032 5453 1160 5526 ἀέρα
1200 5458 1288 5510 τήν
1329 5451 1583 5528 πρόσοψιν
1625 5452 1769 5524 ἔχειν

182 5539 464 5614 Erylum».
497 5545 619 5598 Aeri
647 5554 838 5606 autem,
872 5543 1118 5599 Minerva:
1147 5562 1326 5599 nomen
1366 5548 1591 5616 quadam
1634 5549 1770 5602 vocis

182 5633 584 5703 interpretatione
609 5637 900 5692 attribuis“:
919 5678 934 5701 ,
963 5636 1208 5708 Iovisque
1235 5639 1397 5706 ﬁliam
1441 5640 1574 5694 lianc
1602 5650 1645 5694 el
1666 5642 1769 5695 viro

185 5726 336 5794 ginem
362 5732 550 5799 putari,
585 5747 642 5786 eo
669 5732 808 5802 quod
828 5749 917 5786 aer
942 5743 1126 5786 natura
1171 5735 1493 5803 corruptioui
1533 5752 1636 5790 non
1672 5736 1764 5788 ob-

187 5821 354 5874 noxius
381 5823 464 5889 sit,
494 5834 540 5876 et
564 5839 823 5878 summum
871 5824 1096 5878 universi
1143 5825 1312 5878 locum
1354 5837 1583 5896 occupet.
1617 5826 1766 5883 Unde

187 5914 325 5968 etiam
351 5917 517 5986 [nbula
537 5936 564 5972 ρ
582 5919 730 5974 Iovis
756 5919 940 5974 vertice
959 5919 1102 5973 illam
1126 5929 1346 5974 enatam.
1381 5918 1568 5975 Vorori
1593 5932 1758 5976 autem

1881 3400 2109 3455 cecinit:

1978 3517 2104 3566 Usus
2122 3530 2203 3567 me
2224 3520 2418 3580 genuit,
2441 3523 2603 3566 mater
2627 3518 2824 3580 peperit
2845 3518 3099 3573 memoria,

1973 3581 2208 3643 Sophiam
2233 3589 2403 3630 vocant
2421 3593 2500 3628 me
2527 3580 2704 3637 Graeci,
2731 3592 2816 3628 vos
2839 3580 3144 3641 sapientiam.

2412 3663 2577 3728 (Getl.,
2600 3661 2680 3712 lib.
2709 3677 2792 3711 xm
2820 3665 2960 3714 Nocl.
2985 3662 3150 3724 Attia,
3178 3675 3289 3725 cap.
3312 3661 3388 3724 8.)

1879 3771 2147 3829 Caeterum
2181 3772 2389 3826 tametsi
2419 3770 2773 3842 Porphyrius.
2795 3770 2866 3824 uti
2902 3769 3058 3838 paulo
3079 3781 3204 3823 aute
3227 3767 3480 3835 vidimus,

1881 3868 2114 3934 dixerit,
2161 3866 2616 3936 quemadmodum
2667 3864 2860 3936 Apollo
2907 3866 2958 3918 itt
3006 3864 3122 3918 sole
3165 3873 3288 3930 est,
3318 3864 3482 3919 sicin

1880 3961 2005 4014 luna
2033 4000 2046 4024 ,
2077 3960 2377 4029 ptudcutiat
2422 3959 2671 4030 symbolo
2696 4002 2710 4024 ,
2739 3973 2859 4015 esse
2909 3957 3240 4024 Minervam,
3277 3958 3482 4013 Macro-

1880 4055 1999 4109 bius
2028 4066 2206 4109 tamen
2239 4054 2383 4108 aliud
2425 4052 2630 4122 profert
2669 4053 2810 4106 illius
2841 4052 3242 4116 testimonium,
3272 4069 3380 4123 quo
3411 4054 3483 4109 si-

1878 4137 2150 4217 gttiliCavit
2183 4146 2320 4200 hanc
2349 4148 2518 4216 ipsam
2549 4144 2843 4198 Minervam
2877 4160 2998 4199 e~se
3039 4145 3169 4198 solis
3194 4145 3477 4210 virtutem,

1878 4256 1998 4310 qua:
2027 4239 2366 4310 prudentiam
2397 4238 2704 4293 hominibus
2742 4238 2998 4306 impertit.
3034 4237 3160 4292 lltuc
3185 4239 3326 4292 enim
3359 4249 3484 4293 sunt

1879 4333 2135 4388 Macrobii
2158 4333 2319 4386 verba
2346 4351 2358 4386 :
2391 4350 2408 4382 ι
2439 4331 2774 4401 Porphyrius
2797 4338 3024 4384 testatur
3045 4329 3337 4384 Minervam
3360 4345 3482 4385 esse

1881 4427 2131 4480 virtutem
2163 4425 2327 4490 solis,
2361 4440 2479 4489 qum
2521 4423 2772 4476 bmuauis
2822 4423 3094 4476 mentibus
3135 4424 3478 4493 prudentiam

1879 4520 2271 4574 subministrat.
2306 4516 2436 4571 Nam
2467 4516 2592 4570 ideo
2627 4515 2742 4569 htcc
2772 4516 2871 4569 dea
2894 4558 2906 4580 ,
2940 4514 3089 4569 Jovis
3132 4517 3309 4585 capite
3350 4531 3477 4586 pro-

1877 4624 2040 4684 gnata
2075 4623 2426 4672 memoratur,
2459 4610 2508 4665 id
2551 4619 2635 4664 est
2659 4651 2674 4673 ,
2713 4610 2779 4662 de
2827 4625 3034 4663 summa
3063 4610 3282 4664 attbcris
3330 4623 3482 4680 parte

1878 4707 2052 4771 edita;
2077 4705 2216 4758 unde
2245 4705 2396 4774 origo
2422 4702 2554 4757 solis
2580 4710 2664 4757 est
2697 4723 2715 4754 ι
2756 4699 3038 4774 (Macrob.,
3069 4705 3105 4757 l.
3138 4720 3154 4758 ι
3184 4703 3481 4774 δίηται-και,

1878 4813 1924 4850 c.
1959 4797 2047 4858 l7,
2080 4814 2131 4865 ι).
2161 4794 2313 4866 262).

1952 4891 2312 4946 Tantuntdem
2341 4906 2470 4962 ergo
2497 4891 2698 4945 ethnici
2728 4890 2794 4944 de
2825 4890 2983 4960 ltnjtts
3014 4891 3247 4945 nOminis
3275 4902 3483 4962 etymo-

1881 4989 2055 5058 logia,
2086 4997 2350 5058 quantum
2381 4986 2448 5042 de
2479 4987 2591 5055 ipsa
2620 4987 2922 5042 variabant.
2954 4985 3179 5054 Quidam
3209 4987 3353 5042 enim
3381 5030 3394 5051 ,
3427 4996 3484 5041 ιιι

1878 5083 1954 5136 ait
1997 5081 2309 5142 Arnobius,‘
2327 5096 2520 5134 nomen
2569 5098 2596 5132 a
2642 5082 2933 5146 memoria,
2965 5091 3141 5135 ortum
3173 5084 3478 5144 voluerunt,

1877 5177 2023 5245 quasi
2054 5175 2290 5246 quaedam
2337 5173 2671 5227 Meminerva.
2703 5172 2949 5227 Ciceroni
2995 5183 3173 5228 autem
3219 5174 3296 5228 sic
3336 5175 3479 5229 dicta

1877 5271 2113 5335 videtur,
2156 5271 2292 5340 quod
2331 5269 2405 5323 vel
2448 5269 2726 5330 minueret,
2768 5268 2845 5322 vel
2893 5269 3203 5332 minaretur;
3249 5267 3477 5334 isidoro,

1876 5362 2032 5432 quasi
2061 5361 2155 5415 dea
2184 5373 2238 5416 et
2266 5377 2450 5414 munus
2475 5361 2674 5414 artium
2701 5360 2993 5425 variarum,
3027 5377 3145 5428 qua:
3171 5361 3236 5413 ab
3267 5361 3353 5414 illa
3393 5361 3477 5415 itt-

1877 5465 2052 5510 veuta:
2103 5455 2514 5510 vcnditahautnr
2551 5454 2778 5525 (Cicera,
2812 5455 2849 5510 ι.
2884 5472 2918 5509 ιι
2965 5458 3027 5508 de
3070 5454 3262 5510 Natnr.
3305 5457 3472 5517 deor.,

1881 5565 1933 5618 p.
1963 5547 2070 5603 224
2093 5590 2109 5614 ,
2140 5549 2232 5601 lin.
2263 5539 2372 5612 9.0;
2415 5548 2572 5615 Isid.,
2604 5551 2643 5602 l.
2672 5565 2764 5604 vui
2813 5550 3038 5620 Origin.,
3069 5566 3114 5602 ε.
3152 5550 3237 5616 Μ)
3270 5570 3282 5605 :
3314 5549 3476 5605 Festo

1877 5642 2143 5710 denique,
2173 5645 2312 5712 quod
2345 5645 2482 5698 bene
2515 5653 2750 5699 moneat.
2787 5665 2806 5696 ι
2843 5645 2991 5698 lianc
3016 5645 3190 5705 enim,
3226 5666 3242 5696 ι
3279 5645 3471 5716 inquit,

1882 5753 1901 5787 ι
1940 5735 2126 5803 pagani
2177 5748 2272 5802 pro
2317 5735 2581 5802 sapientia
2630 5736 2921 5805 ponebant.
2957 5735 3280 5790 Corniﬁcius
3307 5753 3469 5804 vero,

1874 5829 2017 5901 quod
2051 5830 2299 5898 tingatur,
2337 5834 2690 5902 pingatttrqnc
2721 5833 2976 5886 minitans
3003 5833 3191 5894 armis,
3223 5835 3470 5888 eamdem

1872 5923 2073 5976 dictum
2097 5929 2240 5990 putat
2273 5939 2291 5972 ι
2325 5921 2516 5990 (Fest,
2553 5925 2756 5980 miri-rb.
2794 5924 3218 5996 sttnruva).Qn:n
3250 5927 3468 5996 quidem
