3872 6352
417 392 511 449 571

1620 379 2067 442 DISSERTATIO
2107 380 2384 440 PRIEVIA

3577 379 3672 438 572

413 502 683 563 Corniﬁcii
724 506 913 563 eadem
946 521 1007 563 ac
1037 505 1312 563 Ciceronis
1335 510 1419 561 est
1440 544 1454 571 ,
1484 501 1806 576 etymologia
1827 542 1841 566 ,
1876 512 1995 571 qua:
2022 499 2075 559 A
2099 512 2202 568 qua
2257 498 2396 555 hanc
2420 496 2665 568 aliosque
2691 495 2844 552 ﬁctos
2893 510 2924 551 a
2942 495 3236 568 gentilibus
3254 496 3394 553 deos
3414 495 3670 566 explodit,

413 596 480 653 ab
504 597 597 654 illo
626 600 944 671 explicatur.

484 693 555 747 At.
602 691 824 749 Vossius
872 694 925 749 in
978 693 1121 749 Festi
1170 692 1492 773 sententiam
1538 692 1708 763 magis
1737 689 1996 752 inclinat,

413 797 706 859 censetqne
735 789 955 844 verbum
1006 802 1181 841 moueo
1202 830 1214 851 ,
1246 785 1315 841 ab
1340 784 1624 856 antiquiori
1655 802 1827 839 meneo
1850 785 1997 840 deri-

412 892 633 940 vatum:
689 891 744 937 et
775 897 804 935 a
844 897 1039 946 menso,
1077 880 1294 943 mentio,
1322 878 1548 943 memini,
1594 893 1803 941 memor,
1844 879 1996 930 renti-

413 975 603 1043 niscor,
636 986 798 1046 atque
824 978 894 1032 ita
924 976 1117 1031 factum
1149 992 1342 1032 nomen
1381 975 1623 1032 Menerva
1647 1019 1662 1044 ,
1710 990 1773 1031 ac
1802 975 1999 1031 deinde

411 1066 645 1123 Minerva
702 1067 923 1137 (Voss.,
979 1071 1065 1123 lib.
1096 1086 1133 1124 ιι
1186 1070 1248 1123 de
1279 1068 1422 1141 Orig.
1473 1079 1517 1123 et
1546 1067 1731 1138 Progr.
1778 1069 1994 1133 tdolol.,

413 1180 527 1234 cap.
585 1163 688 1230 12,
742 1181 864 1236 pag.
906 1163 1011 1219 271
1050 1174 1095 1219 et
1141 1166 1325 1236 seqq.).
1374 1164 1450 1219 lbi
1498 1180 1660 1235 porro
1703 1165 1795 1220 ille
1845 1165 1997 1235 plura

411 1256 715 1326 congeSsit,
770 1258 962 1327 quibus
1000 1272 1061 1312 ea
1121 1264 1243 1328 quae
1288 1257 1357 1312 ab
1404 1257 1641 1312 Arnobio
1670 1256 1995 1312 dicta'vidi-

412 1361 565 1411 mus,
610 1346 811 1403 diserte
846 1350 1195 1405 euuclcantur
1219 1359 1271 1406 et
1298 1350 1660 1406 stabiliuutur.

479 1438 594 1493 Jam
621 1455 749 1495 vero
774 1442 872 1496 etsi
903 1444 1113 1512 penitus
1136 1454 1434 1499 taceremus
1455 1485 1469 1509 ,
1509 1444 1629 1514 quis
1661 1451 1762 1509 est,
1787 1458 1991 1513 quaeso,

409 1534 500 1601 qui
543 1548 650 1586 nou
701 1533 847 1589 videt
884 1550 990 1606 quo
1024 1537 1145 1605 jure
1194 1538 1333 1591 idem
1366 1537 1633 1590 Arnobius
1660 1545 1844 1590 noster
1875 1536 1998 1589 hinc

409 1623 659 1679 conficiat
696 1627 893 1681 nullam
951 1644 1171 1697 prorsus
1216 1628 1381 1683 fuisse
1430 1628 1761 1693 Minervam,
1805 1629 1997 1683 Mentis

410 1726 504 1771 aut
527 1717 781 1774 Victoria:
826 1719 1027 1787 ﬁliam,
1080 1722 1277 1776 nullam
1323 1738 1389 1777 ex
1429 1722 1577 1777 Jovis
1635 1728 1811 1776 natam
1838 1738 1995 1778 cere-

408 1809 531 1876 bro,
584 1811 933 1867 inventricem
982 1814 1147 1879 olem,
1203 1816 1474 1885 variisque
1503 1816 1709 1869 artibus
1739 1825 1793 1870 et
1834 1816 1996 1871 disci-

410 1901 569 1972 plinis
596 1902 900 1972 praefectam
947 1916 995 1959 et
1033 1906 1327 1973 eruditam,
1370 1908 1462 1963 sed
1507 1925 1621 1962 rem
1662 1910 1996 1976 naturalem,
2029 1887 2075 1946 B

409 2011 528 2066 qua:
553 1995 652 2051 dea
676 1997 858 2068 utique
882 2014 1005 2055 esse
1036 2000 1261 2070 nequit?
1290 2001 1529 2071 (Arnob.,
1558 2002 1646 2056 lib.
1665 2018 1740 2067 ut,
1762 2020 1815 2071 p.
1848 2002 1999 2073 118.)

484 2096 553 2146 At
572 2108 677 2163 quo
705 2094 902 2148 clarius
926 2138 939 2159 ,
988 2111 1049 2150 ex
1097 2096 1356 2151 hactenus
1402 2096 1561 2151 dictis
1586 2109 1798 2152 constat
1828 2097 2000 2151 ethni-

409 2200 503 2241 cos
557 2187 853 2243 credidisse
881 2189 1025 2244 illam
1075 2190 1265 2244 Mentis
1322 2190 1523 2255 filiam,
1555 2200 1713 2261 atque
1742 2206 1809 2245 ex
1853 2190 2000 2245 Jovis

410 2280 637 2337 cerebro
677 2292 893 2351 natam,
936 2300 1001 2338 eo
1040 2283 1315 2339 difﬁcilius
1346 2284 1601 2355 probatu,
1648 2301 1751 2355 qua
1796 2287 2001 2341 ratione

409 2374 516 2429 ﬁlia
582 2370 834 2429 Victoriae
898 2376 965 2431 ab
1018 2377 1255 2431 Aruobio
1316 2378 1539 2433 dicatur.
1600 2377 1879 2449 Dionysius
1922 2378 1996 2430 si-

408 2465 624 2535 quidem
655 2467 1097 2524 Halicarnasseus
1137 2480 1321 2524 narrat
1353 2469 1533 2541 (Dion.
1590 2470 1757 2524 Halic.
1780 2512 1795 2537 ,
1829 2472 1899 2523 lib
1944 2486 1996 2536 ι,

408 2574 527 2628 pag.
581 2558 675 2629 26)
719 2578 733 2613 :
777 2564 927 2621 Νίκην
973 2561 1026 2617 δέ
1071 2562 1306 2637 Ἀρκάδες
1355 2564 1694 2637 μυθολογοῦσι
1745 2565 1999 2625 Πάλαντος

406 2647 531 2707 εἶναι
584 2654 839 2731 θυγατέρα
884 2662 973 2710 τοῦ
1022 2659 1298 2717 Λυκάονος.
1329 2658 1479 2729 τιμὰς
1501 2656 1556 2711 δὲ
1574 2658 1699 2733 παρ’
1730 2660 1999 2733 ἀνθρώπων

408 2744 468 2806 ἃς
512 2750 599 2801 καὶ
632 2744 747 2818 ἔχει
772 2754 879 2813 νῦν,
906 2748 1108 2809 Ἀθηνᾶς
1147 2749 1384 2820 βουλήσει
1408 2750 1598 2813 λαϐεῖν,
1620 2752 1882 2823 γενομένην
1907 2760 1999 2811 τῆς

407 2840 521 2894 θεοῦ
548 2844 853 2916 σύντροφον,
877 2841 1077 2903 δοθῆναι
1105 2847 1205 2919 γὰρ
1234 2845 1381 2905 εὐθὺς
1397 2846 1496 2898 ἀπὸ
1516 2854 1664 2918 γονῆς
1692 2851 1781 2903 τήν
1802 2844 1999 2903 Ἀθηνᾶν

407 2932 618 2987 adlaturi
649 2934 749 2988 ἀπὸ
780 2936 907 2997 Διὸς,
937 2939 1023 2989 καὶ
1052 2936 1175 3012 παρ’
1208 2938 1395 3008 ἐκείνῳ.
1424 2938 1551 2997 τέως
1599 2940 1668 2999 εἰς·
1715 2939 1853 3013 ὥραν
1884 2940 1998 3011 ἀφί-

411 3045 548 3089 κετο,
573 3035 841 3099 τραφῆναι.
893 3026 1170 3081 Victoriam
1220 3039 1389 3083 autem
1430 3030 1653 3084 Arcades
1698 3032 2001 3100 fabulantur

408 3116 573 3185 ﬁliam
593 3118 852 3185 Palantis,
873 3124 1110 3191 prognati
1125 3122 1364 3193 Lycaone
1383 3140 1400 3177 :
1417 3135 1463 3179 et
1488 3126 1703 3179 honores
1722 3143 1849 3197 quos
1864 3142 1999 3179 nunc

409 3214 549 3282 apud
592 3213 821 3268 homines
860 3216 1039 3278 habet,
1093 3228 1456 3282 consecutam,
1495 3218 1728 3272 Minerva
1747 3219 1993 3288 jubente,

407 3306 543 3373 quod
570 3321 685 3357 cum
712 3306 809 3360 hac
838 3308 933 3359 dea
962 3309 1115 3361 sintul
1145 3309 1362 3362 educata
1392 3312 1474 3364 sit.
1520 3312 1559 3363 Α
1588 3309 1717 3365 Jove
1742 3313 1875 3364 enim
1921 3329 1996 3366 re-

408 3412 527 3450 cens
557 3409 732 3451 natam
756 3401 1169 3455 commendatam
1202 3419 1310 3455 esse
1344 3403 1558 3458 Palanti
1579 3449 1593 3469 ,
1623 3417 1670 3459 et
1696 3407 1834 3474 apud
1857 3408 2002 3461 illum

409 3491 694 3556 educatam,
714 3495 837 3547 dum
859 3496 1153 3551 adoleverit.
1184 3497 1388 3564 Quibus
1409 3511 1551 3553 certe
1583 3501 1756 3554 verbis
1787 3501 2001 3568 planum

411 3582 500 3638 ille
526 3585 651 3639 facit
679 3586 967 3643 Minervam
1001 3605 1106 3644 non
1129 3606 1250 3647 esse
1284 3592 1445 3645 tiliam
1475 3592 1743 3658 Victoriae,
1765 3596 1857 3648 sed
1882 3606 2003 3648 tan-

412 3680 689 3734 tummodo
722 3696 842 3736 cum
868 3682 955 3735 illa
983 3682 1287 3737 educatam.
1334 3683 1598 3739 Prznviutn
1649 3686 2002 3740 nihilominus

410 3773 682 3841 opinionis
729 3790 844 3829 sua:
889 3788 1214 3831 assertorem
1250 3778 1516 3833 Arnobius
1563 3779 1750 3833 habuit
1796 3780 2003 3836 Pansa-

413 3867 588 3933 niam,
646 3870 733 3934 qui
785 3870 992 3922 dixerat
1054 3869 1370 3937 (Pansam,
1421 3873 1509 3925 lib.
1564 3889 1610 3937 ι,
1655 3891 1775 3944 pag.
1827 3873 1940 3943 40)
1990 3891 2003 3926 :

409 3964 502 4012 Καὶ
531 3959 703 4022 ἕτερον
732 3962 947 4016 ἐνταῦθα
993 3962 1125 4037 ἱερὸν
1154 3961 1355 4023 Ἀθηνᾶς
1380 3968 1674 4026 πεποίηται.
1701 3966 2009 4037 καλουμένης

407 4054 579 4112 Νίκης.
622 4052 855 4105 Alterum
905 4052 1092 4106 ibidem
1115 4064 1190 4107 est
1239 4053 1509 4107 delubrum
1561 4055 1838 4122 .llinervte,
1895 4058 1999 4122 cui,

417 4143 659 4199 Victoria:
707 4144 1120 4216 cognomentum.
1176 4146 1236 4199 ln
1278 4148 1511 4216 quodam
1566 4159 1742 4203 autem
1768 4150 2006 4220 Orphei,

408 4241 484 4292 uti
534 4239 869 4304 inscribitur,
904 4241 1102 4313 hymno
1137 4240 1225 4293 illa
1261 4249 1481 4295 vocatur
1519 4243 1751 4320 νικηφόρε
1794 4242 2003 4314 δαῖμον,

418 4330 699 4387 Victoriam
758 4338 927 4404 ferens
974 4334 1175 4388 daemon
1233 4333 1534 4406 (Orpheus,
1614 4345 1735 4387 tom.
1786 4352 1801 4388 ι
1856 4335 2004 4390 Poet.

408 4442 601 4496 θῆτα,
657 4445 776 4498 pag.
820 4426 967 4497 509).
994 4429 1063 4483 At
1118 4428 1239 4482 hinc
1292 4429 1516 4483 Arnobii
1562 4432 1800 4485 narratio
1850 4432 2010 4501 plane

409 4520 693 4585 firmatur,
739 4524 782 4574 si
838 4522 952 4591 ejus
994 4524 1045 4576 in
1095 4532 1242 4576 textu
1304 4523 1573 4593 legeretur
1615 4544 1627 4577 :
1663 4542 1682 4575 ι
1719 4523 1875 4579 Nulla
1930 4535 2013 4579 est

410 4628 541 4683 ergo
574 4612 766 4667 Mentis
814 4614 951 4676 lilia,
1001 4613 1143 4668 nulla
1198 4614 1456 4669 Victoria.
1493 4634 1512 4667 ι
1541 4616 1595 4670 Si
1652 4632 1779 4671 vero
1822 4617 2009 4686 legen-

410 4705 536 4760 dum
581 4705 683 4769 sit,
730 4704 898 4760 Nulla
946 4704 1217 4773 Victoriae,
1266 4707 1519 4765 videlicet
1550 4708 1687 4773 tilia,
1727 4710 2005 4778 expende,

411 4814 625 4870 quaeso,
683 4808 860 4855 utrum
906 4799 1023 4854 hinc
1071 4801 1254 4869 opinio
1306 4801 1430 4855 inde
1472 4802 1737 4863 inValuit.
1788 4802 1929 4873 quod
1978 4818 2009 4857 a

412 4892 615 4961 templo
667 4892 867 4961 ipsius,
899 4907 1019 4961 qua;
1053 4891 1287 4945 Victoria
1321 4895 1753 4963 nuncupabatur.
1808 4909 2013 4965 cogno-

414 4986 613 5039 minata
660 4995 771 5049 est,
804 4993 896 5037 aut
940 4984 1063 5054 quia
1112 4996 1411 5053 pugnantes
1448 4989 1567 5056 ejus
1596 4987 1799 5042 auxilio
1841 4988 2010 5041 victo-

411 5080 544 5131 riam
591 5087 868 5147 reportare
932 5076 1264 5131 ferebantur.

484 5170 668 5241 Longe
705 5186 867 5240 porro
898 5171 1164 5239 vulgatius
1190 5181 1245 5224 et
1276 5170 1456 5225 notius
1504 5182 1587 5227 est
1616 5174 1783 5240 illam,
1822 5189 2012 5244 quem-

412 5264 703 5321 admodum
746 5259 874 5318 alibi
908 5260 1243 5317 ostéudimus
1275 5264 1490 5334 (Supr.,
1519 5282 1637 5336 cap.
1679 5266 1734 5335 9,
1783 5278 1883 5322 art.
1930 5266 2009 5341 2),

412 5362 546 5415 clem
582 5367 636 5413 et
686 5357 912 5411 aliarum
939 5397 954 5421 ,
993 5358 1133 5412 sicut
1185 5357 1451 5411 Diodorus
1499 5360 1710 5414 Siculus
1756 5372 2011 5427 testatur,

413 5456 765 5524 plurimarum
795 5453 990 5506 artium
1018 5452 1212 5506 dictam
1242 5447 1413 5508 fuisse
1458 5454 1830 5513 inventricem.
1879 5458 2011 5515 Nam

415 5548 542 5603 inde
577 5548 666 5602 ille
721 5546 995 5601 Concludit
1025 5566 1037 5601 :
1068 5546 1167 5623 Ἀφ’
1195 5546 1262 5602 ὧν
1280 5549 1518 5623 Ἐργάνην
1558 5552 1715 5611 αὐτὴν
1741 5574 2011 5629 προσαγο-

414 5646 656 5720 ρεύεσθαι
685 5639 925 5714 (Diodor.
961 5642 1126 5697 Sicul.
1156 5684 1170 5707 ,
1221 5644 1309 5697 lib.
1345 5660 1429 5709 ιιι,
1480 5642 1725 5701 Biblioth.
1751 5689 1765 5711 ,
1797 5666 1844 5715 τι.
1882 5651 2007 5719 14⁸2,

416 5746 462 5789 et
510 5734 599 5789 lib.
647 5750 712 5800 v,
758 5749 875 5803 pag.
902 5734 1065 5806 9.55),
1102 5735 1243 5790 unde
1297 5753 1519 5807 ergana,
1558 5750 1652 5791 seu
1692 5740 1871 5810 opifex
1922 5759 2011 5796 vo-

418 5829 623 5881 cilatur.

498 5918 760 5974 Carterum
785 5924 1039 5990 quantum
1063 5919 1116 5974 in
1135 5919 1238 5973 hoc
1266 5918 1487 5974 Arnobii
1513 5924 2015 5995 argumentatione,

2102 590 2360 661 ponderis
2405 589 2471 643 sit
2522 604 2585 644 ac
2642 588 2870 653 virium,
2920 588 3041 657 quis
3094 597 3216 653 est,
3259 587 3351 658 qui
3403 587 3671 644 confestim

2101 697 2210 736 non
2261 679 2695 735 animadvertat?
2756 682 2826 735 At
2894 678 3023 732 illud
3080 686 3341 748 praeterea
3410 680 3675 748 perspicue

2105 775 2361 845 probatur
2411 773 2480 828 ab
2539 772 2771 829 Eusebio
2819 781 2874 827 et
2918 772 3254 843 Augustino,
3310 772 3401 840 qui
3469 787 3536 827 ex
3590 772 3676 826 iis-

2100 867 2221 922 dem
2265 866 2427 920 variis
2468 865 2806 921 ethnicorum
2841 863 2910 919 de
2942 866 3209 926 Saturno,
3246 861 3409 927 Jove,
3451 862 3675 927 lunone,

2101 969 2153 1013 et
2189 958 2423 1013 Minerva
2467 957 2845 1027 opinionibus,
2898 971 2993 1011 eos
3038 970 3307 1025 nunquam
3348 953 3481 1009 deos
3527 955 3679 1009 fuisse

2100 1050 2472 1111 demonstrant
2498 1051 2734 1124 (Euseb.,
2761 1050 2851 1104 lib.
2886 1064 2946 1105 nt
2986 1048 3227 1118 Prwpar.
3265 1064 3469 1119 euang,
3498 1065 3545 1102 c.
3594 1048 3675 1113 10,

2100 1160 2217 1215 pag.
2251 1141 2392 1209 107;
2429 1144 2645 1215 August.
2675 1182 2691 1208 ,
2724 1141 2810 1195 lib.
2839 1157 2889 1195 tv
2918 1141 2983 1195 de
3007 1139 3158 1196 Civil.
3182 1181 3198 1207 ,
3224 1149 3326 1194 art.
3358 1142 3423 1195 10
3442 1180 3458 1205 ,
3488 1156 3542 1208 p.
3567 1136 3676 1207 95).

2688 1273 2977 1314 ABTICULUS
3014 1274 3094 1313 Ill.

2098 1398 2347 1458 Quomodo
2370 1396 2613 1446 Arnobius
2634 1394 2751 1445 illud
2776 1398 2933 1446 adhuc
2950 1396 3176 1446 ostendat
3198 1408 3260 1444 ex
3281 1395 3509 1457 Neptuno
3530 1394 3683 1458 Stygii

2157 1459 2329 1517 fratre,
2356 1462 2604 1521 pistricum
2630 1461 2843 1519 domino,
2871 1472 3134 1508 maenarum
3168 1466 3219 1521 et
3243 1459 3501 1521 gurgitum
3534 1467 3683 1505 mota-

2159 1530 2267 1571 tore
2291 1538 2303 1571 :
2328 1519 2444 1572 item
2470 1534 2534 1570 ex
2554 1521 2795 1571 Mercurio
2810 1523 3159 1577 Cadnceatore,
3177 1519 3408 1583 Cyllenio,
3431 1521 3685 1569 verborum

2159 1592 2212 1633 et
2250 1587 2495 1634 nominum
2534 1585 2810 1642 inventore,
2839 1598 2892 1632 ac
2918 1591 3159 1632 mutatore
3185 1582 3499 1631 nundinarum
3520 1619 3534 1636 ,
3558 1594 3686 1629 mer-

2158 1647 2302 1710 cium,
2322 1654 2376 1698 et
2392 1647 2819 1710 commerciorum;
2847 1653 2989 1709 atque
3004 1647 3149 1710 etiam
3162 1645 3368 1703 Cerere,
3385 1657 3501 1710 quin
3514 1644 3682 1710 Terra,

2157 1708 2333 1771 Magna
2360 1709 2532 1771 Mater,
2558 1707 2707 1757 Vesta
2726 1744 2741 1767 ,
2774 1708 2873 1771 Ops
2893 1707 2921 1767 ,ἡ
2948 1717 2999 1771 et
3024 1708 3375 1771 Saturttiguxor
3399 1707 3685 1771 vocabatur:

2156 1768 2328 1883 upgde
2342 1770 2646 1883 letymologia
2668 1768 2913 1822 nominum
2934 1770 3147 1833 Neptuni
3167 1809 3181 1828 ,
3203 1769 3449 1829 Mercurii,
3472 1768 3684 1829 Cereris,

2164 1848 2192 1883 e
2284 1848 2340 1883 es
2361 1848 2421 1883 τε.

2164 1842 2215 1885 et
2244 1842 2421 1884 VCSlIB.

2175 1959 2341 2015 Nobis
2394 1960 2688 2015 Arnobium
2728 1959 2866 2014 alios
2888 1957 3165 2029 gentilium
3217 1957 3349 2013 deos
3401 1971 3686 2012 recensen-

2105 2066 2212 2108 tem
2242 2054 2594 2124 sequentibus
2623 2054 2857 2108 occurrit
2886 2052 3198 2122 Neptunus,
3248 2067 3409 2121 quem
3454 2049 3651 2105 ethnici
3670 2092 3685 2117 ,

2102 2149 2276 2217 inquit
2321 2148 2446 2213 ille,
2502 2146 2638 2217 quod
2690 2163 2824 2215 aqua
2878 2146 3034 2199 nubat
3075 2155 3299 2209 terram,
3359 2158 3425 2199 eo
3479 2144 3690 2198 nomine

2102 2241 2507 2311 appellaverunt
2559 2240 2772 2309 (Arnob.
2802 2281 2817 2305 ,
2861 2239 2951 2295 lib.
3000 2254 3090 2303 ttt,
3138 2254 3254 2308 pag.
3314 2238 3459 2306 118).
3513 2236 3691 2307 Neque

2102 2342 2249 2389 certe
2291 2333 2409 2387 haec
2432 2332 2755 2404 etymologia
2800 2341 3025 2401 patrono
3060 2329 3455 2398 defensoreque
3498 2328 3687 2383 caruit.

2102 2426 2362 2493 Quamvis
2392 2427 2533 2481 enim
2565 2422 2756 2479 Cicero
2800 2423 3031 2495 Neptuni
3064 2438 3260 2477 nomen
3284 2438 3313 2475 a
3346 2421 3545 2485 nando,
3576 2422 3691 2491 qui-

2102 2518 2326 2573 busdam
2358 2519 2550 2572 litteris
2578 2517 2849 2586 paululum
2868 2517 3167 2570 immutatis
3186 2558 3199 2580 ,
3226 2514 3467 2570 Isidorus
3488 2531 3518 2569 a
3554 2514 3693 2569 nube

2100 2612 2521 2681 qttasitonaute,
2579 2610 2665 2664 alii
2707 2626 2735 2663 a
2783 2610 2951 2665 verbo
2977 2611 3139 2664 etiam
3187 2624 3366 2678 graeco
3401 2612 3593 2665 νίπτειν
3620 2607 3693 2661 la-

2104 2718 2263 2765 vare,
2318 2703 2558 2768 abluere,
2590 2702 2873 2757 deductum
2929 2703 3124 2767 velint;
3177 2701 3351 2757 Varro
3394 2712 3575 2756 tamen
3610 2701 3693 2755 di-

2102 2805 2247 2851 serte
2273 2795 2407 2850 dixit
2440 2813 2451 2847 :
2496 2814 2515 2847 t
2550 2794 2832 2864 Neptunus
2867 2794 3008 2865 quod
3064 2810 3210 2848 mare
3237 2804 3415 2849 terras
3442 2794 3690 2858 obnubit,

2101 2899 2160 2943 ut
2208 2888 2377 2943 nubes
2424 2888 2657 2953 caelum,
2704 2902 2734 2941 a
2790 2896 2985 2955 uuptu,
3018 2885 3068 2941 id
3106 2895 3225 2951 est,
3281 2888 3612 2956 opertione,
3642 2896 3695 2939 ut

2102 2980 2342 3050 antiqui,
2394 2996 2421 3032 a
2454 2996 2559 3050 quo
2586 2978 2810 3048 nuptiae,
2865 2988 3169 3049 nuptusque
3192 2977 3367 3033 dictus
3413 2998 3433 3031 ι
3470 2978 3692 3050 (Licet,

2104 3073 2190 3127 lib.
2240 3089 2275 3127 ll
2318 3073 2381 3149 de
2433 3071 2625 3126 Natur.
2659 3072 2803 3125 deor.
2825 3110 2842 3136 ,
2875 3088 2998 3142 pag.
3028 3070 3171 3133 22b;
3209 3068 3436 3135 lsidor.,
3462 3070 3549 3124 lib.
3582 3084 3692 3135 vut,

2106 3165 2285 3235 Origin
2312 3183 2327 3231 ;
2366 3164 2551 3230 Varr.,
2586 3164 2674 3218 lib.
2710 3180 2762 3218 tv
2790 3164 2852 3217 de
2894 3162 3047 3232 Ling.
3105 3162 3197 3214 lat.
3223 3204 3238 3229 ,
3271 3180 3395 3233 pug.
3427 3162 3541 3233 18).

2028 3277 2071 3339 C
2174 3260 2335 3326 Atqui
2387 3259 2432 3313 si
2484 3258 2536 3313 id
2586 3274 2771 3312 verum
2822 3256 2925 3323 sit,
2974 3257 3052 3309 ait
3097 3255 3411 3320 Arnobius,
3460 3253 3697 3309 concidit

2102 3351 2346 3421 profecto
2383 3350 2516 3405 deus
2575 3350 2889 3418 Neptunus,
2937 3349 3003 3402 ab
3053 3348 3283 3403 ethnicis
3330 3349 3506 3403 dictus
3534 3348 3696 3403 frater

2104 3447 2292 3517 Stygii,
2339 3446 2389 3498 id
2444 3456 2561 3507 est,
2607 3444 2883 3507 Plutonis,
2947 3453 2999 3498 et
3049 3443 3200 3498 lovis
3249 3458 3576 3514 germanus,
3633 3442 3697 3496 de

2103 3541 2297 3611 quibus
2323 3540 2431 3608 jam
2473 3538 2851 3593 disseruimus.
2902 3537 3065 3592 Addit
3114 3538 3319 3591 ironice
3364 3546 3553 3592 auctor
3599 3551 3694 3590 no-

2106 3645 2251 3690 ster:
2282 3653 2299 3684 t
2338 3632 2577 3688 Tridenti
2630 3643 2869 3687 armatus
2893 3673 2908 3695 ,
2943 3632 3221 3700 pistricum
3269 3629 3522 3683 dominus
3546 3670 3563 3693 ,
3615 3639 3693 3681 at-

2106 3746 2245 3799 que,
2284 3744 2612 3795 uttenarum,
2650 3744 2743 3782 rex
2770 3726 3035 3781 salsorutn
3067 3726 3337 3795 gurgitum
3386 3742 3407 3776 ι
3444 3723 3696 3795 (Arnob.,

2110 3824 2205 3877 loc.
2240 3820 2357 3895 cit.)
2380 3865 2393 3888 ,
2425 3822 2477 3877 id
2504 3832 2587 3877 est
2607 3864 2620 3885 ,
2654 3821 2819 3875 maris
2840 3829 2895 3875 et
2924 3819 3093 3889 pelagi
3118 3861 3133 3883 ,
3162 3820 3237 3873 uti
3262 3819 3424 3887 liquet
3453 3817 3541 3872 his
3581 3833 3698 3871 car-

2109 3915 2346 3971 minibus
2373 3957 2388 3980 ,
2440 3914 2631 3982 quibus
2652 3912 2908 3983 Virgilius
2938 3912 3087 3965 illum
3133 3911 3211 3965 sic
3256 3909 3569 3980 loquentem
3626 3910 3700 3964 iu-

2110 4009 2296 4064 duxit:

2204 4124 2312 4175 Non
2335 4124 2403 4174 illi
2429 4125 2689 4186 imperium
2712 4123 2872 4187 pelagi
2898 4134 3177 4185 saevumque
3202 4120 3488 4178 tridentem,
3547 4139 3556 4148 -

2206 4188 2305 4237 Sed
2331 4188 2449 4236 mibi
2471 4194 2605 4236 sorte
2628 4187 2812 4236 datum.

2476 4267 2703 4337 (Virgil.,
2723 4267 2807 4322 lib.
2834 4285 2851 4319 ι
2876 4267 3091 4329 Εηείά.,
3118 4282 3246 4319 vers.
3274 4267 3367 4319 142
3388 4272 3435 4317 et
3454 4268 3611 4349 seqq.)

2113 4382 2308 4437 Pistrix
2356 4390 2560 4441 autem,
2610 4379 2770 4448 piscis
2824 4388 2907 4433 est
2943 4394 3166 4449 magnus
3225 4391 3319 4431 seu
3368 4375 3549 4430 bellua
3595 4388 3707 4429 ma-

2112 4477 2265 4541 rina,
2298 4490 2459 4545 quam
2490 4472 2730 4528 nonnulli
2776 4471 3021 4526 balenam
3067 4484 3186 4527 esse
3225 4469 3579 4525 arbitrantur.
3635 4467 3709 4521 De

2114 4570 2335 4639 pistrice
2364 4569 2515 4638 plura
2560 4568 2614 4622 in
2642 4565 2793 4621 Arati
2825 4564 3230 4636 phtnnomenis,
3263 4578 3330 4618 ex
3355 4562 3555 4632 quibus
3597 4560 3706 4616 haec

2039 4662 2093 4722 D
2116 4662 2407 4731 selegimus
2438 4677 2452 4714 :

2204 4767 2746 4825 Andromedam'tamen
2773 4771 3036 4837 explorans
3058 4770 3161 4837 fera
3171 4781 3412 4837 quaerere
3436 4771 3619 4832 pistrix

2206 4838 2401 4900 Pergit,
2428 4845 2479 4887 et
2499 4850 2655 4899 usque
2669 4839 2820 4900 suam
2844 4834 3029 4900 validas
3052 4834 3292 4900 aquilonis
3315 4834 3376 4882 ad
3400 4847 3549 4883 auras

2206 4898 2393 4951 Caerula
2419 4898 2630 4963 vestigat
2652 4898 2783 4949 (inita
2807 4899 2857 4947 in
2883 4898 3101 4961 partibus
3122 4898 3291 4946 austri.

2633 4982 2721 5044 (In
2745 4980 2903 5033 Cicer.
2931 4981 3150 5045 Fragm,
3170 4992 3284 5042 pag.
3309 4980 3375 5029 33
3394 4985 3442 5030 et
3462 4981 3627 5046 seqq.)

2117 5088 2285 5144 Maena
2328 5101 2541 5158 quoque
2576 5086 2814 5141 marinus
2845 5086 3005 5155 piscis
3032 5093 3149 5147 est,
3183 5084 3272 5154 qui
3314 5098 3494 5154 grzece
3524 5086 3711 5156 μαίνις,

2121 5196 2149 5235 a
2180 5181 2440 5235 Romanis
2482 5180 2642 5234 hodie
2670 5179 2890 5233 nuenola
2925 5186 3164 5232 vocatur.
3194 5177 3388 5231 Cicero
3417 5186 3603 5231 autem
3636 5176 3717 5230 his

2121 5274 2299 5329 verbis
2338 5274 2479 5329 illius
2510 5273 2796 5328 meminit:
2830 5289 2849 5323 ι
2887 5270 2989 5338 Qui
3016 5272 3349 5338 voluptatem
3381 5269 3555 5338 ipsam
3584 5284 3714 5324 con-

2124 5374 2397 5434 temnunt,
2444 5366 2509 5419 iis
2556 5365 2684 5419 licet
2732 5363 2913 5418 dicere
2961 5377 3021 5417 se
3064 5363 3477 5431 ancipenserem
3528 5377 3717 5417 manat

2125 5474 2231 5513 non
2278 5468 2608 5527 anteponere
2643 5476 2663 5508 ι
2722 5454 2911 5530 (Cicer.
2933 5498 2948 5521 ,
2977 5454 3065 5509 lib.
3103 5470 3143 5509 ιι
3178 5454 3241 5508 de
3270 5451 3444 5509 Finib.
3478 5496 3493 5518 ,
3528 5472 3585 5525 ρ.
3627 5452 3717 5518 66,

2122 5550 2214 5605 lin.
2251 5552 2363 5621 5i).
2402 5549 2728 5604 Meutionem
2772 5549 2933 5603 etiam
2962 5549 3080 5617 ejus
3114 5546 3244 5601 facit
3279 5546 3617 5611 Athenians.
3666 5557 3718 5602 et

2121 5644 2319 5715 saipius
2350 5643 2599 5705 Plinius,
2641 5641 2729 5710 qui
2781 5656 2879 5694 nos
2932 5640 3093 5695 docet
3129 5637 3323 5708 quibus
3376 5637 3619 5702 morbis,
3666 5646 3718 5693 et

2121 5735 2395 5807 quomodo
2423 5732 2659 5789 remedia
2690 5747 2753 5787 ex
2782 5734 2885 5787 hoc
2913 5734 3058 5800 pisce
3077 5729 3432 5784 conficiantur
3464 5729 3673 5801 (Athan.
3699 5771 3714 5793 ,

2122 5830 2212 5883 lib.
2247 5843 2317 5881 vn
2346 5825 2662 5894 Deinosoplt.
2683 5866 2698 5889 ,
2728 5842 2846 5896 pag.
2878 5825 3013 5888 315;
3048 5820 3190 5877 Plin.
3211 5864 3225 5888 ,
3254 5821 3343 5875 lib.
3374 5836 3528 5888 xx",
3574 5820 3708 5875 Hist.

2132 5928 2350 5983 natum,
2402 5933 2517 5989 cap.
2574 5930 2800 5984 tv,pag.
2861 5915 3008 5987 4483
3064 5914 3153 5969 lib.
3212 5926 3397 5977 xsvu,
3436 5928 3557 5984 cap.
3600 5911 3721 5975 101.
